3892 6167
1296 267 1609 320 visrffl'xr.
1651 265 1859 320 xuni.
1896 269 2066 322 SECI’.
2105 270 2144 318 1.

143 363 459 434 inbuerint,
486 363 574 428 ad
606 364 929 444 Virginem
958 365 1251 428 devoluta
1280 373 1375 428 est
1404 367 1673 430 haeredi·

146 479 225 534 εις,
258 465 317 518 et
350 457 461 538 jus
500 457 685 536 quod
726 457 843 538 ipsi
886 458 971 519 ad
998 475 1267 539 regnum
1307 460 1669 534 habebant;

142 571 275 632 erge,
310 567 453 612 cum
480 549 775 614 Christus
808 551 997 613 fuerit
1026 553 1248 614 unicus
1276 552 1445 614 filins
1478 553 1676 634 Virgi-

142 647 227 719 ιίε,
282 646 342 704 in
374 638 557 705 illum
612 645 1189 708 transfundendum
1232 645 1355 708 fuit
1390 647 1511 710 hoc
1542 647 1675 726 jus.

142 743 297 816 {uam
336 738 731 800 sententiam
776 738 1109 800 confirmat
1144 741 1465 802 nonnullis
1518 741 1680 804 Scri-

142 843 297 916 pturas
326 833 739 911 testimoniis,
765 835 952 898 Mieh.
1001 839 1041 898 5
1066 855 1081 898 :
1114 837 1209 900 Bt
1236 843 1307 902 tx
1346 838 1675 914 Bethleem,

142 939 268 995 'erra
292 929 340 994 J
340 930 493 1014 mig,
518 945 906 1011 neq-uuquam
929 929 1185 995 minima
1204 949 1267 996 ec
1292 931 1361 994 in
1371 933 1678 1016 principi-

142 1027 215 1089 ἠις
258 1026 449 1097 Juda,
494 1041 575 1087 ex
620 1030 687 1086 te
708 1025 873 1087 enim
907 1025 1139 1089 oriem
1177 1027 1325 1102 m,
1364 1028 1473 1108 qiu·
1506 1031 1681 1109 repat

142 1117 378 1202 »opetum
412 1133 619 1180 meum
664 1118 902 1182 Israel:
937 1123 1001 1180 et
1024 1118 1261 1181 Jerem.
1293 1123 1373 1182 53
1402 1139 1417 1180 :
1467 1119 1681 1184 Susci-

142 1215 235 1278 'abo
254 1209 461 1274 David
479 1225 739 1289 yeme-n
749 1213 1019 1292 justum,
1048 1216 1107 1276 et
1130 1212 1411 1294 reynette
1444 1213 1593 1287 Rex,
1624 1219 1681 1276 et

142 1306 341 1386 :apicus
392 1303 538 1376 erit,
582 1311 739 1378 etc„
790 1309 857 1366 et
900 1305 1041 1366 aliis
1068 1305 1399 1382 similibus,
1451 1305 1679 1386 quibus

142 1418 291 1479 supra
313 1397 732 1478 probavimus
750 1395 1061 1462 Christum
1088 1415 1227 1461 esse
1256 1415 1496 1480 regem.
1522 1397 1679 1462 Con-

142 1493 308 1555 irmat
338 1489 655 1564 secundo,
688 1492 839 1570 quia
871 1492 1052 1571 pueri
1100 1491 1503 1554 Hebraeorum
1536 1511 1679 1558 can·

142 1588 318 1648 {abant
354 1582 611 1646 Christo
634 1603 659 1648 t
689 1579 1049 1649 Benedictus
1092 1583 1251 1660 Rex,
1283 1586 1389 1667 qui
1417 1585 1578 1650 venit
1612 1585 1679 1648 in

142 1677 333 1743 tumim
351 1677 641 1740 Domini.
668 1677 1057 1742 Benedictum
1074 1679 1234 1760 quod
1252 1679 1415 1742 vnit
1434 1697 1683 1760 nonum

142 1772 309 1853 patris
323 1771 549 1846 nom-i,
583 1772 818 1848 David,
850 1772 1041 1834 Marc.
1077 1774 1175 1846 11,
1202 1773 1356 1834 Luc.
1387 1775 1465 1836 19
1484 1791 1503 1848 ;
1524 1788 1683 1855 quas

142 1879 291 1930 rores
328 1863 619 1926 Christus
648 1881 782 1928 non
814 1865 1111 1940 cohibuit,
1153 1865 1267 1928 sed
1304 1866 1513 1945 potius
1539 1883 1685 1946 pro-

142 1961 295 2034 bavit,
322 1960 481 2021 sicut
508 1959 719 2021 Pilato
743 1959 1157 2040 interroganti
1185 1960 1401 2022 matth.
1430 1961 1543 2022 27:
1584 1961 1681 2024 Tu

142 2071 293 2119 mex
306 2052 673 2115 Judoeorm
691 2053 723 2113 ,ἲ
742 2055 1027 2130 quamvis
1047 2053 1183 2133 ipse
1202 2051 1283 2114 de
1307 2069 1507 2130 regno
1528 2061 1681 2114 tem-

144 2147 312 2228 porali
344 2146 797 2224 interrogaret,
842 2147 1123 2208 Christus
1158 2146 1503 2208 annuendo
1550 2165 1681 2208 res·

143 2241 372 2322 pendit:
408 2240 507 2302 Tu
535 2240 727 2313 dici-n
773 2239 967 2315 unde,
998 2239 1213 2303 Matth.
1250 2242 1350 2315 17,
1382 2241 1564 2301 Petro
1592 2240 1681 2300 di·

144 2335 217 2396 xit
248 2334 517 2398 Christus
560 2349 639 2394 se
687 2349 825 2396 esse
868 2332 1139 2396 liberum
1168 2333 1251 2394 ab
1295 2332 1677 2411 obligatione

146 2427 394 2490 solvendi
440 2424 783 2510 tributum,
815 2431 1115 2508 tauquam
1154 2426 1355 2490 filium
1401 2425 1569 2505 regis
1598 2425 1680 2487 ad

150 2539 306 2601 quem
333 2537 601 2599 regnum
633 2519 1014 2598 pertinebat.
1049 2520 1277 2583 Ultimo
1322 2516 1678 2580 confirmari

150 2619 319 2694 potest
364 2627 443 2674 ex
486 2614 515 2675 1
552 2612 767 2674 Maeli.
802 2614 901 2685 14,
950 2613 1085 2690 ubi,
1126 2631 1273 2674 cum
1315 2617 1571 2673 senatus
1620 2618 1683 2674 et

150 2705 423 2788 principes
453 2705 833 2767 Judaeorum
862 2706 1183 2768 Simonem
1222 2704 1677 2779 Machameum,

143 2787 375 2878 {ejusque
406 2813 835 2874 successores,
866 2800 937 2860 in
966 2799 1191 2862 ducem
1234 2807 1299 2860 et
1336 2796 1681 2886 principem

153 2891 503 2954 sacerdotum
532 2891 901 2974 elegissent,
930 2897 1003 2956 nt
1030 2897 1333 2974 perpetuo
1365 2910 1441 2956 ea
1480 2891 1683 2973 digni·

152 2993 227 3046 tas
260 2986 315 3046 in
338 2985 437 3046 illa
460 2987 707 3048 familia
730 2987 1009 3061 duraret,
1044 2989 1478 3067 exceptionem
1504 2989 1680 3052 addi-

154 3079 379 3141 derunt:
413 3081 619 3144 Donec
660 3087 883 3162 sumat
930 3081 1237 3162 Propheta
1284 3083 1521 3158 fidelis,
1576 3082 1679 3144 ille

155 3174 349 3234 scilicet
372 3175 711 3254 Propheta,
736 3175 817 3236 de
838 3191 967 3254 quo
988 3175 1235 3254 Moyses
1262 3176 1633 3254 praedixerat
1661 3195 1673 3234 ε

159 3267 479 3348 prophetam
500 3269 666 3333 eleut
686 3283 803 3344 m,
824 3275 973 3344 etc„
990 3271 1327 3332 Deuterou.
1348 3271 1453 3346 18,
1474 3271 1540 3332 id
1562 3277 1677 3346 est,

160 3365 321 3436 usque
359 3361 435 3421 ad
464 3361 815 3424 adventum
849 3361 1120 3436 Messius,
1151 3361 1297 3440 quia
1339 3369 1513 3424 certo
1550 3382 1682 3426 cre-

160 3451 352 3514 debant
370 3453 661 3515 Messium
700 3455 984 3516 fututum
1018 3471 1161 3516 esse
1184 3471 1405 3518 verum
1434 3473 1680 3536 regem,

158 3549 209 3605 et
228 3547 527 3610 hoeredem'
542 3547 713 3610 iltius
738 3549 938 3629 regni.
962 3547 1153 3610 Addit
1172 3555 1391 3612 tamen
1415 3550 1516 3612 hic
1535 3569 1681 3612 auc·

144 3639 254 3712 tor,
292 3641 571 3720 quamvis
602 3642 893 3705 Christus
912 3643 1061 3721 jure
1092 3659 1209 3703 suo
1246 3644 1521 3722 potuerit
1564 3644 1683 3705 hoc

162 3749 383 3810 regnum
409 3737 722 3812 obtinere,
753 3737 911 3798 illud
934 3743 1153 3799 tamen
1180 3739 1571 3816 repudiasse,
1608 3757 1683 3800 ac

164 3827 373 3888 omuino
418 3831 833 3905 renuntiasse,
862 3835 1305 3912 paupertatem
1336 3831 1682 3910 praeferen·

168 3923 265 3978 tem
304 3924 621 4002 temporali
660 3940 899 4004 regn03
949 3930 1013 3987 et
1045 3925 1132 3986 ita
1172 3924 1375 4005 inquit
1416 3925 1541 3988 hoc
1574 3925 1681 4005 jus

165 4030 264 4071 non
300 4015 489 4078 solum
530 4037 664 4080 non
704 4018 994 4081 minuere
1030 4017 1481 4097 perfectionem
1512 4017 1680 4082 Chri·

168 4106 243 4178 sti,
268 4108 367 4170 sed
384 4112 585 4193 potius
628 4111 709 4172 ad
734 4131 874 4174 eam
906 4110 1103 4192 magis
1126 4111 1679 4174 demonstrandam

170 4203 424 4283 conferre,
449 4209 599 4287 quia
621 4229 699 4274 ea
730 4209 901 4288 bona
920 4207 1307 4292 temporalia,
1342 4226 1483 4288 quae
1521 4208 1679 4270 mul·

170 4295 227 4353 tis
255 4297 423 4360 titulis
452 4302 687 4366 habere
716 4309 989 4383 poterat,
1019 4303 1419 4383 contempsit.

228 4393 273 4448 2.
308 4391 640 4458 Dicendum
688 4396 1099 4457 nihilominus
1147 4403 1244 4458 est
1284 4396 1509 4475 primo,
1547 4411 1683 4457 cer·

176 4483 273 4540 tum
296 4501 419 4546 esse
446 4487 757 4550 Christum
786 4507 915 4551 non
944 4487 1139 4551 fuisse
1171 4489 1251 4550 de
1278 4489 1439 4552 facto
1468 4503 1681 4569 regem

170 4577 527 4654 temporalem
568 4582 953 4644 Judoeornm.
985 4581 1115 4644 Hoc
1168 4589 1407 4644 eet-tum
1460 4588 1579 4657 est,
1614 4587 1683 4642 ut

176 4671 373 4730 constat
386 4687 459 4732 ex
478 4679 604 4736 toto
620 4675 915 4738 *discursu
936 4675 1281 4754 Evangelii,
1302 4679 1365 4736 et
1391 4693 1469 4736 ex
1490 4675 1675 4735 Joan.

174 4756 220 4828 6,
247 4757 333 4820 ubi
376 4781 515 4826 cum
550 4785 701 4829 eum
724 4767 961 4831 vellent
1003 4767 1209 4830 {acere
1252 4785 1497 4847 regem,
1529 4765 1681 4828 abs-

179 4850 353 4913 cendit
384 4873 467 4920 se.
510 4861 651 4923 Boe
688 4863 875 4923 etiam
922 4867 1189 4938 constat,
1230 4862 1375 4940 quia
1422 4860 1561 4938 ipso
1596 4859 1685 4920 vi·

180 4948 321 5006 vente
342 4949 581 5016 fuerunt
606 4955 711 5017 alii
732 4954 1319 5035 regesJudscorum,
1349 4955 1401 5015 si
1426 4969 1555 5014 non
1577 4953 1684 5033 ju-

183 5051 251 5106 re,
279 5039 474 5104 saltem
498 5046 699 5124 facto;
728 5048 901 5110 unde
934 5047 1247 5128 colligitur
1295 5047 1505 5127 ipsum
1550 5061 1683 5106 non

180 5123 427 5198 hahuisse
453 5155 655 5218 usum,
683 5159 796 5204 seu
832 5141 1079 5204 actuale
1127 5142 1418 5222 regimen
1442 5146 1684 5219 tempo-

186 5220 448 5292 raleillies
473 5234 667 5314 regni.
701 5235 878 5308 Quod
923 5252 1077 5299 vvero
1125 5251 1335 5315 neque
1364 5233 1682 5314 proprium

187 5309 476 5385 domimum
518 5335 625 5390 ant
666 5327 1111 5410 proprietatem
1141 5328 1679 5406 habuerit,.patet,

188 5409 307 5481 ‘luia
324 5431 641 5502 nequeper
666 5423 1039 5487 electionem
1067 5422 1407 5486 hominum·
1439 5419 1679 5498 hebuit,

454 5540 619 5588 xvni.

3213 269 3332 332 tos

1756 373 1825 428 ut
1852 385 1984 446 per.
2016 388 2084 430 se
2133 372 2400 440 constat,
2449 386 2658 448 neque
2683 368 2828 449 jure
2882 369 3274 437 haereditario
3312 421 3327 446 ,

1758 461 1911 539 quia
1940 462 2096 522 illud
2123 481 2250 524 nou
2279 461 2522 530 habuit,
2553 468 2622 522 ut
2649 463 2856 526 statim
2899 463 3106 528 dicam
3139 485 3156 540 ;
3196 474 3330 534 tum

1758 553 2082 634 quia‚licet
2094 555 2428 616 habiturus
2441 554 2684 631 fuisset,
2699 561 2914 618 tamen
2939 556 3183 632 vivente
3201 579 3304 624 ma
3319 597 3335 608 ·

1764 653 1879 722 tre,
1910 648 1975 710 in
2020 649 2124 710 illa
2165 649 2522 712 dominium
2551 655 2616 712 et
2657 649 3007 731 proprietas
3033 671 3332 734 perman-

1764 737 1971 802 sisset.

1842 837 1903 896 3.
1956 835 2240 900 Ckristus
2291 854 2410 899 non
2453 837 2666 900 habuit
2705 835 2821 916 jus
2877 839 3336 907 hoeroditarium

1760 929 1843 990 ad
1890 945 2143 1010 requam
2176 930 2504 1010 temporale
2551 931 3200 996 ,scaccorum-nico
3239 953 3337 995 sc-

1761 1020 2006 1084 cundo:
2055 1021 2334 1086 Christus
2370 1025 2674 1084 Dominus
2717 1024 2961 1086 nullum
2981 1025 3088 1105 jus
3121 1026 3339 1088 huma·

1760 1133 1911 1174 num
1936 1133 2052 1176 sen
2063 1115 2762 1181 haereditariumhabuit
2779 1117 2860 1180 ad
2883 1119 3222 1198 temporale
3239 1141 3334 1184 re·

1762 1226 1960 1286 guum
1981 1209 2015 1270 J
2025 1208 2364 1278 udaeorum,
2405 1211 2646 1272 ratione
2675 1211 2946 1274 carnalis
2969 1213 3226 1292 originis
3256 1234 3333 1291 ex

1758 1300 1994 1364 familia
2023 1302 2240 1364 David.
2277 1304 2422 1364 Hoec
2453 1307 2547 1366 est
2591 1306 2900 1366 sententia
2946 1309 3326 1383 communiS,

1760 1411 1872 1473 pro
1900 1411 2018 1472 qua
2055 1396 2250 1458 multa
2281 1397 2564 1476 congerit
2581 1415 2660 1460 ex
2690 1396 2969 1463 Patribus
2996 1399 3324 1473 Walden„

1758 1487 1869 1550 lib.
1919 1491 1962 1552 2
2009 1490 2350 1558 Docti-inat.
2397 1489 2762 1570 tid.,antiq.,
2802 1510 2942 1571 cap.
2975 1495 3054 1554 76
3093 1501 3156 1558 et
3198 1495 3325 1566 77;

1760 1582 2054 1646 eamdem
2098 1583 2452 1647 defenduut
2497 1585 2791 1659 Victoria,
2841 1587 3005 1649 Scot.
3056 1596 3121 1650 et
3165 1587 3274 1650 alii
3301 1631 3322 1663 ,

1760 1681 1911 1736 sect.
1961 1677 2248 1755 sequenti
2278 1677 2615 1740 referendi.
2647 1679 2726 1740 Et
2769 1679 3070 1756 probatur
3101 1682 3328 1759 primo,

1764 1769 1913 1846 qnia
1942 1770 2324 1847 existimare,
2372 1789 2638 1851 regnum
2675 1769 2740 1832 in
2783 1789 2962 1834 sacra
3015 1774 3335 1852 Scriptura

1760 1862 2010 1926 Messias
2039 1864 2442 1943 promissum,
2475 1863 2758 1926 futurum
2797 1864 2992 1928 fuisse
3024 1873 3336 1946 tempora·

1760 1956 2194 2032 le,-Judaicum
2223 1957 2466 2020 redolet
2491 1977 2772 2034 sensum,
2799 1959 2880 2020 ad
2909 1977 3096 2038 quem
3126 1962 3338 2022 exclu-

1762 2052 2040 2114 dendum
2083 2053 2401 2132 Scriptura
2432 2053 2566 2114 fere
2595 2071 2847 2132 semper
2899 2055 3085 2116 variis
3129 2055 3336 2130 modis

1762 2147 2034 2210 ostendit
2070 2165 2339 2226 regnum
2370 2147 2526 2210 illud
2573 2163 2714 2226 esse
2769 2146 3116 2228 spirituale,
3151 2153 3215 2210 et
3241 2147 3328 2212 ad

1760 2241 2002 2302 honum
2029 2241 2260 2304 animae
2284 2239 2626 2320 pertinens,
2661 2247 2724 2304 et
2753 2258 2880 2304 non
2899 2241 3212 2304 contineri
3243 2239 3334 2318 ifin-

1764 2340 1859 2394 tra
1893 2333 2196 2396 terminos
2217 2335 2252 2396 J
2261 2333 2476 2405 udaeae,
2501 2333 2619 2396 sed
2637 2351 2756 2413 per
2775 2335 3134 2414 universum
3157 2352 3334 2401 mun-

1759 2427 1913 2489 dum
1963 2427 2241 2500 extendi,
2273 2433 2332 2490 et
2377 2445 2506 2488 nou
2567 2426 2764 2491 fuisse
2810 2427 3092 2494 futurum
3131 2447 3332 2508 ‚super

1762 2522 2046 2584 carnales
2075 2521 2412 2596 IsraelitaS,
2437 2521 2552 2584 scd
2568 2539 2758 2602 super
2783 2521 3138 2603 spirituales
3167 2523 3332 2586 tilios

1762 2615 2032 2678 Abrahae
2063 2614 2407 2678 secundum
2431 2613 2647 2689 fidem,
2672 2621 2742 2680 ut
2777 2615 2840 2676 in
2873 2616 3055 2696 epist.
3103 2616 3187 2678 ad
3211 2619 3334 2678 Ro-

1762 2727 1984 2770 manos
2011 2708 2200 2770 latius
2251 2707 2484 2770 Paulus
2524 2708 2948 2787 prosequitur,
2991 2714 3056 2770 et
3093 2710 3330 2788 optime

1761 2802 2154 2880 Augustinus
2171 2801 2580 2875 demonstrat,
2605 2801 2714 2864 lib.
2740 2805 2818 2869 17
2839 2801 2928 2874 ,de
2951 2803 3157 2876 civit„
3183 2821 3326 2884 cap.

1760 2896 1823 2966 6,
1856 2897 1917 2968 7,
1953 2901 2014 2956 et
2055 2893 2438 2974 sequentib„
2471 2901 2650 2957 tract.
2699 2897 2775 2958 51
2811 2895 2880 2958 iu
2905 2897 3116 2968 Joan.‚
3151 2902 3214 2961 et
3251 2914 3331 2974 cx

1762 2987 2048 3050 adductis
2077 2989 2140 3050 in
2183 2986 2560 3068 proecedenti
2615 2987 2962 3068 quaestione
2993 2989 3143 3051 satis
3182 3005 3334 3070 con-

1748 3085 1907 3146 stat.
1938 3081 2225 3159 Denique
2269 3080 2589 3160 Scriptura
2616 3099 2746 3144 non
2775 3080 2924 3156 dicit
2964 3081 3328 3146 habiturum

1756 3176 1863 3255 jus
1888 3176 1974 3238 ad
1997 3192 2292 3254 regnum,
2323 3174 2436 3236 sed
2475 3193 2623 3238 vere
2673 3181 3108 3254 regnaturum,
3145 3183 3207 3238 et
3231 3177 3332 3238 fu-

1734 3276 1972 3332 aarum
2000 3285 2242 3348 regem,
2271 3285 2410 3347 quse
2439 3286 2564 3331 non
2594 3273 2860 3347 possunt
2887 3286 3032 3332 vera
3059 3287 3200 3334 esse
3249 3269 3332 3336 de

1763 3363 1867 3424 illo
1898 3361 2227 3442 temporali
2278 3379 2505 3441 regum
2539 3377 2668 3424 nou
2709 3378 2860 3441 ergo
2920 3362 3001 3424 de
3034 3361 3138 3422 illo
3173 3361 3334 3425 Scri-

1763 3463 1950 3536 ptura
1971 3453 2274 3534 loquitur.
2305 3453 2622 3530 Secundo,
2651 3453 2954 3535 probatur
3005 3455 3334 3519 rationein

1764 3549 2082 3628 Scriptura
2123 3547 2406 3624 fundata,
2439 3547 2588 3626 quia
2643 3565 2910 3627 regnum
2961 3548 3158 3610 David
3200 3548 3336 3626 jam

1764 3643 1937 3722 prius
1977 3648 2358 3713 cessaverat,
2391 3646 2453 3702 et
2503 3639 2816 3705 successio
2871 3639 3078 3702 fuerat
3141 3639 3336 3702 inter-

1763 3740 1974 3816 rupta,
2005 3743 2072 3798 ut
2101 3738 2344 3798 constat
2363 3751 2442 3796 ex
2462 3735 2699 3796 Jerem.
2731 3735 2834 3811 22,
2859 3733 2965 3796 ubi
2995 3733 3074 3796 de
3101 3734 3332 3798 Jecho-

1742 3829 1871 3898 ‚nia
1898 3827 2123 3894 dicitur
2153 3845 2170 3890 ε
2203 3828 2348 3894 Non
2377 3828 2497 3890 erit
2547 3827 2614 3888 de
2660 3827 2890 3893 semino
2926 3827 3082 3904 ejus,
3110 3827 3218 3908 qui
3247 3845 3336 3894 ee·

1742 3924 1899 3990 ,ἆσαι
1929 3939 2110 4002 super
2131 3919 2350 3984 solium
2383 3918 2614 3994 David,
2641 3924 2698 3980 et
2730 3924 3086 3998 potestatem
3117 3919 3336 3984 habeat

1760 4016 1933 4081 ultra
1972 4017 2040 4078 in
2059 4015 2112 4077 J
2113 4014 2236 4079 uda
2251 4035 2281 4084 ,·
2309 4011 2420 4072 uhi
2446 4010 2710 4076 advertit
2739 4009 3161 4092 Hieronymus
3205 4014 3329 4076 hoc

1764 4125 1903 4172 esse
1938 4104 2416 4184 intelligendum
2470 4103 2550 4164 de
2573 4102 2730 4167 solio
2773 4105 2992 4180 David,
3020 4111 3328 4194 quantum

1764 4202 1844 4264 ad
1873 4199 2218 4280 temporale
2245 4215 2537 4277 regnum,
2578 4215 2726 4258 nam
2755 4201 3064 4278 quantum
3103 4199 3188 4260 ad
3209 4200 3330 4282 spi·

1762 4295 1988 4358 rituale
2017 4300 2080 4354 et
2125 4299 2454 4361 aeternum,
2487 4287 2764 4352 Christus
2813 4298 3028 4370 postea
3079 4292 3331 4357 seditin

1764 4388 1992 4452 throno
2032 4384 2251 4458 David,
2276 4384 2435 4448 sicut
2475 4383 2754 4464 Angelus
2799 4385 3012 4449 Mariae
3043 4384 3331 4466 praedixit

1767 4483 1911 4545 Luc.
1958 4484 2020 4542 i.
2057 4477 2233 4552 Quod
2285 4476 2473 4540 etiam
2513 4477 2750 4540 notavit
2785 4477 3096 4566 Ambrosg,
3126 4479 3236 4543 lib.
3289 4481 3327 4542 3

1764 4594 1955 4655 super
1971 4575 2224 4636 Lucam.
2246 4571 2330 4634 De
2355 4589 2478 4650 qua
2503 4588 2572 4634 re
2592 4571 2788 4634 multa
2813 4571 3088 4637 diximus
3109 4591 3324 4654 supra,

1764 4670 1986 4749 disp-l
2026 4666 2217 4745 hujus.
2258 4662 2572 4740 materiae,
2616 4669 2956 4728 tractantes
3001 4667 3212 4731 locum
3257 4667 3326 4726 il-

1762 4763 1893 4826 lum
1924 4761 2150 4823 Genes.
2201 4760 2281 4823 49
2311 4773 2326 4817 :
2359 4758 2508 4824 Non
2545 4761 2863 4834 auferetur
2909 4765 3209 4838 sceptrum
3261 4760 3330 4823 dc

1762 4858 1815 4920 J
1819 4857 1960 4922 uda.
1991 4857 2066 4918 Et
2095 4851 2452 4916 confirmari
2479 4857 2686 4930 polest
2729 4851 2864 4915 haec
2893 4852 3050 4916 ratio
3083 4871 3160 4916 ex
3191 4851 3329 4916 loco

1762 4949 1870 5012 illo
1900 4952 1931 5012 ¹
1963 4946 2303 5010 Maenuba.
2340 4948 2439 5020 14,
2471 4943 2580 5007 uhi
2609 4962 2752 5006 cum
2775 4947 2910 5024 jam
2927 4964 3196 5028 regnum
3219 4948 3330 5010 Ju-

1764 5042 2050 5107 danorum
2075 5043 2408 5110 cessasset,
2435 5043 2500 5100 et
2526 5036 2796 5100 ducatus
2811 5038 3001 5103 etiam
3025 5040 3331 5124 extinctus

1768 5141 1957 5211 esset,
1991 5151 2105 5198 seu
2141 5129 2484 5194 translatus
2521 5148 2554 5190 a
2599 5129 2767 5190 tribu
2805 5132 2994 5206 Juda,
3020 5139 3188 5196 totus
3223 5133 3335 5196 Ju-

1764 5231 2046 5294 dueorum
2069 5226 2340 5308 populus
2371 5243 2450 5286 ex
2479 5223 2798 5286 communi
2841 5244 3152 5290 consensu
3181 5245 3337 5291 con-

1764 5324 1961 5392 stituit
1989 5322 2106 5387 sibi
2135 5321 2362 5382 ducem
2389 5323 2452 5380 et
2471 5335 2788 5380 summum
2817 5319 3210 5383 sacerdotem
3233 5319 3334 5382 Si-

1760 5433 2018 5484 monem
2065 5411 2522 5488 Machaba‘um,
2555 5415 2622 5474 ut
2652 5411 2715 5472 iu
2755 5429 2830 5474 eo
2875 5417 2940 5473 et
2969 5413 3336 5494 posteritate

2926 5519 3006 5578 30
