3892 6167
1502 282 1686 337 titul-:x
1723 278 1950 334 RERUM.

1754 373 1821 429 Ut
1861 372 2108 443 reliquiae
2161 373 2364 445 aliquae
2405 374 2622 445 publice
2661 374 2731 429 ah
2771 372 3010 431 Ecclesia
3044 374 3315 440 colantur,

862 418 921 493 R

518 594 721 637 Ram
749 594 1037 635 f-Poulo!
1065 593 1275 637 flm-

134 686 356 741 christus
396 694 509 736 non
559 680 665 736 ruit
704 692 797 733 rex
840 680 1157 748 temporalis
1198 679 1541 745 Judaeorum,
1576 693 1677 735 nec

192 758 371 813 hahuit
396 756 631 823 aliquod
650 757 740 823 jus
770 755 841 809 ad
868 755 1027 821 iliud,
1052 757 1109 809 d.
1135 759 1216 821 ⁴8,
1240 768 1283 809 a.
1315 760 1363 810 ¹.

138 832 729 971 Ra‘zwgngetsnm
748 831 939 885 orbem
956 830 1267 887 dominium
1282 832 1577 901 temporale
1596 833 1677 885 in-

556 1034 765 1075 temno
773 1064 785 1085 ,
820 1035 1026 1075 nautio
1058 1036 1245 1077 nimiu.

146 1135 415 1191 Relationis
444 1134 735 1188 existentia
775 1134 919 1188 nihil
963 1134 1116 1188 aliud
1150 1140 1233 1188 est
1262 1146 1427 1202 quam
1458 1134 1685 1188 actualis

198 1213 377 1265 entitas
402 1211 709 1275 relationis,
734 1213 791 1265 d.
815 1214 895 1275 11,
916 1224 961 1264 s.
994 1215 1042 1263 ἱ.

142 1288 327 1341 Relatio
356 1285 565 1347 divina,
594 1286 725 1340 licet
750 1299 925 1341 unum
952 1286 1245 1341 constituat
1266 1298 1393 1341 cum
1429 1288 1680 1363 essentia,
1742 1342 1750 1347 .

202 1376 306 1415 non
327 1367 498 1415 tamen
529 1375 633 1429 per
667 1362 821 1417 iilum
842 1361 1076 1415 essentia
1094 1361 1294 1426 existit,
1316 1376 1361 1415 s.
1384 1367 1431 1416 a.

3194 272 3314 335 713

1818 452 1955 519 quid
1979 455 2364 519 necessarium,
2397 453 2473 508 ib.

1756 528 1897 593 Quid
1926 534 1991 583 ut
2021 530 2247 598 private,
2272 531 2348 586 ih.

1756 606 2038 669 Quomodo
2067 608 2311 663 absolute
2343 612 2398 663 ct
2429 607 2550 663 sine
2581 604 2899 661 conditione
2935 604 3152 659 adorari
3187 614 3320 673 pos-

1820 681 1950 747 sint,
1993 682 2066 735 ih.

1756 755 1964 824 Corpus
1981 759 2227 825 ejusdem
2257 760 2436 815 Sancti
2461 772 2562 814 cur
2593 758 2653 813 in
2676 758 2893 814 duobus
2913 755 3048 812 locis
3067 768 3186 812 csse
3212 755 3319 811 aii-

1820 834 2044 899 quando
2068 835 2418 897 existimetur.
2455 837 2529 891 ih.

1760 908 2082 964 Sanctorum
2109 910 2369 979 reliquias
2389 912 2644 979 privatim
2667 922 2940 978 possessas
2957 922 3139 964 secum
3160 908 3322 963 devo-

1828 984 1995 1038 tionis
2027 987 2198 1053 gralia
2221 994 2434 1055 portare
2455 987 2664 1042 licitum
2694 1001 2758 1041 ae
2778 987 2952 1055 pium,
2977 985 3051 1039 ib.

2301 1118 2526 1158 1811810
2557 1118 2758 1159 'mn
2766 1146 2776 1157 .

1762 1211 1845 1266 Ad
1856 1212 2214 1268 obtinendam
2235 1213 2610 1268 remissionem
2631 1212 2836 1281 peccati
2857 1218 3004 1266 extra
3021 1221 3326 1265 sacramen·

1828 1292 1962 1415 turgt,
1989 1290 2292 1344 necessaria
2313 1296 2394 1345 est
2417 1290 2638 1345 dilectio
2659 1289 2752 1343 Dei
2773 1301 2937 1359 super
2957 1287 3164 1353 omnia,
3184 1284 3239 1339 d.
3276 1288 3328 1349 t,

1831 1377 1874 1415 S.
1938 1406 1950 1415 .

151 1438 276 1491 uicit
298 1438 679 1504 perfectionem
706 1438 977 1491 infinitam
1000 1437 1058 1491 in
1085 1450 1185 1493 suo
1216 1451 1416 1521 genere
1466 1451 1577 1493 non
1604 1446 1677 1493 ta·
1766 1438 1849 1492 Fit
1871 1453 1970 1506 per
2000 1441 2239 1507 aliquam
2281 1442 2514 1496 sormam
2549 1442 2923 1498 inhaerentem.
2955 1450 3060 1493 nec
3079 1438 3150 1493 de
3187 1436 3330 1490 sacto

208 1526 321 1565 men
339 1513 681 1579 simpliciter,
704 1514 781 1567 ih.

146 1587 356 1641 includit
382 1588 797 1643 subsistentiam
828 1588 1127 1651 relativam,
1145 1589 1201 1642 d.
1224 1594 1305 1655 η,
1334 1602 1379 1643 S.
1409 1594 1456 1643 ἰ.

142 1664 243 1717 Non
272 1670 397 1717 sunt
432 1664 507 1718 de
532 1670 807 1732 conceptu
834 1664 1109 1719 essentiali
1144 1665 1411 1731 essentiae,
1441 1666 1583 1721 bene
1606 1676 1688 1721 ta-

198 1751 315 1791 men
338 1739 581 1793 essentia
604 1740 673 1794 de
696 1746 965 1808 conceptu
998 1740 1259 1809 ipsarum,
1280 1741 1335 1794 d.
1363 1746 1411 1807 i,
1432 1752 1477 1795 s.
1502 1748 1550 1795 ti.

1832 1514 2130 1643 cgnsertur,
2167 1516 2272 1570 nisi
2303 1531 2402 1585 per
2425 1516 2760 1571 infusionem
2793 1514 2982 1583 gratiae
3006 1520 3062 1567 et
3083 1512 3326 1580 Justitlae,

1836 1604 1851 1641 i
1896 1626 1909 1641 .
2299 1616 2310 1629 ·

1830 1666 2070 1755 Possunt·
2093 1674 2274 1799 tagien
2313 1669 2382 1724 de
2423 1670 2664 1738 potentia
2703 1668 2952 1723 absoluta
2988 1666 3058 1719 ah
3095 1663 3331 1719 invicem

1833 1754 2094 1809 separari.
2127 1760 2142 1797 ι
2189 1786 2200 1797 .

140 1814 239 1867 Cur
262 1815 559 1870 terminare
592 1816 803 1883 possint
838 1816 1105 1870 unionem
1134 1818 1542 1884 hypostaticam,
1576 1831 1689 1873 non
1770 1816 2024 1873 Absolute
2045 1820 2322 1887 loquendo
2345 1820 2514 1889 gratis
2539 1820 2715 1883 datur,
2737 1819 2835 1907 φὶ
2857 1822 3108 1887 peccator
3130 1816 3336 1883 imper-

196 1889 453 1943 visionem
475 1891 811 1955 beatificam,
828 1891 883 1946 d.
906 1896 987 1957 12,
1008 1906 1051 1945 S.
1075 1894 1123 1945 t.

140 1964 837 2097 Regiagtieorizesdaffiidtsentales
874 1966 1073 2020 hahent
1102 1968 1283 2021 inesse
1322 1965 1527 2023 divinat
1559 1970 1694 2024 suh·

1835 1894 1972 1948 l'ecte
1999 1895 2309 1951 satisfaciat.

1772 1969 1889 2024 Non
1912 1974 1994 2023 est
2012 1985 2045 2025 a
2059 1972 2274 2025 christo
2295 1978 2357 2026 ut
2375 1976 2635 2039 operante
2657 1982 2752 2039 per
2769 1970 3105 2025 voluntatem
3137 1969 3334 2021 huma-

1834 2056 1985 2107 nam.
2013 2047 2110 2101 sed
2129 2060 2160 2101 a
2187 2046 2304 2102 solo
2335 2048 2462 2113 lieo,
2484 2047 2538 2103 d.
2565 2052 2706 2113 st,s.
2736 2052 2784 2099 s.

146 2116 423 2173 Relationis
440 2118 805 2173 humanitatis
826 2120 897 2173 ad
918 2119 1175 2185 Verbum,
1196 2122 1346 2187 quod
1366 2122 1695 2177 fundamen·
1772 2121 2040 2177 Remissio
2065 2134 2242 2191 poenae
2267 2124 2324 2177 in
2365 2124 2698 2193 purgatorio,
2739 2123 2786 2175 si
2825 2134 2922 2188 per
2969 2116 3339 2187 indulgentias

200 2199 327 2255 tum,
356 2194 415 2246 d.
438 2200 489 2259 8,
510 2209 561 2248 s.
590 2199 637 2247 8.

146 2266 333 2322 Relatio
358 2269 593 2323 unionis
620 2269 731 2323 alia
752 2275 837 2324 est
854 2282 887 2323 a
908 2271 1173 2325 relatione
1204 2272 1447 2337 unitatis,
1472 2274 1549 2329 ih.

145 2342 335 2397 Relatio
362 2342 783 2409 similitudinis,
822 2346 909 2400 vel
949 2348 1271 2413 aequalitatis
1310 2346 1452 2403 inter
1482 2350 1701 2405 divinas

204 2430 473 2483 personas.
498 2420 731 2475 rationis
756 2428 859 2484 est,
878 2422 955 2475 ih.

148 2490 238 2552 Qui
272 2494 574 2549 relationes
612 2496 1113 2563 praedicamentales
1142 2499 1383 2562 admitit,
1411 2500 1611 2555 realem
1636 2515 1701 2555 ex

206 2575 344 2699 pgr-te
363 2571 727 2625 humanitatis
748 2572 818 2627 ad
838 2573 1073 2629 Vei-hum
1092 2574 1341 2631 admittat
1366 2588 1585 2631 neeesse
1604 2584 1701 2644 est,

214 2657 227 2695 l
269 2686 279 2696 .

158 2720 341 2776 Relatio
362 2724 531 2777 realis
556 2732 735 2780 creata
757 2726 920 2781 hahet
938 2726 1249 2782 distinctam
1272 2728 1616 2784 existentiam
1633 2731 1703 2785 ab

212 2799 493 2857 existentia
516 2803 772 2869 subiecti,
798 2804 873 2857 ih.
1356 2864 1361 2869 ,

156 2871 347 2929 Relatio
372 2890 489 2931 non
520 2884 695 2945 potest
716 2890 835 2933 esse
865 2878 1197 2935 subsistendi
1237 2880 1394 2947 ratio,
1416 2880 1473 2936 d.
1512 2887 1565 2947 o,
1586 2896 1630 2937 s.
1652 2889 1701 2938 2.

157 2947 453 3076 Relationes
483 2953 623 3008 inter
652 2956 825 3008 Deum
844 2962 897 3009 et
919 2960 1195 3011 creaturas
1214 2956 1405 3023 quales
1427 2956 1557 3025 sint,
1578 2958 1631 3014 d.
1654 2964 1703 3025 ’1,

222 3037 264 3074 S.
328 3061 341 3073 .

819 3158 1037 3199 nume.

165 3248 264 3375 Etsli
294 3260 413 3379 §liga
429 3253 597 3380 Deum
616 3260 882 3321 versetur,
902 3268 1000 3310 cur
1024 3266 1135 3311 non
1171 3255 1343 3311 virtus
1362 3256 1705 3325 Theologica,

262 3364 272 3376 .
357 3369 370 3390 ,
395 3340 441 3381 s.
504 3367 517 3381 .

163 3397 372 3529 Setmper
402 3404 623 3470 respicit
654 3406 864 3472 aliquid
892 3412 1152 3472 creatum,
1174 3413 1234 3462 ut
1254 3408 1557 3475 proximam
1588 3420 1707 3462 ma·

161 3484 573 3610 ,463ιὲ183ᾞέἰῇιέ
588 3558 847 3612 virtutum
879 3574 912 3613 a
942 3558 1226 3626 religione,
1252 3561 1309 3613 in
1328 3567 1595 3629 quantum
1618 3574 1706 3614 as-

219 3636 505 3686 sumuntur
532 3633 603 3686 ad
628 3634 999 3689 exhihendam
1024 3636 1133 3691 lieo
1162 3637 1445 3700 honorem,
1470 3634 1710 3691 induunt

220 3706 479 3761 rationem
500 3709 853 3769 adorationis.
885 3710 958 3764 ib.

160 3780 351 3835 Eadem
379 3790 461 3837 est
492 3785 663 3839 virtus
690 3787 1003 3853 religionis„
1030 3800 1153 3854 quae
1180 3788 1343 3841 etiam
1372 3792 1591 3856 propter
1621 3788 1711 3843 di·-

220 3869 401 3913 versos
426 3860 613 3915 titulos
634 3862 806 3915 Deum
824 3862 1016 3917 adorat
1036 3868 1091 3916 et
1108 3862 1257 3925 colit,
1282 3877 1325 3917 s.
1350 3869 1397 3917 3.

163 3930 347 3985 omnis
390 3941 539 3989 actus
566 3950 599 3991 a
632 3936 897 4005 religione
930 3939 1263 4006 procedens,
1300 3939 1505 3993 dicitur
1530 3940 1711 3995 eonti-

224 4018 353 4063 nere
384 4010 587 4065 cultum
619 4012 814 4078 latriae,
834 4013 890 4067 d.
914 4020 995 4072 5³.
1014 4028 1061 4068 s·
1084 4019 1132 4067 8.

160 4082 270 4137 Non
309 4091 487 4141 tamen
532 4093 611 4143 est
642 4102 862 4145 necesse
906 4091 1053 4158 quod
1094 4102 1310 4158 semper
1349 4092 1615 4159 dirigatur
1650 4092 1709 4146 in

220 4174 333 4215 rem
364 4162 802 4231 intellectualem,
832 4167 887 4222 d.
918 4169 999 4230 st,
1027 4180 1070 4221 s.
1104 4173 1151 4222 o.

160 4236 269 4289 Non
300 4238 479 4294 solum
526 4240 769 4308 impletio
788 4286 801 4309 ,
833 4243 929 4297 sed
973 4250 1028 4297 et
1058 4242 1175 4311 ipsa
1210 4243 1433 4299 emissio
1469 4243 1612 4307 voti,
1636 4250 1717 4299 est

220 4319 369 4369 aetus
402 4316 703 4383 religioniS,
722 4317 780 4372 d.
802 4324 885 4385 lit,
904 4333 951 4373 s,
972 4323 1021 4371 2.

650 4450 895 4496 atticum
923 4449 1229 4490 uncroaun.

157 4543 245 4595 Eis
276 4547 559 4602 veneratio
582 4548 784 4611 dehita,
810 4550 865 4603 d.
888 4556 969 4614 ss,
993 4564 1040 4604 s.
1058 4556 1109 4603 1.

1834 2197 1923 2251 vei
1943 2210 2042 2265 per
2053 2198 2306 2253 vivorum
2325 2200 2724 2254 satisfactiones
2739 2196 2850 2262 flat,
2871 2210 2937 2250 ex
2955 2193 3165 2250 meritis
3185 2192 3341 2247 chri-

1838 2274 2062 2403 sitiffistg
2090 2286 2249 2401 {ecus
2289 2276 2334 2328 si
2372 2288 2470 2343 per
2511 2274 2844 2341 condignam
2881 2268 3338 2340 satispassioncm,

1883 2389 1895 2402 .
1986 2388 1998 2413 ,
2054 2390 2066 2403 .
2125 2385 2140 2401 .

2544 2484 2594 2557 S

1957 2688 2219 2739 mannos,
2255 2690 2612 2741 sacmonon,
2647 2688 2884 2731 eaustus
2913 2666 3178 2729 aecanos.

1783 2802 1925 2857 Dicit
1942 2804 2286 2859 essentialem
2309 2806 2562 2860 ordinem
2595 2805 2667 2859 ad
2703 2802 2958 2858 sacrificii
2991 2800 3346 2865 oblationem.

1846 2878 1933 2933 vel
1955 2880 2026 2934 ad
2045 2886 2226 2935 actum
2252 2881 2359 2934 sihi
2393 2882 2630 2935 maxime
2657 2879 2960 2949 proprium,
2980 2874 3037 2931 d.
3062 2878 3142 2941 to,
3167 2888 3209 2929 s.
3235 2878 3283 2928 i.

1786 2955 2093 3011 Sacerdotis
2109 2971 2314 3012 munus
2329 2958 2498 3025 quod,
2519 2972 2563 3012 s.
2595 2962 2643 3009 l».

1786 3030 1887 3159 Qut}
1910 3033 2235 3160 sacerdotes,
2259 3040 2315 3089 et
2332 3034 2494 3102 quale
2515 3032 2875 3089 sacerdotium
2895 3030 2955 3083 in
2981 3028 3098 3097 lege
3121 3032 3349 3092 naturae,

1890 3143 1904 3157 ο
2005 3150 2017 3171 ,
2040 3122 2083 3161 S.
2143 3150 2154 3163 .

1788 3182 2032 3235 Christus
2049 3196 2178 3237 vere
2203 3190 2256 3239 et
2277 3186 2496 3252 proprie
2516 3184 2785 3246 sacerdoti,
2807 3183 2862 3236 d.
2885 3186 2967 3243 ⁴⁶.
2990 3195 3034 3234 S·
3064 3184 3111 3232 ¹·

1786 3258 1903 3311 Non
1932 3264 1996 3312 ut
2015 3260 2180 3322 neus,
2211 3260 2306 3312 sed
2335 3266 2397 3313 ut
2413 3261 2596 3321 homo,
2627 3260 2713 3315 vel
2739 3264 2800 3311 ut
2831 3260 2972 3310 neus
3005 3256 3194 3321 homo,
3213 3253 3290 3308 ih.

1788 3332 2039 3399 seipsum
2065 3334 2122 3388 in
2148 3334 2476 3388 saei-ilicium
2500 3334 2714 3392 obtulit.
2743 3336 2796 3385 et
2814 3332 3046 3397 qualiter
3059 3330 3178 3384 hoec
3197 3329 3354 3384 obla-

1850 3410 1928 3463 tio
1947 3410 2018 3463 ah
2051 3410 2327 3464 oblatione
2345 3410 2588 3477 martyrii
2612 3408 2842 3469 differat,
2867 3406 2944 3459 ih.

1789 3486 1905 3549 Quo
1936 3492 2095 3553 pacto
2116 3486 2367 3542 sacerdos
2387 3492 2439 3539 et
2464 3486 2686 3540 victima
2708 3482 2996 3545 dicendus,
3015 3494 3060 3534 S.
3084 3485 3134 3533 8.

1789 3562 1988 3616 christi
2020 3563 2382 3616 sacerdotium
2407 3562 2637 3616 diversae
2657 3566 2712 3613 et
2730 3561 2894 3625 longe
2911 3556 3254 3641 perfectioris
3271 3569 3358 3609 ra·

1852 3636 2036 3699 tioniS,
2082 3650 2246 3704 quam
2291 3637 2656 3691 sacerdotium
2690 3635 2827 3701 legis
2866 3644 3042 3695 novoe,
3069 3636 3271 3685 veteris
3301 3636 3358 3683 et

1850 3718 2079 3777 naturae,
2103 3726 2228 3779 quae
2249 3712 2556 3767 sacerdotia
2577 3712 2811 3765 invicem
2831 3712 3233 3776 comparantur,
3251 3704 3326 3758 ih.

1791 3788 1929 3841 Dicit
1955 3788 2127 3843 solam
2147 3794 2462 3859 potestatem
2497 3795 2550 3843 et
2577 3788 2896 3855 dignitatem
2934 3782 3354 3839 convenientem

1856 3870 2064 3919 naturae
2093 3866 2305 3921 ratione
2336 3866 2596 3928 unionis,
2635 3864 3027 3924 characterem,
3068 3860 3156 3914 vel
3187 3857 3353 3911 aliam

1854 3939 2169 4006 qualitatem
2196 3941 2402 3996 nullam
2428 3942 2600 4009 ponit,
2629 3940 2704 3993 ih.

1853 4016 1914 4069 ln
1958 4028 2058 4070 sno
2082 4030 2211 4072 vero
2238 4030 2438 4083 genere
2465 4019 2720 4087 importat
2751 4012 3026 4069 infinitam
3059 4008 3354 4079 quamdam

1852 4090 2194 4157 dignitatem.
2227 4092 2304 4147 ih.

1788 4166 2034 4222 Christus
2071 4170 2326 4225 sacerdos
2363 4169 2422 4223 in
2461 4174 2726 4223 aeternum
2761 4164 3065 4223 secundum
3104 4160 3356 4219 ordinem

1856 4244 2274 4311 ilelchisedech,
2317 4246 2376 4299 in
2417 4246 2626 4300 ratione
2659 4244 3028 4314 repraesentati
3061 4247 3114 4297 et
3153 4250 3353 4308 reprae-

1858 4321 2142 4387 sentantis,
2175 4336 2220 4375 s.
2250 4326 2298 4375 t.

1860 4396 1976 4451 Non
1997 4402 2179 4452 tamen
2203 4397 2504 4454 secundum
2533 4398 2788 4453 ordinem
2806 4400 3006 4460 Aaron,
3035 4394 3109 4449 ih.

2404 4525 2740 4567 neum&-

157 4618 445 4677 veneratio
474 4624 727 4679 Ecclesiae
744 4626 1002 4680 Romanae
1028 4631 1081 4680 et
1100 4626 1333 4682 aliarum
1352 4668 1365 4693 ,
1396 4638 1525 4694 erga
1556 4638 1718 4680 sane-
1798 4618 1911 4683 Qua
1930 4621 2140 4675 ratione
2159 4621 2413 4677 exlatere
2431 4623 2629 4677 Christi
2649 4619 3024 4690 profluxerint,
3043 4617 3101 4671 d.
3132 4620 3212 4679 aa,
3233 4627 3280 4669 s.
3307 4617 3357 4666 3.

220 4704 402 4751 torum
430 4699 706 4766 reliquias,
734 4701 810 4755 ih.

158 4770 321 4825 Varia
348 4773 607 4829 miracula
628 4788 817 4831 earum
848 4777 1046 4832 virtute
1074 4776 1233 4843 iacta,
1268 4777 1345 4831 ih.

1798 4694 2012 4763 organa
2045 4702 2190 4761 sunt.
2232 4710 2331 4767 per
2361 4712 2485 4767 quae
2527 4698 2720 4754 merita
2757 4695 2952 4751 Christi
2988 4692 3149 4747 nohis
3179 4688 3352 4757 appli-

1861 4780 2073 4835 cantur.
2099 4772 2155 4827 d.
2176 4777 2255 4838 ti,
2278 4788 2322 4828 s.
2348 4777 2396 4828 2.

158 4848 347 4904 Solum
375 4850 671 4907 adorantur
693 4860 912 4921 propter
936 4854 1197 4909 moralem
1216 4854 1537 4921 dignitatem
1554 4866 1721 4919 quam
1801 4848 1990 4913 Quivis
2006 4856 2468 4905 sacramentorum
2487 4850 2709 4905 effectus
2732 4846 3020 4915 praemium
3037 4848 3122 4899 est
3145 4841 3364 4897 merito-

218 4938 291 4979 ex
315 4926 641 4983 habitudine
666 4930 737 4985 ad
760 4942 1021 4997 personas
1042 4942 1276 4997 quarum
1300 4929 1473 4991 suere,
1499 4928 1724 4996 partici-

222 5008 377 5070 pant,
400 5018 443 5059 s.
466 5010 518 5059 Ω.

158 5080 549 5147 Utconjnnctoe

226 5155 333 5209 coli
358 5163 603 5224 possunt,
633 5160 711 5214 lh.

233 5310 307 5363 ih.

168 5388 267 5443 liic
286 5387 643 5456 reliquiarum
676 5388 853 5443 cultus
870 5386 1105 5457 qualiter
1129 5386 1433 5457 religiosus,
1465 5382 1539 5443 lh.

170 5464 365 5519 Earum
394 5462 642 5519 venditio
666 5463 985 5532 simoniaca,
1016 5463 1091 5517 ih.

568 5084 835 5153 personis,
854 5087 911 5137 ot
920 5082 1113 5137 eadem
1134 5094 1243 5148 qua
1257 5082 1389 5149 ipsoe
1408 5080 1725 5138 adoratione

228 5234 343 5287 imo
364 5238 419 5287 et
440 5246 685 5291 seorsum
708 5233 1029 5292 adoratione
1048 5232 1317 5298 interiori,
1344 5237 1400 5288 et
1414 5198 1725 5301 respectit’a,

1866 4938 1990 4979 rum
2017 4924 2234 4991 Christi,
2258 4927 2334 4980 ih.

1804 5002 1864 5055 ln
1891 5000 2008 5067 lege
2041 5002 2362 5069 Evangeliea
2392 5001 2570 5055 cultus
2601 5004 3062 5053 sacramentorum
3091 4993 3353 5051 adoratio·

1870 5090 1999 5130 nem
2028 5077 2198 5131 latriae
2227 5076 2488 5141 continet,
2512 5077 2568 5130 d.
2592 5080 2671 5139 ⁴6,
2700 5088 2744 5129 s.
2769 5080 2818 5129 8.

2420 5199 2750 5239 nemmem·-

1810 5296 1984 5352 Varioe
2003 5296 2170 5364 hujus
2189 5294 2430 5350 nominis
2455 5294 2815 5364 acceptiones,
2843 5292 2896 5349 d.
2927 5266 3003 5359 ts,
3025 5308 3068 5351 a.
3097 5296 3148 5347 t.

1808 5379 1964 5442 Quod
1981 5374 2202 5447 proprie
2223 5372 2550 5429 sacrificium
2570 5372 2801 5436 dicatur.
2839 5372 2910 5428 ih.

1811 5455 1994 5510 soiius
2023 5454 2116 5507 Del
2146 5450 2449 5519 proprium,
2473 5452 2526 5507 d.
2551 5455 2626 5515 ut.
2651 5464 2696 5503 ε.
2719 5452 2764 5506 ⁴.
