3892 6167
577 331 698 396 288

580 451 745 498 care.
813 431 1008 507 Idem,
1057 435 1262 512 potest
1315 433 1666 512 transgredi
1717 440 2135 516 proeceptum3

578 544 730 605 ergo
748 543 1032 603 peccare.
1053 527 1206 588 Item
1221 525 1628 588 confirmatus
1647 527 1710 590 in
1731 528 1932 606 gratia
1950 529 2139 590 etiam

577 617 982 682 infallibiliter
1027 635 1158 680 non
1193 618 1512 698 peccabit,
1549 620 1874 700 supposita
1917 621 2143 684 contir-

577 712 880 786 matione,
913 719 976 774 et
1023 717 1234 774 tamen
1274 711 1558 774 absolute
1598 719 1802 793 potest
1846 733 2141 794 peccare,

578 805 730 884 quia
757 811 971 867 manet
998 803 1066 866 iu
1091 823 1166 868 eo
1187 811 1462 885 potestas
1491 824 1618 866 non
1631 807 1900 870 faciendi
1929 815 2142 872 actum

581 904 964 978 praeceptum
987 916 1006 970 ς
1033 916 1185 978 ergo
1223 898 1428 960 simile
1466 899 1586 962 erit
1611 899 1678 962 iu
1705 900 1971 964 christo.
2012 899 2143 965 Fal·

582 992 733 1056 sitas
761 998 974 1054 autem
1003 992 1444 1072 consequentis
1468 999 1714 1056 constat
1745 1014 1822 1056 ex
1839 994 2019 1058 dictis
2040 1015 2141 1058 su-

584 1105 720 1166 pra,
755 1104 906 1148 nam
927 1084 1068 1148 talis
1110 1089 1388 1165 potestas
1417 1085 1658 1150 Christo
1701 1088 2001 1152 attributa
2039 1107 2141 1154 re-

580 1179 951 1243 funderetur
988 1179 1055 1240 in
1099 1180 1298 1241 Deum
1325 1179 1532 1260 ipsum
1565 1199 1582 1254 ;
1615 1182 1746 1244 Deo
1789 1189 2003 1246 autem
2048 1183 2140 1246 ita

579 1280 890 1356 repugnat
914 1278 1266 1354 peccatum,
1283 1279 1505 1334 utnon
1531 1275 1734 1336 solum
1755 1275 1965 1356 ipsum
1987 1294 2141 1356 pec-

583 1385 767 1443 care,
804 1367 918 1430 sed
969 1367 1158 1428 etiam
1213 1383 1401 1446 posse
1441 1385 1726 1446 peccare,
1771 1375 1834 1432 et
1877 1371 2140 1449 physica

583 1460 768 1524 etiam
807 1461 1090 1540 potentia
1121 1459 1418 1538 peccandi
1455 1459 1993 1540 imperfectionem
2044 1461 2141 1522 in-

581 1553 816 1628 cludat,
847 1553 1119 1616 maxime
1145 1556 1604 1634 repugnantem
1629 1556 1786 1618 Deo.

663 1651 765 1712 ss.
786 1648 934 1710 Haec
955 1647 1114 1710 ratio
1130 1645 1402 1709 maxime
1437 1654 1646 1710 movet
1665 1648 1802 1712 illos
1821 1655 2137 1724 auctores,

584 1742 1056 1823 qui'afflrmant,
1093 1758 1170 1802 ex
1199 1739 1626 1820 suppositione
1656 1743 1949 1822 praecepti
1982 1761 2144 1822 prae-

587 1834 916 1900 scribentis
943 1841 1156 1896 actum
1200 1849 1344 1896 cum
1391 1834 1684 1897 omnibus
1725 1835 2145 1898 circumstan-

585 1931 690 1994 tiis
716 1928 858 2006 loci,
883 1929 1207 2009 temporis,
1243 1927 1634 2003 intensioni3‚
1671 1935 1734 1992 et
1761 1929 2143 2008 quibuslibet

587 2025 725 2088 aliis
753 2041 894 2105 qum
923 2021 1260 2103 excogitari
1288 2027 1573 2102 possunt,
1599 2028 1664 2084 et
1693 2023 1890 2102 posita
1918 2024 2142 2088 Christi

587 2121 908 2184 voluntate
937 2119 1002 2179 in
1021 2135 1094 2180 eo
1121 2117 1404 2192 articulo,
1426 2116 1494 2178 iu
1513 2135 1636 2196 quo
1659 2125 2035 2198 praeceptum
2052 2119 2144 2184 sic

589 2215 844 2294 obligat,
871 2212 998 2276 tale
1015 2217 1396 2292 praeceptum
1426 2211 1642 2274 tollere
1654 2211 2141 2276 indifferentiam

583 2307 916 2382 libertatis,
951 2305 1100 2385 quia
1119 2303 1282 2368 tollit
1309 2310 1682 2384 potestatem
1713 2324 1841 2367 non
1871 2305 2143 2368 faciendi

589 2401 778 2464 etiam
817 2398 1168 2480 physicam,
1197 2397 1355 2460 alias
1383 2397 1766 2477 relinqueret
1793 2399 1860 2458 in
1901 2399 2141 2462 Christo

587 2495 930 2578 potentiam
965 2493 1292 2574 physicam
1340 2491 1666 2571 peccandi,
1701 2510 1842 2572 quae
1869 2494 2002 2554 Deo
2048 2511 2143 2555 re·

586 2595 844 2673 pugnat.
879 2587 1026 2660 Quae
1059 2586 1370 2648 sententia
1399 2585 1756 2647 declaratur
1773 2604 1848 2648 ex
1865 2587 2143 2650 efficacia

589 2683 880 2765 praecepti
903 2680 1180 2759 negativi
1200 2679 1586 2758 prohibentis
1609 2679 1850 2742 Christo
1865 2681 2143 2759 aliquem

586 2786 835 2848 actum3
868 2791 1040 2848 nam,
1069 2773 1274 2853 posita
1317 2771 1386 2832 in
1425 2771 1666 2834 Christo
1711 2773 1820 2835 tali
1872 2773 2147 2854 prohibi-

587 2872 783 2946 tione,
833 2886 964 2930 non
1016 2866 1218 2928 solum
1271 2870 1368 2926 est
1409 2864 1729 2928 infallibile
1753 2911 1775 2941 ,
1831 2867 2143 2928 Christum

586 2981 914 3044 nunquam
927 2961 1290 3024 effecturum
1307 2965 1418 3022 aut
1429 2961 1762 3021 voliturum
1779 2967 1987 3024 actum
2000 2980 2143 3040 pro·

587 3059 874 3134 bibitum,
907 3054 1018 3118 sed
1043 3055 1232 3118 etiam
1252 3072 1378 3115 non
1407 3053 1598 3115 habet
1624 3053 1928 3130 Christus,
1961 3055 2141 3118 abso·

584 3153 716 3215 lute
749 3149 1092 3230 loquendo,
1122 3146 1497 3227 completam
1521 3153 1894 3227 potestatem
1929 3147 2143 3229 physi-

585 3263 722 3307 cam
756 3245 832 3306 ad
889 3240 1267 3304 eliciendum
1313 3240 1500 3300 talem
1553 3246 1785 3316 actum,
1819 3241 1967 3320 quia
2012 3259 2141 3302 non

588 3338 778 3402 habet
815 3342 1104 3417 paratum
1140 3334 1244 3395 Dei
1279 3351 1653 3396 concursum
1713 3335 2139 3396 necessarium

585 3433 668 3494 ad
695 3432 886 3495 talem
929 3435 1138 3491 actum
1177 3425 1623 3506 praestandum,
1649 3426 1761 3487 sed
1803 3427 1890 3487 illi
1931 3428 2140 3506 potius

585 3526 936 3604 denegatur
969 3539 1046 3583 ex
1072 3521 1324 3583 decreto
1357 3519 1465 3581 Dei
1487 3520 1800 3594 absoluto,
1832 3526 1898 3580 et
1925 3520 2141 3582 effica-

585 3620 664 3693 ci,
695 3619 844 3698 quia
869 3631 1208 3679 concursus
1235 3613 1317 3674 ad
1341 3611 1528 3674 talem
1559 3616 1766 3674 actum
1797 3630 1924 3672 non
1954 3631 2137 3692 spec·

583 3718 674 3774 tat
696 3711 777 3772 ad
803 3709 1024 3774 Christi
1049 3705 1524 3788 perfectionem,
1551 3705 1665 3766 sed
1683 3705 1891 3785 potius
1923 3706 2005 3766 ad
2026 3706 2143 3766 im-

583 3804 1080 3887 peccabilitatem
1114 3801 1252 3878 ejus
1280 3799 1576 3880 pertinet,
1611 3805 1678 3860 ut
1703 3799 1758 3859 ei
1787 3799 2143 3879 denegetur

583 3915 930 3961 concursus
971 3895 1053 3956 ad
1096 3895 1284 3955 talem
1327 3899 1560 3965 actum,
1594 3909 1720 3970 quo
1757 3898 2013 3970 negato,
2044 3907 2142 3951 re-

583 4009 732 4054 vera
763 4009 888 4052 non
918 3994 1131 4050 manet
1170 3992 1446 4066 potestas
1491 3985 1874 4064 simpliciter,
1899 3991 1963 4046 et
1998 4003 2142 4046 con·

584 4091 920 4166 sequenter
940 4099 1060 4143 nec
1078 4080 1336 4142 libertas
1365 4079 1532 4141 circa
1559 4077 1854 4140 eumdem
1883 4083 2135 4149 actuum,

585 4195 762 4258 ergo,
785 4176 923 4256 pari
960 4175 1225 4248 ratione,
1267 4179 1646 4252 praeceptum
1673 4171 2136 4243 affirmativum,

585 4270 952 4352 praecipiens
987 4272 1194 4328 actum
1225 4266 1324 4327 hic
1363 4272 1425 4326 et
1451 4281 1622 4325 nunc
1669 4281 1812 4324 cum
1846 4262 2139 4324 omnibus

587 4361 1094 4432 circumstantiis,
1135 4358 1512 4420 determinat
1546 4357 1806 4418 omnino
1859 4357 2141 4417 volunta·

583 4463 714 4518 tem
747 4454 970 4518 Christi
997 4453 1080 4515 ad
1093 4452 1271 4514 illum
1299 4457 1533 4522 actum,
1557 4451 1642 4511 ita
1677 4456 1748 4512 ut
1781 4467 1911 4510 non
1950 4449 2141 4510 reliu-

585 4555 736 4630 quat
749 4553 1118 4629 potestatem
1149 4543 1480 4607 omittendi
1504 4543 1678 4604 illum
1699 4559 1720 4621 3
1743 4541 1890 4622 quia
1909 4543 2140 4624 impec-

585 4641 883 4704 cabilitati
937 4641 1023 4702 ita
1051 4643 1364 4718 repugnat
1409 4636 1662 4698 omissio
1703 4641 1882 4696 actus
1908 4653 2140 4714 praece·

584 4735 696 4818 pti,
729 4735 889 4798 sicut
917 4733 1162 4795 effectio
1189 4738 1366 4794 actus
1407 4729 1698 4810 prohibiti
1728 4747 1744 4804 ;
1775 4728 1944 4790 unde
1973 4728 2138 4790 vide·

589 4838 688 4894 tur
713 4847 850 4893 esse
877 4829 1099 4892 eadem
1125 4827 1285 4888 ratio
1317 4833 1380 4888 et
1407 4826 1747 4906 proportiO.

670 4930 765 4988 15.
815 4925 938 4987 Sed
979 4923 1116 4984 haec
1148 4920 1456 4982 sententia
1487 4918 1810 4999 probanda
1837 4933 1966 4979 uon
1999 4924 2133 4993 est,

585 5039 702 5083 nec
753 5024 1004 5100 propter
1059 5017 1246 5076 unius
1307 5013 1657 5094 argumenti
1709 5009 2139 5072 difficultatem

584 5114 788 5176 statim
814 5109 1165 5173 cedendum
1187 5113 1303 5181 est,
1329 5107 1467 5168 etin
1501 5104 1764 5168 alterum
1789 5110 2139 5166 extremum

581 5204 1032 5268 inclinandum.
1081 5202 1432 5264 Praesertim
1475 5198 1620 5279 quia
1653 5197 1784 5258 haec
1811 5197 2137 5276 responsio

581 5305 834 5363 revocat
859 5297 1184 5359 veritatem
1229 5301 1462 5356 certam
1495 5293 1574 5354 de
1599 5290 1818 5352 Christi
1848 5289 2139 5352 libertate

582 5395 664 5457 ad
695 5391 1064 5474 principium
1089 5389 1392 5450 incertum
1413 5386 1492 5448 de
1518 5389 1854 5467 praecepto,
1891 5401 1973 5444 an
2000 5385 2141 5444 tue-

581 5489 662 5552 rit
689 5487 1048 5569 impositum
1097 5501 1238 5546 cum
1285 5481 1574 5544 omnibus
1617 5478 2137 5552 circumstantiiS,

1781 333 2017 398 QUAEST.
2052 333 2222 390 xvtu.
2255 333 2459 391 Anne.
2492 337 2574 392 lv.
2620 359 2632 377 ι

2218 451 2419 500 necne
2452 454 2467 508 ;
2522 453 2695 509 nam,
2732 435 2877 498 licet
2908 452 3039 500 nou
3094 441 3347 509 constet,
3370 441 3545 504 tamen
3577 463 3683 508 nan
3802 457 3805 498 1

2220 536 2317 590 est
2344 529 2757 610 improbabile
2775 530 2966 592 fuisse
3000 529 3351 609 impositum
3380 544 3687 616 preceptum
3802 535 3805 590 ι

2222 621 2698 688 determinando
2744 629 3017 702 tempus,
3050 622 3327 698 instans,
3352 625 3568 688 modum
3590 675 3605 702 ,
3642 641 3689 692 a

2226 711 2453 780 caetera
2500 717 2735 788 omnia,
2770 716 2957 796 juxta
3006 715 3167 779 illud
3200 716 3379 779 Joan.
3426 721 3691 786 ursan

2224 810 2575 874 mandatnm
2592 809 2748 874 aedit
2776 808 2927 873 milti
2954 809 3173 885 Pater,
3198 808 3287 872 sic
3312 810 3473 887 facio.
3494 813 3609 885 Qui
3626 813 3691 876 lo·

2224 920 2355 975 cue,
2382 902 2531 966 licet
2556 902 2753 983 possit
2798 902 2879 964 de
2910 902 3045 964 sola
3090 902 3425 966 substantia
3441 913 3597 968 aetus
3612 926 3693 968 aa·

2220 996 2395 1074 poni,
2420 1013 2571 1058 nam
2618 995 2948 1076 particula,
2978 996 3157 1069 dont,
3186 996 3257 1056 in
3294 996 3571 1078 Scriptura
3596 1017 3697 1062 nen

2218 1088 2365 1152 dicit
2390 1106 2643 1171 semper
2668 1089 3013 1170 perfectam
3041 1088 3501 1162 similitudinum
3532 1099 3595 1153 ut
3612 1111 3699 1172 per

2222 1201 2291 1246 se
2314 1189 2535 1244 notum
2572 1189 2690 1257 est,
2724 1183 2883 1244 nihil
2909 1189 3125 1246 tamen
3158 1189 3349 1259 vetat,
3374 1185 3509 1263 quin·
3552 1185 3699 1248 inter

2222 1277 2375 1339 dum
2400 1275 2575 1338 illam
2603 1276 2770 1339 dicat
2796 1295 2813 1350 ;
2848 1283 2909 1338 et
2938 1277 3007 1338 in
3032 1275 3139 1338 illo
3166 1276 3306 1338 loco
3330 1282 3417 1339 est
3434 1278 3701 1357 probabile

2224 1389 2303 1432 ex
2332 1371 2467 1450 ipsa
2498 1370 2789 1447 materia,
2828 1370 2909 1432 de
2952 1387 3079 1449 qua
3110 1369 3353 1450 agiturz
3386 1371 3548 1450 quia,
3594 1391 3701 1432 cum

2222 1470 2607 1546 praeceptum
2647 1463 2728 1526 sit
2757 1463 2979 1544 regula
3018 1463 3413 1544 operationis,
3441 1469 3569 1525 tuuc
3597 1483 3703 1545 per-

2222 1558 2559 1620 fectissime
2610 1557 3008 1638 proponitur,
3036 1556 3294 1638 quando
3340 1563 3493 1620 totns
3524 1564 3703 1627 actus.

2224 1657 2411 1732 prout
2438 1669 2509 1714 re
2548 1651 2689 1730 ipsa
2728 1650 3141 1731 exequendas
3170 1660 3291 1727 est,
3318 1669 3427 1730 per
3462 1652 3601 1712 illud
3638 1671 3708 1713 re-

2225 1745 2479 1825 gulatur
2540 1752 2733 1826 atque
2796 1744 3247 1824 praescribitur.
3304 1745 3408 1806 Est
3456 1747 3709 1826 optim-

2224 1838 2581 1918 exemplum
2612 1837 2767 1900 illud
2794 1838 2989 1900 Exod.
3022 1837 3145 1902 25:
3174 1839 3431 1918 Inspice,
3448 1845 3501 1904 et
3536 1843 3629 1914 sao
3642 1857 3710 1902 te·

2224 1935 2418 1998 cunda
2426 1953 2479 1994 m
2508 1933 2811 2012 exemplar
2834 1933 2994 2014 quod
3016 1931 3131 1996 tibi
3172 1933 3245 1994 in
3258 1936 3445 1994 moute
3464 1938 3715 1996 menstra·

2222 2033 2359 2090 tum
2368 2032 2459 2091 est
2478 2053 2505 2101 ,·
2530 2026 2598 2088 in
2626 2024 2857 2106 quibus
2878 2025 3085 2088 verbis
3104 2024 3403 2105 particula
3426 2027 3713 2098 secusdum,

2224 2139 2365 2200 quac
2386 2120 2723 2201 aequivalet
2749 2119 3068 2198 particula}
3106 2120 3289 2194 siout,
3318 2135 3440 2179 nou
3462 2118 3717 2196 signifieat

2224 2218 2465 2276 tantum
2506 2213 2923 2274 imitationem
2967 2211 3176 2292 operis
3222 2211 3429 2290 quoad
3476 2211 3714 2273 substan·

2224 2305 2400 2379 tiam,
2431 2305 2541 2367 sed
2572 2305 2763 2368 etiam
2799 2305 3011 2386 quoad
3040 2305 3300 2366 modum
3330 2311 3391 2367 et
3416 2323 3619 2366 omnes
3638 2306 3716 2366 cir·

2226 2399 2639 2460 cumstantias
2664 2400 2827 2478 ejus,
2860 2398 3007 2476 quia
3036 2398 3359 2478 exemplar
3384 2403 3519 2460 erat
3536 2397 3715 2479 perfec-

2224 2492 2561 2568 tissimum,
2594 2499 2658 2554 et
2686 2499 2905 2554 exacta
2952 2492 3122 2554 illius
3174 2491 3443 2555 imitatio
3486 2491 3717 2572 exigeba-

2224 2591 2348 2658 tur,
2375 2585 2583 2665 quoad
2612 2585 2748 2646 fieri
2782 2591 3017 2665 posset.
3048 2585 3149 2646 Sic
3188 2602 3369 2665 ergo,
3404 2584 3569 2664 quod
3588 2583 3715 2644 Chii-

2224 2683 2354 2738 stus
2398 2677 2527 2739 ait:
2568 2677 2753 2742 Siout
2780 2679 3135 2741 mandatum
3170 2677 3332 2741 dedic
3360 2678 3515 2740 mihi
3558 2676 3715 2749 Pater,

2224 2777 2395 2832 recte
2422 2770 2685 2850 intelligi
2713 2776 2919 2850 potest
2964 2771 3045 2832 de
3078 2769 3380 2833 mandato
3409 2767 3716 2850 perfectiss-

2224 2883 2353 2940 mo,
2378 2870 2441 2926 et
2496 2863 3077 2944 comprehendente
3113 2881 3341 2925 omnes
3377 2863 3718 2926 circumstan-

2224 2957 2341 3018 tias
2370 2957 2599 3037 operis,
2632 2964 2703 3018 ut
2746 2965 2909 3020 esset
2950 2957 3145 3020 veluti
3194 2957 3519 3038 exemplar
3543 2956 3719 3036 perfec-

2226 3055 2379 3120 tum,
2395 3049 2665 3128 etipsius
2682 3050 2949 3130 expletio
2966 3058 3425 3112 consummata.
3447 3047 3719 3119 Praetem,

2223 3142 2528 3222 quidquid
2558 3145 2637 3204 sit.
2662 3143 2741 3205 de
2770 3149 3079 3224 praecepto
3108 3143 3367 3224 proprie
3396 3150 3649 3222 sumpto,
3670 3140 3721 3200 de

2224 3254 2349 3315 quo
2368 3255 2471 3296 res
2494 3243 2590 3298 est
2612 3237 2813 3316 magis
2846 3237 3063 3312 dubia,
3085 3237 3165 3298 de
3210 3237 3537 3298 voluntate
3565 3243 3721 3296 tamen

2220 3328 2433 3390 divina
2459 3329 2931 3410 praedctiuiente
2984 3336 3047 3391 et
3092 3331 3357 3404 efficaci,
3404 3325 3725 3392 verisimilli-

2222 3439 2395 3484 mum
2430 3429 2599 3484 certe
2646 3429 2761 3495 est,
2796 3429 3098 3486 internum
3152 3423 3401 3484 Patrem
3430 3419 3723 3503 praedetiai·

2219 3517 2383 3578 visse
2412 3516 2827 3578 voluntariam
2870 3515 3094 3598 Christi
3132 3517 3499 3595 passionem
3528 3523 3591 3578 et
3608 3530 3725 3574 mor·

2225 3617 2351 3672 tem
2398 3628 2525 3671 non
2556 3611 2759 3671 solum
2806 3610 3015 3690 quoad
3063 3610 3486 3672 substantiam
3526 3607 3723 3690 operis,

2220 3703 2333 3765 sed
2364 3704 2549 3765 etiam
2582 3703 2795 3784 quoad
2832 3721 3053 3765 omues
3082 3703 3591 3766 circumstantias
3614 3703 3725 3779 ejus,

2222 3799 2371 3876 quia
2412 3815 2588 3858 sacra
2620 3797 2939 3876 Scriptura
2973 3795 3093 3858 hoc
3137 3797 3321 3858 valde
3352 3797 3604 3872 indicat,
3632 3799 3723 3856 Act.

2222 3893 2262 3950 A
2288 3907 2303 3952 ε
2338 3891 2483 3965 Quoe
2516 3907 2735 3953 manue
2762 3897 2873 3954 tua
2892 3895 2947 3952 et
2970 3891 3291 3954 omilium
3316 3895 3498 3952 tuum
3524 3893 3729 3955 demto-

2220 3989 2367 4046 runt
2400 3983 2539 4063 fieri
2562 4007 2587 4054 ,·
2608 3991 2670 4044 et
2698 3983 2845 4044 Luc.
2893 3984 3017 4044 22:
3051 3982 3259 4050 Filius
3307 3984 3581 4047 hominis
3612 3981 3727 4045 aad&

2222 4078 2541 4140 secundum
2570 4077 2727 4157 quood
2750 4077 3069 4151 definitum
3106 4080 3197 4138 eu
3236 4076 3305 4138 de
3322 4075 3432 4139 illo
3456 4102 3486 4150 ,·
3512 4085 3579 4139 et
3595 4078 3727 4138 Joan.

2224 4175 2339 4233 13:
2374 4169 2599 4234 Sciens
2630 4171 2815 4234 Jecur
2842 4171 2991 4252 quia
3016 4171 3177 4232 venit
3200 4172 3353 4234 hora
3378 4173 3538 4250 ejus,
3566 4171 3620 4232 id
3652 4175 3726 4238 est,

2222 4271 2471 4344 tempus
2514 4270 2577 4325 et
2603 4264 2756 4326 hora
2784 4281 2896 4326 sua
2926 4269 3160 4325 aeterna
3184 4264 3579 4344 providentia
3599 4271 3729 4326 etm-

2221 4358 2459 4418 luutate
2498 4357 2840 4436 disposita3
2878 4359 2995 4419 hac
3048 4357 3217 4418 enim
3265 4359 3521 4421 ratione
3566 4359 3727 4418 horam

2222 4467 2403 4512 suam
2432 4457 2495 4512 et
2522 4457 2773 4530 tempus
2803 4467 2985 4512 suum
3010 4450 3307 4530 appellat,
3338 4451 3533 4511 Joan.
3568 4455 3669 4512 set
3688 4450 3727 4519 ῖ;

2222 4550 2283 4607 et
2312 4545 2391 4605 ob
2428 4543 2713 4604 eamdem
2760 4561 3017 4604 causam
3047 4549 3299 4622 tempus
3326 4539 3727 4604 incarnationis

2220 4655 2258 4698 a
2290 4637 2505 4713 Paulo,
2548 4637 2629 4698 ad
2657 4636 2813 4698 Heb.
2850 4643 2909 4713 1,
2940 4635 3323 4718 appellatum
3349 4641 3447 4698 est
3473 4631 3726 4716 plenitudo

2220 4730 2525 4813 temporis.
2572 4730 2726 4790 ltem
2767 4729 2933 4790 hanc
2986 4729 3285 4809 temporis
3328 4726 3727 4809 praedefinitio-

2220 4839 2368 4885 nem
2422 4822 2793 4902 significavit
2840 4822 3137 4896 Chi-istae,
3188 4839 3357 4898 cum,
3406 4821 3623 4886 nauh.
3659 4820 3725 4884 ³51

2218 4918 2400 4978 Petro
2445 4916 2637 4977 dixit:
2668 4915 2769 4977 An
2799 4921 2984 4996 putas
3022 4916 3171 4996 quia
3212 4931 3331 4978 nou
3381 4931 3626 4994 porcum
3660 4927 3727 4972 ro·

2218 5025 2365 5089 gare
2394 5010 2639 5072 Patrem
2666 5010 2907 5072 meunt?
2930 5015 3050 5070 etc.
3076 5007 3373 5083 Quomodo
3400 5025 3545 5093 eryo
3580 5004 3726 5086 imp-'e-

2220 5104 2444 5167 buntm·
2500 5101 2871 5181 Scriptum,
2901 5101 3041 5181 quia
3066 5100 3156 5165 sio
3192 5107 3428 5182 oportet
3450 5103 3633 5182 fieri?
3652 5100 3727 5160 Se·

2220 5196 2453 5270 cundo,
2471 5195 2619 5274 quia
2635 5193 2754 5255 hoc
2778 5201 2870 5255 est
2898 5194 3096 5274 magis
3118 5199 3609 5256 consentaneum
3626 5207 3727 5272 per·

2220 5288 2469 5350 fectioni
2500 5287 2907 5368 providentiae
2942 5287 3166 5349 divinae
3214 5305 3362 5368 erga
3410 5289 3723 5356 Christum,

2222 5389 2345 5444 tam
2379 5399 2455 5444 ex
2484 5388 2661 5462 parte
2688 5379 3027 5442 voluntatis
3054 5379 3301 5454 divinas,
3328 5381 3481 5460 quia
3500 5398 3621 5442 non
3638 5383 3725 5438 sta-

2222 5475 2337 5536 tuit
2356 5493 2475 5537 nec
2496 5473 2771 5555 disponit
2798 5491 2899 5536 res
2914 5473 3241 5536 faciendas
3260 5475 3520 5537 confuse
3553 5479 3606 5538 et
3630 5472 3725 5534 abs·
