3892 6167
491 328 574 391 92
1709 338 1944 402 Quffisr.
1980 304 2113 391 me
2145 338 2349 394 lianc.
2384 340 2467 393 ιν.

783 392 816 421 O

493 454 665 516 nav„
694 457 754 502 a.
785 441 824 502 3
847 458 865 514 3
891 437 1168 513 Richar„
1208 454 1268 499 a.
1301 438 1373 511 Ως
1402 437 1710 515 Duraud„
1739 456 1802 520 q.
1832 441 1870 503 5
1881 455 1903 517 3
1941 438 2058 501 Pa·

487 532 650 609 lud„
678 552 741 615 q.
773 537 847 609 33
879 532 1098 608 Gabr.,
1123 549 1188 611 q.
1221 534 1279 605 1,
1313 548 1370 593 a.
1407 534 1468 607 3,
1497 531 1650 593 dub.
1682 535 1711 594 1
1743 551 1762 607 ;
1807 533 2053 609 Alens.‚

491 630 530 689 3
565 646 626 707 p.
655 646 743 707 ,q.
779 632 880 691 14.
911 628 986 688 Et
1029 632 1126 689 est
1151 644 1256 689 res
1283 626 1542 687 omuino
1571 632 1764 700 certa,
1799 628 2059 689 eviden-

496 728 596 783 ter
625 722 794 784 enim
837 720 1118 801 sequitur
1163 738 1242 781 ex
1283 721 1468 781 certis
1507 720 1834 801 principiis
1859 722 2049 796 fidei3

497 812 806 878 definiunt
833 814 1000 875 enim
1049 812 1322 875 concilia
1353 815 1446 892 (ut
1492 830 1683 894 supra
1723 814 2049 893 vidimus),

495 912 754 970 naturas
779 914 925 987 post
965 906 1269 967 unionem
1309 907 1618 969 mansisse
1665 908 2050 983 inconfusas,

495 1017 770 1080 suasque
795 1000 1234 1080 proprietates,
1262 998 1590 1062 facultates
1639 1005 1702 1064 et
1745 1001 2056 1081 operatio·

495 1111 612 1155 nes
637 1093 921 1173 duplices
949 1092 1304 1168 retinuisse,
1336 1099 1405 1156 ut
1431 1099 1678 1156 constat
1703 1112 1780 1155 ex
1816 1093 2051 1157 Concil.

495 1186 812 1261 chalced„
845 1194 970 1249 act.
1001 1188 1061 1260 ὃ,
1093 1186 1174 1247 vl
1205 1186 1471 1265 synod„
1513 1193 1635 1249 act.
1665 1191 1728 1262 4,
1761 1188 1831 1250 11
1859 1192 1922 1249 et
1953 1190 2055 1266 17,

495 1286 562 1343 et
586 1281 816 1343 Concil.
845 1282 1077 1354 Later„
1095 1280 1215 1342 suh
1236 1281 1531 1357 Mat-tino,
1551 1281 1884 1345 consultat.
1910 1283 2051 1359 ult„

497 1392 638 1437 can.
669 1378 732 1449 9,
766 1379 864 1451 10,
898 1379 999 1452 11,
1029 1382 1095 1437 et
1123 1394 1200 1437 ex
1231 1375 1442 1438 Leone
1472 1378 1668 1457 Papa,
1723 1377 1902 1457 epist.
1947 1380 2054 1453 20,

495 1474 560 1530 et
587 1468 726 1529 aliis
749 1485 890 1546 quae
915 1487 1106 1549 supra
1137 1468 1407 1547 allegata
1441 1476 1605 1532 sunt.
1641 1472 1729 1531 Ex
1757 1489 1882 1549 quo
1911 1486 2057 1532 con-

495 1567 638 1637 stat,
671 1561 860 1622 aliam
890 1579 1029 1624 esse
1053 1562 1400 1642 potentiam
1433 1563 1840 1625 humanitatis
1880 1581 1917 1624 a
1945 1581 2057 1644 po-

494 1654 692 1716 tentia
715 1654 1075 1731 divinitatis,
1094 1674 1242 1716 nam
1265 1656 1544 1735 potentia
1571 1658 1770 1719 activa
1796 1664 1887 1719 est
1913 1675 2057 1737 pro-

494 1748 726 1828 prietas
755 1753 1032 1823 naturze3
1067 1751 1231 1811 sicut
1259 1768 1410 1829 ergo
1439 1752 1669 1814 mansit
1691 1751 1923 1832 duplex
1942 1770 2055 1812 na-

493 1848 662 1915 tura,
695 1842 775 1903 ita
825 1842 1058 1923 duplex
1085 1846 1362 1924 potentia
1379 1860 1398 1923 3
1446 1862 1597 1925 ergo
1627 1846 1904 1926 potentia
1937 1847 2057 1907 hu-

494 1936 810 1998 manitatis
825 1955 955 1999 non
983 1943 1079 2000 est
1098 1940 1366 2017 ipsamet
1381 1940 1658 2017 potentia
1691 1938 2052 2016 divinitatis,

493 2033 559 2089 et
591 2037 1050 2109 consequenter
1081 2049 1198 2093 nec
1231 2036 1438 2112 potest
1470 2050 1609 2095 esse
1657 2032 2059 2112 omnipoten-

493 2121 580 2185 tia
611 2123 991 2201 simpliciter,
1021 2125 1170 2205 quia
1193 2125 1331 2186 haec
1355 2128 1619 2203 {tantum
1663 2131 1757 2187 est
1781 2144 1932 2201 una,
1995 2133 2058 2190 et

491 2217 886 2297 multiplicari
941 2237 1072 2280 non
1117 2226 1345 2301 potest.
1401 2222 1580 2293 Quod
1635 2222 1916 2285 secundo
1965 2224 2054 2285 ita

494 2309 858 2389 explicatur,
889 2330 1038 2374 nam
1067 2314 1346 2393 potentia
1373 2316 1778 2379 humanitatis
1811 2323 1908 2380 est
1934 2316 2057 2379 dis-

489 2402 684 2468 tincta
732 2406 978 2487 abipsa
1033 2408 1392 2483 divinitate;
1427 2428 1579 2491 ergo
1627 2417 1721 2474 est
1769 2410 2055 2492 potentia

491 2505 743 2573 creata;
771 2518 924 2581 ergo
947 2500 1124 2563 finita
1137 2518 1159 2581 3
1183 2520 1334 2583 ergo
1363 2522 1492 2565 non
1535 2509 1631 2566 est
1659 2505 2055 2583 omnipoten-

489 2591 600 2655 tia.
629 2592 808 2657 Unde
838 2600 1246 2673 argumentor
1271 2598 1482 2673 tertio,
1516 2598 1666 2676 quia
1693 2596 1796 2659 vel
1825 2598 2059 2660 intelli-

493 2685 662 2765 gitur
685 2688 1139 2767 omnipotentia
1178 2690 1639 2753 communicata
1681 2690 2054 2753 humanitati

492 2777 837 2841 formaliter
879 2786 946 2843 et
981 2800 1098 2862 per
1137 2800 1204 2844 se
1251 2784 1454 2862 ipsam
1478 2830 1494 2858 ‚
1531 2783 1629 2845 vel
1665 2802 1780 2864 per
1816 2784 2056 2847 donum

493 2878 796 2935 creatum.
824 2874 1097 2937 Primum
1117 2875 1376 2957 intelligi
1403 2894 1532 2938 non
1557 2882 1786 2957 potest,
1815 2878 1936 2939 nisi
1956 2879 2057 2941 vel

492 2980 611 3047 per
653 2965 1084 3030 confusionem
1129 2975 1497 3031 naturarum
1517 3015 1538 3048 ,
1570 2970 1672 3032 vel
1713 2970 1859 3051 quia
1889 2970 2058 3053 ipsa·

494 3066 626 3121 met
652 3060 1104 3141 omnipotentia
1131 3062 1411 3126 increata
1437 3065 1615 3125 unita
1643 3071 1738 3126 est
1764 3064 2059 3129 humani-

493 3154 606 3215 tati
631 3156 935 3234 tanquam
959 3155 1162 3218 forma
1183 3156 1350 3219 illam
1371 3156 1718 3219 informans
1749 3164 1811 3221 et
1835 3159 2059 3221 consti-

492 3252 682 3308 tuens
728 3250 1246 3329 omnipotentem,
1278 3250 1449 3330 quod
1476 3258 1812 3330 repugnat,
1845 3258 1907 3315 et
1934 3251 2053 3333 ipsi

492 3339 716 3401 divinae
759 3348 1034 3419 naturae,
1077 3349 1147 3406 ut
1199 3362 1389 3424 supra
1444 3350 1766 3407 ostensum
1818 3351 1934 3421 est,
1991 3351 2057 3407 et

493 3432 736 3511 unioni,
763 3436 912 3513 quia
935 3436 1076 3499 talis
1109 3443 1276 3500 esset
1303 3437 1451 3499 unio
1479 3436 1546 3499 in
1575 3441 1824 3513 natura,
1847 3454 2055 3517 quan-

494 3526 834 3608 doquidem
861 3530 1336 3610 omnipotentia,
1363 3548 1500 3611 quae
1525 3537 1622 3593 est
1645 3530 1914 3612 ipsamet
1937 3550 2055 3592 na-

495 3626 637 3682 tura
666 3621 802 3696 Dei,
835 3623 1201 3687 informaret
1239 3626 1585 3686 humanam
1629 3630 1938 3695 naturam,
1990 3629 2057 3686 et

497 3717 990 3782 communicaret
1019 3720 1106 3783 illi
1127 3738 1314 3783 sunm
1337 3738 1498 3783 esse.
1533 3720 1598 3782 Si
1623 3737 1774 3782 vero
1811 3718 2058 3781 dicatur

495 3810 866 3885 secundum,
889 3818 1134 3876 constat
1145 3814 1271 3877 tale
1287 3814 1523 3877 donum
1537 3818 1842 3890 creatum,
1861 3812 2058 3892 quod·

495 3920 766 3984 cumque
793 3905 950 3968 illud
979 3907 1078 3982 sit,
1110 3926 1239 3970 non
1270 3926 1457 3988 posse
1488 3924 1627 3969 esse
1657 3906 2055 3986 omnipoten-

495 3996 648 4057 tiam
676 3997 1068 4077 simpliciter3
1111 4018 1261 4061 uam
1290 4004 1354 4062 et
1375 4000 1766 4081 perfectione
1803 4006 1865 4061 et
1895 3997 2057 4061 enti-

494 4093 622 4149 tate
653 4096 819 4151 esset
845 4090 1106 4153 inferius
1150 4092 1604 4172 omnipotentia
1630 4092 1738 4153 Dei
1764 4110 1781 4165 ;
1815 4108 1967 4171 ergo
1994 4096 2055 4152 et

495 4181 561 4241 iu
586 4182 837 4259 virtute,
871 4190 933 4245 et
961 4183 1349 4259 efficacitate,
1386 4204 1527 4265 quae
1571 4186 1637 4246 in
1665 4183 2054 4266 perfectione

495 4272 812 4336 fundatur.
855 4275 1087 4347 Quarto
1117 4277 1378 4340 tandem
1403 4279 1526 4340 hoc
1559 4278 2053 4353 demonstratur,

497 4368 648 4446 quia
675 4366 758 4428 ad
784 4369 1303 4449 omnipotentiam
1331 4371 1456 4435 duo
1489 4372 1842 4434 necessaria
1881 4375 2051 4432 sunt.

496 4460 796 4537 Primum,
831 4467 901 4524 ut
937 4462 1002 4523 in
1027 4463 1272 4543 objecto
1312 4466 1525 4527 omnia
1563 4464 1858 4528 factibilia
1889 4482 2055 4525 com-

493 4554 866 4636 prehendat.
900 4556 1213 4633 Secundo,
1260 4562 1330 4620 ut
1375 4559 1441 4620 in
1475 4556 1664 4621 modo
1709 4558 1944 4639 agendi
1974 4558 2055 4621 sit

495 4650 693 4711 virtus
711 4650 1070 4731 principalis
1099 4650 1450 4713 eminenter
1469 4651 1796 4715 continens
1817 4651 2050 4727 omnia,

497 4746 561 4803 et
591 4740 1022 4821 independens
1073 4762 1110 4805 a
1139 4762 1446 4807 concursu
1490 4746 1832 4825 superioris
1860 4764 2057 4826 agen-

464 4833 608 4908 ·tis;
662 4841 958 4897 neutrum
1007 4843 1221 4899 autem
1249 4838 1476 4899 horum
1519 4839 2055 4901 communicatum

497 4933 614 5003 est,
647 4934 756 4991 aut
781 4930 1231 4993 communicari
1254 4931 1455 5012 potnit
1496 4932 1722 4995 Christi
1767 4932 2055 4995 humani-

497 5022 631 5095 tati,
661 5023 812 5104 quia
849 5041 970 5085 nec
1003 5030 1212 5105 potest
1243 5042 1381 5087 esse
1415 5024 1792 5106 principium
1818 5026 2053 5107 produ-

497 5114 682 5178 cendi
725 5115 960 5192 omnia,
1009 5118 1238 5180 saltem
1271 5118 1570 5198 seipsam,
1618 5136 1829 5199 neque
1861 5119 2054 5183 etiam

497 5215 703 5288 potest
731 5226 870 5272 esse
901 5228 1092 5273 causa
1121 5212 1475 5289 creationis,
1501 5210 1725 5274 saltem
1745 5212 2055 5293 principa-

496 5300 574 5363 lis
592 5347 612 5377 ,
658 5303 808 5382 quia
853 5304 936 5366 ad
985 5304 1110 5367 hoc
1157 5306 1497 5385 requiritur
1535 5303 1734 5368 virtus
1782 5304 2047 5369 infinita.

499 5394 678 5461 Unde
711 5414 834 5459 nec
870 5397 1220 5478 producere
1249 5405 1458 5481 potest
1498 5416 1602 5462 res
1646 5398 2053 5481 perfectiores

500 5502 596 5562 ee,
641 5505 758 5568 per
780 5490 1038 5553 modum
1063 5490 1428 5574 principalis
1471 5492 1737 5573 agentis.
1765 5490 2053 5571 Denique

2137 456 2349 521 neque
2372 440 2439 502 in
2469 440 2715 503 actione
2764 456 2879 501 sua
2904 444 3001 502 est
3048 435 3526 519 independens,
3564 440 3700 505 indi·

2139 540 2245 615 get
2284 534 2453 597 enim
2484 534 2695 598 divino
2724 552 3063 597 concursu.
3104 532 3268 605 Qum
3292 532 3458 595 ratio
3482 537 3697 613 prebat,

2137 628 2300 691 circa
2334 628 2579 690 nullum
2612 628 2908 691 effectum
2950 628 3210 691 hahere
3250 625 3530 705 potuisse
3556 626 3701 692 Chri·

2138 723 2218 784 sti
2236 722 2697 785 humanitatem
2723 721 3277 803 omnipotentiam
3302 721 3668 801 simpliciter.

2216 818 2278 878 3.
2326 816 2609 897 objectio.
2636 848 2719 863 —
2746 814 3109 899 Responsio.
3140 846 3233 862 —
3262 814 3489 895 Neque
3518 822 3704 879 contra

2134 906 2300 971 hauc
2348 909 2677 973 veritatem
2730 908 2970 990 aliquid
3010 908 3223 989 objici
3276 912 3516 987 potest,
3562 910 3707 988 quod

2134 1002 2565 1066 difficultatem
2616 1003 2870 1067 habeat.
2920 1003 3151 1065 Solum
3206 1001 3468 1064 videtur
3522 1002 3705 1065 Patres

2136 1096 2451 1159 interdum
2494 1096 2580 1159 ita
2621 1097 2841 1177 loqui,
2876 1095 3119 1159 scilicet
3141 1140 3166 1172 ,
3202 1096 3703 1175 omnipotentiam

2134 1188 2248 1250 Dei
2292 1206 2433 1251 esse
2466 1190 2991 1252 communicatam
3032 1188 3299 1251 Christo
3328 1186 3597 1257 homiui.
3624 1188 3703 1249 vel

2137 1282 2273 1362 ejus
2300 1282 2672 1346 humanitati
2693 1328 2709 1358 ‚
2740 1287 2811 1344 ut
2838 1286 3087 1345 constat
3118 1298 3207 1343 ex
3236 1280 3530 1343 Damasc.
3548 1326 3563 1354 ,
3590 1280 3628 1343 l.
3653 1282 3701 1355 3,

2136 1394 2195 1437 c.
2226 1376 2335 1449 18;
2356 1380 2420 1437 et
2448 1392 2525 1437 ex
2554 1376 2750 1439 Nicet.
2774 1421 2795 1453 ,
2822 1374 2868 1440 l.
2900 1376 3188 1450 3Thes.,
3218 1390 3283 1437 c.
3316 1375 3423 1437 38.
3452 1374 3705 1453 Respon-

2136 1468 2343 1543 detur,
2390 1468 2527 1529 haec
2578 1475 2642 1531 et
2692 1468 2917 1531 similia
2968 1466 3357 1530 testimonia
3402 1467 3595 1528 altero
3641 1484 3702 1527 ex

2136 1560 2385 1623 duobus
2414 1561 2619 1625 modis
2648 1561 2881 1624 dehere
2922 1561 3213 1641 exponi,
3244 1566 3447 1640 prout
3474 1560 3701 1622 intentio

2138 1661 2203 1717 et
2234 1658 2565 1717 contextus
2590 1654 2815 1717 litteroe
2842 1655 3296 1735 postulaverit.
3342 1654 3583 1715 Primus
3606 1660 3699 1727 est,

2135 1764 2327 1828 quem
2374 1746 2623 1828 attingit
2664 1749 2739 1809 D.
2770 1746 3045 1809 Thomas
3080 1746 3229 1823 hic,
3276 1752 3403 1809 art.
3438 1750 3472 1808 1
3494 1792 3513 1820 ,
3540 1746 3616 1807 ad
3654 1752 3699 1821 1,

2134 1856 2250 1921 per
2282 1839 2449 1902 hanc
2488 1838 2787 1902 unionem
2835 1840 2923 1903 ita
2976 1858 3117 1903 esse
3170 1842 3586 1919 conjunctam
3610 1838 3702 1900 hu-

2134 1934 2501 1997 manitatem
2530 1934 2737 1996 Verho
2768 1933 2902 2011 Dei,
2934 1940 3005 1995 ut
3046 1935 3312 1997 ratione
3342 1933 3513 1996 illius
3539 1933 3702 2011 possit

2137 2029 2243 2090 hic
2270 2028 2460 2089 homo
2510 2026 2637 2090 dici
2686 2028 3083 2108 omnipotens
3126 2044 3257 2109 per
3298 2028 3700 2090 communica-

2135 2121 2375 2184 tionem
2414 2120 2810 2183 idiomatum.
2861 2121 3198 2184 Secundus
3240 2126 3366 2195 est,
3408 2137 3525 2201 per
3564 2121 3700 2181 hanc

2136 2213 2439 2276 unionem
2476 2213 3004 2277 communicatam
3034 2232 3180 2277 esse
3226 2213 3465 2277 Christi
3506 2212 3698 2273 huma-

2134 2306 2315 2369 nitati
2339 2308 2677 2388 specialem
2698 2308 2823 2369 vim
2844 2308 3151 2389 operandi
3186 2326 3397 2389 supra
3436 2312 3699 2368 naturam

2136 2418 2211 2465 ea
2240 2417 2455 2481 opera,
2482 2419 2621 2482 quoe
2650 2402 2767 2465 Dei
2794 2406 2941 2464 sunt
2963 2403 3249 2482 propria,
3280 2400 3511 2463 saltem
3539 2404 3602 2461 ut
3622 2398 3697 2460 di-

2136 2494 2413 2557 vinitatis
2459 2512 2697 2575 organo
2748 2501 2813 2558 et
2854 2496 3285 2559 instrumento
3310 2542 3334 2573 ‚
3368 2496 3453 2557 de
3490 2510 3608 2573 qua
3639 2510 3695 2553 re

2136 2589 2335 2652 videri
2380 2596 2585 2671 potest
2630 2590 2757 2653 Leo
2799 2592 2975 2671 Pap„
3003 2588 3116 2671 Ep.
3150 2592 3227 2653 81
3252 2636 3270 2667 ,
3306 2590 3471 2652 alias
3506 2587 3599 2658 83,
3626 2584 3691 2645 ad

2136 2683 2480 2764 Episcopos
2510 2683 2904 2763 Palaestinen
2935 2687 3124 2763 Aug..
3155 2685 3273 2747 lib.
3312 2688 3534 2745 contra
3562 2679 3693 2741 Feli·

2138 2775 2389 2837 cianum
2416 2775 2743 2852 Arianum,
2776 2794 2834 2839 c.
2864 2780 2971 2850 11;
3006 2783 3070 2838 et
3094 2776 3294 2857 Gyril.
3329 2776 3536 2851 Alex„
3566 2773 3605 2833 l.
3630 2771 3693 2832 10

2136 2869 2352 2945 Thea„
2388 2886 2525 2948 cap.
2564 2872 2627 2945 9,
2658 2874 2723 2932 et
2760 2870 2869 2933 lib.
2916 2872 3029 2947 12,
3063 2888 3205 2951 cap.
3254 2872 3383 2947 15,
3416 2866 3551 2931 etl.
3576 2868 3613 2927 4
3640 2866 3690 2925 in

2135 2963 2347 3037 Joan„
2376 2979 2433 3024 c.
2464 2964 2569 3039 24,
2602 2962 2734 3025 etl.
2768 2962 2849 3025 de
2877 2964 3123 3027 Incarn.
3156 2964 3470 3041 Unigen„
3502 2978 3553 3021 c.
3588 2960 3611 3019 1
3642 2962 3690 3017 et

2138 3058 2177 3118 2
2190 3077 2209 3132 ς
2238 3054 2691 3132 TheodoretuS,
2726 3056 2959 3137 dialog.
2984 3060 3045 3119 Ξ.

2216 3154 2279 3212 4.
2328 3148 2473 3211 Dico
2504 3150 2783 3212 secundo
2818 3170 2832 3212 ε
2864 3150 3227 3213 humanitas
3264 3148 3522 3224 Christi,
3550 3163 3620 3208 ex
3642 3142 3689 3205 vi

2140 3242 2331 3305 solius
2367 3242 2620 3304 unionis
2648 3241 2729 3304 ad
2757 3244 3033 3305 Verbum
3066 3243 3431 3307 formaliter
3456 3258 3527 3303 ac
3553 3254 3689 3321 prae-

2136 3338 2262 3399 cise
2292 3342 2583 3416 sumptae,
2610 3354 2741 3398 non
2783 3342 2878 3401 est
2918 3336 3081 3400 facta
3109 3338 3439 3417 potentior
3464 3334 3543 3396 ad
3567 3347 3689 3412 ope-

2134 3430 2402 3495 randum
2438 3447 2630 3511 quam
2660 3448 2739 3493 ex
2765 3437 2991 3493 natura
3018 3449 3135 3493 sua
3158 3436 3353 3495 esset.
3384 3423 3685 3492 Conclusio

2133 3523 2268 3587 haec
2291 3523 2661 3603 intelligitur
2686 3526 2959 3605 primum
2988 3525 3067 3589 de
3093 3532 3415 3608 potestate
3452 3522 3534 3585 ad
3570 3535 3686 3582 rea-

2136 3618 2231 3683 les
2260 3626 2324 3683 et
2346 3620 2643 3700 physicos
2670 3620 2931 3683 effectus
2960 3620 3351 3695 efficiendos3
3374 3638 3504 3683 non
3534 3615 3681 3678 enim

2138 3713 2387 3793 agimus
2427 3713 2505 3775 de
2536 3713 2863 3777 effectibus
2896 3715 3239 3777 moralibus
3268 3714 3478 3779 meriti
3508 3715 3568 3773 et
3602 3723 3683 3768 sa·

2137 3807 2539 3883 tisiacfionis3
2570 3825 2719 3869 nam
2748 3808 2829 3871 ad
2856 3809 2973 3871 hos
2998 3809 3265 3871 multum
3296 3808 3539 3872 confert
3564 3804 3679 3882 ipsa

2137 3900 2311 3978 nnio,
2334 3919 2449 3981 per
2470 3918 2540 3963 se
2570 3920 2644 3963 ac
2668 3901 2922 3981 praecise
2948 3902 3368 3979 considerata,
3392 3904 3463 3964 ut
3488 3912 3679 3975 supra»

2136 3996 2296 4074 disp.
2327 3998 2386 4071 4,
2409 3997 2535 4059 late
2571 3995 2810 4059 dictum
2839 4002 2955 4059 est.
2980 3998 3213 4059 Deinde
3242 3994 3603 4077 intelligitur
3623 3992 3679 4048 ut

2136 4086 2203 4150 in
2224 4091 2358 4170 ipsa
2376 4090 2779 4153 conclusione
2798 4091 3043 4167 dicitur,
3058 4092 3137 4155 de
3160 4094 3395 4155 unione
3415 4086 3675 4172 praecise,

2135 4200 2309 4257 nam,
2336 4182 2485 4245 licet
2510 4184 2649 4263 ipsa
2672 4184 2823 4245 unio
2853 4186 2930 4247 sit
2956 4187 3116 4248 ratio
3150 4185 3231 4247 oh
3260 4202 3455 4266 quam
3480 4182 3675 4245 huma-

2135 4278 2316 4340 nitati
2342 4278 2838 4357 supernaturalis
2864 4280 3083 4353 virtus,
3118 4299 3231 4342 seu
3274 4285 3546 4360 potestas
3584 4272 3677 4334 do·

2136 4376 2343 4445 natur,
2366 4388 2495 4434 non
2525 4379 2621 4434 est
2646 4378 2857 4436 tamen
2888 4374 3023 4453 ipsa
3048 4392 3173 4453 qua
3201 4374 3556 4436 humanitas
3580 4382 3673 4447 po·

2135 4463 2367 4527 tentior
2397 4465 2681 4539 efficitur,
2711 4472 2781 4529 ut
2806 4474 2975 4530 recte
3004 4468 3337 4530 Durandus
3366 4467 3563 4540 docet,
3590 4477 3674 4522 su·

2136 4574 2252 4638 pra
2280 4556 2447 4620 dicta
2476 4558 2617 4622 dist.
2648 4564 2747 4633 14,
2775 4566 2993 4640 quaest.
3019 4564 3082 4638 5,
3110 4566 3173 4624 et
3210 4562 3519 4643 colligitur
3542 4552 3672 4619 satis

2138 4658 2354 4732 aperte
2382 4670 2460 4715 ex
2486 4654 2560 4715 D.
2580 4654 2847 4730 Thomu,
2874 4660 3003 4717 tota
3024 4655 3144 4717 hac
3170 4662 3415 4735 quaest„
3439 4665 3673 4737 praeser·

2136 4745 2249 4809 tim
2280 4752 2397 4808 art.
2431 4751 2462 4810 1
2497 4752 2559 4811 et
2588 4748 2649 4809 3.
2676 4748 2755 4809 Et
2792 4747 3043 4829 probari
3084 4750 3466 4814 sufficienter
3489 4746 3671 4831 potest

2138 4856 2217 4902 ex
2239 4838 2419 4901 dictis
2448 4858 2662 4921 supra,
2686 4840 2846 4921 disp.
2877 4842 2979 4919 18,
3002 4848 3154 4905 sect.
3186 4848 3250 4920 4,
3276 4844 3385 4907 ubi
3428 4835 3671 4907 ostendi·

2136 4950 2279 4994 mus
2297 4978 2319 5010 ‚
2368 4932 2433 4994 in
2479 4932 2720 4996 actibus
2766 4936 2982 5015 gratiae
3030 4936 3333 5000 unionem
3378 4954 3503 5000 non
3549 4944 3667 4994 esse

2134 5026 2509 5107 principium
2536 5026 2835 5103 formale,
2864 5028 3033 5107 quod
3077 5028 3527 5095 humanitatem
3551 5020 3669 5087 red-

2135 5119 2242 5182 dat
2270 5125 2589 5199 potentem
2634 5121 2715 5183 ad
2739 5120 2910 5202 ipsos
2944 5121 3332 5199 efficiendos3
3362 5131 3457 5188 est
3482 5126 3665 5185 autem

2136 5212 2361 5276 eadem
2387 5212 2548 5276 ratio
2576 5214 2656 5277 de
2685 5232 3085 5297 quocumque
3118 5214 3567 5297 supernaturali
3592 5207 3665 5271 ef·

2132 5306 2335 5381 fectu,
2363 5306 2511 5387 quia
2538 5306 2605 5369 in
2631 5309 2802 5371 omni
2828 5310 3073 5372 actione
3101 5309 3473 5391 principium
3500 5320 3667 5387 agen·

2134 5399 2201 5463 di
2243 5407 2339 5463 est
2378 5407 2642 5475 natura,
2676 5401 3073 5465 subsistentia
3116 5422 3266 5465 vero
3310 5410 3546 5467 tantum
3586 5400 3664 5457 est

2136 5494 2314 5573 quasi
2364 5494 2636 5558 conditio
2693 5496 3023 5576 requisita3
3070 5494 3430 5561 humanitas
3478 5499 3661 5559 autem

3823 3050 3829 3181 ἱ
