3892 6167
1334 370 1654 430 utspu'rss.
1689 378 1811 431 Lm.
1864 380 2036 435 SECT.
2073 380 2155 437 111.
3227 370 3341 433 587

148 468 489 544 munitatis,
537 468 605 529 in
644 466 851 531 Verbo
876 474 1091 532 tamen
1122 474 1285 537 sieut
1323 474 1391 539 in
1432 476 1705 539 termino

1788 483 1998 541 autem
2019 478 2122 543 ille
2150 482 2320 541 ectus
2352 476 2432 539 ad
2459 490 2594 538 rem
2622 474 2967 548 adoratam,
2989 490 3116 537 non
3141 474 3222 539 ad
3251 494 3348 540 ra·

146 558 423 637 unionis,
456 566 520 624 et
548 568 847 640 tanquam
874 564 940 625 in
970 564 1171 628 forma
1201 570 1547 633 extrinseca
1578 570 1707 632 dei·
1787 572 2022 635 tionem
2053 572 2379 636 adorandi.
2411 572 2487 633 Et
2509 570 2632 631 hoc
2653 568 2942 649 estquod
2971 568 3076 631 alii
3103 570 3343 649 dleuut,

147 654 373 717 licente
417 654 891 716 humanitatem.
926 659 1129 739 Atque
1170 662 1290 725 hoc
1336 680 1524 725 seusu
1555 674 1707 727 eon-

1788 667 2109 729 terminari
2137 668 2302 729 hane
2335 660 2766 727 adorationem
2789 660 2869 723 ad
2889 662 3214 725 materiale
3239 664 3346 726 ob-

146 748 391 809 ceditur
447 750 611 810 hune
670 748 1103 813 adorationem
1167 756 1705 836 comprehendere
1782 760 2176 839 jectum‚seu
2207 758 2683 827 humanitatem,
2722 758 2788 817 ut
2815 754 3024 835 quod:
3053 754 3133 817 ad
3162 756 3347 819 ratiu-

152 840 425 904 verhum
462 848 527 904 ut
554 840 966 920 divinitatem,
996 852 1066 908 ut
1094 850 1399 911 rationem
1438 838 1709 913 adoran·
1786 867 1933 913 nem
1973 867 2124 915 vero
2143 844 2474 925 adorandi,
2504 849 2573 913 nt
2615 863 2780 928 qu03
2815 852 2882 909 ut
2910 846 3166 929 quando
3199 849 3348 911 ade-

146 934 431 1015 diznego
450 942 665 999 tamen
688 938 833 1000 inde
860 940 1249 1019 sequi,illum
1275 944 1707 1007 adorationem
1786 952 1963 1007 ratur
2005 946 2196 1009 home
2235 952 2494 1026 propter
2531 942 2798 1023 gratiam
2827 943 2928 1004 vel
2977 942 3346 1004 charitatem

144 1042 283 1089 esse
306 1030 647 1108 perfectam
672 1030 940 1103 latrium,
964 1034 1112 1113 quia
1142 1036 1360 1099 eadem
1386 1038 1701 1114 diviuitas,

144 1135 314 1201 quie,
333 1130 405 1185 ut
424 1137 543 1204 per
561 1141 629 1188 se
644 1132 707 1188 et
724 1129 1139 1191 essentialiter
1148 1150 1211 1192 sa
1222 1138 1358 1193 ncta
1371 1176 1386 1205 ‚
1408 1136 1502 1194 est
1518 1132 1711 1205 <liena

146 1228 401 1277 summa
426 1218 635 1295 latria,
667 1224 737 1281 ut
768 1221 1067 1285 deific-aus
1098 1230 1485 1304 assumptum
1527 1230 1712 1287 natu·

142 1325 283 1371 rum
328 1322 458 1373 nou
493 1309 639 1375 iacit
676 1316 852 1377 illum
896 1316 1153 1397 dignam
1210 1333 1454 1379 summu
1502 1320 1704 1394 latria,

142 1404 297 1483 qula
328 1420 461 1467 nnn
491 1408 637 1469 feeit
678 1409 843 1469 illam
884 1412 1189 1491 oequalem
1220 1412 1362 1474 sibi.
1398 1414 1525 1475 Hae
1554 1424 1709 1490 ergo

142 1494 429 1573 ratione,
466 1504 751 1583 quamvis
780 1502 916 1566 hoec
942 1506 1224 1568 adoratio
1262 1506 1565 1570 tundetur
1592 1520 1709 1570 suo

144 1592 338 1654 modo
368 1591 432 1655 in
472 1588 771 1675 dignitate
799 1590 1012 1666 Verbi.
1046 1607 1172 1660 nnn
1203 1605 1297 1662 est
1324 1600 1503 1662 latria
1538 1612 1712 1664 sum·-

141 1701 275 1759 ma‚
306 1688 457 1765 quia
492 1698 618 1751 nun
646 1689 945 1753 fundatur
967 1692 1027 1753 in
1060 1692 1165 1755 illa
1194 1698 1263 1756 ut
1290 1694 1625 1757 intrinsece
1646 1698 1710 1757 et

146 1782 574 1844 essentialiter
596 1782 997 1863 dignificante
1021 1786 1319 1860 Verbum,
1343 1788 1454 1849 sed
1482 1794 1552 1850 ut
1581 1803 1711 1850 me-

146 1874 252 1935 dia
304 1878 541 1938 unione
587 1879 1015 1943 sanctificante
1064 1882 1557 1955 humanitatem3
1600 1880 1709 1963 qui

146 1968 379 2030 modus
430 1970 938 2036 sanctificationis
990 1974 1181 2037 lonoee
1222 1972 1483 2039 inferior
1532 1980 1629 2038 est
1672 1991 1710 2039 a

148 2062 643 2127 sanctificatione
699 2077 815 2145 per
862 2068 1204 2130 essentiam
1254 2070 1452 2149 ipsius
1495 2070 1706 2133 Verbi.

148 2155 353 2231 Unde,
394 2158 563 2237 quod
594 2158 854 2234 dicitur,
887 2162 1051 2223 hanc
1078 2160 1511 2224 adorationem
1542 2177 1715 2225 com-

149 2246 334 2329 plecti
380 2252 657 2314 Verbum
692 2258 755 2315 et
787 2252 1173 2317 divinitatem
1196 2298 1212 2325 .
1252 2254 1579 2335 dupliciter
1607 2270 1716 2336 po·

150 2348 273 2405 teet
324 2342 619 2423 intelligi.
674 2344 815 2409 Uno
861 2346 1083 2425 modo,
1142 2348 1211 2410 ut
1264 2349 1717 2429 complectatur

158 2436 463 2514 Verbum,
480 2444 701 2501 utrem
726 2440 1048 2503 adoratam
1072 2438 1309 2505 directe
1336 2448 1401 2503 et
1422 2448 1491 2503 ut
1520 2440 1711 2521 quod,

156 2538 219 2592 et
244 2532 337 2591 sic
362 2538 459 2595 est
494 2530 743 2594 falsum.
774 2532 909 2595 Alto
930 2534 1142 2606 modo,
1170 2538 1241 2596 ut
1266 2536 1715 2615 complectatur

158 2624 427 2685 Verbum
470 2628 543 2687 ut
580 2626 889 2688 rationem
932 2625 1235 2689 adorandi
1264 2638 1389 2689 uon
1420 2628 1715 2691 intrinse-

152 2736 317 2792 cam,
371 2718 487 2782 sed
540 2716 717 2798 quasi
764 2723 1219 2799 extrinsecam3
1259 2720 1479 2785 etheo
1523 2737 1716 2786 sensu

150 2826 371 2874 verum
404 2818 523 2876 est.
558 2814 775 2893 Neque
796 2814 861 2876 id
894 2822 989 2877 est
1016 2822 1235 2877 eontra
1262 2822 1539 2878 nostrum
1574 2833 1718 2879 sen·

148 2908 439 2983 tentiam,
460 2920 631 2975 nam.
651 2918 794 2970 eum
816 2908 1083 2971 dicimus
1101 2907 1265 2971 hauc
1285 2909 1717 2973 adorationem

150 3000 475 3063 terminari
505 3002 765 3082 precise
788 3002 867 3063 ud
898 3000 1377 3069 humanitatem.
1396 3000 1713 3084 loquimur

148 3090 227 3153 de
275 3108 349 3155 re
407 3093 691 3168 adoratu,
731 3105 873 3177 quie
926 3094 1227 3176 appellari
1264 3096 1419 3159 solet
1442 3096 1711 3159 materia

150 3184 570 3260 adorationis,
611 3198 739 3249 non
778 3200 929 3251 vero
974 3185 1363 3251 excludimus
1404 3191 1711 3253 rationem

148 3280 479 3353 adorandi,
514 3282 577 3343 iu
610 3291 734 3362 qua
762 3288 969 3363 potest
994 3283 1269 3345 Verbum
1298 3284 1713 3364 eomprehen-

146 3374 301 3449 di,si
320 3374 609 3437 adoratio
630 3376 709 3439 stt
726 3376 969 3438 ratione
992 3377 1248 3439 unionis
1272 3376 1705 3457 hypostaticae.

220 3466 331 3528 23.
380 3465 702 3531 Aaaeoramu
742 3470 907 3531 mio
954 3486 1071 3531 non
1110 3470 1175 3531 in
1211 3470 1421 3553 quovis
1454 3473 1595 3533 actu
1620 3470 1713 3534 ai-

140 3564 307 3624 recto
338 3562 681 3640 amamur
696 3608 715 3638 ,
746 3562 911 3626 sicut
946 3576 1055 3627 neo
1096 3562 1163 3625 tn
1204 3562 1521 3626 habituum
1567 3560 1713 3627 alto·

142 3670 285 3716 rum
312 3654 554 3718 aolidae
579 3656 867 3731 foi-malet
891 3656 1177 3719 rationu.
1202 3654 1471 3718 -Diees
1506 3672 1519 3719 :
1555 3676 1713 3738 quo-

144 3746 341 3809 modo
362 3744 861 3826 potestverhum
875 3761 1013 3811 esee
1031 3750 1191 3811 ratio
1210 3748 1534 3819 adorandi,
1558 3752 1711 3831 quin

148 3842 339 3903 etiam
366 3840 450 3903 sit
474 3853 575 3903 ree
604 3841 905 3905 odorata?
932 3840 1328 3923 Respondeu,
1358 3840 1525 3906 hano
1554 3844 1713 3907 diffi-

148 3936 451 3999 cultatem
482 3949 621 3999 esse
660 3948 1061 3999 communem
1090 3937 1379 3999 omnibus
1404 3938 1713 4000 adoratio-

144 4028 337 4092 nibus
374 4032 760 4111 respectivie,
799 4036 863 4093 et
908 4030 1057 4111 quia
1088 4030 1315 4093 clarius
1358 4038 1619 4111 apparet
1647 4032 1713 4093 in

143 4124 521 4187 adoratione
552 4124 919 4201 imaginum,
943 4122 1091 4185 ideo
1114 4122 1274 4185 infru
1304 4124 1715 4203 explicabitur

142 4218 359 4279 latine.
386 4218 563 4279 Nune
584 4214 861 4279 breviter
882 4213 1127 4283 dicitur,
1154 4214 1451 4297 frequens
1480 4234 1619 4278 esse
1649 4216 1711 4278 in

144 4306 396 4375 actibus
416 4308 769 4373 intellectus
792 4314 854 4373 et
876 4309 1235 4385 voluntatis,
1257 4310 1365 4388 qui
1384 4314 1717 4373 versentur

144 4404 314 4467 eirca
345 4402 559 4485 alique
596 4404 843 4484 objectu
868 4408 1125 4484 propter
1166 4407 1443 4465 rationes
1484 4404 1715 4466 extrin-

142 4512 355 4566 secas,
386 4499 459 4559 ut
484 4496 723 4559 directe
742 4497 1049 4577 attingant
1068 4494 1313 4575 objecta
1340 4497 1711 4573 materialia,

146 4596 217 4651 ut
246 4593 399 4652 sunt
440 4590 559 4651 sub
586 4586 978 4664 formalibus,
1009 4590 1295 4669 quamvis
1338 4590 1489 4668 ipsoe
1529 4590 1714 4653 ratio-

140 4699 263 4745 nes
302 4681 605 4745 formales
652 4692 777 4743 non
822 4682 1045 4743 eodem
1072 4679 1260 4742 modo
1300 4684 1705 4763 attinguntur.

138 4776 319 4839 Sicut
351 4774 575 4838 electio
616 4782 903 4838 versatur
934 4776 1099 4839 circa
1124 4776 1402 4839 medium
1444 4776 1711 4840 volendo

138 4868 304 4931 illud
338 4876 599 4949 propter
636 4868 870 4942 finem,
918 4869 1206 4945 quamvis
1252 4882 1382 4931 non
1424 4874 1713 4931 versetur

138 4960 251 5023 illo
278 4962 473 5024 modu
503 4961 669 5025 circe
702 4960 917 5023 tinem.
958 4960 1037 5023 Et
1063 4962 1185 5024 hoo
1213 4966 1305 5023 est
1332 4960 1499 5041 quod
1537 4960 1713 5043 Gaje-

140 5057 335 5116 tenus
359 5054 465 5118 hic
497 5056 761 5133 notavit,
788 5060 907 5117 art.
942 5054 971 5117 ¹
994 5095 1016 5131 ,
1046 5054 1283 5117 scillcet
1306 5104 1320 5129 ,
1347 5050 1519 5117 aliud
1572 5072 1711 5117 esse

142 5150 399 5211 adorari
440 5156 513 5210 ut
552 5168 687 5211 rem
718 5149 1081 5223 adoratam,
1130 5146 1299 5211 aliud
1344 5156 1415 5211 ut
1454 5164 1711 5211 causam

142 5237 568 5315 adorationis:
610 5254 759 5303 nam
790 5237 945 5304 illud
984 5248 1077 5305 est
1106 5241 1354 5304 adorari
1384 5240 1617 5305 directe
1644 5250 1708 5305 et

142 5348 467 5417 expresse,
501 5336 625 5399 hoc
652 5346 805 5399 vero
854 5336 1056 5397 solum
1086 5332 1390 5399 indirecte
1432 5342 1496 5397 et
1524 5338 1706 5415 quasi

140 5428 465 5512 implicite.
493 5430 647 5492 Nam
670 5428 907 5510 aliquid
932 5428 1167 5493 directe
1196 5430 1443 5492 adorari
1466 5436 1561 5491 est
1586 5436 1707 5491 ter-

140 5524 385 5590 minare
402 5524 653 5607 passive
681 5531 887 5589 aetum
914 5522 1316 5603 adorationis3
1335 5520 1707 5589 terminatur

1788 1050 1980 1117 quam
2011 1040 2222 1112 habet,
2257 1054 2384 1101 non
2419 1038 2670 1119 proprie
2716 1036 3016 1097 adoratur
3043 1032 3178 1115 ipsa
3205 1051 3350 1116 gra-

1796 1133 1875 1193 tia
1923 1133 2023 1195 vel
2065 1134 2303 1214 justitio
2335 1140 2634 1211 tanquam
2665 1145 2768 1191 ree
2809 1145 2924 1210 per
2951 1146 3020 1192 se
3061 1129 3344 1202 adorata,

1792 1226 1903 1289 sed
1938 1234 2242 1308 tunquam
2273 1228 2430 1291 ratio
2457 1224 2794 1299 adorandi3
2827 1225 2914 1287 siu
2943 1238 3094 1304 ergo
3125 1222 3348 1285 intelli·-

1792 1320 2066 1401 gendum
2103 1325 2198 1385 est
2229 1324 2296 1384 in
2323 1318 2636 1401 proeseuti.

1870 1412 1977 1477 24.
2023 1416 2150 1479 Nec
2178 1416 2368 1478 refert
2397 1414 2564 1495 quud
2595 1414 2888 1477 divinitas
2929 1418 3038 1475 aut
3066 1409 3341 1475 Verbum

1790 1509 2140 1571 seeundum
2169 1520 2238 1571 se
2267 1510 2342 1571 stt
2371 1522 2472 1571 res
2499 1518 2613 1588 per
2639 1518 2708 1569 88
2737 1504 2929 1587 digna
2958 1503 3344 1583 adoratione,

1792 1605 1854 1663 et
1873 1602 2188 1683 objectum
2219 1600 2540 1665 adorabile
2570 1608 2638 1661 ut
2665 1598 2858 1679 quod,
2892 1598 3060 1677 quod
3083 1610 3208 1660 non
3241 1598 3348 1659 ha·

1790 1694 1898 1757 bet
1926 1698 2151 1775 gratie,-
2179 1695 2276 1758 vel
2307 1696 2432 1757 alia
2477 1694 2698 1756 similis
2724 1692 2958 1766 forman
2997 1704 3171 1766 nam,
3201 1687 3348 1753 licet

1790 1788 2081 1851 diviuitas
2111 1790 2458 1852 secundum
2491 1804 2558 1851 se
2595 1784 2737 1850 tulis
2763 1786 2867 1858 sit,
2902 1792 3111 1847 tamen
3142 1784 3204 1845 iu
3228 1782 3350 1846 hac

1790 1882 2158 1945 adoratione
2179 1899 2304 1945 non
2337 1888 2656 1962 speciatur
2680 1890 2749 1942 ut
2772 1879 2940 1953 talie,
2961 1874 3072 1940 sed
3097 1878 3348 1958 proecise

1792 1982 1862 2038 ut
1886 1976 2090 2038 forma
2132 1978 2476 2039 extrinseca
2521 1975 2822 2037 deificans
2867 1973 3347 2046 humanitatem,

1796 2076 1859 2132 et
1885 2076 1956 2131 ut
1980 2072 2138 2132 ratio
2168 2069 2472 2132 adorandi
2501 2068 2710 2141 illam;
2745 2080 2926 2129 mene
2953 2068 3120 2128 enim
3151 2066 3352 2127 homi-

1794 2164 1892 2225 nis
1920 2168 2128 2243 potest
2155 2164 2336 2225 facile
2373 2178 2566 2224 unum
2595 2162 2902 2223 rationem
2933 2161 3014 2221 ub
3043 2160 3165 2222 alia
3194 2173 3352 2239 prae·

1796 2256 2107 2331 scindere,
2135 2264 2199 2318 et
2227 2256 2573 2319 secundum
2601 2254 2772 2316 illum
2800 2254 3066 2335 operari.
3094 2252 3270 2329 Quod
3299 2252 3350 2315 ai

1796 2349 1937 2427 quis
1961 2348 2297 2413 contendat
2338 2364 2464 2410 non
2507 2363 2692 2428 pesae
2721 2348 2882 2411 huno
2921 2346 3349 2409 adorationem

1795 2440 2015 2503 referri
2054 2442 2134 2504 ud
2153 2442 2451 2518 Verbum,
2479 2442 2632 2503 etin
2663 2442 2800 2521 ejus
2839 2438 3207 2504 excellentia
3239 2438 3352 2501 ulti

1795 2534 2006 2614 aliquo
2035 2535 2259 2609 modo,
2305 2534 2455 2614 quin
2483 2534 2796 2596 redundet
2841 2534 2906 2595 in
2957 2534 3261 2595 honorem
3291 2536 3353 2594 et

1795 2622 2226 2691 adorationem
2269 2630 2466 2709 ipsius
2509 2622 2724 2706 Verbi,
2759 2641 2886 2689 non
2913 2628 3178 2689 multum
3207 2638 3350 2689 oum

1793 2736 1870 2784 eo
1901 2722 2408 2785 contendendum
2449 2727 2585 2797 est,
2626 2720 2774 2803 quia
2813 2726 3186 2801 potestesse
3227 2716 3354 2782 dis-

1793 2816 1998 2879 sensio
2031 2818 2091 2877 in
2121 2816 2328 2879 verbis
2352 2815 2555 2897 magis
2584 2828 2776 2897 quem
2809 2816 2873 2877 in
2907 2826 3000 2877 re-
3035 2811 3354 2877 Moraliter

1796 2910 1964 2972 enim
2003 2909 2338 2989 loquendo,
2369 2922 2588 2973 verum
2637 2915 2732 2973 est
2778 2906 3136 2971 redundare
3185 2908 3352 2969 hunc

1794 3003 2226 3066 adorationem
2265 3004 2330 3064 ln
2359 3000 2663 3066 honorem
2691 3002 2880 3065 Verbi
2895 3016 2915 3079 ;
2947 2999 3101 3063 illud
3137 3006 3351 3063 tumen

1794 3098 1998 3177 magis
2045 3104 2136 3161 est
2180 3098 2442 3177 propter
2493 3094 2821 3160 virtualem
2867 3108 3058 3176 quam
3097 3100 3353 3176 propter

1792 3192 2122 3254 formalem
2186 3194 2250 3253 et
2313 3190 2614 3253 directam
2677 3188 3132 3253 adolationem.
3183 3186 3352 3252 Siout

1793 3296 1972 3347 amor
1991 3281 2178 3346 medii
2207 3282 2435 3346 dieitur
2453 3298 2630 3345 amor
2653 3283 2820 3355 flnis3
2853 3292 2916 3345 et
2936 3296 3116 3345 umor
3142 3280 3356 3361 proxi-

1792 3382 1903 3450 mi,
1929 3394 2108 3439 amor
2123 3376 2260 3452 Dei,
2279 3392 2406 3438 non
2435 3374 2736 3447 formalis,
2765 3376 2879 3437 ned
2907 3375 3206 3437 virtualis.
3231 3376 3352 3436 De-

1792 3470 1990 3549 nique
2037 3470 2175 3530 aliis
2203 3468 2412 3531 verbis
2453 3468 2576 3531 diei
2601 3472 2830 3548 potest,
2877 3464 2998 3531 hoo
3042 3473 3186 3531 ectu
3220 3479 3352 3529 non

1794 3564 1909 3627 coli
1944 3561 2214 3625 verbum
2238 3563 2302 3623 in
2326 3568 2840 3642 recto,tunquam
2873 3561 3214 3642 principale
3244 3560 3352 3623 ob-

1786 3656 2050 3737 jectum,
2077 3662 2288 3717 tumen
2319 3654 2567 3717 adorari
2595 3652 2659 3715 in
2689 3652 2974 3735 obliquo,
3015 3658 3163 3734 quia
3197 3655 3352 3718 edo-

1792 3758 1969 3813 ratur
1995 3746 2354 3811 hnmanitas
2383 3752 2451 3811 ut
2479 3756 2698 3811 natura
2737 3748 2946 3810 Verbi.
2987 3750 3192 3826 Dicee,
3229 3750 3351 3812 hoe

1792 3842 1947 3906 satis
1973 3858 2104 3905 esse
2129 3846 2200 3905 ut
2225 3840 2332 3903 illa
2359 3842 2442 3904 sit
2465 3856 2757 3921 suprema
2785 3840 2990 3914 latria,
3009 3842 3178 3921 quia,
3199 3854 3352 3921 qua-

1794 3950 2068 4017 cumque
2106 3937 2348 3998 ratione
2389 3934 2684 3997 adoretur
2711 3934 2986 3995 Verbum
3008 3980 3023 4007 ,
3055 3948 3350 4014 suprema

1794 4031 2080 4093 adoratio
2125 4030 2211 4090 illi
2252 4028 2540 4092 debetur.
2591 4028 3022 4107 Respondetur
3055 4028 3348 4108 negando

1796 4124 2152 4203 sequelam;
2197 4120 2403 4184 Verbo
2449 4122 2619 4182 euim
2663 4126 2904 4182 tuntum
2937 4121 3203 4183 debetur
3251 4136 3352 4183 su·

1794 4233 2014 4297 prema
2047 4213 2228 4277 latria
2265 4213 2522 4294 quando
2551 4214 2896 4276 seeundum
2927 4230 3028 4289 se,
3059 4220 3124 4277 et
3155 4220 3218 4276 in
3257 4231 3350 4293 se,

1795 4326 1869 4372 ac
1896 4316 2154 4390 propter
2181 4324 2248 4370 ee
2274 4308 2596 4382 adoretur,
2617 4322 2745 4368 uon
2771 4320 2920 4369 vero
2943 4308 3195 4385 quando
3221 4312 3352 4369 tan·

1792 4408 1927 4466 tum
1959 4400 2304 4465 secuudum
2351 4400 2539 4480 quid,
2587 4408 2650 4463 et
2685 4408 2756 4464 ut
2805 4396 2964 4463 ratio
3005 4402 3349 4464 extrinseca

1792 4494 2097 4559 adorandi
2125 4493 2318 4570 aliud,
2366 4499 2435 4556 ut
2470 4494 2656 4556 latius
2695 4494 3009 4556 constabit
3037 4494 3102 4554 in
3145 4493 3352 4575 dispu-

1791 4590 2134 4653 tationibus
2173 4587 2252 4651 de
2296 4587 2678 4669 imaginibus
2727 4592 2790 4649 et
2825 4588 2905 4649 de
2945 4582 3246 4667 reliquiis.
3279 4586 3352 4649 Et

1790 4682 2026 4745 ibidem
2059 4682 2247 4745 etiam
2279 4680 2525 4744 dic-etur
2563 4680 2644 4743 de
2678 4680 3156 4742 confirmatione
3205 4675 3350 4742 huic

1793 4778 2010 4858 prlmae
2029 4776 2374 4854 difficultati
2397 4774 2693 4855 adjuncta
2712 4788 2733 4853 ;
2756 4774 3164 4836 ostendemus
3181 4772 3350 4835 enim

1792 4872 2088 4932 virtutem
2117 4864 2442 4949 religionis
2469 4882 2597 4929 non
2627 4868 2830 4929 sulum
2861 4866 3090 4928 elicere
3117 4866 3350 4947 prima-

1790 4964 1956 5025 rium
1987 4969 2194 5027 actum
2225 4962 2420 5024 latriae
2438 5004 2460 5037 ,
2507 4976 2634 5040 quo
2683 4959 2830 5022 colit
2867 4962 3064 5023 Deum
3097 4964 3352 5040 propter

1790 5074 1883 5129 se,
1916 5056 2027 5119 sed
2058 5056 2244 5119 etiem
2286 5055 2501 5136 plures
2529 5054 2956 5126 secundarios,
2985 5054 3218 5134 quibus
3244 5070 3350 5115 co-

1792 5148 1862 5213 lit
1889 5162 1991 5212 ree
2040 5150 2163 5211 Deo
2197 5148 2555 5230 specialiter
2583 5154 2859 5209 sacratas
2901 5152 2964 5209 et
2999 5146 3350 5209 sanctifica-

1791 5248 1910 5316 tas,
1949 5247 2208 5323 propter
2231 5240 2434 5323 ipsum
2465 5240 2696 5316 Deum,
2739 5254 2866 5302 non
2911 5246 3152 5302 tuntum
3177 5248 3248 5301 ut
3269 5236 3347 5300 fl-

1788 5348 1935 5398 nem
1962 5336 2278 5411 ultimum,
2301 5334 2412 5397 sed
2443 5340 2512 5396 ut
2537 5334 2884 5415 proximam
2915 5330 3220 5394 adorandi
3246 5344 3351 5391 ra-

1786 5428 2048 5505 tionem,
2057 5428 2238 5509 juxta
2259 5444 2336 5489 ea
2355 5442 2496 5507 quae
2519 5428 2583 5488 in
2603 5426 2912 5505 superiori
2931 5422 3346 5505 disputatione

1786 5528 1954 5586 taeta
1977 5528 2144 5587 sunt.

3836 5656 3837 5669 l

3835 5670 3837 5679 l

3629 5726 3838 6147 l
