3892 6167
242 416 255 427 ·
1268 344 1589 401 msrmxr.
1626 343 1751 397 ιιιι.
1783 342 1954 398 secr.
1989 344 2051 399 ιι.

130 454 308 535 inquit,
334 462 625 531 omoynum,
652 444 1105 523 &admit-abile,
1134 452 1195 511 et
1220 452 1465 527 stupore
1492 447 1617 527 plo·

127 566 237 611 wn
274 550 375 611 est,
420 558 649 603 canem
688 545 965 603 noeto-am
1006 558 1253 604 aarum
1306 542 1525 612 sedere,
1559 544 1615 602 ot

126 640 319 709 adorari
342 636 409 699 ab
437 635 681 717 Anqolic
698 638 759 696 ct
775 632 1180 711 Archanqetie
1206 660 1221 706 ς
1252 642 1315 697 et
1346 634 1517 697 hom.
1548 634 1611 709 3,

126 738 180 799 de
203 732 407 794 christo
444 727 789 789 secundum
832 744 1087 790 carnem
1120 730 1379 809 exponit
1416 726 1613 791 verba

122 830 234 891 illa:
263 825 341 887 ΕΙ
366 822 603 885 adorent
627 838 761 884 σιιιιι
786 838 988 884 omnes
1025 822 1249 905 Aaqeli
1278 822 1433 892 eim,
1467 836 1611 898 quae

126 922 181 981 ab
202 915 455 977 omnihus
484 913 567 975 de
612 912 886 993 perlecta
926 912 1107 975 latria
1154 914 1605 989 intelliguntur.

124 1014 251 1077 Idem
272 1006 563 1087 colligitur
588 1024 667 1068 ex
693 1006 1049 1081 Ambrosio,
1073 1006 1183 1067 lib.
1216 1007 1257 1068 3
1288 1005 1369 1067 de
1416 1006 1613 1085 Spiri-

124 1116 167 1169 tu
192 1106 407 1173 Sancto,
438 1116 491 1161 c.
520 1102 621 1169 19.
654 1116 875 1161 versus
918 1100 1137 1175 finem,
1190 1098 1298 1160 ubi
1348 1098 1611 1160 adducit

124 1198 197 1261 illa
208 1195 369 1257 verba
396 1193 475 1255 ad
494 1192 713 1274 Philip.
747 1194 787 1256 Ξ
818 1214 835 1254 :
864 1194 1049 1256 Dedit
1077 1194 1177 1254 illi
1208 1193 1615 1274 manmena

122 1299 353 1367 astupeo·
372 1304 535 1349 omno
560 1304 794 1361 men,
822 1294 891 1349 ιιι
916 1287 985 1348 ia
1006 1286 1241 1349 nomiae
1260 1286 1412 1348 Im
1442 1302 1613 1349 omno

120 1402 231 1466 qm
252 1382 511 1461 flectatur
528 1400 557 1449 ,·
582 1396 815 1440 nomeu
844 1381 1013 1441 enim
1039 1381 1225 1442 ,lesus
1246 1380 1609 1441 humanita-

122 1488 211 1539 tem
234 1472 547 1535 formaliter
560 1472 894 1552 significat.
927 1472 1137 1535 Latius
1158 1490 1309 1535 vero
1342 1474 1461 1535 hoc
1498 1473 1611 1533 do-

120 1574 189 1633 cet
203 1566 291 1629 lib.
312 1568 351 1627 2
371 1566 445 1627 de
465 1565 699 1645 Spiritu
728 1566 979 1638 Sancto,
1008 1582 1063 1627 c.
1106 1568 1207 1641 12,
1238 1565 1345 1627 lib.
1395 1565 1477 1627 de
1512 1567 1608 1627 ln·

120 1680 245 1725 carn.
274 1660 433 1720 [lom.
478 1659 789 1733 Sacram„
838 1676 977 1740 cap.
1010 1664 1091 1735 ‘13
1127 1659 1425 1737 August„
1477 1676 1601 1721 ser.

122 1757 175 1819 58
200 1754 263 1815 de
292 1751 499 1813 Verbis
533 1752 744 1827 Dom„
800 1770 944 1814 cum
978 1750 1236 1815 dixisset
1264 1796 1281 1827 ,
1326 1752 1381 1813 si
1414 1752 1607 1814 Filius

120 1868 209 1910 non
230 1852 373 1907 essct
398 1852 625 1907 natura
668 1849 858 1921 Deus,
907 1864 1035 1909 non
1084 1846 1219 1909 fore
1270 1847 1606 1911 colendum

120 1939 553 2003 veladorandum
586 1948 659 2001 ut
688 1941 907 2014 Deum,
940 1943 1031 2003 sic
1058 1960 1137 2003 ex
1169 1958 1441 2023 persona
1487 1944 1611 2005 han·

122 2036 383 2099 reticomm
402 2032 667 2112 replicat
698 2054 715 2095 τ
750 2036 912 2110 Quid
929 2036 959 2096 ἓ
992 2038 1151 2117 quod
1170 2052 1407 2098 comm
1448 2037 1606 2115 ejus,

122 2147 249 2213 quam
262 2134 585 2191 venene-em
620 2145 745 2192 eece
774 2146 897 2193 eoa
920 2146 1127 2213 neque,
1157 2130 1343 2191 timul
1364 2146 1497 2191 cum
1516 2130 1609 2191 di·

120 2224 307 2285 unitate
328 2222 560 2291 adoras.
600 2227 783 2303 atquc
804 2223 861 2284 ei
880 2240 999 2283 noa
1026 2225 1229 2285 minue
1246 2238 1427 2303 quam
1450 2224 1609 2285 dici-

120 2318 253 2377 simi
279 2315 523 2376 dormio
550 2314 585 2375 ,ἲ
622 2315 1021 2394 Respondetx
1054 2316 1193 2396 Byo
1226 2316 1607 2377 Dominicam

122 2426 313 2477 carum,
331 2408 439 2468 ino
458 2412 799 2487 perfectam
823 2408 891 2470 in
910 2406 1157 2473 Clu-icto
1172 2408 1611 2471 humanitatem

118 2508 359 2583 propterea
386 2504 593 2575 adoro,
620 2505 775 2582 quod
795 2522 837 2565 a
854 2504 1482 2580 divinitatem-roma,
1506 2507 1609 2566 at·

122 2596 385 2679 quaeum
406 2598 589 2658 unita
600 2602 709 2669 eet,
724 2600 797 2658 ut
820 2612 941 2657 nou
958 2596 1175 2670 alium,
1194 2601 1373 2676 atquc
1390 2596 1603 2672 alium,

120 2692 195 2753 ud
210 2706 383 2761 naum,
424 2690 805 2769 eamdemque
838 2690 1031 2751 Deum
1084 2695 1141 2752 ot
1170 2689 1461 2751 hominen·
1491 2688 1609 2751 Dei

118 2782 291 2845 Filium
334 2784 647 2859 confitear,
678 2790 797 2847 etc,
825 2790 922 2857 ;et
954 2782 1231 2855 Psal.98,
1256 2782 1339 2844 de
1364 2781 1605 2843 Christo

118 2877 310 2956 expendi
326 2876 425 2937 illc
450 2876 651 2937 verba
680 2892 699 2936 t
730 2878 1001 2940 Aaou-ate
1024 2876 1343 2939 rcabollum
1388 2876 1607 2955 padum

116 2970 227 3047 eju,
250 2986 349 3049 per
372 2970 702 3033 scabellum
741 2969 1195 3031 humanitatem
1225 2968 1603 3047 intelligens,

116 3078 253 3139 quem
274 3063 347 3123 ibi
374 3062 784 3125 Cassiodorus
806 3064 1103 3125 imitatur.
1142 3063 1421 3142 Denique
1462 3062 1609 3139 Epi·

112 3156 279 3234 phau„
300 3157 361 3217 in
378 3156 763 3231 Ana-bonta,
798 3157 963 3219 circa
990 3156 1295 3229 medium,
1322 3155 1609 3217 humant-

116 3257 253 3309 tatem
280 3250 417 3311 dicit
436 3252 761 3313 coadorari
804 3251 985 3317 Verbo
1002 3250 1119 3313 Dei
1145 3276 1173 3323 ;
1199 3249 1343 3312 etin
1368 3250 1467 3311 vn
1490 3250 1607 3327 Sy·

114 3342 253 3415 nodo,
280 3349 387 3404 act.
418 3344 479 3416 6,
526 3344 701 3405 eima
726 3342 944 3408 finem,
976 3344 1201 3405 dicitnr
1222 3385 1239 3416 ,
1288 3358 1433 3403 cum
1461 3343 1608 3403 ado·

113 3440 241 3493 ratur
258 3434 535 3507 Christus,
584 3454 709 3497 non
752 3437 1030 3516 separari
1072 3435 1529 3497 humanitatem
1566 3454 1609 3495 a

110 3526 387 3601 divinitate,
414 3530 531 3592 sed
558 3535 891 3608 utramque
922 3536 991 3591 ut
1020 3546 1213 3590 unum
1242 3528 1491 3591 adorari
1518 3529 1609 3589 la·

112 3622 214 3681 tria.
242 3621 412 3685 Favet
436 3624 704 3685 tandem
733 3623 1093 3686 Concilium
1144 3623 1603 3695 Tridentinum,

108 3732 223 3775 sess.
251 3717 339 3789 13,
360 3734 413 3777 c.
441 3720 505 3789 5,
542 3724 611 3779 et
638 3720 854 3793 can-6,
878 3716 1186 3779 definiens
1210 3716 1609 3779 Eucharistiae

108 3818 530 3885 sacramentum,
566 3819 825 3892 propter
850 3811 1193 3873 divinitatis
1232 3816 1295 3872 et
1319 3809 1609 3871 humaui·

106 3902 211 3963 tatis
228 3902 431 3966 Christi
454 3906 861 3984 proesentiam
888 3905 1139 3967 adorari
1156 3904 1359 3966 latria.
1388 3905 1611 3965 Exem-

102 3995 177 4071 pla
212 3998 379 4059 etiam
423 4016 501 4061 ex
550 3998 886 4078 Scripturis
930 4016 1121 4079 supra
1166 3998 1431 4060 adducta
1487 3996 1609 4059 hoc

100 4088 459 4166 confirmant;
488 4092 753 4173 qnando
792 4092 963 4155 enim
1010 4094 1285 4154 Thomas
1328 4092 1611 4154 adoravit

100 4182 383 4261 Christum,
440 4186 709 4249 dicensi
764 4187 1061 4250 Dominus
1106 4204 1297 4257 mous,
1352 4192 1409 4249 ct
1448 4186 1611 4248 Deus

99 4292 245 4349 nm,
264 4278 358 4339 vel
384 4280 579 4341 etiam
611 4278 865 4358 quando
887 4280 1051 4358 Magi
1072 4278 1365 4341 eumdem
1390 4280 1613 4341 adora·

100 4378 295 4446 verunt,
320 4372 454 4434 siue
474 4374 609 4435 ullo
630 4374 825 4436 dubio
853 4374 1193 4453 perfectam
1215 4380 1278 4437 et
1298 4390 1609 4435 summam

99 4459 297 4526 latnam
326 4467 775 4539 exhibuerunt,
806 4475 873 4530 ut
898 4468 1237 4529 Concilium
1267 4468 1457 4530 etiam
1480 4466 1611 4528 Tri·

99 4552 373 4622 declinam
406 4562 761 4643 significan
796 4571 859 4625 et
906 4570 1119 4624 tamen
1169 4562 1279 4623 illo
1306 4566 1451 4623 actu
1482 4578 1607 4623 non

100 4648 391 4717 adorarunt
408 4656 611 4717 solam
632 4656 909 4719 divinam
941 4662 1257 4730 naturam,
1280 4654 1391 4716 sed
1418 4655 1611 4715 etiam

100 4742 414 4823 humanam,
449 4750 619 4811 circa
648 4768 841 4830 quam
864 4748 1275 4813 exercebatur
1300 4748 1605 4810 adoratio.

99 4835 239 4904 Nam.
275 4839 416 4904 licet
440 4844 581 4922 ipsa
616 4843 828 4905 divina
868 4860 1139 4923 persona
1168 4860 1281 4922 per
1304 4859 1375 4904 se
1408 4842 1609 4921 primo

101 4928 442 5006 adoraretur,
470 4940 534 4998 et
562 4937 859 5015 primarie
888 4936 1149 4997 intentio
1176 4936 1243 4994 in
1286 4934 1454 4994 illam
1480 4944 1612 4995 ten-

99 5018 259 5097 deret,
284 5034 343 5088 et
381 5038 840 5108 consequenter
887 5032 949 5089 in
996 5028 1491 5101 humanitatem,
1522 5032 1613 5087 ta·

102 5129 215 5175 men
240 5118 447 5183 ordine
474 5122 859 5185 executionis
902 5124 995 5199 (ut
1040 5122 1123 5183 ita
1175 5120 1407 5197 dicam)
1443 5120 1611 5181 circa

102 5204 263 5284 ipsam
292 5214 737 5278 humanitatem
758 5216 1037 5295 proxime
1070 5214 1435 5275 versabatur
1458 5213 1613 5274 ado-

106 5304 246 5364 ratio.
270 5306 333 5367 Et
362 5309 439 5369 ad
468 5310 775 5371 hoc—valet.
802 5310 1161 5388 exemplum
1211 5324 1337 5388 quo
1368 5308 1614 5387 Augus·

105 5391 239 5459 tinus
254 5398 413 5463 dicto
440 5420 731 5467 sermone
758 5403 977 5476 utitur,
998 5403 1147 5484 quia
1164 5416 1467 5484 purpura,
1486 5416 1615 5481 qna

110 5488 211 5551 Rex
238 5500 325 5557 cst
352 5494 621 5573 indutus,
653 5497 839 5561 simul
864 5514 1007 5561 cum
1030 5495 1135 5561 illo
1166 5494 1487 5569 adoretur,
1512 5510 1613 5557 ea·

1694 444 1839 506 dem
1864 442 2230 507 adoratione
2253 444 2428 524 regia
2455 458 2596 524 quoe
2617 445 2682 505 in
2704 460 2819 505 sno
2839 444 3058 509 ordine
3082 466 3258 509 sum-

1694 554 1799 598 ma
1828 544 1923 601 est
1944 544 2236 617 respectu
2257 537 2403 599 talis
2431 555 2738 616 personae.
2773 540 2844 601 Et
2872 540 3030 603 sicut
3061 543 3254 605 etiam

1697 630 2036 692 adoramus
2063 631 2394 693 Summum
2433 630 2798 693 Pontificem
2829 632 3252 697 deosculando

1692 722 1919 803 pedem
1942 730 2006 785 et
2023 725 2306 786 calceum
2336 726 2496 805 ejus,
2517 741 2642 804 quo
2665 729 2808 787 actu
2837 727 3254 789 coadoramus

1690 816 1898 896 ipsum
1926 816 2233 890 calceum,
2261 817 2594 899 sicigitur,
2649 818 2756 897 qui
2783 818 3006 881 adorat
3053 821 3256 883 Chris-

1690 916 1825 973 tum
1862 916 1935 971 ut
1961 912 2158 973 Deum
2213 910 2537 973 hominem
2577 911 3006 974 deosculando
3057 912 3254 992 pedes

1690 1006 1845 1083 ejus,
1902 1003 2128 1066 eadem
2183 1004 2554 1067 adoratione
2595 1005 2740 1067 colit
2793 1005 3252 1069 humanitatem

1690 1097 1845 1176 ejus.
1880 1098 2014 1159 Hoc
2039 1116 2194 1159 vero
2243 1098 2600 1179 exemplum
2647 1098 3126 1178 intelligendum
3160 1106 3258 1163 est

1688 1190 1913 1252 ablatis
1938 1191 2538 1273 imperfectionibus,
2564 1192 2734 1271 quod
2761 1210 2890 1253 nou
2915 1193 3067 1255 satis
3107 1210 3254 1255 con·

1692 1283 2358 1359 sideravitDurandus,
2389 1292 2454 1347 et
2495 1285 2638 1347 ideo
2691 1288 2899 1347 minus
2952 1293 3134 1349 caute
3160 1287 3254 1359 lo-

1690 1384 1875 1439 cutus
1902 1385 2036 1451 esu
2066 1398 2346 1458 purpura
2379 1380 2548 1441 enim
2574 1384 2818 1443 tantum
2856 1380 3252 1443 accidentali-

1688 1476 1787 1533 ter
1812 1472 2030 1533 uuitur
2051 1488 2336 1553 personas
2367 1472 2556 1551 regis,
2599 1480 2662 1537 et
2701 1473 2844 1535 ideo
2883 1473 3002 1537 dici
3045 1478 3254 1554 potest:

1688 1564 1893 1625 solnm
1916 1582 2034 1645 per
2059 1566 2356 1627 accidens
2375 1565 2710 1627 coadorari
2732 1582 2752 1643 ;
2781 1569 3008 1629 atvero
3035 1568 3254 1630 huma-

1686 1659 1851 1719 nitas
1880 1677 1992 1739 per
2013 1675 2082 1720 se
2101 1660 2320 1721 unitur
2341 1659 2548 1721 Verbo
2569 1677 2588 1731 ς
2619 1658 2898 1721 Christus
2917 1660 3085 1721 enim
3103 1678 3250 1722 vere

1690 1758 1785 1814 est
1813 1771 1978 1815 unns
2013 1770 2217 1834 perse
2247 1770 2324 1815 ex
2367 1752 2692 1815 divinitate
2749 1760 2814 1815 et
2861 1754 3254 1815 humanitate

1690 1850 2106 1928 compositus,
2131 1854 2197 1910 et
2243 1848 2392 1911 ideo
2426 1848 2531 1909 illa
2582 1848 2856 1928 perfecta
2887 1848 3092 1917 latria,
3125 1864 3252 1927 qua

1690 1940 1972 2005 Christus
1999 1943 2246 2015 colitur,
2281 1960 2394 2022 per
2413 1960 2484 2003 se
2505 1942 2882 2004 coadoratur
2900 1941 3260 2004 humanitas

1692 2036 1853 2114 ejus.
1905 2036 2084 2099 Unde
2123 2035 2654 2097 accommodatius
2701 2036 3059 2115 exemplum
3111 2052 3254 2097 esse

1688 2135 1895 2209 potest
1924 2130 1992 2189 in
2021 2131 2232 2191 anima
2255 2137 2318 2191 et
2347 2146 2609 2209 corpore
2632 2145 2649 2205 ;
2679 2146 2825 2190 narn
2857 2130 3080 2191 eadem
3105 2130 3254 2191 ado-

1688 2223 1933 2285 ratione
1987 2222 2198 2297 duliae,
2257 2238 2386 2301 qna
2427 2222 2728 2284 adoratur
2757 2223 2944 2283 bomo
2997 2228 3252 2285 sanctus

1688 2324 1944 2396 propter
1971 2317 2368 2378 sanctitatem
2391 2314 2622 2377 animai
2671 2314 3106 2389 inhaerentem,
3138 2333 3252 2396 per

1688 2426 1759 2470 se
1784 2408 2162 2471 coadoratur
2179 2426 2430 2489 corpus,
2461 2408 2634 2487 quod
2655 2409 2766 2469 tali
2793 2410 3022 2469 animm
3049 2426 3160 2489 per
3179 2427 3248 2471 se

1686 2501 1935 2563 unitum
1957 2509 2084 2564 est:
2115 2502 2284 2563 unde
2308 2502 2528 2563 eadem
2555 2502 2922 2563 adoratione
2940 2520 3068 2581 qua
3081 2520 3252 2565 nunc

1690 2594 1992 2673 adoratur
2011 2597 2228 2657 anima
2267 2596 2466 2657 suncti
2499 2596 2688 2667 Petri,
2715 2596 3083 2658 adorabitur
3107 2600 3252 2675 post

1688 2690 2215 2751 iesurrectionem
2241 2692 2446 2751 totum
2470 2691 2910 2768 compositum,
2941 2696 3002 2751 et
3025 2689 3252 2751 coado-

1688 2782 1931 2845 rahitur
1956 2800 2184 2863 corpus
2209 2790 2468 2863 propter
2511 2783 2830 2844 unionem.
2883 2783 2984 2845 Sic
3033 2784 3248 2863 igitur,

1686 2894 1829 2937 cum
1860 2892 2126 2957 persona
2145 2878 2394 2951 Christi,
2427 2896 2506 2939 ex
2533 2884 2800 2957 utraque
2821 2886 3048 2939 nutura
3067 2894 3252 2940 cona-

1684 2974 1853 3041 tans,
1874 2971 1958 3033 sit
1988 2976 2116 3032 tam
2151 2988 2266 3051 per
2287 2988 2356 3033 se
2389 2978 2457 3033 et
2483 2988 2632 3033 vere
2657 2986 2779 3031 una
2808 2970 2968 3033 sicut
2987 2970 3252 3051 quilibet

1689 3060 1900 3138 homo,
1928 3082 2056 3123 una
2083 3064 2451 3125 adoratione
2473 3063 2862 3139 adorabitur,
2889 3081 3016 3142 qua
3041 3082 3156 3144 per
3179 3080 3250 3126 se

1686 3156 1891 3235 primo
1940 3159 2078 3236 ipsa
2125 3174 2422 3237 person&
2468 3158 2964 3219 concomitanter
2995 3172 3146 3219 vero
3189 3162 3256 3220 et

1686 3250 1867 3328 quasi
1894 3268 2006 3329 per
2031 3268 2102 3311 se
2135 3250 2414 3311 secundo
2437 3250 2710 3314 humana
2739 3258 2960 3313 natura
2983 3250 3090 3313 tali
3110 3266 3252 3331 per·

1686 3360 1855 3405 sonoe
1874 3346 2053 3404 unita
2083 3344 2322 3404 honore
2366 3348 2430 3403 et
2475 3344 2890 3404 veneratione.
2915 3342 3246 3404 afficietur.

1686 3436 1761 3498 Et
1791 3438 1924 3499 hoec
1955 3444 2050 3499 est
2087 3436 2336 3516 propria
2366 3436 2526 3497 ratio
2575 3453 2614 3496 a
2643 3436 2834 3514 priori
2865 3435 3054 3517 hujus
3097 3452 3252 3498 con·

1686 3531 2010 3603 clusionis,
2035 3548 2221 3610 quam
2245 3528 2522 3593 Concilio
2549 3538 2616 3591 et
2641 3532 2853 3591 Patres
2885 3530 3057 3592 citati
3083 3530 3250 3591 indi-

1692 3631 1931 3686 carunt.
1968 3625 2042 3685 Et
2071 3623 2364 3703 cyrillus,
2393 3622 2502 3684 lib.
2539 3627 2568 3684 1
2597 3622 2676 3685 de
2705 3622 2860 3685 Fide
2887 3624 2970 3685 ad
2995 3623 3246 3703 Regin„

1690 3718 1811 3779 hoc
1830 3734 2022 3779 sensu
2051 3716 2228 3785 dixit,
2255 3718 2324 3779 ia
2354 3715 2598 3779 Christo
2625 3732 2744 3777 aon
2783 3732 2910 3778 mo
2937 3732 3121 3778 amm
3139 3734 3250 3779 aa·

1690 3817 1920 3886 taram,
1940 3828 2072 3891 Μ
2101 3810 2418 3883 adoratur,
2447 3814 2506 3872 et
2531 3810 2746 3884 aliam,
2791 3826 2928 3889 μω
2959 3826 3078 3871 non
3111 3809 3252 3873 ado-

1688 3908 1893 3974 ratur,
1933 3904 2040 3967 sod
2065 3919 2252 3965 naam
2308 3900 2482 3969 Verbi
2517 3907 2806 3965 naturam
2840 3900 3245 3974 incarnatam,

1690 3997 2054 4061 adorabilem
2068 4013 2202 4061 cnm
2221 4012 2400 4058 cam
2423 4012 2538 4059 rua
2555 4012 2684 4057 una
2701 3994 3048 4058 adoratione
3061 4011 3250 4074 ;quo·-

1689 4107 1833 4151 rum
1851 4088 2188 4151 verborum
2215 4104 2436 4149 sensus
2463 4104 2602 4149 esse
2623 4086 2894 4162 videtur,
2921 4087 2984 4147 in
3007 4088 3248 4149 Christo

1690 4201 1882 4245 unam
1912 4199 2054 4243 esse
2081 4187 2372 4243 naturam
2398 4197 2514 4261 per
2551 4198 2619 4241 se
2645 4180 3056 4247 adorabilem,
3085 4178 3252 4241 ecili-

1691 4283 1790 4339 cet
1816 4276 2232 4347 divinitatem,
2273 4275 2373 4336 cui
2400 4274 2758 4335 humanitas
2789 4274 2876 4335 ita
2915 4274 3252 4353 conjuncta

1691 4377 1812 4446 est,
1838 4376 1907 4431 ut
1942 4369 2128 4431 simul
2149 4385 2294 4431 cum
2311 4368 2448 4445 illa,
2493 4375 2557 4430 et
2605 4366 2831 4430 eadem
2880 4366 3250 4429 adoratione

1691 4463 2010 4527 adoretur.
2033 4461 2214 4527 Unde
2237 4461 2428 4543 (quod
2453 4461 2535 4523 ad
2551 4462 2806 4523 modum
2831 4460 3130 4539 loquendi
3157 4468 3253 4523 at·

1689 4559 1871 4636 tinet)
1899 4555 2356 4618 advertendum
2389 4560 2507 4623 est,
2539 4556 2604 4615 in
2641 4554 2924 4617 Patribus
2949 4560 3014 4615 et
3037 4552 3252 4617 coanci-

1688 4650 1791 4713 liis
1818 4650 1992 4711 aliud
2021 4666 2162 4711 esse
2183 4648 2354 4728 loqui
2369 4647 2450 4709 de
2475 4647 2740 4723 Christo,
2759 4654 2822 4708 et
2847 4646 3022 4709 aliud
3039 4646 3119 4707 de
3135 4646 3254 4708 hu·-

1688 4745 1992 4806 manitate
2013 4741 2279 4816 Christi3
2311 4742 2589 4804 Christus
2641 4741 2834 4814 enim,
2879 4741 3032 4820 quia
3061 4740 3252 4819 sig-ui·

1690 4840 1839 4901 ficut
1863 4854 2219 4918 personam,
2243 4854 2371 4897 non
2391 4841 2592 4915 potest
2603 4834 2724 4897 dici
2745 4834 3072 4895 coadorari
3091 4836 3244 4905 Deo,

1694 4932 1801 4992 sed
1828 4931 2076 4991 adorari
2109 4930 2380 5005 utDeus,
2405 4928 2824 5007 quieverbum
2839 4924 3248 5001 condor-nudi,

1692 5024 2060 5102 adjunctum
2120 5024 2438 5102 personis,
2489 5019 2722 5080 indicat
2783 5019 3248 5081 distinctionem

1696 5121 1881 5179 unius
1904 5117 1987 5177 ab
2011 5117 2174 5190 alia;
2209 5124 2444 5177 atvero
2479 5112 2796 5191 loquendo
2839 5112 2921 5173 de
2963 5110 3252 5172 humaui·

1694 5218 1846 5286 tate,
1878 5220 2052 5271 recte
2093 5209 2320 5269 dicitur
2358 5206 2682 5267 coadorari
2728 5208 2874 5279 Deo,
2929 5206 3078 5283 quia
3115 5206 3252 5284 ipsa

1694 5322 1819 5366 non
1850 5309 1947 5365 est
1981 5305 2162 5375 Deus,
2191 5300 2304 5362 sed
2333 5302 2457 5361 Deo
2480 5316 2674 5379 perse
2701 5300 3058 5379 conjuncta.

1772 5400 1837 5461 a.
1864 5396 2197 5481 Respo-aio
2223 5394 2306 5458 ad
2323 5393 3010 5476 arausicam—Neque
3033 5404 3254 5455 contra

1696 5492 1859 5555 hanc
1882 5488 2351 5556 concinionum
2381 5487 2471 5551 sic
2503 5486 2850 5568 expositam
2877 5490 3064 5567 urget
3089 5486 3248 5549 ratio
