3892 6167
532 329 653 394 406

526 441 653 500 isa.
686 439 765 500 49.
799 451 813 498 t
846 435 1007 502 8000
1050 451 1261 502 servae
1304 453 1471 502 meus
1486 481 1503 512 ‚
1554 433 1885 517 sumptam
1928 454 2098 508 eum,-

530 533 749 596 electas
792 548 959 596 mette
982 577 997 605 ‚
1048 531 1403 612 complacuit
1448 530 1569 594 eibi
1616 530 1683 592 in
1732 529 1841 592 illo
1886 530 2098 594 anima

532 643 683 690 mea.
706 626 865 688 Dedi
890 625 1175 704 spiritum
1198 641 1391 688 meum
1418 641 1601 705 super
1623 641 1775 699 eum,
1790 623 2094 704 judicium

531 717 806 804 yentilme
842 721 1131 802 proferet,
1170 723 1229 780 et
1264 725 1509 792 caetera,
1544 735 1747 797 usque
1778 717 1858 778 ad
1886 716 2040 778 illud
2073 733 2092 778 t

533 815 627 880 Et
650 814 835 896 leyen
868 813 1003 894 ejvs
1028 813 1251 877 insula
1288 813 1676 894 aspectabant
1684 839 1709 886 ‚·
1736 811 1844 874 ubi
1874 811 2094 874 Hiero-

531 924 763 988 nymus
792 911 1013 968 notat:
1042 905 1175 972 Nee
1218 905 1444 970 mirum
1482 907 1539 970 si
1570 923 1779 970 servvs
1824 909 2090 982 vocetur,

528 1002 741 1077 saetae
762 1017 837 1064 em
874 998 1143 1074 muliere,
1170 1002 1374 1077 faetus
1400 1000 1509 1064 sub
1538 999 1681 1083 leffe,
1710 1000 1818 1081 qm·
1858 1018 1992 1064 oum
2023 1001 2092 1063 ia

531 1097 741 1171 forma
777 1092 891 1157 Dei
933 1098 1105 1168 esset,
1140 1093 1487 1158 humiliavit
1523 1111 1607 1171 ae,
1636 1099 1896 1172 svo-mam
1929 1095 2096 1160 servi

534 1187 854 1270 accipiens,
908 1192 965 1251 et
1016 1187 1227 1250 babitu
1272 1187 1553 1252 inventae
1604 1193 1677 1252 ut
1726 1189 1915 1252 homo.
1974 1189 2091 1250 Ubi

533 1281 815 1344 consulto
842 1280 1088 1342 videtur
1122 1281 1395 1344 tacuisse
1425 1281 1922 1346 humiliationem
1950 1301 2094 1364 pas-

530 1375 723 1438 sionis
754 1381 816 1438 et
850 1375 1091 1451 mortis,
1124 1380 1197 1438 ut
1237 1374 1641 1456 significaret,
1675 1377 1759 1438 ob
1796 1378 2092 1440 incarna-

526 1469 763 1530 tionem
794 1469 991 1530 solam
1028 1469 1263 1532 dictum
1308 1487 1448 1532 esse
1479 1487 1757 1533 servum.
1790 1471 2092 1536 Similiter

524 1561 703 1622 Isaiae
726 1564 807 1624 52
832 1579 847 1622 ι
872 1563 1031 1626 Eece
1052 1562 1327 1642 (dicitur)
1348 1564 1647 1644 intelliyet
1668 1581 1877 1630 servus
1894 1584 2087 1644 meae,

531 1655 920 1730 exaltabitur,
952 1661 1009 1720 et
1034 1657 1397 1729 elevabitur,
1430 1663 1489 1722 et
1516 1659 1793 1724 sublimis
1814 1663 1937 1724 erit
1961 1663 2092 1726 val-

534 1749 621 1812 de.
663 1749 843 1812 Unde
893 1767 1019 1811 non
1068 1751 1191 1812 alia
1236 1752 1479 1815 ratione
1523 1752 1771 1816 videtur
1812 1753 2090 1820 Christus

529 1841 835 1921 appellari
876 1860 1093 1906 servus
1138 1845 1235 1906 his
1276 1846 1453 1920 locis,
1502 1846 1619 1909 nisi
1654 1853 1727 1909 ut
1756 1849 2092 1914 denotetur

527 1952 887 1998 sermonem
915 1955 1057 1998 esse
1082 1937 1163 2000 de
1192 1939 1299 2000 illo
1341 1945 1411 2002 ut
1446 1940 1725 2016 homine,
1760 1950 1823 2006 et
1846 1944 2088 2008 ratione

527 2035 861 2108 assumptae
883 2037 1149 2093 naturae.
1175 2033 1353 2096 Unde
1374 2034 1663 2114 cyrillus,
1690 2035 1799 2098 lib.
1823 2039 1907 2100 ad
1933 2039 2088 2100 Evo-

524 2123 725 2204 ptium
756 2139 774 2185 ε
808 2123 891 2188 Si
920 2129 1059 2207 quie
1088 2127 1337 2208 (inquit)
1364 2129 1529 2192 dieat
1555 2147 1793 2196 servum
1822 2151 1954 2196 eum
1977 2153 2090 2214 ap·-

517 2217 766 2298 paleari,
781 2223 1027 2302 propter
1046 2237 1235 2284 vocem
1256 2227 1597 2286 sanctorum
1608 2224 2082 2306 Prophetarum,

522 2311 691 2375 nullo
716 2313 885 2375 modo
910 2315 1134 2394 offendi
1160 2317 1319 2379 decet
1326 2341 1353 2390 ;
1378 2324 1779 2398 eoqnovertmt
1798 2321 1952 2383 enim
1978 2341 2088 2401 per

522 2406 879 2470 revelantem
904 2406 993 2470 eie
1021 2407 1335 2491 Spiritum
1366 2409 1665 2474 Sanctum
1686 2457 1705 2487 ,
1746 2415 1906 2494 quod
1944 2416 2086 2481 Ver·

525 2498 663 2561 bum
708 2515 783 2562 ea
824 2499 951 2562 Deo
981 2501 1174 2566 Patre
1217 2503 1391 2579 fieret
1416 2503 1608 2568 homo.
1644 2505 1765 2567 Ubi
1810 2507 2082 2587 primum

523 2591 833 2672 expendo,
868 2595 1041 2672 quod
1091 2595 1289 2656 solam
1337 2596 1839 2660 incarnationem
1880 2602 2086 2666 reddit

520 2692 594 2747 ut
640 2685 1053 2750 sufficientem
1102 2707 1357 2751 causam
1404 2691 1573 2752 illius
1618 2694 2078 2773 appellationis,

518 2779 781 2854 Deinde,
810 2781 979 2860 quod
1002 2783 1153 2844 satis
1180 2783 1493 2864 significat
1516 2785 1686 2846 illam
1717 2787 2085 2868 appellatio-

520 2889 667 2934 nem
698 2891 837 2936 esse
864 2875 1185 2954 propriam
1204 2921 1221 2950 ‚
1253 2894 1397 2938 cum
1428 2877 1563 2940 sine
1606 2879 1955 2942 offensione
1983 2883 2085 2943 di-

522 2972 621 3027 cat
646 2982 835 3046 posse
863 2985 901 3028 a
928 2967 1111 3030 nohis
1138 2971 1451 3050 usurpari,
1478 2972 1651 3052 quod
1676 2991 1805 3034 non
1834 2991 2088 3055 semper

519 3057 664 3121 lieet
712 3059 780 3120 in
824 3063 1264 3141 metaphoricis
1309 3063 1751 3127 locutionibus.
1794 3067 1976 3130 Unde
2025 3074 2088 3131 et

520 3153 729 3216 statim
758 3155 1035 3218 declarat
1067 3157 1553 3238 appellationem
1584 3159 1749 3222 hanc
1780 3179 1923 3222 cum
1967 3181 2084 3224 na-

522 3248 711 3309 turali
734 3247 1033 3311 filiatione
1062 3269 1191 3312 non
1216 3271 1598 3333 repugnare,
1626 3254 1845 3316 dicens
1870 3273 1885 3316 ε
1912 3257 2086 3321 Erat

518 3340 771 3425 quidem⁴
794 3348 853 3406 et
892 3345 985 3407 aie
1022 3344 1174 3410 liber
1212 3351 1501 3428 tanquam
1546 3350 1756 3426 filius,
1788 3367 1972 3431 neque
1995 3351 2087 3416 sie

521 3439 721 3500 tamen.
766 3455 1109 3502 mensuram
1156 3443 1597 3506 eminanitionie
1644 3445 1861 3524 optime
1905 3451 2087 3526 saetoe

517 3531 785 3607 faciebat
834 3534 1334 3614 contemptibilem
1356 3581 1376 3610 ,
1424 3538 1831 3618 confifflcratus
1874 3540 2078 3614 nobie,

516 3622 832 3687 servitutis
844 3625 1001 3706 juqo
1044 3628 1341 3690 subditus.
1376 3631 1503 3690 Nec
1538 3630 1729 3692 refert
1770 3631 1939 3710 quod
1965 3631 2080 3692 ibi-

516 3715 665 3777 dem
708 3725 1040 3781 enumerat
1082 3719 1343 3801 cyrillus
1382 3725 1623 3804 aliquos
1670 3731 1847 3786 actus
1888 3726 2080 3806 hujus

518 3811 855 3888 servitutiS,
886 3813 995 3892 qui
1042 3832 1173 3875 non
1220 3817 1678 3880 conveniebant
1722 3817 1966 3880 Christo
2005 3838 2080 3881 ex

518 3903 729 3967 debito
764 3907 1106 3983 servitutis,
1141 3909 1253 3970 sed
1282 3928 1358 3972 ex
1390 3911 1753 3991 dignatione
1786 3917 1847 3973 et
1878 3913 2079 3974 humi-

516 3995 712 4075 litate,
754 4005 823 4061 ut
850 4001 1091 4063 solvere
1123 4003 1333 4064 tributi
1376 4005 1773 4082 didrachma,
1806 4012 1869 4069 et
1894 4006 2082 4068 subdi

516 4089 766 4172 legibus
796 4100 859 4156 et
898 4093 1167 4158 tributis.
1202 4097 1337 4160 Non
1372 4099 1541 4160 enim
1586 4101 1719 4161 hoec
1758 4103 1939 4162 affert
1965 4100 2082 4184 ff·

517 4183 717 4262 rmus,
746 4191 813 4248 ut
840 4187 1147 4267 significet
1174 4191 1659 4271 appellationem
1688 4195 1849 4256 servi
1874 4195 1955 4256 ab
1980 4196 2082 4257 his

512 4277 615 4338 vel
661 4279 969 4342 similibus
1015 4283 1257 4345 actibus
1306 4303 1441 4346 esse
1478 4287 1897 4367 desumptam,
1930 4307 2076 4350 cum

516 4378 731 4451 aperte
759 4373 981 4437 dixerit
1010 4375 1524 4442 humanationem
1558 4399 1669 4443 seu
1696 4383 2080 4447 incarnatio-

514 4481 661 4524 nem
691 4463 827 4525 Filii
874 4467 981 4527 Dei
1028 4467 1223 4531 fuisse
1250 4473 1569 4552 propriam
1616 4476 1753 4554 ejus
1780 4493 2034 4540 causam
2056 4495 2076 4561 3

516 4557 630 4618 sed
660 4557 913 4620 adducit
934 4560 1041 4622 illa
1071 4563 1153 4624 ad
1178 4567 1681 4646 exaggerandam
1710 4571 2079 4634 exinanitio-

514 4669 689 4726 nem,
718 4659 781 4714 et
808 4657 1239 4720 extensionem
1270 4660 1363 4738 (ut
1391 4661 1479 4722 sic
1506 4662 1733 4742 dicam)
1764 4665 2078 4730 servitutis

510 4745 758 4822 Christi,
794 4750 1110 4829 quomodo
1142 4751 1347 4814 dicere
1384 4755 1573 4816 etiam
1604 4755 1813 4819 Patres
1844 4760 2071 4837 solent,

511 4838 822 4902 Christum
852 4861 979 4904 non
1004 4844 1205 4906 solum
1234 4847 1368 4922 Dei,
1398 4849 1508 4909 sed
1532 4850 1716 4912 etiam
1744 4852 2072 4915 hominnm

514 4949 765 4994 servum
792 4934 1027 4997 factum
1056 4955 1217 5012 esse,
1246 4946 1314 5002 ut
1342 4941 1557 5004 videre
1586 4943 1732 5007 licet
1760 4947 1927 5026 apud
1953 4950 2076 5009 Au-

388 5081 398 5092 ,
515 5027 859 5104 guatinum,
887 5046 1061 5093 conc.
1096 5035 1135 5095 3
1160 5034 1227 5093 in
1258 5033 1417 5097 Psal.
1446 5039 1585 5113 103,
1613 5037 1716 5100 ubi
1745 5039 1897 5102 illud
1927 5042 2067 5104 lsai.

515 5121 594 5182 55
628 5139 643 5180 t
672 5122 725 5184 J
727 5124 1058 5204 ustificabit
1083 5127 1212 5207 ipse
1234 5128 1453 5208 justae
1484 5149 1689 5196 servus
1718 5151 1883 5198 meua
1922 5136 2076 5198 mvel-

512 5219 636 5291 toe,
693 5215 840 5278 citat
888 5217 1069 5296 Juxta
1113 5223 1585 5285 translationem
1638 5227 2070 5308 Septuaginta,

506 5305 843 5390 ‘iustificare
855 5312 1097 5390 justum
1125 5315 1261 5381 bene
1286 5318 1633 5382 servientem
1658 5321 1889 5386 multis.

593 5403 651 5462 9.
700 5403 1030 5479 Secundo,
1080 5409 1510 5488 principaliter
1562 5413 1813 5491 probari
1866 5421 2072 5495 pote-st

514 5493 653 5555 hmo
696 5498 1009 5560 sententia
1052 5518 1131 5561 cx
1172 5501 1345 5566 Novo
1380 5505 1803 5586 Testamento,
1837 5525 1912 5568 ex
1942 5529 2068 5590 quo

1778 331 2014 398 QUAEST.
2047 332 2156 392 XX.
2188 333 2394 388 Anne.
2425 336 2490 392 ll.

2174 434 2482 515 imprimis
2503 434 2718 498 afferri
2737 441 2940 516 potest
2955 436 3184 500 citatus
3197 436 3378 500 locus
3395 437 3592 504 unuh.
3609 446 3688 521 12,

2175 527 2280 590 uhi
2319 528 2397 590 de
2441 527 2681 591 Christo
2727 536 3126 609 exponuntur
3165 531 3366 594 verba
3407 534 3570 596 Isaiae
3609 540 3690 598 42.

2177 620 2302 683 Sed
2324 620 2430 684 hic
2446 622 2622 684 locus
2645 641 2774 684 non
2797 624 3058 686 omnino
3079 625 3414 700 convincit,
3433 629 3556 688 tum
3575 631 3690 706 quia

2173 715 2566 795 Evangeliata
2595 735 2724 778 non
2749 717 2960 780 tribuit
2985 718 3224 782 Christo
3249 720 3692 800 appellationem

2174 807 2342 868 illam
2365 853 2382 882 ,
2416 808 2529 872 sed
2563 815 2808 874 tantum
2849 810 3040 874 refert
3085 812 3234 890 quid
3268 813 3349 876 de
3395 831 3470 876 eo
3507 814 3690 880 dixerit

2171 901 2398 980 Isaias3
2443 920 2573 964 non
2619 907 2834 966 tamen
2873 904 3174 980 declarat,
3215 924 3302 968 an
3339 909 3580 986 proprie
3615 911 3692 972 vel

2171 995 2600 1076 metaphorice
2629 999 2714 1062 ita
2757 997 3071 1060 christum
3114 1000 3554 1074 nominaverit;
3585 1009 3692 1066 tum

2173 1088 2364 1150 etiam
2407 1091 2556 1168 quia
2583 1091 2914 1154 Matthaeus
2953 1111 3084 1154 non
3133 1093 3304 1170 citat,
3334 1093 3490 1158 Ecce
3519 1112 3692 1159 emus

2169 1199 2357 1257 mette,
2389 1183 2532 1258 scd,
2557 1186 2716 1250 Ecce
2739 1203 2892 1268 puer
2919 1204 3112 1260 meus,
3138 1205 3374 1267 graece,
3403 1200 3526 1258 παῖς,
3547 1189 3690 1268 juxta

2173 1277 2600 1356 Septuaginta.
2655 1279 2802 1354 Quae
2849 1297 2972 1344 vox
3019 1287 3116 1342 est
3155 1283 3365 1360 magis
3413 1283 3689 1362 ambigua,

2171 1371 2456 1450 quamvis
2489 1372 2596 1434 ubi
2623 1391 2752 1434 non
2785 1373 3116 1438 commode
3154 1379 3368 1456 potest
3389 1375 3598 1440 referri
3631 1376 3694 1440 ad

2169 1468 2444 1542 aetatem,
2469 1484 2720 1530 servum
2747 1473 2991 1532 tantum
3021 1469 3378 1550 significare
3407 1471 3620 1547 soleat,
3645 1477 3694 1532 et

2170 1557 2314 1620 ideo
2345 1559 2407 1620 in
2435 1561 2726 1638 proesenti
2755 1561 2876 1624 hoc
2911 1563 3248 1628 discrimen
3289 1583 3422 1628 non
3467 1565 3692 1628 multum

2171 1651 2424 1727 referat,
2450 1659 2520 1714 ut
2548 1654 2842 1718 indicavit
2869 1656 3060 1720 etiam
3085 1659 3374 1733 Hieron„
3405 1659 3576 1738 epist.
3604 1663 3686 1722 15¹

2171 1746 2252 1808 ad
2281 1747 2620 1826 algasiam,
2648 1767 2710 1828 q.
2735 1753 2798 1824 2,
2825 1756 2889 1814 et
2909 1751 2996 1814 ad
3021 1753 3141 1816 Tit.
3171 1757 3233 1829 ¹,
3260 1753 3375 1816 uhi
3401 1753 3488 1816 ait
3512 1771 3694 1817 vocem

2171 1839 2534 1902 hebraicam
2591 1842 2680 1904 ibi
2735 1846 2986 1924 proprie
3039 1846 3402 1924 significare
3457 1865 3686 1912 servum.

2169 1933 2447 1996 Sumitur
2473 1936 2666 1998 etiam
2693 1955 2770 2000 ex
2797 1939 2959 2018 Aug.
2981 1983 3004 2015 ,
3034 1938 3144 2002 lib.
3189 1943 3275 2002 20
3304 1940 3386 2002 de
3429 1939 3622 2016 civit„
3647 1961 3686 2004 c.

2167 2025 2308 2100 ult.,
2341 2035 2404 2088 et
2430 2028 2540 2090 lib.
2573 2028 2654 2090 de
2684 2029 2850 2094 Unit.
2881 2031 3196 2108 Ecclesiae,
3227 2051 3286 2094 c.
3319 2033 3384 2108 7,
3413 2033 3520 2096 ubi
3545 2034 3694 2096 indif-

2165 2119 2440 2184 ferenter
2475 2122 2576 2184 his
2616 2123 2875 2186 vocibus
2905 2126 3124 2202 utitur,
3145 2127 3356 2206 pueri,
3386 2127 3619 2200 scilicet,
3645 2135 3692 2190 et

2165 2213 2345 2276 servi.
2371 2217 2708 2278 Possumus
2727 2218 2922 2280 etiam
2941 2220 3171 2282 afferre
3197 2219 3364 2284 illud
3374 2219 3580 2286 matth.
3599 2225 3656 2284 tt
3675 2241 3688 2284 :

2169 2305 2470 2384 Confiteor
2485 2309 2619 2386 tibi,
2637 2311 2851 2388 Pater,
2871 2314 3124 2378 Domine
3137 2315 3273 2376 eceli
3293 2321 3351 2378 et
3363 2321 3553 2389 terrm,
3569 2318 3686 2388 etc.;

2163 2401 2232 2462 iu
2265 2402 2362 2464 his
2387 2420 2668 2484 namque
2703 2406 2910 2468 verbis
2939 2407 3222 2472 Christus
3257 2409 3576 2488 appellans
3597 2411 3686 2470 Pa·

2167 2499 2328 2556 trem
2357 2515 2541 2558 suum
2565 2500 2924 2578 Dominum,
2955 2501 3233 2581 seipsum
3259 2521 3508 2566 servum
3535 2501 3688 2584 profi·

2165 2589 2284 2650 teri
2313 2590 2582 2654 videtur.
2611 2594 2992 2674 Responderi
3017 2603 3234 2658 autem
3269 2601 3494 2676 potest,
3515 2597 3684 2676 potius

2165 2698 2242 2742 cx
2269 2683 2390 2744 hoc
2413 2683 2552 2746 loco
2575 2687 2932 2766 oppositum
2955 2687 3299 2769 colligi;ita
3325 2691 3492 2750 enim
3511 2691 3688 2752 distin·

2167 2777 2418 2855 guenda
2435 2785 2582 2840 sunt
2599 2780 2790 2842 verba
2807 2781 2933 2858 illa,
2953 2789 3024 2846 ut
3043 2784 3296 2846 Patrem
3317 2787 3680 2856 suumvocet,

2165 2871 2500 2934 Dominum
2525 2879 2738 2936 autem
2755 2892 2885 2936 non
2906 2894 3116 2955 suum,
3141 2877 3262 2940 sed
3285 2877 3428 2942 coeli
3446 2885 3504 2939 et
3520 2883 3683 2940 terrai.

2169 2964 2292 3026 Sed
2319 2982 2684 3046 quanquam
2707 2969 2840 3032 haec
2861 2971 3290 3052 interpunctio
3317 2973 3482 3034 hona
3507 2972 3596 3044 sit,
3613 2971 3686 3030 ai-

2165 3057 2504 3122 hilominus
2547 3062 2964 3139 Athanasius,
3001 3081 3190 3127 serm.
3225 3068 3268 3128 3
3295 3071 3510 3132 contra
3546 3063 3686 3126 Aria-

2163 3167 2304 3225 nos,
2338 3169 2414 3214 ex
2441 3152 2562 3214 hoc
2603 3154 2742 3216 loco
2787 3158 3031 3235 prohat,
3063 3157 3368 3234 Verbum,
3395 3163 3683 3237 postquam

2163 3244 2333 3306 venit
2359 3244 2440 3306 ad
2465 3263 2624 3324 opus
2649 3247 2844 3310 Patris
2863 3251 3348 3327 absolvendum,
3370 3257 3432 3314 et
3457 3251 3684 3311 formam

2167 3337 2325 3398 servi
2357 3340 2623 3418 accepit,
2647 3341 2894 3406 Patrem
2925 3363 3107 3406 suum
3136 3346 3474 3408 Dominum
3505 3361 3682 3405 vocas-

2167 3450 2256 3506 se,
2309 3434 2456 3512 quia
2476 3480 2498 3511 ,
2545 3437 2798 3513 quando
2844 3439 3020 3502 illum
3067 3442 3348 3520 appellat
3389 3441 3680 3502 Dominum

2165 3526 2303 3587 eceli
2355 3535 2419 3590 et
2463 3534 2670 3602 terrm,
2701 3549 2805 3594 res
2847 3535 3196 3609 omnes,ab
3239 3536 3378 3617 ipso
3417 3535 3678 3604 conditas,

2163 3620 2416 3696 nomine
2446 3623 2586 3684 coeli
2613 3630 2672 3686 et
2699 3630 2879 3688 terrae
2901 3627 3358 3708 complectitur,
3381 3630 3532 3692 inter
3553 3645 3680 3706 quas

2163 3711 2442 3776 Christus
2484 3723 2553 3778 ut
2578 3717 2768 3780 homo
2795 3728 3240 3801 enumeratum
3273 3741 3402 3786 non
3443 3742 3578 3805 ergo
3603 3739 3679 3782 se·

2161 3807 2366 3886 ipsum
2409 3811 2712 3890 excludit,
2745 3813 2858 3876 sad
2901 3833 3086 3878 auum
3127 3818 3318 3880 etiam
3365 3819 3676 3888 Dominum,

2166 3903 2410 3964 Patrem
2443 3907 2739 3984 appellat.
2777 3907 2948 3970 Sicut
2989 3909 3226 3973 ibidem
3271 3913 3518 3992 exponit
3555 3906 3678 3972 illud

2165 3995 2457 4058 Proverb.
2505 3999 2544 4060 8
2580 4017 2593 4058 :
2633 4001 2929 4064 Dominae
2969 4006 3236 4082 possedit
3279 4024 3371 4068 me
3417 4009 3482 4070 ia
3531 4002 3678 4068 initio

2161 4090 2404 4152 viarum
2437 4109 2711 4169 suam,
2758 4099 2877 4155 etc.
2927 4096 3088 4158 Nam
3138 4097 3222 4160 ibi
3273 4099 3676 4178 interpretatur

2160 4184 2332 4264 loqui
2363 4187 2746 4265 Sapientiam
2774 4189 3200 4268 incarnatam,
3235 4200 3304 4257 et
3327 4194 3468 4256 ideo
3493 4207 3676 4254 vocare

2160 4280 2382 4353 Deum,
2414 4282 2774 4343 Dominum.
2801 4285 2894 4344 Ex
2919 4286 3144 4364 quihus
3172 4292 3234 4349 et
3273 4288 3408 4350 aliis
3433 4287 3672 4350 testimo·

2161 4375 2280 4435 niis
2309 4374 2400 4436 sic
2429 4375 2812 4438 Athanasius
2837 4379 3150 4442 concludit
3179 4399 3194 4442 t
3229 4383 3452 4446 Merito
3475 4378 3670 4461 ipim,

2161 4469 2305 4546 quia
2333 4487 2442 4531 nos
2483 4470 2660 4545 servi,
2693 4489 2830 4536 eum
2871 4474 3022 4538 talis
3049 4477 3297 4556 effeetus
3333 4481 3482 4548 erat,
3503 4473 3672 4555 quales

2161 4577 2268 4622 nos
2296 4577 2558 4638 eramus,
2590 4581 2798 4630 servus
2827 4569 3192 4650 appellatur,
3215 4577 3394 4654 atque
3419 4571 3482 4632 id
3510 4565 3670 4634 studio

2159 4657 2407 4720 numam
2432 4659 2668 4738 qemi-is
2695 4658 2788 4726 tta
2813 4661 2994 4740 feeit,
3028 4681 3162 4746 quoe
3192 4665 3364 4728 nobis
3393 4683 3466 4729 ea·
3483 4667 3669 4727 mura

2157 4750 2368 4826 servia,
2401 4753 2504 4816 ubi
2527 4757 2998 4836 suscepissemus
3027 4758 3314 4838 spiritum
3335 4758 3518 4831 Filii,
3543 4755 3668 4833 fidu-

2157 4845 2254 4908 οἱα
2297 4849 2468 4921 esset,
2501 4865 2654 4925 eum,
2685 4851 2791 4930 qai
2817 4852 3132 4916 naturalis
3169 4855 3466 4916 Dominae
3504 4852 3668 4914 nostor

2155 4947 2310 5016 erat,
2354 4942 2607 5006 Patrem
2655 4961 2730 5006 eze
2767 4945 2976 5024 qratia
3015 4949 3348 5012 nominare.
3391 4947 3662 5012 amram,

2155 5036 2642 5116 quemaqudum
2688 5054 2817 5112 noe,
2875 5057 3010 5104 eum
3065 5041 3386 5106 Dominum
3431 5041 3664 5102 nostrum

2157 5129 2408 5211 Patrem
2439 5145 2716 5194 vocamus
2736 5177 2756 5208 ‚
2784 5149 2902 5196 aon
2929 5135 3284 5212 inficiatum·
3307 5139 3554 5200 nostram
3577 5144 3662 5192 na-

2157 5223 2414 5286 turalem
2444 5225 2830 5298 servitutem,
2869 5229 3088 5311 quippe
3126 5231 3228 5311 qni
3253 5233 3385 5310 ejus
3413 5245 3566 5309 opera
3587 5222 3660 5285 si-

2155 5332 2328 5389 mus-,-
2353 5319 2484 5400 ipse
2509 5319 2664 5381 enim
2689 5322 2832 5396 fecit
2853 5339 2984 5396 nos,
3025 5329 3082 5386 et
3115 5341 3231 5386 non
3257 5325 3382 5404 ipre·
3411 5339 3538 5387 noe:
3559 5318 3654 5390 ita,

2153 5429 2285 5474 eum
2327 5411 2572 5488 Filius,
2616 5415 2776 5478 seo-vi
2818 5419 3013 5496 speeie
3049 5425 3344 5500 suscepta,
3385 5418 3490 5480 bas
3525 5426 3656 5474 vocet

2153 5507 2276 5570 edit
2295 5531 2318 5566 .·
2345 5507 2643 5570 Dominus
2669 5511 2897 5572 creavit
2923 5527 3034 5585 me,
3057 5510 3330 5588 inficiari
3355 5527 3460 5572 noa
3489 5505 3652 5572 debent
