3892 6167
565 329 684 388 320

565 431 675 502 ris,
705 431 830 492 alia
859 447 943 490 ex
967 432 1146 506 parte
1199 441 1482 504 personis
1515 423 1854 496 merentis,
1891 421 2013 484 alia
2046 438 2127 482 ex

565 527 742 604 parte
773 524 912 603 ejus
936 519 1106 600 apud
1139 535 1330 595 quem
1357 523 1654 580 meretur.
1674 515 1760 578 De
1791 515 2019 595 quibus
2044 514 2126 578 si-

566 616 828 694 gillatim
858 633 933 675 ac
963 612 1237 676 breviter
1263 610 1599 672 dicendum
1633 613 1750 672 est.

647 714 706 774 2.
737 709 945 772 Prima
991 723 1141 784 ergo
1171 701 1446 766 conditio
1479 721 1556 766 ex
1585 709 1762 782 parte
1789 709 1969 766 actus
1995 719 2126 764 me-

567 802 766 866 ritorii
791 806 910 873 est,
935 805 1004 861 ut
1027 800 1108 864 sit
1127 797 1446 870 honestus,
1475 813 1613 876 quae
1647 803 1710 857 et
1737 815 1854 876 per
1879 813 1949 857 se
1976 801 2125 858 nota

571 903 702 972 est,
735 894 1058 974 loquimur
1089 893 1257 954 enim
1291 889 1370 952 de
1402 896 1624 954 merito
1671 891 1914 970 praemii
1956 889 2125 969 apud

569 990 792 1062 Deum,
819 993 883 1050 et
909 987 1106 1050 multo
1137 985 1346 1048 notius
1377 991 1474 1048 est
1517 983 1836 1048 inventam
1881 1002 2023 1046 esse
2058 984 2125 1044 iu

571 1084 863 1147 omnibus
885 1089 950 1145 et
973 1081 1240 1160 singulis
1257 1078 1500 1142 actibus
1517 1079 1854 1164 voluntatis
1877 1078 2124 1152 Christi,

569 1183 642 1240 ut
683 1196 762 1239 ex
805 1175 904 1252 iis,
953 1191 1094 1255 qnae
1125 1175 1204 1236 de
1243 1172 1466 1254 gratia,
1499 1172 1828 1236 sanctitate
1855 1179 1920 1236 et
1950 1173 2129 1236 inno-

569 1272 774 1336 centia
795 1271 932 1351 ejus
953 1269 1020 1332 in
1043 1267 1469 1348 superioribus
1497 1271 1758 1330 tractata
1777 1273 1946 1341 sunt,
1977 1265 2129 1328 satis

569 1368 836 1428 constat.

650 1463 712 1522 3.
739 1457 1026 1522 Secunda
1055 1455 1328 1520 conditio
1357 1455 1424 1516 in
1455 1472 1645 1534 opere
1675 1453 1991 1516 meritorio
2021 1471 2129 1516 ne-

571 1550 847 1614 cessaria.
885 1554 980 1614 est
1007 1553 1076 1610 ut
1105 1549 1182 1612 sit
1209 1548 1500 1621 liberum,
1531 1547 1830 1624 quoniam
1871 1563 1986 1626 per
2024 1563 2123 1622 ea,

571 1663 714 1722 quoe
739 1643 1048 1706 naturalia
1085 1649 1252 1715 sunt,
1290 1647 1354 1703 et
1395 1659 1666 1720 qnorum
1713 1641 1952 1704 domini
1994 1658 2125 1702 non

569 1755 810 1809 samus,
849 1755 968 1800 nec
996 1753 1314 1800 meremur
1341 1751 1460 1796 nec
1485 1733 1904 1796 demeremur.
1947 1734 2127 1798 Unde

569 1830 704 1894 hoec
733 1831 1010 1905 libertas,
1033 1847 1174 1909 quae
1197 1829 1280 1892 ad
1297 1828 1588 1892 meritum
1621 1828 1976 1892 necessaria
2004 1834 2125 1902 est,

571 1941 700 1986 non
759 1923 1144 1986 coactionem
1205 1929 1470 1998 tantum,
1517 1921 1628 1982 sed
1683 1922 2127 1984 necessitatem

573 2018 762 2080 etiam
789 2016 1152 2096 simpliciter
1177 2015 1472 2088 excludit,
1509 2015 1658 2093 quia
1684 2014 1792 2074 illa
1829 2015 1969 2078 sola
2012 2033 2129 2078 no-

571 2129 722 2174 men
755 2111 1055 2174 libertatis
1093 2117 1392 2183 meretur,
1439 2107 1696 2186 solaque
1731 2107 1836 2168 illa
1874 2109 1942 2170 in
1980 2127 2129 2170 vero

572 2205 810 2286 proprii
827 2211 1004 2268 actus
1027 2203 1308 2266 dominio
1337 2201 1638 2264 consistit.
1663 2201 1842 2264 Unde
1875 2201 2127 2275 Paulus,

485 2375 494 2384 ,
572 2300 654 2360 ad
701 2299 1076 2362 Philemon.:
1101 2296 1252 2362 Sine
1280 2296 1530 2360 consilio
1554 2296 1802 2374 (inquit)
1827 2302 1928 2360 tuo
1970 2296 2132 2360 nihil

569 2393 733 2456 volni
760 2395 958 2468 facore
976 2437 996 2467 ,
1027 2396 1098 2454 ut
1123 2407 1196 2453 ne
1223 2389 1410 2454 veluti
1443 2407 1516 2452 em
1544 2389 1889 2454 necessitate
1917 2389 2131 2452 bouum

573 2490 746 2549 tuum
777 2489 948 2557 met,
975 2483 1076 2547 sed
1103 2484 1516 2548 voluntarium
1535 2508 1560 2542 .·
1587 2489 1650 2546 et
1679 2485 1718 2544 2
1747 2482 2020 2544 Corinth.
2052 2485 2129 2546 9:

571 2579 717 2644 Non
745 2595 816 2640 ox
849 2577 1116 2641 triaetitia
1145 2583 1250 2638 aut
1277 2579 1634 2640 necessitato
1655 2601 1680 2647 ‚·
1719 2575 1947 2654 quibus
1980 2575 2133 2638 locis

573 2672 636 2734 id
667 2677 888 2734 notant
919 2672 1150 2732 Patres.
1181 2669 1337 2730 Hinc
1373 2668 1752 2741 MethodiuS,
1790 2667 1897 2730 lib.
1932 2668 2012 2728 de
2040 2668 2135 2732 Li-

571 2763 708 2828 ber.
741 2763 980 2826 arbitr-‚z
1011 2761 1094 2826 Si
1138 2766 1342 2837 factus
1379 2767 1530 2824 esset
1573 2762 1744 2824 Ιιοικο
1785 2761 2037 2840 (iuquit)
2064 2767 2135 2824 ut

573 2874 733 2921 uitus
759 2857 830 2920 de
855 2873 1096 2922 numero
1134 2871 1338 2918 eorum
1381 2855 1487 2934 qui
1519 2871 1588 2916 ez
1615 2855 1971 2920 necessitato
1996 2873 2127 2918 ser-

574 2949 770 3024 viunt,
791 2965 910 3010 uon
935 2949 1223 3030 reciperet
1249 2947 1571 3010 mercedem
1600 2947 1790 3010 libera
1831 2948 2135 3012 voluntate

577 3044 868 3118 dianam;
911 3043 974 3102 et
1017 3041 1412 3119 Hieronym„
1449 3039 1562 3101 lib.
1587 3044 1662 3112 2,
1695 3046 1861 3102 cont.
1895 3040 2125 3104 Joviu.:

589 3137 706 3200 Ubi
725 3136 1066 3205 necessitas,
1094 3132 1182 3196 ibi
1211 3151 1320 3196 nec
1341 3150 1578 3197 corona.
1609 3133 1832 3208 Hilar„
1857 3134 1963 3196 lib.
1995 3139 2027 3198 1
2050 3135 2131 3198 de

583 3227 824 3299 Trinit„
853 3226 1221 3304 aliquantul.
1257 3245 1294 3286 a
1323 3226 1548 3305 princ„
1575 3226 1657 3286 ita
1697 3228 1953 3306 exponit
1978 3227 2133 3290 illud

577 3323 612 3384 J
617 3339 808 3382 oann.
831 3323 854 3382 1
887 3336 902 3380 :
937 3320 1118 3382 Dedit
1143 3320 1230 3384 eis
1253 3324 1606 3398 potestatem
1625 3320 1792 3397 filios
1811 3321 1928 3382 Dei
1956 3322 2098 3397 fieri
2112 3347 2135 3382 .-

578 3415 740 3478 Εεεσ
773 3413 940 3493 filios
983 3413 1098 3476 Dei
1129 3431 1248 3474 non
1283 3413 1700 3476 vicensimum
1748 3429 1873 3476 eree
1913 3415 2133 3489 voluit,

575 3509 682 3572 sed
708 3511 1086 3586 potestatem,
1115 3512 1184 3569 ιιι
1203 3506 1483 3570 voluntas
1504 3507 1823 3588 proemium
1856 3524 2137 3588 assequa-

579 3605 704 3663 tur.
739 3600 1102 3678 Eademque
1131 3605 1222 3660 est
1259 3598 1572 3660 sententia
1605 3600 1856 3662 Petrum
1885 3606 1952 3660 et
1982 3601 2135 3661 Doc-

579 3701 808 3764 torum,
835 3711 994 3771 quos
1011 3693 1170 3772 disp.
1193 3695 1294 3765 37,
1319 3699 1471 3756 sect.
1497 3695 1556 3767 91,
1577 3693 1787 3767 retuli,
1812 3693 1918 3754 ubi
1946 3693 2135 3756 etiam

581 3789 742 3848 hanc
771 3785 1189 3848 conditionem
1219 3785 1428 3848 locum
1459 3784 1756 3848 habuisse
1793 3785 1854 3846 in
1889 3787 2135 3848 actibus

579 3879 919 3942 voluntatis
941 3877 1188 3951 Clu-isti,
1217 3878 1354 3940 fuse
1397 3879 1546 3940 satis
1591 3877 1979 3958 disputatum
2012 3886 2131 3942 est.

581 3975 796 4052 Neque
827 3973 993 4033 enim
1025 3972 1222 4050 probo
1261 3971 1678 4050 quorumdam
1715 3973 2132 4034 Nomiualium

581 4067 982 4142 sententiam,
1009 4065 1118 4144 qui
1164 4065 1592 4126 conditionem
1639 4065 1803 4127 hanc
1835 4067 2041 4128 solum
2072 4067 2135 4127 iu

580 4161 753 4241 puris
787 4159 1090 4220 creaturis
1136 4158 1352 4220 dicunt
1379 4176 1458 4220 ex
1502 4157 1644 4238 loge
1681 4158 1796 4220 Dei
1851 4175 1989 4221 esse
2025 4179 2137 4221 ne-

579 4255 939 4328 cessariam,
968 4252 1139 4312 illam
1165 4271 1314 4312 vero
1345 4252 1556 4331 legem
1583 4251 1894 4314 Clu-istum
1920 4254 2138 4315 Donni-

579 4365 734 4410 num
761 4365 890 4408 non
908 4343 1484 4424 comprehendisse,
1507 4345 1778 4424 ideoque
1801 4364 1924 4406 non
1950 4347 2137 4409 fuisse

581 4440 669 4503 illi
722 4436 1147 4500 necessariam
1197 4437 1550 4498 libertatem
1601 4437 1682 4498 ad
1733 4439 2131 4502 merendum.

577 4535 728 4597 Haec
786 4531 954 4592 enim
1000 4531 1314 4592 sententia
1364 4531 1632 4609 primum
1685 4531 1858 4592 nullo
1919 4532 2137 4596 nititur

577 4626 990 4690 fundamento
1013 4641 1030 4696 ;
1065 4623 1400 4685 ostendant
1421 4623 1592 4684 enim
1619 4624 1718 4686 isti
1747 4625 1856 4686 ubi
1883 4627 2015 4688 lnec
2034 4629 2137 4690 lex

579 4739 692 4802 pro
741 4718 1102 4780 hominibus
1133 4716 1306 4797 puris
1340 4716 1468 4780 lata
1498 4716 1718 4790 fuerit,
1752 4737 1880 4780 non
1921 4727 2136 4782 autem

577 4834 692 4895 pro
721 4812 984 4888 Christe,
1015 4815 1127 4872 aut
1157 4810 1260 4870 ubi
1293 4828 1438 4872 cum
1481 4811 1720 4872 Christo
1767 4813 2027 4876 Domino
2070 4815 2134 4876 in

578 4909 698 4968 hac
725 4907 863 4985 lege
893 4896 1318 4982 dispensatum
1357 4903 1470 4976 sit;
1505 4911 1616 4964 aut
1639 4921 1777 4982 quae
1805 4905 1993 4968 fuerit
2026 4927 2136 4968 ne·

579 5000 836 5064 cessitas
859 4997 1048 5076 hujus
1077 4995 1456 5074 exceptionis
1483 5015 1598 5058 seu
1625 4997 2130 5078 dispensationis,

580 5093 646 5156 Si
690 5091 858 5154 enim
906 5089 1267 5152 existimant
1294 5088 1360 5150 in
1389 5087 1626 5152 Christo
1655 5109 1786 5152 non
1825 5093 2019 5156 fuisse
2066 5095 2139 5156 li-

577 5188 910 5257 bertatem,
933 5190 1003 5245 et
1036 5181 1178 5244 ideo
1207 5181 1556 5261 indiguisse
1586 5181 1706 5244 hac
1739 5188 2136 5267 exemptione

577 5300 616 5342 a
651 5281 792 5358 lege
823 5274 1166 5350 communi,
1203 5274 1384 5336 valde
1435 5282 1649 5337 errant
1698 5286 1916 5340 contra
1962 5299 2138 5342 com-

578 5389 836 5434 munem
859 5367 1212 5432 doctrinam
1243 5367 1600 5448 Scripturas,
1631 5370 2045 5436 Conciliorum
2078 5382 2139 5436 et

581 5467 986 5536 sanctor-uim
1014 5461 1066 5523 si
1095 5467 1304 5524 autem
1335 5461 1414 5524 de
1443 5462 1660 5526 Christi
1693 5464 1979 5530 libertate
2010 5486 2133 5532 non

1791 325 2031 388 Qud-:st
2062 325 2192 378 xm.
2228 325 2427 379 Alme.
2466 327 2549 380 111.

2206 421 2520 498 dubitant,
2551 439 2681 486 non
2722 428 2817 484 est
2866 437 2979 484 cuz·-
3029 421 3191 486 hanc
3232 420 3700 502 dispensationem

2204 535 2321 580 seu
2372 517 2833 598 exemptionem
2884 536 2921 580 a
2973 517 3295 580 communi
3340 517 3475 598 lege
3510 523 3703 586 confin-
3799 527 3800 536 ³

2202 615 2375 688 gant.
2408 609 2755 672 Praesertim
2782 607 2931 688 quia
2954 609 3057 670 lex
3102 609 3233 673 hoec
3265 609 3491 677 nullam
3521 614 3703 695 imper-

2203 700 2539 764 fectionem
2588 702 2827 766 Christo
2858 702 3097 764 homini
3118 711 3557 783 repugnantem
3582 727 3703 790 mp-

2205 795 2405 875 ponit,
2422 795 2534 858 sed
2552 797 2633 856 ad
2655 796 3105 876 perfectionem
3126 796 3335 875 ponus
3354 797 3543 863 meriti
3564 819 3704 879 spec-
3801 874 3802 880 ἵ

2207 895 2317 952 tat.
2349 888 2585 952 Deinde
2614 890 2775 954 falso
2807 889 3105 955 videntur
3128 889 3197 952 hi
3220 897 3503 955 auctores
3525 911 3703 974 snppo-
3801 893 3802 918 ³

2206 1000 2359 1046 nere
2380 1027 2399 1056 ‚
2434 981 2786 1048 libertatem
2812 981 3053 1062 requiri
3080 981 3163 1044 ad
3192 983 3481 1048 meritum
3504 987 3702 1067 exlege

2210 1077 2559 1140 extrinseca
2576 1077 2691 1140 Dei
2714 1083 2779 1142 et
2800 1095 2929 1140 non
2958 1094 3037 1140 ex
3064 1077 3397 1142 intrinseca
3421 1085 3639 1153 naam,
3658 1091 3705 1144 et

2211 1169 2483 1234 essentia
2522 1169 2715 1250 ipsius
2761 1169 2963 1234 meriti
2992 1189 3011 1241 ;
3042 1168 3203 1234 sicut
3250 1170 3418 1234 enim
3460 1171 3535 1235 ad
3562 1175 3703 1236 meri-

2208 1269 2365 1338 tum,
2388 1282 2501 1326 seu
2520 1265 2727 1343 potius
2756 1263 3133 1326 demeritum
3160 1281 3385 1344 poenas,
3406 1268 3703 1330 necessaria
3803 1311 3804 1332 1

2210 1361 2303 1420 est
2330 1357 2613 1435 libertas,
2638 1375 2766 1421 non
2808 1375 2889 1418 ex
2914 1356 3061 1435 lege
3104 1357 3449 1422 extrinseca
3472 1359 3589 1433 Dei,
3620 1363 3703 1424 sed

2210 1470 2288 1516 ex
2330 1453 2671 1516 intrinseca
2716 1459 2945 1516 natura
2983 1452 3125 1517 talis
3168 1453 3399 1526 meriti,
3418 1455 3499 1516 ita
3520 1461 3583 1516 ut
3606 1457 3705 1518 siue

2209 1547 2328 1610 hac
2356 1548 2714 1612 conditione
2746 1547 3009 1610 omnino
3036 1563 3172 1610 esse
3198 1553 3537 1627 repugnet,
3556 1549 3625 1610 ita
3644 1551 3703 1612 de

2208 1660 2359 1704 vero
2404 1662 2481 1704 ac
2524 1643 2775 1723 proprio
2810 1642 3037 1706 merito
3080 1641 3323 1722 praemii
3364 1642 3704 1706 sentiendum

2210 1741 2341 1810 est,
2374 1742 2443 1798 ut
2470 1736 2653 1800 latius
2680 1735 2745 1798 in
2774 1735 3040 1798 materia
3090 1736 3169 1798 de
3220 1736 3441 1798 merito
3484 1736 3705 1817 disputa·
3804 1779 3806 1812 2

2208 1833 2348 1990 tul-⁸4:
2376 1924 2585 1986 Tertia
2610 1925 2914 1999 conditio,
2930 1925 2999 1986 in
3027 1924 3279 1988 actione
3306 1923 3487 1986 etiam
3502 1925 3705 1986 meritu-

2210 2016 2303 2078 ria
2332 2019 2707 2090 necessaria,
2750 2023 2847 2080 est
2881 2023 2951 2082 ut
2980 2019 3059 2080 sit
3104 2017 3555 2098 proportionata
3584 2037 3704 2096 prae·

2210 2111 2361 2186 mio,
2388 2120 2579 2190 atque
2624 2113 2787 2176 adeo
2838 2119 2908 2174 ut
2952 2111 3187 2174 habeat
3223 2111 3493 2174 valorem
3531 2110 3705 2172 condi·
3806 2189 3808 2194 .

2212 2223 2433 2286 gnum,
2446 2212 2505 2268 et
2526 2206 2734 2285 aliquo
2750 2205 2939 2268 modo
2962 2206 3051 2268 illi
3074 2205 3405 2284 aequalem.
3428 2205 3565 2268 Cum
3580 2206 3705 2266 enim

2210 2298 2371 2360 ratio
2406 2299 2607 2362 meriti
2638 2298 3049 2377 adjustitiam
3084 2299 3425 2379 pertineat,
3442 2297 3708 2377 aequatita-

2212 2399 2341 2456 tem
2374 2394 2649 2470 aliquam
2682 2393 2849 2454 inter
2888 2393 3181 2454 meritum
3214 2399 3281 2456 et
3307 2392 3607 2472 praemimn
3638 2409 3705 2452 re-

2212 2486 2405 2564 quirit
2436 2505 2451 2559 ;
2481 2486 2647 2550 hanc
2694 2503 2843 2550 vero
2902 2486 3277 2566 dignitatem
3323 2504 3433 2548 seu
3484 2485 3705 2546 valorem

2214 2579 2405 2642 fuisse
2435 2579 2497 2640 in
2530 2579 2772 2642 actibus
2814 2578 3039 2642 Christi
3087 2585 3383 2659 respectu
3430 2578 3707 2658 cujuscun-

2214 2690 2339 2752 que
2368 2674 2631 2753 praemii,
2662 2691 2795 2736 non
2824 2673 3115 2752 estquod
3146 2672 3363 2736 denuo
3391 2673 3705 2752 probemus3
3808 2667 3810 2684 ²

2213 2767 2503 2845 superius
2522 2765 2715 2839 enim,
2738 2783 2799 2844 q.
2825 2770 2854 2828 1
2870 2811 2886 2840 ,
2908 2773 3025 2830 art.
3048 2771 3111 2839 2,
3138 2765 3427 2828 latissime
3446 2769 3703 2826 ostensum

2214 2865 2308 2920 est
2338 2877 2527 2939 opera
2558 2859 2779 2922 Christi
2809 2859 3055 2923 Domini
3078 2866 3143 2924 et
3168 2878 3255 2924 ex
3284 2877 3355 2922 se
3394 2858 3568 2920 faisse
3602 2871 3704 2934 per-

2214 2953 2551 3014 fectissima
2602 2960 2665 3014 et
2708 2953 3099 3032 dignissima,
3138 2959 3205 3014 et
3248 2971 3329 3014 ex
3364 2969 3617 3032 personae
3640 2946 3703 3008 di-

2216 3046 2450 3124 gnitate
2482 3046 2779 3109 habuisse
2812 3047 3125 3110 infinitum
3159 3048 3446 3110 valorem
3472 3045 3545 3106 ad
3574 3040 3705 3104 satis·

2215 3139 2573 3202 faciendum
2604 3147 2667 3202 et
2693 3140 3097 3202 merendum.

2296 3235 2354 3292 5.
2390 3233 2641 3308 Quarta,
2666 3253 2744 3296 ex
2774 3240 2957 3313 parte
2988 3251 3277 3314 personae
3308 3231 3603 3300 merentis,
3624 3243 3705 3286 ΗΘ·

2218 3327 2489 3388 cessaria
2522 3332 2617 3388 est
2644 3334 2715 3388 ut
2762 3328 2841 3389 sit
2866 3345 3137 3407 persona
3168 3329 3297 3392 Deo
3326 3333 3514 3408 grata-
3543 3323 3705 3394 Qum·

2218 3436 2408 3498 quam
2464 3427 2677 3481 autern
2728 3426 2971 3482 certum
3014 3421 3115 3494 sit,
3158 3437 3487 3500 personam
3534 3408 3705 3480 Christi

2216 3515 2403 3578 fuisse
2463 3517 2585 3577 Deo
2640 3515 3083 3595 gratissimam,
3117 3522 3251 3578 tam
3294 3511 3611 3578 secundum
3638 3523 3702 3572 se.

2218 3627 2407 3686 quam
2448 3617 2521 3672 ut
2555 3610 3001 3672 subsistentem
3032 3609 3105 3672 in
3138 3609 3541 3680 humanitate,
3565 3608 3615 3662 et
3636 3619 3705 3660 ia-

2216 3703 2386 3766 tione
2428 3703 2644 3783 gratiae
2686 3703 2953 3777 unionis,
2986 3711 3050 3765 et
3076 3703 3325 3766 ratione
3354 3698 3551 3782 gratiis
3578 3691 3705 3756 babi-

2216 3796 2403 3858 tualis
2419 3796 2499 3858 ab
2517 3797 2621 3858 illa
2648 3798 2962 3860 manantis
2978 3817 2995 3870 ;
3024 3797 3329 3878 disputari
3348 3811 3489 3858 vero
3502 3811 3538 3854 a
3552 3788 3707 3850 Theo-

2215 3887 2373 3969 logis
2407 3890 2565 3954 solet
2600 3937 2615 3963 ,
2656 3909 2739 3952 an
2788 3889 2925 3954 haec
2976 3891 3291 3970 posterior
3340 3887 3524 3970 gratia
3569 3876 3707 3944 suerit
3812 3905 3814 3952 ς

2218 3983 2457 4046 Christo
2484 3986 2839 4046 necessaria
2854 3985 2937 4046 ad
2964 3984 3283 4059 meritum,
3300 3989 3487 4060 atque
3498 3976 3633 4040 adeo
3648 3988 3705 4074 an

2216 4075 2323 4138 illa
2342 4077 2533 4140 tuerit
2552 4078 2794 4140 Christo
2810 4078 3076 4140 Domino
3089 4069 3552 4157 principiumsui
3567 4082 3706 4128 meri-

2218 4169 2557 4241 ti.Ouidam
2576 4172 2741 4234 enim
2760 4171 3114 4234 existimant
3128 4171 3297 4232 hanc
3310 4167 3555 4250 gratiam
3566 4159 3705 4222 etiam

2220 4262 2283 4324 iu
2314 4261 2553 4327 Christo
2580 4265 2769 4327 fnisse
2784 4263 2865 4326 ad
2886 4265 3179 4326 meritum
3208 4259 3619 4326 neeessariam.
3642 4251 3703 4310 lta

2218 4361 2392 4418 tenet
2418 4357 2679 4434 Marsil.‚
2710 4358 2775 4420 in
2810 4359 2873 4432 3,
2904 4375 2966 4436 q.
3000 4361 3101 4432 10,
3134 4363 3255 4420 art.
3290 4361 3321 4418 1
3346 4371 3368 4432 3
3398 4348 3703 4414 Bonaveat..

2219 4449 2362 4512 dist.
2396 4453 2495 4524 13,
2526 4457 2643 4512 art.
2691 4454 2749 4523 1,
2780 4469 2841 4531 q.
2870 4454 2903 4514 1
2929 4467 2950 4529 3
2980 4451 3289 4524 Durand.,
3318 4467 3384 4528 q.
3414 4451 3440 4508 1
3468 4465 3487 4521 3
3516 4433 3702 4504 Palud„

2218 4557 2280 4622 q.
2306 4546 2369 4620 2,
2392 4543 2684 4624 opinione
2704 4547 2767 4619 4,
2794 4544 3071 4606 conclus.
3099 4548 3167 4618 3;
3190 4543 3463 4606 indicant
3478 4526 3701 4612 Capreo!-

2218 4637 2326 4708 ibi,
2354 4655 2414 4716 q.
2444 4637 2649 4712 unica,
2692 4644 2808 4700 art.
2834 4641 2897 4710 3,
2924 4637 3007 4700 ad
3034 4642 3407 4718 argumenta
3430 4627 3575 4694 Scoti
3598 4636 3705 4682 0⁰1¹·

2220 4734 2313 4790 tra
2342 4733 2368 4790 1
2408 4731 2717 4807 conclus.;
2748 4738 2811 4794 et
2836 4730 3075 4802 Dried„
3098 4737 3279 4794 tract.
3308 4733 3371 4802 2,
3400 4727 3473 4788 de
3492 4720 3633 4798 Capi·
3658 4715 3703 4772 θῑ

2216 4823 2501 4902 redemp.
2552 4843 2699 4903 gen.
2744 4825 2943 4896 hum„
2988 4844 3043 4888 c.
3076 4828 3148 4897 2,
3180 4843 3241 4903 p.
3266 4826 3329 4896 3,
3362 4821 3470 4882 art.
3497 4818 3551 4888 42
3573 4806 3637 4870 ad
3654 4806 3700 4864 3·

2216 4915 2413 4978 Favet
2436 4919 2511 4980 D.
2538 4918 2789 4993 Thom„
2818 4936 2881 4998 q.
2914 4922 2994 4982 29
3022 4918 3102 4980 de
3130 4917 3351 4988 verit..
3376 4910 3557 4981 ⁰1⁸²·51
3574 4899 3697 4965 ⁸³⁴²

2220 5008 2325 5070 nbi
2356 5008 2442 5068 ait
2468 5009 2759 5071 meritum
2790 5011 3015 5074 Christi
3043 5009 3279 5072 lia-bere
3304 5005 3585 5069 rationem
3604 5006 3701 5054 11¹0·

2216 5101 2317 5162 riti
2348 5120 2389 5162 a
2410 5101 2618 5180 gratia
2648 5103 2974 5177 habituali,
2998 5104 3137 5168 sine
3166 5119 3291 5182 qua
3312 5096 3577 5163 meritum
3599 5097 3699 5184 2⁵5⁰

2218 5211 2349 5256 non
2374 5200 2599 5273 potest.
2640 5195 3147 5258 Fundamentum
3193 5211 3329 5256 esse
3370 5189 3699 5276 potesne&

2221 5286 2277 5348 si
2302 5289 2511 5348 anima
2538 5288 2759 5350 Christi
2788 5296 3033 5352 careret
3062 5289 3181 5350 hac
3216 5286 3411 5366 gratia
3436 5267 3691 5342 habiturn.

2220 5399 2353 5442 non
2395 5388 2563 5444 esset
2592 5383 2927 5446 intrinsece
2966 5383 3249 5446 ordinata
3288 5379 3359 5442 ad
3390 5369 3695 5452 supernam·

2218 5473 2416 5536 raleni
2463 5473 2915 5538 beatitudiuem
2944 5521 2962 5550 ,
3004 5495 3145 5555 quse
3191 5476 3253 5537 in
3301 5471 3515 5534 xisiene
3552 5457 3691 5522 heum
