3892 6167
639 307 760 368 658

637 413 986 495 Martyrum
1004 407 1348 484 visitandis,
1380 409 1602 473 diebus
1628 413 1971 491 praesertim
1998 411 2199 475 domi-

635 508 794 572 nicis
841 513 904 570 et
948 505 1208 570 testiviS.
1260 505 1335 568 Et
1363 505 1805 568 Constantinus
1843 507 1936 586 (ut
1964 505 2192 568 Ruffin.

634 603 849 676 refert,
881 603 926 664 l.
969 605 1007 666 3
1053 600 1236 674 nist„
1267 617 1322 662 c.
1357 601 1496 680 33),
1548 605 1695 661 ante
1741 599 2091 680 Martyrum
2139 607 2199 662 et

633 695 1074 778 Apostolorum
1091 695 1328 768 thecas,
1345 693 1594 774 jacebat
1609 693 1803 756 cilicio
1823 701 2193 776 prostratus

633 789 794 854 Hinc
819 788 1010 854 etiam
1037 787 1540 870 chrysostomus„
1557 787 1732 851 hom.
1749 791 1830 852 66
1849 789 1927 850 ad
1947 789 2195 870 Popul„

633 883 800 948 circa
822 881 1042 960 finem,
1071 881 1308 962 inquit:
1334 879 1569 946 Christi
1586 900 1897 948 servorum
1918 883 2199 966 sepulcra

631 979 826 1059 reyiis
850 977 1011 1042 aulis
1033 979 1178 1040 sunt
1197 975 1486 1052 clariora,
1498 993 1618 1037 non
1645 975 2043 1054 aedificiorum
2071 993 2195 1040 ma-

631 1073 741 1154 qni
745 1073 972 1148 tudine,
993 1070 1132 1136 licet
1151 1071 1217 1134 in
1232 1069 1340 1134 Ιιοσ
1355 1071 1538 1134 etiam
1554 1075 1868 1150 superent,
1898 1071 2002 1134 sed
2018 1071 2201 1154 (quod

629 1165 820 1230 multo
845 1165 1050 1246 maius
1096 1165 1221 1244 est)
1265 1163 1734 1228 convenientium
1777 1164 2000 1228 studio.
2033 1166 2194 1229 Hinc

631 1258 906 1340 denique
939 1257 1348 1336 reliquiarum
1379 1263 1772 1338 contemptus
1799 1257 1862 1319 in
1893 1257 2192 1339 injuriam

629 1353 999 1418 Sanctorum
1029 1351 1367 1426 redundat,
1385 1357 1645 1432 propter
1665 1351 1838 1431 quod
1866 1351 2057 1414 etiam
2086 1372 2192 1416 ea-

627 1467 770 1512 rum
813 1446 1090 1510 venditio
1141 1446 1448 1526 sacrilega
1482 1453 1545 1509 et
1587 1447 1934 1510 simoniaca
1972 1465 2192 1512 cense-

626 1547 754 1616 tur,
786 1559 923 1621 cap.
955 1541 1112 1604 Cum
1137 1557 1216 1603 ex
1256 1558 1356 1616 eo,
1389 1539 1470 1602 de
1497 1539 1794 1621 Reliquiis
1823 1547 1887 1604 et
1926 1560 2191 1606 venera-

627 1635 802 1700 tione
829 1635 1222 1710 Sanctorum,
1255 1639 1318 1698 et
1348 1634 1606 1698 tradunt
1634 1636 2003 1718 jurisperiti,
2034 1637 2099 1698 in
2127 1655 2181 1700 c.

630 1728 944 1808 Quisqui5‚
973 1731 1073 1804 Π,
1105 1745 1168 1808 q.
1200 1731 1263 1790 4.

707 1826 771 1886 5.
802 1822 1477 1906 Dubium—Reliquioe
1488 1823 1854 1890 Sanctorum
1879 1844 1995 1910 quo
2024 1828 2193 1891 modo

632 1917 922 1992 absoluto,
954 1921 1012 1981 et
1034 1916 1165 1980 sine
1209 1917 1542 1981 conditione
1567 1919 1819 1982 adorari
1837 1919 2193 2000 possint.—

632 2011 756 2076 Sed
777 2016 1011 2092 quaeret
1038 2011 1262 2090 aliquis
1279 2011 1401 2074 hoc
1420 2011 1582 2089 loce,
1603 2031 1682 2074 an
1711 2011 2068 2093 hujusmodi
2087 2033 2191 2076 re-

621 2105 840 2188 liquiae
860 2104 1143 2168 absolute
1169 2103 1505 2168 adorandae
1526 2105 1670 2182 sint,
1684 2107 1785 2168 vel
1808 2113 2054 2169 tantum
2072 2107 2191 2170 sub

627 2199 1010 2264 conditione.
1041 2199 1116 2261 Et
1151 2199 1309 2261 ratio
1338 2198 1509 2261 dubii
1534 2205 1650 2276 est,
1667 2199 1820 2280 quia
1847 2201 2191 2282 plurimum

629 2299 776 2357 sunt
803 2293 1057 2356 incertae
1085 2314 1102 2368 3
1133 2291 1304 2354 unde
1329 2337 1345 2367 ‚
1379 2292 1430 2354 si
1475 2293 1762 2356 absolute
1809 2294 2186 2371 adorentur,

625 2384 979 2468 periculum
1009 2389 1211 2448 estne
1253 2385 1424 2448 falsae
1469 2404 1583 2466 pro
1611 2387 1776 2448 veris
1805 2385 2181 2462 adorentur3

625 2479 710 2542 ad
738 2477 1061 2541 vitandum
1091 2496 1242 2558 ergo
1274 2477 1647 2560 periculum,
1692 2487 1937 2561 oportet
1966 2479 2188 2542 condi-

623 2573 862 2636 tionem
882 2591 1220 2655 apponere.
1237 2572 1534 2653 Exemplo
1555 2571 1914 2636 confirmari
1937 2573 2057 2637 boc
2078 2591 2185 2655 po·

621 2667 765 2743 test,
797 2685 973 2745 nam,
996 2685 1141 2731 cum
1169 2665 1377 2744 alicui,
1416 2685 1531 2748 per
1567 2667 1827 2728 modurn
1855 2667 2187 2730 revelatio-

621 2759 746 2834 nis,
796 2760 1038 2842 species
1067 2759 1290 2822 Christi
1331 2759 1574 2821 Domini
1627 2761 2002 2837 ostenditur,
2057 2779 2183 2822 non

622 2851 815 2916 debet
840 2853 1010 2915 illam
1037 2852 1323 2915 absolute
1346 2853 1648 2930 adorare,
1676 2854 1788 2916 sed
1826 2855 2030 2916 solum
2065 2853 2184 2916 sub

621 2946 1005 3023 conditione,
1037 2965 1120 3009 ne
1149 2950 1421 3027 exponat
1458 2964 1526 3008 se
1553 2947 1832 3028 periculo
1862 2965 1978 3030 pro
2008 2949 2183 3011 Chri-

621 3047 718 3103 sto
751 3039 1051 3104 adorandi
1093 3041 1389 3104 Satanam
1417 3041 1929 3123 transfiguratum
1973 3045 2037 3105 in
2073 3061 2184 3106 an·

623 3133 838 3216 gelum
874 3133 1031 3197 lucis
1045 3155 1065 3211 3
1114 3152 1263 3216 ergo
1311 3135 1618 3211 similiter,
1661 3143 1779 3200 etc.
1815 3137 2183 3218 Responde-

618 3231 724 3290 tur
750 3225 1140 3289 distinctione
1169 3233 1230 3289 et
1257 3228 1589 3307 prudentia
1613 3248 1773 3310 opus
1804 3247 1961 3293 esse.
1997 3230 2180 3294 Aliud

621 3326 717 3384 est
746 3321 914 3382 enim
941 3321 1112 3400 loqui
1146 3320 1226 3382 de
1250 3321 1500 3402 publico
1532 3335 1596 3384 et
1623 3324 1888 3385 solemni
1915 3325 2041 3387 ritu
2072 3343 2183 3388 seu

617 3415 861 3478 honore
891 3413 1300 3494 reliquiarum
1319 3459 1341 3493 ‚
1371 3413 1544 3477 aliud
1569 3415 1648 3478 de
1677 3415 1918 3497 privato
1951 3436 2029 3480 ex
2056 3417 2185 3480 sin-

619 3507 822 3592 gulari
871 3507 1202 3570 devotione
1241 3507 1506 3589 alicujus
1543 3527 1849 3590 personoe.
1885 3511 1963 3574 Ut
2014 3513 2181 3574 enim

619 3601 847 3682 aliquae
886 3601 1166 3682 reliquiae
1198 3601 1448 3682 publice
1479 3603 1560 3663 ab
1586 3602 1878 3666 universa
1905 3605 2179 3668 Ecclesia

619 3696 930 3772 colantur,
959 3695 1187 3777 primo,
1215 3713 1474 3758 necesse
1511 3702 1606 3758 est
1644 3702 1715 3758 ut
1743 3697 1822 3760 de
1851 3701 2179 3764 sanctitate

617 3806 929 3870 personae,
958 3787 1058 3851 vel
1087 3807 1202 3870 per
1235 3788 1656 3851 universalem
1689 3791 1978 3855 Ecclesiae
2025 3811 2180 3856 con-

617 3899 878 3946 sensum
906 3899 1021 3944 seu
1046 3881 1470 3960 traditionem,
1497 3883 1597 3946 vel
1625 3902 1741 3965 per
1769 3886 1997 3948 summi
2021 3887 2180 3949 Pon-

615 3975 804 4040 tificis
849 3975 1387 4040 canonizationem
1424 3981 1688 4041 constet.
1730 3979 1968 4043 Deinde
1998 3999 2182 4064 opor-

617 4075 709 4134 tet
738 4075 808 4132 ut
845 4068 1097 4152 publica
1127 4072 1496 4134 auctoritate
1518 4070 1800 4152 reliquiae
1826 4092 2182 4156 proponan-

617 4169 724 4228 tur
751 4169 824 4227 ut
851 4182 1040 4240 verae,
1073 4169 1135 4227 et
1166 4165 1248 4227 ad
1269 4165 1458 4228 talem
1493 4183 1832 4250 personam
1859 4170 2182 4248 pertinen-

617 4263 716 4322 tes
726 4272 750 4337 3
769 4257 901 4320 haec
929 4264 1139 4320 autem
1169 4259 1507 4321 auctoritas
1538 4266 1632 4322 est
1657 4261 1827 4342 apud
1851 4261 2180 4327 Summum

615 4349 983 4414 Pontificem
1010 4355 1072 4414 et
1101 4352 1464 4432 Episcopos,
1499 4354 1608 4432 qui
1638 4353 2052 4419 sufficientem
2080 4358 2180 4420 di-

615 4443 943 4526 ligentiam
991 4450 1138 4507 ante
1186 4444 1706 4526 approbationem
1743 4447 2043 4512 adhibere
2086 4457 2180 4513 te-

616 4545 871 4601 nentur.
911 4539 988 4602 Et
1029 4539 1316 4619 quamvis
1344 4539 1566 4602 harum
1611 4541 2021 4622 reliquiarum
2050 4561 2177 4606 non

617 4631 700 4694 sit
739 4633 999 4713 aequalis
1047 4630 1354 4696 certitudo
1400 4634 1562 4713 (aliae
1610 4635 1778 4696 enim
1825 4643 1972 4700 sunt
2017 4639 2177 4700 anti-

615 4727 870 4806 quiores
897 4723 1084 4808 aliis)‚
1116 4733 1329 4790 tamen
1349 4773 1365 4803 ‚
1397 4730 1718 4810 supposita
1756 4729 1920 4793 dicta
1950 4749 2175 4814 appro-

611 4817 890 4898 batione,
921 4821 1209 4884 absolute
1238 4819 1484 4884 adorari
1513 4827 1779 4903 possunt
1800 4824 2043 4904 absque
2073 4844 2175 4888 ex-

611 4909 824 4992 plicita
845 4913 1225 4989 conditione,
1256 4919 1390 4976 tum
1411 4915 1556 4996 quia
1588 4917 1653 4977 in
1671 4915 1860 4979 rebus
1879 4919 2174 4980 humanis

611 5021 743 5066 non
774 5007 868 5066 est
895 5007 1097 5086 maj0r
1123 5007 1430 5070 certitudo
1474 5010 1879 5090 requirenda,
1911 5019 1974 5075 et
2002 5013 2172 5092 peri-

609 5097 827 5159 culum
852 5097 1130 5160 formalis
1159 5101 1413 5175 erroriS,
1449 5107 1516 5163 ut
1549 5102 1638 5164 ita
1668 5103 1895 5180 dicam,
1927 5105 2172 5166 nullum

609 5193 729 5265 est,
750 5191 978 5254 cumin
1006 5190 1253 5254 ratione
1273 5193 1520 5255 formali
1546 5195 1848 5258 adorandi
1875 5215 2002 5258 non
2034 5216 2174 5277 pos-

608 5285 689 5346 sit
719 5301 854 5346 esse
891 5301 1088 5360 error,
1114 5285 1177 5346 in
1208 5302 1335 5364 qua
1363 5288 1610 5350 ratione
1638 5289 1867 5352 virtute
1897 5293 2175 5354 contine-

607 5382 710 5442 tur
740 5377 1011 5442 conditio
1055 5396 1334 5444 errorem
1381 5381 1754 5459 excludens;
1811 5391 1945 5447 tum
1984 5385 2173 5449 etiam

606 5471 756 5550 quia
785 5473 838 5534 si
887 5471 1204 5536 interdum
1245 5475 1654 5540 materialiter
1697 5484 1963 5560 erretur,
1998 5479 2171 5542 nulla

1855 311 2091 374 QUAEST.
2125 311 2276 366 XXV.
2309 311 2512 366 Anne.
2544 311 2627 366 Vl.

2280 411 2397 474 erit
2424 411 2629 492 culpa,
2680 427 2823 472 cum
2866 409 3037 473 bona
3069 409 3193 475 fide
3220 419 3279 477 et
3316 419 3563 496 prudenti
3584 437 3709 500 modo

2278 503 2675 586 procedatur.
2718 505 2795 566 Et
2820 504 2921 584 pie
2964 503 3344 570 credendum
3380 517 3589 582 estnon
3620 544 3710 604 pes.

2280 599 2619 660 missurum
2648 599 2845 660 Deum
2892 597 3253 678 hujusmodi
3295 615 3533 672 errorem
3557 614 3606 676 in
3640 621 3712 686 hoc

2280 691 2533 772 publico
2576 691 2771 754 cultu.
2806 691 2985 764 Quod
3028 692 3079 754 si
3127 693 3421 759 interdum
3446 703 3639 770 videtur
3656 715 3714 776 in.

2278 785 2601 848 tercedere
2639 785 2863 864 aliquis
2906 803 3106 862 error,
3148 805 3274 850 non
3314 795 3429 855 tam
3458 799 3715 871 estinsuh.

2278 878 2505 944 stantia
2530 879 2625 942 rei
2662 879 2935 942 adoratae
2976 895 3167 958 quam
3194 881 3261 944 in
3291 884 3479 965 aliqua
3502 896 3715 962 conditio.

2276 991 2381 1035 ne.
2411 975 2512 1051 Ut,
2550 973 2728 1036 verbi
2774 973 3011 1052 gratia,
3042 993 3263 1055 corpus
3306 979 3551 1059 ejusdem
3572 989 3714 1056 Sancti

2276 1065 2592 1129 interdum
2614 1067 2681 1128 in
2710 1067 2969 1130 diversis
2994 1067 3150 1129 locis
3174 1085 3307 1131 esse
3334 1073 3660 1158 existimatur,
3674 1097 3714 1149 et

2274 1161 2340 1222 in
2371 1163 2461 1222 eis
2512 1161 2874 1224 solemniter
2901 1161 3284 1242 honoratnr3
3326 1163 3388 1227 id
3416 1173 3585 1234 tamen
3612 1182 3714 1240 aeci.

2274 1253 2424 1317 dcre
2455 1257 2683 1338 potuit,
2712 1255 2811 1317 vel
2842 1255 2992 1335 quia
3034 1255 3101 1317 in
3126 1263 3383 1337 utroque
3418 1261 3537 1325 loco
3558 1275 3626 1330 est
3644 1272 3709 1334 ali·

2272 1365 2397 1428 qua
2422 1367 2571 1430 pars
2596 1349 2767 1411 illius
2790 1351 3096 1430 corporis„
3126 1357 3187 1412 et
3212 1369 3249 1411 a
3278 1359 3441 1432 parte
3466 1361 3621 1422 totum
3642 1383 3707 1427 nn·

2270 1443 2581 1506 minatum
2626 1450 2738 1506 est.
2771 1443 2873 1506 Ait
2914 1443 3086 1505 enim
3110 1445 3488 1526 Theodoret.,
3512 1451 3597 1514 lib.
3620 1459 3710 1520 Bad

2270 1537 2540 1615 Graecoe,
2570 1537 2793 1599 nullibi
2838 1537 2973 1600 fere
3016 1539 3275 1618 reperiri
3300 1539 3569 1622 integrum
3592 1549 3712 1614 alicn-

2262 1631 2369 1710 jus
2416 1632 2626 1695 Sancti
2671 1649 2923 1712 corpus,
2946 1637 3209 1713 propter
3246 1631 3497 1698 fidelium
3528 1639 3711 1707 devotio-

2274 1741 2444 1786 nem.
2480 1725 2591 1786 Vel
2638 1731 2807 1788 certe
2846 1743 3043 1788 causa
3084 1725 3388 1788 interdum
3420 1747 3537 1794 esse
3558 1737 3711 1813 potuit,

2274 1818 2421 1898 quia
2442 1819 2652 1882 Sancti
2680 1820 2935 1881 fuerunt
2966 1817 3248 1899 ejusdem
3280 1822 3537 1897 nominis,
3560 1833 3712 1891 etsue·

2274 1929 2450 1975 cessu
2506 1913 2809 1994 temporis
2856 1913 3188 1994 utriusque
3238 1913 3487 1995 reliquiae
3511 1919 3713 1998 ejusdem

2270 2025 2559 2088 personae
2587 2007 2959 2069 existimatae
2988 2014 3163 2084 sunt,
3190 2013 3251 2069 et
3276 2020 3503 2089 propter
3520 2017 3711 2078 nominis

2272 2101 2769 2182 ambiguitatem,
2804 2101 2895 2163 illi
2922 2101 3235 2163 attributoe
3251 2145 3274 2178 ,
3304 2104 3401 2181 qui
3424 2106 3623 2185 majoris
3638 2107 3710 2172 ha-

2270 2193 2456 2255 betur
2500 2195 2711 2274 gloriae
2760 2201 2822 2256 et
2860 2193 3229 2257 sanctitatis,
3282 2195 3442 2267 Quod
3478 2198 3533 2258 in
3573 2203 3709 2279 capite

2270 2285 2305 2349 J
2310 2288 2530 2349 oannis
2556 2289 2851 2368 Baptistoe
2876 2288 3167 2367 suspicor
3189 2287 3479 2353 accidisse.
3498 2291 3553 2352 ln
3574 2293 3709 2356 direr-

2271 2380 2356 2440 sis
2386 2381 2554 2442 enim
2582 2381 3035 2444 Ecclesiis‘esse
3064 2379 3319 2455 dicitur3
3350 2385 3447 2461 qui
3464 2390 3625 2447 tamen
3650 2406 3706 2448 er·

2268 2491 2373 2535 ror
2398 2493 2527 2536 non
2554 2481 2686 2537 tam
2720 2480 2816 2537 est
2836 2475 2903 2536 in
2936 2473 3318 2551 substantia,
3343 2493 3505 2556 quam
3534 2477 3583 2539 in
3614 2499 3705 2542 con-

2268 2565 2507 2628 ditione
2546 2568 2639 2629 rei
2686 2567 2963 2630 adoratae
2994 2587 3012 2642 3
3056 2567 3207 2630 satis
3254 2575 3345 2630 est
3382 2571 3524 2631 enim
3544 2578 3597 2632 ut
3618 2575 3702 2635 sine

2270 2677 2481 2723 errore
2519 2669 2763 2725 certum
2805 2663 2883 2724 sit
2924 2661 3070 2724 illas
3118 2679 3255 2725 esse
3303 2663 3532 2744 alicujus
3564 2667 3696 2730 Sancti

2266 2753 2580 2834 reliquias.

2347 2850 2407 2908 6.
2431 2851 2509 2911 At
2523 2867 2696 2926 vere,
2715 2855 2784 2914 ut
2803 2849 3089 2933 reliquiae
3105 2849 3383 2930 privatim
3403 2851 3503 2914 coli
3521 2853 3691 2933 possint,

2268 2941 2497 3005 sufficit
2520 2946 2833 3025 privatum
2866 2945 3062 3008 etiam
3090 2945 3491 3006 testimonium
3512 2947 3695 3008 visarum

2261 3035 2386 3098 fide
2407 3035 2766 3118 dignorum,
2781 3039 2883 3102 vel
2898 3039 3027 3102 alia
3044 3039 3203 3102 ratio
3224 3045 3331 3102 aut
3346 3040 3628 3120 conjectura
3646 3041 3697 3101 ita

2260 3131 2633 3210 probabilia,
2670 3141 2742 3194 ut
2770 3133 3097 3196 sufficiens
3142 3132 3225 3194 sit
3253 3133 3329 3195 ad
3352 3133 3577 3213 prudens
3592 3135 3699 3212 judi-

2260 3225 2429 3285 cium
2455 3225 2810 3289 ferendum.
2844 3229 3069 3307 Neque
3096 3227 3343 3290 enimin
3362 3227 3467 3289 hoc
3488 3231 3593 3289 actu
3616 3245 3698 3288 ma·

2258 3317 2364 3398 jor
2391 3319 2696 3383 certitudo
2723 3322 3037 3402 exigenda
3066 3326 3185 3396 est,
3231 3337 3405 3400 quam
3430 3321 3499 3381 ad
3518 3321 3697 3381 aliarum
3765 3307 3766 3343 ³

2264 3412 2563 3476 virtutum
2585 3422 2761 3478 actus
2780 3415 3195 3492 exercendos,
3218 3421 3279 3476 et
3294 3413 3421 3474 ideo
3438 3421 3557 3475 tunc
3572 3415 3697 3474 etiam

2260 3525 2393 3570 non
2423 3515 2667 3590 oportet
2706 3509 3139 3571 conditionem
3166 3507 3423 3587 aliquam
3456 3507 3695 3586 explicare,

2262 3603 2411 3684 quia
2439 3603 2687 3685 proprie
2708 3601 2951 3664 nullum
2981 3607 3082 3664 est
3104 3600 3433 3684 periculum
3454 3599 3639 3670 erroris,
3654 3605 3697 3660 ut
3762 3599 3764 3635 ³

2262 3697 2640 3778 explicatum
2668 3704 2783 3760 est.
2819 3697 3085 3770 Quando
3114 3713 3261 3759 vero
3282 3713 3376 3758 res
3402 3699 3481 3756 est
3500 3694 3641 3755 dubia
3656 3698 3697 3752 et

2258 3789 2518 3868 incerta,
2539 3796 2690 3854 tunc
2710 3791 2965 3872 quidem
2976 3790 3409 3853 abstinendum
3422 3795 3501 3851 est
3521 3806 3551 3848 a
3564 3785 3695 3860 cultu,
3760 3855 3762 3858 Α

2261 3905 2389 3950 non
2409 3893 2623 3949 tamen
2643 3886 2923 3966 reliquiae
2950 3884 3385 3948 conculcandae
3410 3887 3531 3944 sunt
3548 3887 3593 3942 et
3606 3896 3701 3939 oon-
3760 3867 3762 3929 i

2262 3978 2618 4046 temnendae
2640 4027 2656 4056 ,
2706 3979 2821 4042 sed
2870 3980 3210 4061 separatim
3258 3974 3628 4039 custodiendas.
3655 3973 3702 4030 Et
3758 4055 3760 4068 Ι

2260 4093 2378 4156 per
2416 4075 2549 4136 hoec
2576 4077 2752 4154 patet
2798 4073 3133 4154 responsio
3166 4071 3247 4136 ad
3272 4070 3541 4134 rationem
3576 4064 3703 4128 dubi·
3758 4075 3760 4088 ·

2260 4168 2456 4232 tandi.

2343 4264 2402 4323 7.
2445 4260 2544 4323 Ad
2585 4261 2945 4342 exemplum
2990 4277 3143 4324 vero
3186 4256 3580 4340 respondetur,
3618 4251 3698 4312 tre·
3756 4297 3758 4302 .

2259 4355 2555 4436 quentius
2599 4371 2820 4417 verum
2851 4373 2991 4418 esse
3034 4354 3206 4434 quod
3234 4355 3291 4416 in
3321 4371 3391 4415 eo
3416 4347 3637 4419 sumitur,
3656 4349 3699 4402 1¹¹

2261 4451 2443 4512 docet
2462 4451 2835 4523 Bonavent.,
2862 4449 2928 4510 in
2952 4451 3011 4524 3,
3034 4449 3099 4511 d.
3122 4451 3185 4525 9,
3206 4467 3267 4510 a.
3288 4451 3343 4523 1,
3364 4465 3419 4526 q.
3439 4449 3497 4517 ὃς
3516 4439 3695 4512 Marsilo

2260 4549 2479 4624 quoest.
2514 4547 2575 4620 8,
2608 4561 2667 4608 a.
2693 4547 2755 4619 2,
2784 4543 2934 4606 dub.
2968 4545 3030 4606 5.
3066 4543 3221 4615 Quia
3246 4540 3453 4604 veritas
3476 4549 3693 4618 persona,
3754 4553 3756 4562 ²

2258 4655 2398 4717 quae
2427 4637 2494 4699 in
2520 4636 2903 4700 revelatione
2934 4655 3240 4718 apparere
3275 4634 3521 4706 videtur,
3552 4623 3695 4690 diffici-

2255 4729 2375 4792 lius
2399 4731 2814 4812 cognoscitur,
2847 4737 2909 4794 et
2930 4731 3099 4808 ideo,
3120 4729 3425 4792 moraliter
3444 4717 3690 4802 loquendo,
3751 4780 3757 4814 ,

2254 4843 2355 4887 res
2384 4832 2479 4889 est
2506 4826 2688 4889 valde
2716 4825 2955 4889 incerta
2974 4873 2989 4902 ,
3032 4832 3096 4890 et
3127 4824 3329 4904 quoad
3370 4823 3475 4883 boc
3508 4833 3604 4879 non
3632 4815 3691 4873 est

2256 4917 2458 4980 simile
2505 4919 2660 4981 illud
2706 4919 3087 4999 exemplum.
3146 4919 3207 4980 Si
3242 4925 3435 4981 tamen
3457 4912 3588 4973 bona
3610 4904 3688 5005 title

2253 5009 2476 5092 aliquis
2503 5013 2809 5092 procedat
2831 5057 2849 5088 ,
2883 5018 2945 5074 et
2987 5009 3381 5074 sufficientem
3424 5003 3575 5066 faciat
3598 4995 3685 5058 dih·

2256 5107 2531 5186 gentiam
2563 5105 2645 5167 ad
2683 5105 3134 5167 discernendos
3162 5104 3420 5186 spiritus,
3442 5105 3495 5160 et
3514 5090 3684 5156 tandem

2254 5199 2595 5278 prudenter
2620 5199 2860 5278 judicet
2896 5200 3337 5261 revelationem
3370 5209 3490 5256 esse
3516 5207 3545 5248 a
3574 5185 3681 5282 1³0¹}⁰

2256 5291 2501 5372 spiritu,
2532 5297 2739 5371 potest
2766 5291 3124 5372 simpliciter
3159 5291 3407 5352 adorare
3434 5284 3543 5345 sine
3574 5289 3682 5355 pen-

2254 5384 2395 5447 culo
2427 5383 2679 5460 erroris„
2710 5389 2843 5448 tum
2871 5385 3021 5466 quia
3048 5385 3211 5448 hona
3234 5381 3353 5445 fide
3370 5383 3427 5443 et
3438 5371 3683 5459 prudenter

2254 5485 2591 5559 operatum
2643 5484 2779 5542 tum
2828 5479 3018 5544 etiam
3068 5479 3216 5560 quia
3272 5471 3560 5540 formaliter
3594 5463 3677 5524 tota
