3892 6167
504 336 624 404 488

501 445 626 506 test
649 438 830 506 illam
849 435 1256 516 relationem,
1295 435 1420 502 nisi
1453 441 1646 520 prout
1673 434 1944 501 inheret
1986 435 2077 500 ei-

504 533 652 612 dem
678 537 942 597 natum.
983 581 994 590 .

587 629 688 692 ¹2.
731 624 1149 690 Confirmatur
1169 643 1248 690 ae
1267 623 1646 700 declaratur,
1672 639 1846 698 nam,
1877 619 1932 686 si
1954 621 2077 686 fin-

505 738 734 799 gamus
752 717 946 802 (quod
965 716 1156 800 aliqui
1177 724 1402 800 putent
1429 735 1570 782 esse
1587 715 1910 798 possibile)
1934 716 2077 782 dari

506 811 777 894 gratiam
826 816 1107 874 creatam
1159 809 1666 886 substantialem,
1715 825 1853 883 sen,
1901 807 2077 890 quod

505 904 679 970 idem
721 908 850 980 est,
891 902 1026 966 dari
1074 903 1490 968 substantiam
1529 902 2077 984 supernaturalem

507 1005 738 1062 natura
770 1015 886 1060 sua
909 1003 1180 1080 gratam,
1212 1015 1484 1078 eamque
1510 996 1743 1060 assumi
1776 1013 1814 1058 a
1840 993 2073 1074 verbo,

506 1101 677 1169 tuno,
705 1092 758 1156 si
783 1109 924 1174 qum
948 1091 1169 1156 relatio
1197 1090 1516 1155 filiationis
1541 1089 1626 1154 ad
1649 1090 1848 1154 Deum
1869 1089 2071 1154 resul-

506 1192 668 1250 taret
695 1203 772 1250 ex
796 1186 904 1248 illa
931 1186 1165 1248 unione
1199 1185 1443 1248 ratione
1473 1183 1618 1250 talis
1637 1191 1906 1259 naturae,
1939 1203 2069 1248 non

507 1280 870 1346 conveniret
888 1277 1096 1342 Verbo
1120 1278 1482 1344 immediate
1509 1285 1574 1344 et
1597 1279 1949 1344 seeundum
1970 1297 2065 1389 se,

507 1372 621 1436 sed
648 1372 854 1436 media
879 1371 990 1436 tali
1007 1380 1232 1439 natura
1254 1393 1271 1449 ;
1303 1391 1480 1456 erge,
1511 1373 1702 1438 etiam
1729 1374 1780 1436 si
1806 1392 1977 1438 nune
2001 1374 2069 1438 in

507 1465 746 1532 Christo
783 1466 1046 1530 resultet
1085 1466 1306 1530 relatio
1354 1466 1596 1530 ratione
1641 1467 1858 1547 gratio
1893 1467 2075 1530 habi·

505 1560 716 1638 tastis,
761 1559 872 1622 illa
919 1577 1050 1622 non
1099 1560 1431 1624 conveniet
1473 1559 1677 1624 Verbo
1695 1605 1718 1638 ‚
1767 1560 1888 1624 nisi
1931 1579 2073 1626 me·-

505 1653 718 1718 diante
747 1654 972 1735 grstia,
1017 1671 1092 1717 eo
1135 1653 1324 1718 modo
1363 1671 1490 1736 quo
1529 1655 1610 1718 de
1637 1653 1806 1718 laeto
1840 1663 1959 1734 est,
2008 1656 2071 1722 id

505 1753 641 1824 est,
671 1742 860 1829 prout
891 1747 982 1810 illi
1009 1747 1410 1828 conjungitur
1439 1747 1652 1812 media
1678 1747 2073 1816 humanitate

505 1859 620 1906 seu
647 1841 844 1923 (quod
871 1841 1040 1906 idem
1066 1843 1186 1922 est)
1209 1841 1424 1906 media
1443 1843 1836 1910 humanitate
1863 1851 1931 1910 ut
1960 1843 2071 1911 tali

508 1935 708 2020 gratia
733 1934 977 2000 affecta.
1007 1935 1468 2016 Consequentia
1487 1939 1588 2000 est
1611 1936 1872 2000 evidens
1895 1956 1936 2000 a
1962 1957 2071 2019 pa

505 2029 688 2094 ritate
724 2030 1018 2107 rationis,
1054 2047 1206 2094 nam
1219 2075 1244 2108 ,
1281 2030 1445 2094 siout
1473 2030 1542 2092 in
1572 2030 1876 2111 praedicto
1913 2048 2074 2099 eam

504 2120 612 2187 illa
647 2121 1136 2204 supernaturalis
1176 2129 1404 2188 natura
1433 2123 1864 2188 substantialia
1899 2130 2069 2188 esset

504 2217 684 2298 gran
710 2213 939 2297 duplici
966 2215 1174 2296 titulo,
1201 2217 1464 2296 seilicet,
1493 2223 1556 2281 et
1581 2235 1700 2299 per
1723 2235 1794 2282 se
1819 2219 2067 2284 ratione

504 2326 636 2373 suas
659 2315 919 2385 natura,
947 2313 1012 2375 et
1027 2311 1272 2376 ratione
1293 2311 1572 2388 unionis,
1595 2311 1685 2376 ita
1706 2310 2068 2378 hnmanitas

505 2420 676 2466 nune
717 2409 811 2466 est
838 2407 1018 2484 grata
1061 2404 1184 2467 hoe
1215 2405 1454 2487 duplici
1479 2405 1660 2470 titulo
1681 2450 1700 2481 ‚
1743 2412 1810 2470 et
1840 2408 2064 2487 gratia,

507 2513 648 2576 quoe
687 2515 860 2564 nuno
900 2504 994 2563 est
1029 2498 1458 2576 accidentalis,
1503 2517 1637 2564 non
1667 2499 2069 2580 conjungitur

507 2591 656 2654 hnic
679 2591 1004 2672 supposito
1019 2635 1037 2668 ,
1068 2593 1193 2656 nisi
1221 2599 1410 2674 prout
1431 2591 1744 2670 gratificat
1765 2593 1932 2656 bane
1960 2611 2069 2656 ns·

509 2693 736 2752 turam.
784 2685 1172 2752 antecedens
1216 2695 1428 2752 autem
1459 2694 1558 2752 est
1599 2687 1882 2763 evidens,
1919 2688 2073 2770 qnia

507 2786 658 2843 tune
689 2778 796 2844 illa
823 2787 1050 2846 natura
1075 2800 1194 2863 per
1221 2799 1290 2844 se
1328 2787 1396 2844 et
1425 2799 1504 2844 ex
1525 2781 1594 2844 vi
1618 2797 1734 2844 sua
1755 2799 1890 2844 non
1909 2799 2065 2846 eon·

493 2873 783 2954 J’ungitnr
807 2875 1151 2956 supposito,
1181 2874 1502 2944 mediante
1529 2873 1654 2938 alia
1673 2881 1924 2952 natm-a,
1952 2876 2069 2940 sed

500 2967 863 3034 immediate
879 2993 902 3046 ;
945 2987 1102 3052 ergo
1143 2969 1367 3036 relatio
1403 2971 1556 3034 inde
1589 2970 1900 3034 resultans
1933 2987 2067 3034 non

499 3061 863 3127 conveniret
899 3062 1224 3144 supposito
1244 3109 1267 3140 ,
1311 3063 1430 3126 nisi
1461 3063 1782 3128 mediante
1811 3063 1920 3128 tali
1954 3083 2065 3128 ns.-

499 3161 662 3231 tura‚
712 3154 871 3220 sieut
921 3173 1095 3223 nuno
1139 3155 1360 3222 relatio
1399 3155 1717 3220 filiationis
1763 3156 2063 3222 humano

496 3264 626 3314 non
649 3248 939 3314 convenit
965 3247 1174 3312 Verbo
1207 3291 1228 3323 ,
1271 3247 1396 3314 nisi
1423 3247 1740 3315 mediante
1761 3250 2063 3314 humani-

493 3345 664 3419 tatu
705 3345 774 3406 et
795 3342 1014 3408 relatio
1051 3341 1374 3408 filiationis
1415 3342 1858 3424 metaphorice
1879 3363 2063 3410 orea-

493 3440 650 3500 turoe
677 3434 764 3498 ad
781 3436 984 3501 Deum
1007 3453 1139 3500 non
1163 3434 1732 3522 eonvenitcbristo
1759 3443 1832 3501 ut
1854 3437 2059 3502 homi-

493 3528 582 3606 ni,
619 3527 746 3592 nisi
783 3528 1104 3594 mediante
1139 3529 1559 3596 humanitate.
1603 3530 1806 3611 Igitur
1829 3548 1910 3595 ex
1935 3531 2062 3598 bae

489 3627 818 3702 pai-tenen
830 3628 1170 3704 repugnat,
1191 3621 1301 3703 huj
1309 3621 1552 3686 asmodi
1577 3621 2063 3690 relationemre-

489 3715 726 3783 sultare
747 3733 830 3784 ex
851 3715 1167 3782 infusione
1190 3717 1408 3798 gratim
1427 3715 1500 3780 in
1523 3714 1806 3782 hnmana
1825 3715 2057 3784 Christi

487 3814 716 3872 nature
745 3827 766 3884 ;
811 3815 880 3874 et
916 3809 1038 3874 hae
1075 3809 1320 3874 ratione
1353 3809 1484 3872 dixi
1507 3808 1790 3875 sectione
1814 3827 2059 3890 pratee-

483 3899 702 3977 dente,
719 3899 1076 3966 seeundum
1094 3919 1233 3969 rem
1259 3901 1552 3967 eamdem
1569 3902 1947 3968 relationem
1972 3901 2055 3968 ad

485 3995 686 4060 Deum
721 3995 1056 4060 eonvenite
1089 3996 1334 4060 Christo
1377 3995 1644 4070 homini,
1682 4002 1756 4062 ut
1781 3997 2057 4064 sanetifi-

483 4091 626 4152 oato
655 4105 772 4169 per
807 4089 1082 4168 gratiam
1107 4088 1567 4156 accidentalem
1591 4131 1608 4166 ,
1655 4107 1798 4170 quse
1827 4108 2057 4156 eonve-

479 4181 572 4246 nit
612 4181 753 4244 aliis
797 4179 1158 4246 bominibus
1193 4183 1410 4262 justis,
1455 4188 1668 4249 tamen
1712 4183 1782 4247 in
1810 4184 2055 4250 Christo

476 4291 608 4339 non
635 4272 872 4339 habere
897 4275 1212 4338 rationem
1233 4274 1560 4340 filiationis
1577 4323 1596 4352 ,
1639 4275 1794 4358 quia
1821 4277 2053 4342 infusio

477 4367 696 4449 gistis
715 4367 1118 4433 accidentalis
1135 4376 1427 4450 respectu
1451 4369 1676 4436 Christi
1701 4389 1834 4436 non
1855 4371 2058 4436 babet

475 4462 784 4529 rationem
809 4461 1151 4541 spiritualis
1167 4463 1622 4544 generationis,
1645 4464 1762 4530 sed
1781 4464 2050 4545 produc·

479 4555 664 4622 tionis
731 4553 1068 4634 enjusdam
1135 4556 1536 4636 proprietatis
1601 4559 2048 4639 consequentis

475 4649 752 4729 priorem
807 4653 874 4710 et
925 4646 1402 4715 substantialem
1455 4651 2045 4718 sanctificationem.

473 4743 716 4823 Neque,
743 4740 796 4806 si
825 4747 996 4806 esset
1017 4739 1262 4819 filiatio,
1283 4746 1452 4808 esset
1479 4743 1704 4808 filiatio
1729 4745 2049 4828 adoptiva,

473 4836 584 4900 sed
607 4836 817 4918 potius
845 4835 1152 4900 naturalis
1173 4879 1195 4914 ,
1227 4855 1358 4903 non
1385 4837 1650 4918 quidem
1678 4839 2052 4920 perfectissi-

469 4947 578 4996 ma
623 4934 690 4993 et
729 4947 848 5011 per
889 4931 1257 5005 essentiam,
1299 4931 1414 4998 sed
1451 4949 1567 5013 per
1609 4933 2049 5014 participatio·

470 5041 646 5102 nem,
685 5023 1096 5086 nihilominus
1125 5031 1338 5088 tamen
1375 5027 1444 5091 in
1485 5044 1599 5090 suo
1631 5026 1838 5107 gradu
1865 5034 2047 5091 natu-

467 5115 618 5188 ralis
643 5122 707 5182 et
729 5133 866 5188 non
895 5115 1232 5200 adoptiva,
1269 5119 1421 5200 quis
1447 5119 1650 5199 grstia
1677 5128 1774 5184 est
1795 5119 2042 5188 Christo

467 5211 717 5282 homini,
741 5213 1209 5290 ominaturalis,
1193 5237 1208 5252 ·
1249 5213 1410 5279 sieut
1435 5231 1628 5294 supra
1649 5213 1965 5302 dicebam,
1990 5217 2041 5280 si

463 5302 724 5374 daretur
751 5304 1108 5370 substantia
1133 5307 1633 5388 supernaturalis
1662 5327 1778 5390 per
1797 5329 1868 5374 se
1897 5329 2045 5392 gra·

459 5405 548 5474 ta,
567 5397 856 5468 futuram
884 5397 1088 5462 fllium
1115 5400 1231 5463 Dei
1256 5407 1388 5464 tam
1429 5399 1710 5483 perfecte
1749 5402 1856 5474 vel
1892 5419 2043 5485 per-

459 5477 716 5572 festius,
755 5509 953 5574 quam
994 5494 1124 5560 sint
1170 5511 1348 5564 nune
1371 5495 1696 5576 justificati
1739 5513 1853 5578 per
1897 5515 2043 5579 gra.-

1717 335 1957 398 QUAEST.
1990 337 2165 393 xxiii.
2200 338 2401 396 An'ric.
2438 337 2521 392 W.

2158 441 2335 516 tiam,
2360 445 2431 504 ut
2456 455 2573 520 per
2592 454 2665 502 se
2692 437 2973 512 eonstst;
3008 441 3072 502 et
3100 441 3321 500 tamen
3338 437 3408 501 in
3432 453 3511 516 eo
3529 436 3739 516 gnada

2155 551 2287 596 non
2312 539 2482 596 esset
2506 531 2865 612 adoptivus,
2889 529 3005 594 sed
3050 529 3369 594 naturalis
3398 529 3514 596 nei
3540 528 3737 606 filim,

2156 627 2305 708 quia
2340 643 2473 692 non
2508 625 2873 688 conveniret
2908 621 2999 686 illi
3034 641 3151 704 per
3184 623 3439 688 donum
3476 621 3741 703 aliquod

2155 721 2351 802 gratis
2372 719 2849 800 superadditum
2872 723 3133 792 naturae,
3176 715 3295 782 sed
3316 735 3437 798 pet
3464 734 3537 792 se
3570 722 3641 780 et
3664 733 3743 778 es

2154 820 2381 878 natura
2418 831 2555 878 sua.
2600 813 2776 876 Sient
2811 828 2984 874 nune
3008 810 3227 874 filiatio
3260 811 3373 874 illa
3402 808 3743 889 metapho-

2153 909 2307 982 rica,
2350 925 2481 988 qua
2504 906 2783 988 Angelus
2808 925 2923 987 per
2948 912 3268 982 naturam,
3302 904 3415 966 vel
3438 902 3741 984 quaeiibet

2156 1002 2278 1064 alia
2312 1007 2603 1064 creatura
2642 1000 2869 1064 dieitur
2910 999 3079 1064 filins
3111 999 3225 1064 Dei
3264 999 3525 1070 ratione
3562 1015 3743 1072 erea-

2150 1095 2361 1172 tionis,
2388 1112 2521 1158 non
2548 1100 2644 1157 est
2670 1093 2887 1156 filiatio
2906 1093 3241 1174 adoptiva,
3270 1091 3403 1158 sed.
3423 1091 3741 1166 naturalis

2147 1187 2215 1251 in
2250 1206 2362 1252 suo
2394 1187 2983 1264 ordine.Quoei1-ea
3022 1184 3501 1270 (prosequendo
3526 1184 3739 1265 hype-

2151 1281 2375 1346 thesim
2403 1299 2599 1362 supra
2620 1279 2899 1362 saetam),
2940 1281 2994 1342 si
3020 1280 3422 1362 fingeremus
3446 1272 3739 1357 Verbum

2156 1391 2475 1440 assumere
2506 1373 2985 1438 substantialem
3012 1380 3311 1438 naturam
3342 1378 3735 1454 mamam-

2154 1469 2389 1544 ralem,
2429 1484 2704 1549 persona
2732 1468 3076 1549 composita
3098 1465 3247 1529 inde
3275 1465 3643 1542 resultans,
3670 1473 3741 1531 nt

2154 1567 2341 1626 esset
2362 1560 2507 1626 talis
2546 1561 2923 1637 substantia,
2973 1561 3145 1626 esset
3182 1559 3355 1625 filius
3400 1559 3549 1634 Dei,
3602 1576 3737 1622 non

2152 1660 2397 1719 tantum
2438 1655 2521 1718 ob
2568 1655 2841 1763 gratiam
2888 1653 3161 1728 unionis,
3192 1653 3331 1718 sed
3372 1648 3585 1719 θῆαι
3622 1669 3739 1733 per

2149 1748 2571 1812 conditionem
2589 1749 2908 1830 propriam
2930 1748 3073 1812 talis
3094 1754 3369 1823 naturas,-
3388 1763 3597 1831 qnam
3617 1763 3735 1826 per

2149 1859 2218 1904 se
2260 1841 2465 1922 primo
2492 1841 2758 1906 haberet
2794 1859 2873 1906 ex
2912 1843 2973 1904 vi
3016 1857 3143 1906 sua
3184 1839 3643 1922 pmduetienis
3674 1847 3733 1902 et

2147 1953 2275 2000 non
2300 1941 2547 2000 tantum
2573 1937 2819 1998 ratione
2846 1934 3127 2012 unionis3
3154 1938 3376 2000 tamen
3400 1931 3535 2006 sub
3558 1939 3734 1996 utra-

2149 2047 2273 2110 que
2300 2029 2544 2094 ralione
2568 2034 2739 2094 esset
2762 2028 2931 2092 filius
2956 2027 3281 2104 naturalis,
3313 2035 3388 2091 et
3412 2045 3553 2093 nen
3578 2027 3727 2098 adef

2147 2124 2373 2204 ptivus,
2404 2123 2556 2203 qnia
2590 2128 2859 2203 utraque
2890 2119 3107 2186 filiatio
3136 2122 3414 2188 oriretur
3445 2139 3533 2184 ex
3558 2119 3729 2200 prin·

2148 2216 2309 2296 eipio
2360 2216 2697 2280 intrinseco
2740 2214 3131 2279 substantiali
3178 2221 3253 2280 et
3294 2215 3723 2280 connaturali.

2148 2309 2513 2374 Necessario
2574 2326 2727 2390 ergo
2782 2309 3145 2374 reducenda
3208 2316 3306 2376 est
3371 2307 3541 2380 ratio
3606 2308 3727 2370 divi

2146 2401 2427 2478 Thomae,
2452 2405 2524 2463 ut
2540 2401 2621 2464 sit
2646 2401 2893 2478 efficax,
2922 2401 3006 2468 ad
3024 2401 3183 2464 illud
3204 2401 3603 2483 principium
3630 2417 3730 2460 sn-

2146 2513 2263 2576 pra
2286 2496 2585 2576 positum,
2616 2501 2681 2556 et
2708 2495 2790 2558 ad
2812 2493 3364 2576 imperfeotionem
3395 2493 3719 2576 proprian

2148 2595 2213 2654 et
2246 2589 2427 2670 quasi
2468 2587 2826 2670 specificam
2851 2633 2867 2666 ‚
2923 2607 3038 2652 seu
3080 2589 3498 2671 negationem
3532 2603 3717 2667 qnam

2152 2681 2305 2746 dioit
2332 2682 2551 2746 filiatio
2580 2682 2897 2765 adoptiva,
2920 2683 3167 2749 ratione
3192 2685 3381 2764 eujus
3404 2689 3718 2764 πορθμεῖ

2152 2775 2361 2842 eidem
2390 2775 2731 2840 convenius
2758 2819 2777 2855 ,
2826 2777 3261 2843 eui-eonvenit
3284 2775 3523 2848 filiatio
3548 2783 3717 2843 natu·

2148 2871 2323 2937 ralis.
2506 2911 2511 2916 -

2232 2967 2333 3030 13.
2370 2961 2535 3030 Alia
2568 2964 2845 3032 rationu
2884 2965 3341 3034 καθήκων.
3372 2995 3463 3034 -,-
3499 2965 3720 3034 Briau

2143 3058 2472 3138 refellitur.
2496 3091 2578 3104 —
2594 3057 2913 3133 Secundo,
2946 3057 3147 3124 infero
3180 3057 3495 3126 exiliatis
3532 3074 3716 3136 quam

2142 3151 2273 3214 vim
2316 3151 2595 3216 habeant
2640 3151 2918 3215 rationes
2958 3152 3115 3228 aiiae,
3148 3166 3293 3232 quse
3320 3151 3411 3216 ad
3436 3150 3716 3232 proposi·

2140 3250 2271 3308 tam
2296 3246 2673 3310 sententiam
2689 3245 3079 3327 probandam
3102 3245 3186 3311 ab
3213 3246 3357 3310 aliis
3381 3245 3713 3324 *theologis

2140 3338 2344 3402 efferri
2375 3337 2581 3404 solent
2607 3357 2623 3414 ;
2654 3355 2875 3402 omnes
2902 3339 3071 3402 enim
3106 3346 3217 3406 ant
3256 3339 3561 3406 effioeees
3594 3355 3712 3406 noa

2140 3439 2309 3512 sunt,
2338 3433 2553 3501 autad
2574 3449 2715 3498 eam
2735 3450 2923 3514 quam
2942 3433 3393 3514 proposuimus
3414 3449 3710 3500 revocan-

2136 3531 2263 3592 tur.
2290 3525 2499 3592 Prima
2542 3533 2643 3592 est
2666 3543 2894 3590 eorum
2912 3525 3025 3606 qui
3061 3532 3312 3607 putant,
3346 3526 3707 3594 tle-ratione

2136 3619 2250 3684 filii
2276 3619 2555 3700 adoptivi
2576 3637 2739 3697 esse,
2771 3625 2843 3684 ut
2880 3617 3057 3702 prins
3080 3624 3371 3701 tempato
3396 3620 3483 3687 sit
3519 3636 3705 3700 qum

2138 3713 2221 3778 sit
2240 3711 2431 3776 filius.
2454 3712 2635 3787 Quod
2682 3712 2973 3778 videntur
2996 3713 3271 3780 sensisse
3298 3714 3613 3796 Magister
3648 3720 3703 3776 et
3833 3741 3834 3756 ι

2140 3809 2384 3874 Alensis
2404 3808 2573 3874 eitnti
2600 3809 2666 3874 in
2691 3815 3031 3876 eomment.
3052 3809 3323 3876 articuli.
3350 3808 3589 3876 Sedibi
3610 3826 3703 3873 αι·

2136 3902 2345 3980 tendi,
2381 3919 2527 3968 eam
2569 3902 2995 3971 conditionem
3040 3921 3173 3970 non
3222 3921 3366 3970 esse
3414 3919 3702 3970 neeesse

2135 3997 2319 4062 riam.

2217 4095 2317 4158 u.
2346 4092 2621 4160 Samae
2644 4091 2995 4158 duamur
3016 4099 3075 4158 et
3100 4091 3477 4172 cosme.
3498 4093 3695 4156 -Se-

2136 4185 2345 4252 ennda
2396 4187 2585 4262 ratio,
2608 4201 2751 4266 ques
2793 4185 3257 4267 praecedentem
3304 4185 3565 4263 limitet,
3588 4191 3693 4261 est,

2134 4278 2284 4360 quia
2318 4278 2543 4344 saltem
2593 4296 2857 4346 neeesse
2883 4283 3081 4343 estut
3130 4278 3207 4354 is,
3230 4279 3341 4359 qui
3386 4285 3491 4343 est
3542 4278 3694 4343 filins

2131 4371 2487 4454 adoptivus,
2514 4372 2693 4454 prins
2736 4375 2965 4437 natura
3001 4373 3085 4436 sit
3118 4389 3319 4456 qum
3364 4373 3453 4440 sit
3482 4372 3691 4447 filins3

2131 4465 2245 4528 sed
2284 4465 2407 4528 hoe
2454 4483 2587 4532 non
2638 4465 2937 4530 convenit
2960 4465 3233 4541 Chi-istm
3258 4485 3439 4548 ergo.
3470 4468 3569 4531 lta
3608 4467 3693 4530 Ri-

2128 4559 2425 4624 ohnrdus.
2449 4559 2581 4626 sed
2618 4558 2831 4640 objieit
2854 4560 3105 4636 Seetus,
3146 4561 3293 4641 quia
3337 4561 3697 4626 humanitas

2131 4652 2357 4718 Clu-isti
2400 4653 2589 4718 etiam
2633 4653 2809 4734 prins
2860 4657 3091 4718 mura
3120 4655 3329 4718 extitit
3366 4669 3571 4736 qnam
3602 4674 3691 4720 es-

2132 4753 2228 4812 set
2292 4755 2475 4828 grata
2524 4749 2691 4823 Deo,
2748 4765 2867 4810 seu
2912 4753 3177 4828 accepta
3234 4748 3321 4810 ad
3371 4746 3693 4814 herediis·

2129 4844 2259 4904 tem
2286 4840 2423 4904 Dei.
2460 4839 2809 4904 aichardus
2838 4840 3207 4922 respondet,
3240 4841 3690 4908 humanitatm

2126 4933 2297 4998 illam
2316 4933 2492 5015 prius
2516 4939 2747 4999 natura
2764 4933 2957 4998 fuisse
2984 4939 3230 5016 gratam
3267 4953 3473 5016 qnam
3502 4937 3687 5002 Verbo

2125 5027 2393 5102 unitam,
2416 5034 2481 5092 et
2506 5028 2593 5090 ita
2613 5026 2933 5092 Christum
2955 5027 3027 5092 in
3050 5029 3226 5092 nullo
3250 5030 3439 5112 signo
3464 5039 3689 5094 natum

2122 5122 2299 5205 prius
2320 5119 2514 5184 fuisse
2540 5123 2956 5202 compositum
2976 5140 3055 5186 ex
3073 5122 3495 5201 humanitate,
3509 5143 3685 5205 qnam

2122 5215 2311 5280 fuerit
2347 5221 2571 5296 gratus
2599 5222 2665 5280 et
2686 5215 2871 5280 filius.
2897 5216 3031 5280 Sed
3059 5216 3179 5280 hoe
3210 5235 3343 5280 non
3368 5225 3547 5282 reete
3572 5219 3682 5282 die·

2121 5315 2259 5374 tum
2286 5316 2407 5386 est,
2428 5316 2565 5374 tum
2600 5310 2749 5388 quia
2772 5310 3073 5392 supponit
3094 5309 3354 5386 falsum,-
3378 5311 3537 5390 qnia
3557 5329 3683 5392 gre·

2121 5405 2211 5468 tia
2252 5404 2587 5470 habitualis
2629 5423 2763 5468 non
2818 5405 3155 5469 anteoessit
3186 5405 3411 5468 oidine
3445 5413 3680 5468 naturis

2122 5499 2451 5576 unionem,
2468 5499 2581 5564 sed
2596 5498 2809 5579 potius
2828 5498 3167 5564 subsecuta
3192 5501 3319 5577 επις
3337 5502 3481 5563 ’tum
3504 5499 3675 5572 etism
