3892 6167
1301 342 1617 395 mst’urn.
1656 340 1775 394 Lm.
1813 338 1980 391 SECT.
2021 342 2102 393 ΙΙΙ.

154 446 641 520 sanctificationem
688 456 823 501 esse
866 455 909 501 a
953 438 1184 517 Verbo,
1230 448 1303 503 ut
1347 460 1385 503 a
1438 440 1640 503 torma

153 544 543 611 sanctificatum
578 538 641 597 in
668 534 765 595 his
790 538 1001 595 tamen
1032 534 1359 597 effectibus
1388 534 1641 595 morali-

150 648 239 705 bus
260 654 367 699 non
390 636 629 713 oportet
652 629 915 689 formam
942 625 1281 689 intrinsece
1307 627 1539 689 includi
1570 628 1638 689 in

150 755 203 798 re
220 728 385 793 attali
412 725 701 805 dignitate
730 740 845 784 seu
868 721 1221 785 moralitate
1243 723 1494 794 affecta;
1524 722 1637 785 sed

152 828 261 891 satis
282 829 363 884 est
398 818 559 897 qnod
582 818 665 879 sit
696 816 887 877 veluti
913 814 1117 877 sonna
1154 816 1528 889 extrinseca,
1560 832 1637 877 ex

150 922 283 999 cujus
318 918 591 976 contactu
612 954 631 983 ,
679 909 777 969 vel
822 909 1080 984 unione,
1126 908 1227 971 vel
1274 908 1399 969 alio
1450 908 1636 969 simili

150 1014 376 1093 respectu
412 1022 513 1067 res
549 1000 917 1083 intelligitur
960 1019 1217 1064 manere
1264 1001 1485 1063 affecta
1524 999 1637 1061 tali

148 1105 387 1187 dignitate
404 1144 425 1175 ,
462 1096 625 1159 utin
652 1097 793 1157 aliis
820 1092 1145 1159 effectibus
1169 1094 1515 1157 moralibus
1541 1094 1635 1157 vi·

148 1204 257 1265 dere
278 1197 445 1265 licet,
486 1198 551 1254 et
586 1191 651 1252 in
700 1190 1111 1269 sequentibus
1124 1234 1145 1267 ,
1176 1189 1504 1253 tractando
1552 1188 1635 1251 de

146 1290 443 1355 adoratione
477 1284 823 1361 imaginum
854 1290 917 1346 et
962 1282 1369 1364 reliquiarum
1390 1326 1413 1359 ,
1464 1298 1631 1362 saepe

145 1388 385 1447 dicemus.

200 1478 276 1538 ¹8.
292 1474 805 1551 maroe-Atque
828 1489 907 1533 ex
928 1472 1337 1552 responsione
1361 1470 1441 1533 ad
1467 1472 1629 1534 hanc

143 1570 495 1634 difficultatem
516 1566 727 1647 colligi
756 1571 957 1645 potest
976 1566 1135 1629 ratio
1158 1564 1335 1628 alteri
1344 1583 1415 1626 us
1436 1566 1629 1645 partis

142 1670 187 1727 in
220 1660 573 1743 precedente
619 1659 1025 1722 conclusione
1078 1659 1317 1739 positae,
1366 1658 1625 1731 scilicet,

142 1762 259 1819 hano
282 1754 717 1827 adorationem,
760 1768 953 1831 qnam
982 1752 1251 1815 dicimus
1280 1768 1469 1831 posse
1518 1750 1629 1811 tri-

142 1852 217 1913 bui
238 1848 577 1911 humanitati
606 1846 871 1927 praecise
894 1853 1159 1925 sumptae
1190 1846 1433 1907 ratione
1456 1842 1631 1905 unio·

142 1940 801 2020 nie,quamvissuprema
818 1940 998 2002 latria
1028 1957 1153 2000 non
1186 1940 1289 2011 sit,
1317 1944 1530 1999 tamen
1548 1936 1631 1997 ad

144 2036 367 2097 eamdem
412 2034 707 2095 virtutem
759 2034 1101 2115 pertinere,
1132 2040 1195 2094 et
1236 2032 1355 2093 hac
1386 2030 1631 2092 ratione

144 2128 505 2191 secundariam
552 2128 805 2189 latriam
862 2144 1049 2207 posse
1104 2124 1408 2205 appellari
1435 2144 1453 2196 ς
1499 2124 1633 2186 haec

146 2225 271 2285 enim
301 2240 407 2283 vox
439 2222 641 2285 latria
696 2220 1013 2285 interdum
1058 2219 1367 2301 significat
1394 2224 1628 2292 actum,

146 2314 389 2377 interdum
416 2314 701 2377 habitum
730 2332 769 2375 a
793 2332 918 2392 quo
950 2314 1094 2375 talis
1118 2320 1297 2373 actus
1326 2310 1629 2392 procedit,

146 2427 319 2489 nempe
346 2409 629 2471 virtutem
684 2408 1033 2489 religionis3
1069 2406 1237 2467 unde
1264 2422 1299 2467 e
1329 2420 1631 2468 converso

146 2503 297 2563 omnis
346 2502 527 2563 etiam
573 2510 759 2564 actus
798 2518 836 2562 a
887 2502 993 2563 tali
1024 2500 1253 2561 virtute
1281 2498 1633 2578 procedens

149 2596 313 2656 dicitnr
335 2596 647 2657 continere
686 2594 921 2657 cultum
949 2593 1183 2665 latriam
1220 2592 1395 2673 qnod
1446 2594 1497 2655 si
1552 2592 1633 2654 sit

145 2689 339 2767 propria
366 2688 681 2762 adoratio,
710 2688 894 2751 simili
924 2687 1433 2750 denominatione
1462 2684 1635 2747 dice-

146 2791 219 2842 tur
233 2782 479 2845 adoratio
500 2783 723 2845 latria.
748 2782 1125 2863 Simpliciter
1138 2788 1351 2843 tamen
1376 2782 1636 2862 loquen-

143 2875 219 2945 do,
241 2882 295 2937 et
310 2878 475 2955 quasi
500 2894 619 2957 per
646 2874 1174 2951 antonomasiam,
1206 2881 1384 2937 actus
1407 2874 1637 2936 adora-

144 2971 283 3030 tionis
320 2970 505 3033 latriae
533 2971 767 3032 dicitur
792 2970 897 3031 ille
910 3014 933 3047 ,
965 2968 1075 3047 qui
1107 2968 1389 3048 procedit
1418 2985 1495 3029 ex
1523 2983 1635 3046 ap-

140 3064 491 3140 prehensione
520 3080 839 3143 supremae
861 3063 1211 3141 majestatis
1242 3068 1304 3123 et
1327 3060 1633 3123 excellen-

142 3158 213 3217 tiae
234 3158 285 3218 in
306 3176 368 3218 re
392 3176 529 3238 qum
555 3157 885 3219 adoranda
914 3164 1031 3230 est,
1084 3162 1151 3217 et
1202 3154 1517 3216 servitutis
1544 3153 1635 3215 illi

142 3249 341 3325 dehitae;
368 3258 428 3313 et
458 3258 553 3313 est
579 3251 871 3331 quaedam
906 3248 1270 3329 protestatio
1303 3265 1417 3309 seu
1448 3246 1635 3326 signi-

142 3342 297 3404 ficatio
320 3345 505 3419 illius;
539 3352 607 3407 et
636 3345 739 3406 hic
772 3350 867 3406 est
894 3342 1283 3420 frequentior
1310 3342 1637 3403 usus-hu·-

136 3438 213 3515 jus
232 3440 373 3499 vocis
398 3440 564 3520 apud
596 3441 853 3515 Patres,
883 3444 949 3500 et
990 3438 1263 3499 maxime
1292 3436 1359 3496 in
1381 3436 1488 3497 vn
1520 3436 1635 3515 Sy·

140 3531 251 3593 nod.
278 3532 553 3596 Adoratio
597 3540 813 3595 autem
856 3532 1067 3593 minus
1092 3531 1390 3610 perfecta.
1432 3528 1483 3589 si
1528 3528 1637 3591 ali-

140 3640 233 3700 quo
258 3628 429 3687 modo
454 3629 521 3688 in
552 3628 849 3707 proedicta
890 3624 1260 3687 excellentia
1310 3622 1633 3697 fundetur,

140 3726 185 3778 et
208 3718 331 3781 ideo
352 3720 425 3781 ab
452 3721 681 3783 eodem
716 3719 939 3781 habitu
954 3718 1197 3780 virtutis
1223 3723 1539 3789 nascatur,
1558 3733 1635 3777 ea

140 3812 333 3873 ratione
359 3813 477 3875 dici
500 3814 734 3895 poterit
754 3814 939 3875 latria
964 3828 1095 3872 non
1118 3810 1505 3891 simpliciter,
1524 3810 1637 3871 sed

138 3906 425 3967 secundum
450 3907 647 3987 quid;
682 3915 745 3968 et
785 3905 907 3967 hoc
934 3920 1127 3966 sensu
1154 3902 1508 3983 appellatur
1538 3921 1639 3965 se-

137 3998 403 4073 cundaria,
440 4019 555 4062 seu
602 4000 815 4061 minus
864 3996 1163 4078 perfecta.
1214 3995 1397 4067 Quod
1451 3996 1639 4076 igitur

134 4088 432 4168 hujusmodi
460 4095 543 4155 sit
572 4094 705 4153 haec
732 4090 1015 4154 adoratio
1041 4089 1451 4151 humanitatis
1471 4088 1639 4153 Chri-

134 4184 211 4256 sti,
228 4192 373 4262 patet
388 4204 463 4247 ex
486 4186 853 4249 difficultate
876 4186 1159 4266 proxime
1190 4186 1473 4257 tractata,
1490 4182 1641 4262 quia

133 4274 353 4354 dignitas
371 4323 392 4354 ,
440 4286 701 4360 propter
744 4296 937 4359 quam
968 4278 1091 4339 hoc
1118 4276 1307 4339 modo
1336 4276 1634 4339 adoratur

134 4370 457 4449 humanitas,
485 4374 627 4437 talis
655 4381 749 4437 est
775 4381 847 4435 ut
885 4374 1087 4453 ipsam
1115 4370 1391 4433 divinam
1422 4388 1637 4452 perso·

133 4480 245 4524 nam
270 4466 463 4546 aliquo
504 4467 695 4529 modo
741 4465 1042 4539 includat,
1081 4466 1305 4527 saltem
1331 4472 1399 4527 ut
1427 4466 1637 4527 termi-

132 4572 249 4617 num
273 4560 531 4633 unionis,
582 4578 623 4621 a
666 4578 793 4640 quo
820 4560 1089 4621 sumitur
1121 4560 1435 4639 praecipua
1477 4558 1641 4620 oesti·

131 4651 283 4712 matio
318 4658 380 4714 et
424 4654 603 4718 valor
654 4661 847 4717 tantae
898 4652 1242 4734 dignitatis,
1272 4656 1571 4731 tanquam
1602 4670 1641 4713 a

134 4740 311 4819 forma,
340 4748 557 4809 saltem
588 4748 934 4811 extrinseca
962 4766 979 4821 ;
1014 4764 1167 4826 ergo
1192 4744 1417 4807 eadem
1446 4746 1641 4807 virtus

128 4837 425 4917 religionis,
470 4860 613 4924 quae
652 4842 915 4905 inclinat
958 4840 1045 4903 ad
1096 4841 1521 4903 venerandam
1552 4842 1641 4921 ip-

134 4946 239 4989 sam
274 4932 533 4997 divinam
566 4952 903 5016 personam
954 4941 1214 5015 propter
1254 4952 1347 5010 se,
1384 4934 1643 4997 inclinat

133 5024 287 5085 etiam
316 5027 397 5088 ad
436 5030 863 5092 venerandam
894 5028 1115 5093 Christi
1153 5028 1637 5103 humanitatem,

132 5115 287 5177 etiam
348 5121 599 5197 praecise
654 5128 1023 5202 conceptam
1052 5164 1071 5194 ‚
1128 5121 1213 5182 ob
1266 5120 1639 5201 dignitatem

132 5222 287 5283 quam
326 5231 403 5275 ex
441 5214 673 5277 unione
700 5215 914 5288 habet,
960 5214 1109 5295 quia
1152 5213 1637 5276 fundamentum

133 5305 467 5383 praecipuum
484 5308 647 5369 illius
660 5308 987 5387 dignitatis
1004 5314 1097 5369 est
1108 5310 1317 5388 ipsum
1334 5308 1638 5380 Verbum;

134 5409 257 5473 ergo
280 5398 391 5461 hoc
420 5418 607 5463 seusu
632 5407 805 5463 recte
846 5400 1072 5463 dicitur
1104 5401 1208 5463 illa
1238 5399 1519 5463 adoratio
1550 5418 1641 5463 se-

132 5488 389 5555 cundaria
418 5492 617 5559 latria.
649 5494 827 5575 Quod
852 5512 1002 5561 vero
1032 5492 1115 5557 ad
1144 5510 1377 5559 nomen
1416 5495 1643 5576 hyper-

3157 343 3279 403 585

1720 438 1906 501 duliae
1940 438 2235 521 pertinet,
2285 438 2440 503 nihil
2468 439 2848 506 difficultatis
2895 442 3087 511 habet
3138 465 3279 529 quae

1722 534 1803 596 ad
1832 552 1962 595 rem
1992 535 2334 614 pertineat‚·
2354 536 2468 597 sed
2495 533 2696 597 solum
2739 538 2819 601 ad
2851 558 3035 601 usum
3064 543 3280 603 termi-

1718 645 1969 699 norum;
1994 646 2168 700 nam,
2187 628 2237 691 si
2265 647 2382 691 vox
2410 628 2595 690 duliae
2619 638 2902 692 sumatur
2922 632 2988 693 in
3013 652 3089 694 ea
3112 653 3277 697 com·

1716 724 1893 785 muni
1916 722 2394 803 significatione,
2419 724 2503 787 ad
2527 742 2716 803 quam
2747 731 2841 787 est
2865 724 3277 804 frequentiori

1718 834 1839 877 usu
1888 817 2323 897 theologorum
2375 819 2869 892 accommodata,
2919 820 3158 882 scilicet
3208 829 3276 884 ut

1714 910 2027 991 significet
2053 930 2194 973 eam
2221 912 2516 973 virtutem
2546 929 2672 990 qua
2693 912 2955 973 Sanctos
2984 914 3272 992 colimus„

1716 1010 1973 1084 propter
1999 1022 2216 1067 eorum
2246 1009 2520 1066 creatam
2541 1004 2960 1082 sanctitatem,
2979 1012 3040 1067 et
3061 1007 3276 1087 hyper-

1715 1096 1887 1162 dulia
1912 1098 2115 1159 solum
2145 1098 2311 1160 dicat
2352 1100 2785 1161 excellentiam
2815 1098 2916 1161 vel
2945 1098 3274 1179 perfectio-

1712 1210 1862 1255 nem
1890 1192 2054 1253 intra
2081 1192 2472 1254 latitudinem
2521 1192 2686 1253 illius
2731 1192 2998 1266 virtutiS,
3031 1192 3119 1255 sic
3145 1211 3273 1255 non

1711 1290 1920 1365 potest
1962 1286 2098 1347 haec
2139 1286 2442 1361 adorati0‚
2495 1287 2575 1348 dc
2620 1302 2746 1365 qua
2788 1305 2955 1349 nunc
2998 1287 3270 1369 agimuS,

1711 1378 2090 1459 type-dulia
2137 1380 2372 1457 vocari,
2425 1380 2574 1459 quia
2623 1398 2840 1441 revera
2883 1392 2982 1441 est
3028 1380 3272 1461 species

1710 1471 2028 1544 distincta,
2069 1478 2134 1533 et
2165 1472 2246 1533 ad
2273 1472 2558 1533 altiorem
2599 1473 2886 1536 virtutem
2921 1472 3264 1553 pertinens.

1708 1564 1863 1641 Quia
1890 1584 2043 1627 vero
2071 1566 2265 1630 latria
2292 1564 2574 1627 absolute
2619 1564 2784 1627 dicta
2827 1566 3136 1646 significat
3163 1586 3272 1629 su-

1708 1676 1994 1742 premam
2025 1666 2090 1722 et
2115 1658 2628 1740 perfectissimam
2658 1658 2930 1733 latriam,
2961 1660 3132 1721 dulia
3159 1678 3270 1721 ve-

1709 1774 1781 1817 ro
1830 1752 2303 1817 accommodata
2343 1752 2548 1815 estad
2591 1750 3069 1831 significandam
3098 1770 3270 1814 com-

1710 1866 1970 1910 munem
2009 1846 2190 1927 quasi
2237 1844 2520 1907 infimam
2552 1844 2986 1907 adorationem
3015 1846 3274 1907 Sancto·

1710 1961 1875 2014 rum,
1917 1949 1981 2003 et
2008 1940 2181 2001 nulla
2217 1946 2311 2001 est
2345 1940 2466 2001 alia
2497 1938 2764 2019 simplex
2809 1957 2930 2000 vox
2973 1956 3113 2017 quoe
3141 1956 3274 2000 me-

1712 2034 1881 2097 diam
1936 2034 2049 2114 (ut
2097 2036 2180 2096 ita
2208 2032 2448 2113 dicam)
2479 2032 2909 2095 adorationem
2939 2030 3271 2111 significet,

1712 2147 1877 2202 eam,
1912 2128 2184 2204 scilicet,
2223 2144 2364 2205 quae
2393 2126 2632 2206 aliquid
2661 2125 2834 2187 addit
2871 2144 3058 2205 supra
3101 2143 3274 2187 com·

1713 2238 1974 2285 munem
2005 2218 2621 2299 duliam‚fetinferior
2643 2226 2734 2281 est
2764 2218 3038 2299 perfecta
3064 2215 3272 2293 latria,

1712 2316 1857 2378 ideo
1885 2333 2006 2377 vox
2039 2314 2144 2375 illa
2168 2314 2484 2377 interdum
2513 2312 3023 2376 accommodatur
3053 2312 3132 2374 ad
3163 2313 3272 2373 hu-

1708 2408 1990 2491 jusmodi
2049 2407 2480 2469 adorationem
2533 2405 3006 2487 significandam
3029 2452 3049 2482 ,
3100 2422 3272 2485 quae-

1714 2520 1986 2581 cumque
2013 2502 2121 2563 illa
2149 2500 2263 2573 sit;
2293 2500 2410 2561 hoc
2438 2518 2589 2579 ergo
2637 2518 2828 2563 sensu
2857 2506 3025 2562 recte
3067 2506 3272 2581 potest

1712 2596 1845 2658 haec
1873 2595 2156 2658 adoratio
2198 2590 2570 2675 hyperdulia
2597 2594 2804 2655 vocari
2825 2638 2846 2669 ‚
2886 2593 3074 2655 etiam
3103 2593 3153 2653 si
3183 2592 3274 2653 la·

1712 2693 1833 2753 tria
1862 2690 2236 2752 secundaria
2268 2690 2371 2763 sit,
2397 2696 2459 2750 et
2493 2688 2575 2750 ad
2603 2688 2974 2769 religionem
3007 2690 3266 2767 spectet.

1798 2786 1895 2847 19.
1938 2782 2263 2865 Exemplis
2288 2799 2390 2845 res
2419 2786 2547 2846 tota
2577 2778 3270 2855 elucidatum—Ultimo,

1716 2876 2020 2943 confirmo
2044 2876 2210 2939 hanc
2251 2883 2520 2956 partem,
2559 2880 2622 2935 et
2647 2872 2781 2935 fere
2825 2878 3016 2934 totam
3046 2871 3275 2933 doctri-

1714 2992 1863 3035 nam
1894 2972 2015 3033 hac
2040 2972 2316 3033 sectione
2355 2968 2673 3041 traditam,
2712 2966 3004 3029 adhibitis
3029 2964 3276 3027 duobus

1715 3066 2020 3146 exemplis
2057 3082 2196 3145 quae
2239 3062 2322 3127 ad
2359 3081 2498 3125 rem
2540 3058 2971 3141 explicandam
3001 3060 3154 3121 mihi
3182 3060 3276 3120 vi-

1714 3160 1945 3223 dentur
1980 3158 2320 3237 aptissima.
2351 3156 2560 3218 Unum
2602 3160 2694 3216 est
2722 3154 2801 3215 de
2833 3171 3087 3215 amore:
3127 3170 3278 3213 nam

1718 3252 1937 3333 siquis
1968 3250 2426 3312 humanitatem
2469 3246 2694 3311 Christi
2729 3250 2987 3329 praecise
3033 3251 3099 3309 et
3136 3246 3280 3309 abs·

1716 3352 1913 3409 tracte
1943 3343 2314 3414 consideret,
2347 3343 2536 3404 modo
2567 3340 2876 3421 explicato
2907 3343 2971 3403 in
2997 3340 3278 3421 superio-

1716 3440 1914 3514 ribus,
1961 3434 2444 3516 contemplando
2491 3434 2662 3496 illam
2705 3434 2908 3496 solum
2946 3440 3016 3496 ut
3059 3450 3280 3513 quam-

1718 3533 1863 3594 dam
1912 3536 2201 3592 naturam
2245 3528 2654 3599 rationalem,
2703 3526 3164 3590 sanctissimam
3215 3531 3279 3587 et

1715 3625 2134 3706 purissimam,
2157 3630 2220 3687 et
2239 3640 2486 3685 summa
2504 3622 2777 3702 quadam
2796 3620 3099 3701 dignitate
3123 3636 3276 3700 prae·

1718 3719 1937 3793 ditem,
1975 3724 2122 3789 etc.‚
2175 3723 2383 3797 potest
2430 3716 2512 3778 ad
2557 3716 2729 3777 illam
2776 3715 2961 3792 affici,
3009 3728 3277 3794 eamque

1719 3812 2286 3892 supernaturaliter
2331 3828 2569 3883 amare,
2618 3810 2728 3889 qui
2767 3826 2946 3871 amor
2983 3808 3101 3871 erit
3142 3824 3280 3870 rec-

1719 3906 2016 3977 tissimus,
2050 3904 2239 3967 etiam
2283 3902 2336 3965 si
2385 3902 2491 3965 illo
2539 3922 2668 3965 non
2712 3908 2962 3964 ametur
3009 3918 3279 3983 persona

1719 3999 1933 4071 Verbi,
1963 3998 2076 4059 sed
2110 3996 2244 4059 sola
2275 3996 2408 4077 ejus
2448 3997 2830 4069 humanitas,
2869 3996 3016 4075 quia
3056 3997 3282 4077 etipsa

1721 4098 1815 4153 est
1843 4108 2062 4152 revera
2087 4092 2148 4151 in
2180 4108 2248 4151 se
2273 4088 2584 4161 amabilis,
2623 4096 2686 4151 et
2715 4088 2956 4149 nullum
2994 4095 3089 4151 est
3115 4107 3285 4169 prae-

1720 4189 1971 4264 ceptum
2016 4183 2182 4263 quod
2235 4182 2470 4263 obliget
2518 4181 2599 4244 ad
2643 4180 2986 4243 amandum
3035 4198 3287 4263 semper

1720 4280 2019 4349 Verbum,
2035 4277 2284 4357 quoties
2305 4278 2412 4339 illa
2434 4283 2704 4339 amatur.
2726 4274 2833 4337 llle
2849 4281 3059 4337 autem
3082 4292 3283 4353 amor,

1721 4372 2012 4451 quamvis
2041 4372 2120 4434 sit
2145 4390 2222 4433 ex
2265 4372 2587 4444 charitate,
2621 4374 2834 4431 tamen
2877 4385 3009 4430 non
3036 4369 3289 4449 attingit

1721 4468 1891 4529 illam
1938 4465 2318 4547 singularem
2349 4462 2784 4527 excellentiam
2823 4462 3054 4525 amoris
3094 4480 3286 4541 super

1723 4562 1958 4638 omnia,
1991 4577 2119 4639 quo
2143 4560 2306 4621 Deus
2333 4558 2642 4621 amandus
2670 4564 2786 4628 est,
2811 4557 2918 4635 qui
2941 4556 3291 4636 proportio-

1722 4662 1868 4717 nate
1892 4652 2233 4733 respondet
2263 4670 2522 4715 summae
2547 4652 2764 4725 latriae,
2785 4650 2898 4712 sed
2916 4648 3076 4711 infra
3105 4650 3286 4711 illum

1725 4755 1818 4809 est
1858 4746 2120 4826 quidam
2147 4764 2330 4808 amor
2357 4744 2670 4807 excedens
2707 4760 2959 4805 omnem
3002 4758 3286 4825 amorem

1724 4840 1983 4903 alterius
2025 4848 2328 4903 creaturae
2345 4860 2365 4914 3
2397 4856 2548 4917 ergo
2585 4837 2667 4899 ad
2702 4837 2994 4898 eumdem
3025 4836 3291 4897 modum

1720 4952 2058 5015 possumus
2077 4939 2420 5013 peractum
2452 4930 2834 4992 adorationis
2852 4930 3089 4990 versari
3121 4928 3290 4991 circa

1720 5029 1945 5096 Christi
1990 5026 2470 5088 humanitatem.
2519 5022 2877 5086 Secundum
2927 5024 3288 5101 exemplum

1720 5129 1816 5184 est
1844 5121 1925 5182 de
1953 5120 2140 5181 laude
2165 5140 2180 5194 ;
2214 5137 2362 5181 nam
2393 5118 2500 5196 qui
2525 5116 2750 5179 eodem
2775 5116 2967 5177 modo
2996 5116 3287 5179 conside-

1722 5220 1821 5277 rat
1853 5214 2027 5274 illam
2071 5222 2350 5275 sanctam
2397 5210 2877 5283 humanitatem,
2908 5214 3112 5287 potest
3143 5226 3292 5269 eam

1721 5308 2012 5370 laudibus
2044 5307 2365 5380 extollere,
2381 5322 2512 5367 non
2535 5304 2769 5365 directe
2794 5302 3114 5365 laudando
3133 5302 3294 5364 Ver·

1722 5402 1899 5473 bum,
1934 5401 2048 5464 sed
2080 5397 2519 5480 exaggerando
2543 5398 2774 5479 gratias
2802 5396 2889 5458 illi
2909 5396 3288 5459 humanitati

1722 5512 2074 5573 concessas,
2108 5512 2248 5579 quae
2295 5490 2610 5567 laudatio,
2643 5490 2928 5572 quamvis
2969 5490 3049 5553 sit
3091 5507 3284 5572 supra
