3892 6167
1833 707 2420 888 INDEX

866 1096 2158 1273 DISPUTATIONUM
2241 1094 2417 1199 ET
2499 1092 3402 1203 SECTIONUM

1458 1401 1639 1476 QUAE
1674 1400 1753 1463 IN
1792 1396 1943 1463 HOC
1983 1396 2198 1461 ToMo
2231 1394 2788 1460 CONTINENTUR.

1938 1668 2338 1699 *QG-U*-

1024 1944 1391 2001 msPUTA‘rto
1418 1943 1591 1999 xxvl.

532 2100 607 2153 ne
640 2096 972 2165 perfectione
1006 2093 1245 2149 scientiae
1274 2094 1445 2147 beatae
1472 2094 1671 2147 animae
1702 2093 1918 2147 christi.
2032 2097 2090 2145 11

541 2174 675 2229 Sect.
710 2173 745 2226 Ι.
788 2172 921 2234 Quid
950 2173 1019 2222 sit
1051 2172 1112 2222 de
1142 2172 1347 2222 ratione
1375 2170 1841 2234 comprehensionis
1864 2168 2092 2221 intellec-

600 2250 759 2303 tualis
812 2250 986 2312 objecti
1039 2248 1277 2311 aiicujus,
1335 2247 1627 2313 proesertim
1681 2246 1873 2297 divinoe
1921 2258 2094 2297 essen-

536 2333 685 2457 Settgff
691 2368 767 2454 ‘11.
808 2402 988 2453 Utrum
1032 2397 1311 2451 secundum
1342 2398 1489 2462 fidem
1531 2398 1710 2450 anima
1754 2396 1947 2449 Christi
1987 2325 2093 2449 τιέξ

596 2476 986 2541 comprehendat
1008 2474 1243 2525 divinam
1264 2474 1555 2524 essentiam.
2033 2476 2092 2523 18

536 2553 671 2607 Sect.
708 2552 789 2603 ΙΙΙ.
834 2552 1015 2603 Utrum
1054 2550 1235 2599 areima
1264 2548 1458 2601 Christi
1494 2549 1668 2599 videat
1696 2553 1752 2598 in
1783 2548 1941 2599 Verbo
1979 2562 2092 2599 om-

596 2630 692 2678 nia
732 2625 1042 2693 possibilia,
1086 2638 1203 2690 qute
1249 2625 1307 2675 in
1358 2627 1458 2676 Deo
1506 2627 1783 2675 eminenter
1828 2625 2093 2676 continen-

660 2716 707 2753 r.
2033 2702 2064 2747 Ξ

538 2708 674 2831 ὃείοἶῖ.
710 2776 790 2827 IV.
832 2778 1011 2829 Utrum
1044 2777 1224 2827 anima
1259 2776 1452 2827 Christi
1488 2774 1666 2826 videat
1708 2775 1765 2825 in
1803 2774 1962 2825 Verbo
1987 2702 2096 2825 omn-

600 2854 712 2911 nia,
747 2866 865 2917 quoe
900 2854 1031 2905 Deus
1076 2852 1216 2903 videt
1254 2852 1467 2905 scientia
1512 2850 1753 2912 visionis,
1780 2855 1933 2915 atquo
1967 2851 2094 2902 adeo

601 2928 828 2995 infinita.
2035 2930 2094 2979 33

1022 3086 1389 3142 DISPUTATIO
1422 3086 1617 3139 xxvn.

536 3230 611 3283 ‘ne
637 3230 848 3295 objecto
871 3229 1111 3283 scientiae
1136 3230 1331 3284 iususae
1352 3230 1549 3283 animae
1572 3229 1784 3285 Christi.
2035 3234 2094 3281 39

540 3304 677 3357 Sect.
714 3312 747 3355 t.
790 3308 970 3359 Utrum
997 3320 1079 3357 res
1104 3308 1411 3371 pertinentes
1438 3307 1509 3357 ad
1529 3308 1762 3357 ordinem
1784 3310 1992 3358 naturoe
2015 3319 2098 3357 co-

604 3387 917 3445 quoscnntur
942 3397 1035 3446 per
1061 3382 1194 3433 hano
1222 3383 1487 3433 sciet-tiam
1512 3383 1754 3447 infusam.
2034 3386 2094 3433 89

542 3456 677 3509 Sect.
713 3457 775 3509 11.
812 3458 991 3509 Utrum
1018 3463 1163 3509 actus
1185 3457 1335 3509 tiberi
1352 3465 1398 3509 et
1420 3459 1762 3523 continuentia
1792 3458 1971 3520 [utura
2001 3471 2091 3509 cu·

604 3532 729 3582 dtmt
755 3535 848 3583 suh
872 3534 1058 3595 objecto
1079 3534 1232 3596 hujus
1254 3535 1495 3584 scientioe.
2034 3538 2094 3584 ¹03

542 3606 681 3661 Sect.
711 3609 795 3661 111.
834 3609 1013 3661 Utrum
1039 3623 1122 3661 res
1138 3610 1567 3675 supernaturales
1587 3624 1675 3663 seu
1696 3611 1944 3675 mysteria
1969 3624 2098 3676 qra-

607 3688 692 3734 tiae
711 3688 1072 3735 contineantur
1104 3686 1198 3735 sub
1226 3689 1411 3747 olajt’cto
1433 3686 1585 3747 hujus
1612 3687 1854 3737 scientioe.
2037 3690 2096 3736 47

544 3759 680 3813 Sect.
716 3760 798 3813 IV.
838 3760 1017 3813 Utrum
1044 3774 1215 3813 omnes
1244 3762 1446 3825 effectus
1475 3763 1739 3826 possibiles
1773 3762 1967 3815 dioinoe
1987 3776 2100 3815 om-

600 3830 900 3901 'nipotenttoe
918 3838 1107 3887 cadant
1138 3838 1233 3889 sub
1258 3838 1389 3889 hane
1412 3840 1697 3890 scientiam.
2038 3842 2098 3888 ⁴9

542 3910 678 3965 Sect.
714 3912 773 3963 V.
813 3913 991 3965 Utrum
1017 3914 1147 3962 Dens
1176 3918 1232 3963 ut
1268 3913 1457 3963 Trinus
1485 3918 1531 3963 et
1549 3926 1685 3965 unus
1719 3913 1872 3965 cadat
1891 3914 1986 3967 sub
2007 3913 2100 3964 ob-

599 3990 785 4052 jectum
810 3989 959 4054 huJus
988 3989 1229 4041 scientioe.
2041 3994 2098 4041 5⁰

1010 4149 1376 4204 DISPUTATIO
1416 4150 1631 4203 xxvm.

542 4294 615 4345 De
643 4291 853 4345 actibus
876 4293 1117 4347 scientiae
1152 4292 1349 4346 iniusae
1367 4294 1563 4347 animm
1587 4291 1803 4347 christi.
2040 4296 2097 4342 57

546 4370 681 4423 Soet.
720 4372 758 4422 1.
800 4372 979 4424 Utrum
1010 4373 1187 4421 anima
1211 4371 1405 4421 Christi
1434 4371 1661 4435 potuerit
1688 4381 1889 4433 semper
1915 4381 2026 4421 esse
2044 4370 2103 4419 in

608 4454 729 4499 actu
756 4448 975 4499 secundo
1002 4447 1153 4511 huJ'us
1174 4449 1419 4499 seientiae.
2040 4450 2097 4496 57

548 4522 682 4575 Seet.
719 4524 780 4575 li.
816 4524 996 4575 Utrum
1028 4528 1173 4573 actus
1215 4523 1367 4587 hujus
1404 4524 1631 4575 scientim
1661 4523 1730 4573 sit
1760 4534 1854 4587 per
1893 4520 2101 4573 modum

610 4598 859 4665 simplicis
884 4599 1243 4665 intelligentiis,
1278 4599 1357 4651 vet
1388 4599 1793 4666 compositionis,
1816 4602 1862 4649 et
1890 4597 2101 4651 discur—

612 4688 721 4728 sus.
2037 4678 2097 4726 60

1034 4818 1402 4873 DISPUTATIO
1434 4818 1607 4870 xxix.

549 4980 621 5032 De
656 4980 844 5032 habitu
866 4980 1109 5033 seientiae
1136 4980 1331 5034 intusae
1352 4980 1551 5033 animae
1585 4978 1799 5032 Christi.
2043 4982 2104 5028 ⁰2

549 5055 686 5107 Sect.
722 5057 759 5106 l.
801 5057 977 5107 Utrum
1019 5058 1209 5121 species
1251 5072 1344 5123 per
1380 5071 1433 5106 se
1462 5058 1645 5121 insusoe
1679 5069 1867 5107 animoe
1910 5054 2104 5105 Christi

611 5132 803 5196 fuerint
835 5133 1260 5194 universaliores,
1286 5147 1441 5197 quam
1470 5132 1726 5196 anyelicoe.
2042 5133 2103 5181 62

550 5208 687 5259 Sect.
722 5209 781 5259 11.
824 5210 1003 5261 Utrum
1044 5215 1233 5275 proeler
1276 5210 1463 5273 species
1500 5205 1835 5269 intettiqitwites
1862 5208 2106 5271 requira-

610 5286 698 5331 tur
724 5284 780 5332 in
814 5285 909 5332 hac
937 5286 1152 5333 scientia
1186 5283 1373 5343 lumen,
1404 5296 1495 5332 seu
1521 5282 1727 5347 habitus
1751 5284 1974 5347 infusus.
2043 5286 2102 5331 64

546 5356 679 5409 Soet.
718 5358 801 5408 111.
840 5358 1023 5411 Utrum
1049 5360 1129 5408 hic
1156 5359 1383 5423 habitus,
1412 5358 1489 5409 vet
1520 5359 1689 5408 lumen
1708 5358 1934 5409 scientiae
1961 5357 2105 5421 insu-

610 5446 681 5482 soe
700 5432 769 5484 sit
788 5435 845 5482 in
864 5447 916 5483 se
944 5448 1105 5485 unum
1125 5438 1344 5485 tantum.
2045 5435 2105 5481 68

546 5509 681 5562 Sect.
719 5510 800 5562 tv.
840 5511 1023 5565 Utrum
1064 5510 1233 5563 lumen
1257 5510 1410 5575 hujus
1447 5510 1675 5563 scientice
1706 5509 2006 5562 distinctum
2036 5509 2105 5560 sit

611 5584 861 5639 alumine
892 5586 1088 5653 qlorioe.
2043 5586 2104 5635 ⁶⁹

2674 1934 3041 1992 ntSPUTATto
3075 1936 3224 1989 XXX.

2171 2092 2246 2148 Be
2271 2092 2604 2161 perfectione
2638 2092 2880 2145 seientiae
2907 2092 3189 2159 aequisitoe
3211 2092 3412 2145 snimae
3439 2090 3663 2155 christi,
3683 2098 3732 2143 et

2233 2172 2397 2225 modo
2429 2181 2541 2236 quo
2567 2168 2716 2223 illam
2743 2169 2998 2223 obtinuit.
3675 2173 3730 2219 ‘ts

2169 2248 2304 2301 sect.
2341 2249 2380 2299 1.
2419 2248 2599 2299 Utrum
2626 2248 2860 2297 Christus
2882 2260 2976 2311 per
2993 2246 3124 2297 hanc
3143 2246 3412 2297 seientiam
3435 2246 3730 2309 cognoverit

2233 2326 2428 2381 omnia.
2459 2336 2578 2389 quoe
2601 2324 2920 2374 naturaiiter
2950 2324 3183 2387 coqnosci
3208 2322 3514 2389 possuntab
3552 2322 3726 2371 anima

2233 2402 2483 2459 humana,
2509 2406 2614 2451 tam
2641 2402 2911 2461 conjunctu
2931 2414 3092 2465 quam
3111 2404 3382 2465 separata.
3672 2402 3727 2449 76

2173 2479 2311 2531 sect.
2347 2478 2408 2529 11.
2448 2478 2629 2529 Utrum
2653 2476 2833 2526 anima
2862 2475 3058 2527 Christi
3081 2474 3318 2525 habuerit
3349 2474 3480 2524 hanc
3511 2482 3728 2525 natura·

2239 2554 2334 2604 tem
2354 2554 2618 2605 scientiam
2647 2552 2875 2617 infusam
2899 2565 2934 2603 a
2963 2552 3063 2602 Deo
3088 2564 3123 2601 α
3146 2552 3318 2617 primo
3348 2552 3572 2603 instanti
3585 2564 3728 2601 crea-

2241 2630 2398 2681 tionis
2421 2640 2548 2681 suoe.
3675 2629 3729 2675 ‘18

2667 2786 3038 2841 msPU'rA‘rlo
3077 2786 3249 2839 xxxi.

2175 2932 2250 2983 De
2275 2932 2447 2995 gratia
2465 2942 2564 2983 seu
2589 2934 2846 2997 potestate
2875 2929 3074 2983 animae
3097 2928 3292 2982 Christi
3317 2928 3442 2981 data
3463 2928 3536 2981 ad
3567 2928 3728 2981 mira-

2239 3006 2361 3058 cula
2393 3006 2478 3059 vet
2499 3006 2932 3073 supernaturalia
2953 3018 3120 3071 opera
3152 3003 3422 3059 facienda.
3675 3007 3728 3055 st

2177 3082 2312 3135 Sect.
2349 3082 2386 3133 I.
2428 3083 2608 3134 Utrum
2637 3084 3011 3146 omnipotentia
3041 3082 3129 3133 Dei
3164 3084 3272 3133 tota
3315 3081 3384 3132 sit
3419 3079 3731 3131 humanata·

2241 3164 2520 3223 assumptae
2551 3159 2941 3208 communicata.
3673 3160 3725 3205 91

2177 3232 2313 3285 Seet.
2349 3235 2409 3284 ll.
2451 3235 2630 3286 Utrum
2658 3232 2862 3283 ratione
2886 3233 3091 3284 unionis
3123 3232 3248 3282 data
3277 3231 3344 3283 sit
3366 3231 3556 3282 animoe
3578 3230 3728 3282 Chri-

2239 3311 2308 3359 sti
2330 3310 2752 3375 supernaturalis
2776 3310 2950 3373 qratia
2973 3323 3064 3359 seu
3090 3308 3264 3358 virtus
3285 3308 3353 3357 ad
3380 3306 3622 3371 facienda
3645 3322 3730 3359 su-

2239 3386 2608 3450 pernaturalia
2638 3398 2818 3449 opera,
2840 3397 2931 3435 seu
2959 3382 3234 3433 miracuta.
3676 3388 3728 3433 93

2177 3460 2312 3514 Sect.
2349 3462 2428 3515 ΙΙΙ.
2472 3462 2652 3513 Utrum
2679 3462 2784 3513 hoec
2807 3464 3033 3525 potestas
3061 3460 3129 3510 sit
3149 3472 3268 3509 vere
3293 3462 3340 3511 et
3361 3456 3567 3523 physice
3588 3458 3728 3523 ellec-

2243 3538 2353 3587 tiva
2381 3538 2567 3601 qratioe
2593 3541 2640 3587 et
2664 3532 3148 3591 supernaturalium
3181 3547 3413 3598 operum.
3679 3538 3732 3583 96

2181 3612 2317 3665 Sect.
2355 3614 2434 3664 tv.
2475 3613 2655 3665 Utrum
2698 3610 2803 3662 hoec
2839 3611 3011 3661 virtus
3049 3610 3300 3673 efficiendi
3339 3606 3617 3667 miracula,
3652 3623 3734 3661 seu

2242 3690 2487 3753 qratiam,
2532 3689 2690 3752 [uerit
2723 3685 3102 3737 communicata
3128 3686 3441 3736 humanitati
3488 3690 3735 3751 tanquam

2244 3764 2530 3830 principali
2562 3768 2754 3827 ayenn,
2783 3762 2860 3811 vet
2887 3766 3135 3826 tanquam
3167 3762 3526 3811 instiumento.
3679 3764 3731 3809 99

2182 3840 2320 3893 Sect.
2357 3840 2414 3888 V.
2450 3838 2584 3899 Quid
2603 3840 2746 3888 sitin
2773 3838 3092 3888 humanitate
3114 3836 3308 3887 Christi
3330 3835 3434 3886 haee
3453 3838 3630 3885 virtus
3651 3850 3731 3887 seu

2244 3919 2489 3982 potentia,
2521 3928 2792 3980 perquam
2825 3918 3077 3978 operatur
3106 3912 3432 3973 miraculose.
3459 3918 3514 3963 ut
3533 3914 3732 3965 instru-

2242 3998 2465 4043 mentum
2493 3991 2659 4042 Verlai.
3649 3995 3732 4040 103

2185 4068 2320 4120 Seet.
2357 4068 2440 4120 Vl.
2475 4068 2554 4117 An
2583 4072 2631 4117 et
2665 4064 2920 4130 quom-odo
2951 4065 3008 4115 in
3041 4062 3194 4115 rebus
3229 4066 3418 4116 creatis
3445 4066 3515 4115 sit
3556 4063 3732 4130 atiquo

2243 4144 2327 4194 vis
2349 4146 2523 4193 activa
2543 4142 2914 4205 obedis-nuntie,
2941 4146 2996 4191 ut
3012 4141 3234 4192 elevetur
3252 4144 3309 4191 in
3331 4142 3513 4192 divina
3535 4143 3733 4191 instru-

2243 4224 2432 4269 menta.
3647 4220 3731 4267 1⁰7

2185 4294 2321 4349 Sect.
2355 4294 2460 4346 vlt.
2502 4294 2683 4345 Utrum
2722 4292 2828 4344 hoec
2858 4294 3030 4344 virtus
3057 4292 3434 4344 miraculorum
3469 4292 3668 4344 Christi
3689 4305 3736 4343 se

2243 4372 2486 4422 etz-tendat
2514 4370 2584 4421 ad
2609 4370 2812 4433 effeetus
2838 4369 2956 4420 low
2973 4368 3240 4420 distantes.
3649 4372 3734 4419 153

2183 4446 2320 4499 Sect.
2355 4446 2482 4498 vlu.
2523 4447 2702 4498 Utrum
2729 4444 2834 4496 htee
2862 4447 3038 4510 qratia
3062 4443 3434 4495 miraculorum
3467 4456 3522 4496 se
3560 4448 3735 4495 exten-

2245 4524 2336 4573 dat
2383 4524 2454 4573 ad
2484 4520 2806 4587 operandum
2852 4522 3054 4585 effectus
3085 4524 3310 4586 tempore
3347 4520 3622 4577 distantes.
3653 4532 3737 4570 seu

2245 4599 2315 4649 ad
2361 4598 2676 4664 efficiendum
2701 4609 2796 4663 per
2837 4597 3234 4653 instrumentum
3285 4600 3405 4647 actu
3449 4608 3556 4647 non
3601 4598 3736 4646 exis-

2246 4681 2372 4727 tens.
3651 4675 3733 4723 15⁴

2185 4752 2322 4805 sect.
2361 4752 2441 4803 ix.
2485 4751 2666 4803 Utrum
2692 4747 2889 4799 Christi
2915 4747 3214 4799 humanitas
3237 4748 3432 4813 efficere
3452 4750 3619 4813 possit
3642 4748 3738 4799 mi-

2246 4827 2432 4879 racula
2461 4826 2655 4891 absque
2683 4824 2888 4890 proevia
2921 4827 3138 4884 actione,
3169 4829 3215 4877 et
3248 4829 3639 4890 consequenter.-
3675 4837 3737 4873 nn

2247 4904 2474 4968 potuerit
2493 4915 2601 4953 esse
2621 4903 3019 4953 instrumentum
3041 4901 3341 4963 creationis,
3362 4905 3454 4951 aut
3475 4899 3738 4951 annilina-

2251 4980 2428 5031 tionis.
3655 4978 3736 5027 158

2667 5117 3035 5171 mst’UTA‘rlo
3067 5117 3265 5171 xxxa.

2188 5284 2262 5336 De
2293 5280 2720 5349 perfectionibus
2741 5286 2796 5333 et
2817 5280 3124 5335 defectibus
3141 5280 3386 5346 corporis
3405 5280 3623 5333 Christi.
3659 5283 3738 5331 171

2187 5360 2326 5413 Sect.
2361 5361 2398 5411 1.
2439 5360 2620 5411 Utrum
2655 5364 2998 5422 assumpserit
3037 5358 3248 5409 Verbum
3288 5359 3348 5409 in
3383 5370 3603 5421 corpore
3649 5357 3740 5408 hu-

2253 5448 2408 5485 mano
2441 5434 2772 5499 perfectiones
2805 5434 3043 5498 corporis
3068 5432 3300 5498 qtoriosi,
3327 5432 3408 5483 vel
3436 5434 3612 5497 potius
3655 5432 3738 5483 de·

2247 5512 2406 5575 tectus
2440 5509 2546 5563 iltis
2572 5514 2918 5575 repugnantes
2937 5547 2952 5571 ‚
2982 5513 3042 5561 ut
3071 5522 3181 5561 esse
3210 5508 3474 5575 ptissibite,
3507 5509 3735 5571 mortale,

2249 5590 2338 5638 etc.
3657 5588 3732 5636 171
