3892 6167
1326 374 1645 431 aurunt.
1677 372 1851 427 xxxi.
1886 372 2060 429 secr.
2093 376 2178 431 tu.
3273 382 3354 449 97

146 478 371 543 nitatis
384 523 407 554 ,
462 476 657 543 altera
698 474 1125 553 humanitatis,
1156 480 1215 541 et
1252 474 1403 555 finis
1432 476 1713 541 humanm
1792 474 1917 548 hic,
1937 481 2000 538 et
2023 474 2210 553 infra,
2241 480 2464 557 quoest.
2497 480 2597 554 62,
2629 482 2694 543 et
2717 480 2776 543 1.
2816 482 2882 559 2,
2907 498 2969 563 q.
2999 487 3140 563 112,
3169 504 3230 550 a.
3261 492 3292 553 1
3323 512 3346 566 3

144 572 415 637 actionis
436 571 507 635 in
543 588 758 635 manu
788 571 1129 635 munione
1166 575 1223 635 et
1262 575 1431 635 tactu
1472 569 1711 650 posim

146 672 309 741 orat,
340 666 559 729 divum
586 668 785 727 autem
811 670 1051 729 natura·
1070 662 1136 727 in
1158 662 1515 727 excitatione
1546 662 1713 742 puol-

146 759 248 832 loe,
276 765 402 823 etc.
444 760 569 821 Nec
614 756 940 821 dissimilia
968 766 1117 819 sunt
1140 756 1336 820 verba
1362 754 1707 831 Athanasii,

148 870 343 915 serm.
381 854 425 915 4
468 856 685 915 contra
732 852 1000 915 Arianos
1043 872 1059 912 ε
1112 852 1436 926 Humano,
1482 848 1709 929 inquit,

150 962 315 1009 more
357 961 605 1009 manum
650 945 947 1021 extendit,
978 944 1272 1009 divinitas
1316 950 1513 1009 autem
1552 960 1715 1005 mor-

154 1041 291 1103 bum
326 1039 706 1119 compescuit.
746 1038 825 1101 Et
850 1038 1237 1119 Sophronius
1254 1084 1275 1115 ,
1303 1038 1368 1100 in
1396 1038 1577 1119 epist.
1612 1056 1711 1117 sy·

152 1130 415 1205 nodica,
447 1149 587 1212 quae
618 1130 889 1194 habetur
918 1132 985 1193 in
1010 1134 1091 1195 vl
1118 1131 1399 1213 synode,
1439 1136 1558 1193 001.
1594 1134 1703 1193 113

160 1228 356 1305 Unus,
396 1225 602 1309 inquit
613 1271 638 1303 ,
668 1227 926 1293 duarum
961 1232 1347 1304 naturarum,
1389 1228 1707 1291 secundum

150 1320 345 1384 aliam
408 1322 619 1385 divina
676 1322 863 1401 siqua
924 1323 1288 1403 operabatur
1310 1368 1331 1399 ,
1386 1320 1710 1385 secundum

149 1414 339 1477 aliam
367 1415 627 1478 humilia
646 1413 983 1497 recipiebat.
1012 1417 1087 1479 Et
1107 1416 1242 1479 fere
1272 1414 1495 1479 eodem
1520 1413 1709 1477 modo

152 1506 277 1569 Leo
316 1508 523 1587 Papa,
576 1508 754 1588 epist.
808 1508 925 1585 10,
956 1525 1097 1590 000.
1130 1510 1172 1573 t
1219 1530 1235 1570 :
1269 1508 1446 1589 Agit,
1477 1506 1706 1587 inquit,

114 1656 129 1669 .
146 1606 409 1683 utraqu
418 1605 641 1679 forma,
670 1620 806 1667 cum
824 1603 1079 1667 alteriue
1105 1603 1532 1677 communione,
1557 1603 1715 1684 quod

142 1696 471 1775 proprium
518 1700 631 1773 est,
686 1694 891 1771 Verbo,
934 1696 1163 1762 scilicet
1182 1743 1204 1776 ,
1232 1702 1511 1779 operante
1554 1695 1717 1778 quod

162 1786 337 1853 Verbi
364 1793 459 1852 est
477 1833 501 1863 ,
548 1794 605 1851 et
650 1806 831 1853 carne
852 1796 1165 1873 exequente
1188 1792 1345 1873 quod
1362 1789 1571 1855 carnis
1596 1794 1707 1864 est,

144 1898 337 1943 unum
382 1880 599 1947 horum
634 1888 911 1947 coruscat
958 1884 1281 1948 miraculis
1300 1930 1318 1959 ‚
1364 1884 1541 1949 aliud
1577 1900 1711 1949 snc-

146 1972 375 2037 cambit
421 1973 697 2055 injuriis.
746 1974 1028 2056 Denique
1068 1976 1491 2059 Augustiana,
1520 1978 1601 2041 22
1629 1976 1709 2040 (10

142 2064 351 2142 civit„
380 2084 523 2148 cap.
548 2072 612 2145 9,
640 2086 999 2151 quanquam
1022 2070 1252 2133 dubins
1278 2071 1343 2133 in
1368 2072 1489 2134 hac
1506 2090 1576 2135 re
1605 2070 1705 2147 sit,

144 2160 299 2221 satis
346 2163 564 2223 tamen
616 2162 849 2225 indicat
882 2164 1055 2227 hunc
1097 2166 1359 2227 modum
1400 2164 1711 2229 efficiendi

144 2252 443 2317 sufficere
471 2254 555 2317 ad
580 2253 987 2339 intelligenda
1014 2276 1091 2321 ea
1114 2276 1258 2339 qum
1284 2258 1365 2322 de
1392 2260 1711 2323 miraculis

140 2346 367 2411 Christi
396 2348 716 2429 Scriptura
737 2350 939 2415 docet.
962 2351 1141 2426 Quod
1166 2354 1425 2417 tandem
1450 2354 1538 2416 ita
1564 2372 1713 2417 con-

138 2438 352 2518 firmo,
404 2460 561 2505 nam
611 2443 677 2506 in
710 2444 927 2507 multis
962 2446 1255 2525 operibus
1306 2465 1569 2511 necesse
1612 2453 1711 2509 est

144 2532 345 2609 fateri,
376 2553 513 2597 non
539 2536 951 2601 intervenisse
992 2540 1305 2603 actionem
1334 2542 1703 2621 physicam3

142 2644 297 2707 ergo
336 2628 478 2709 pari
520 2630 761 2693 ratione
794 2632 857 2692 in
890 2630 1061 2694 nullo
1090 2652 1283 2713 opere
1330 2634 1707 2697 miraculoso

134 2726 395 2799 oportet
424 2722 598 2785 illam
644 2723 1027 2802 concedere,
1058 2727 1209 2806 quia
1240 2726 1453 2789 omnia
1480 2726 1709 2791 eodem

124 2812 330 2875 modo
362 2814 609 2877 Christo
636 2816 1022 2894 tribuuntur,
1050 2822 1114 2883 et
1142 2819 1229 2883 ita
1268 2818 1492 2883 eodem
1521 2838 1709 2883 00000

126 2924 289 2971 vera
316 2926 461 2972 esse
476 2909 729 2975 debent.
748 2912 1147 2977 Antecedens
1166 2913 1501 2995 probatum
1530 2932 1705 2993 nam,

124 3002 403 3083 quando
432 3004 721 3084 ejiciebat
768 3006 1119 3084 daemones,
1154 3007 1309 3069 nihil
1336 3008 1595 3089 physice
1642 3008 1709 3071 in

124 3094 263 3157 illis
294 3096 525 3176 effecit,
557 3116 765 3179 neque
794 3100 861 3161 in
902 3100 1115 3163 anima
1152 3101 1397 3177 Lazari,
1452 3100 1707 3182 quando

124 3187 315 3251 illam
366 3208 407 3251 0
460 3191 605 3253 0100
630 3192 897 3256 Abrahae
944 3193 1027 3256 ad
1070 3194 1429 3275 sepulcrum
1456 3212 1711 3259 revoca-

124 3282 261 3357 vit3
310 3288 381 3345 et
418 3282 701 3347 similiter
728 3302 873 3349 cum
912 3286 1199 3350 solidavit
1240 3306 1439 3371 aquas
1488 3290 1709 3351 ambu-

122 3376 279 3437 lans
330 3376 402 3439 in
458 3378 571 3453 eis,
606 3384 671 3441 ut
698 3380 1034 3460 Dionysius
1056 3380 1355 3461 loquitur,
1391 3386 1431 3445 2
1458 3400 1598 3463 000.
1629 3382 1709 3445 (10

126 3468 347 3530 Divin.
384 3472 775 3549 nominibus,
804 3474 964 3535 nihil
990 3474 1321 3557 physicum
1348 3474 1415 3536 in
1444 3474 1565 3539 illis
1592 3476 1709 3538 im-

124 3562 397 3642 pressit,
425 3564 538 3626 sed
566 3565 667 3629 vel
694 3566 990 3629 sustinuit
1012 3584 1241 3647 corpus
1274 3586 1357 3631 ne
1388 3566 1525 3631 illas
1552 3566 1709 3631 divi-

130 3652 351 3730 deret,
376 3656 481 3718 vel
506 3664 675 3721 certe
700 3660 837 3721 illas
862 3660 1147 3725 diffluere
1170 3680 1298 3725 non
1318 3660 1625 3742 permisit,
1645 3666 1709 3723 et

140 3746 241 3807 sic
276 3744 357 3809 de
392 3749 533 3811 aliis
555 3772 577 3827 3
610 3770 783 3833 ergo.

231 3843 291 3901 2.
336 3842 753 3908 Nihilominus
778 3846 1114 3910 dicendum
1141 3854 1237 3911 est
1262 3848 1577 3912 Christum
1596 3848 1713 3911 ho-

140 3933 387 3996 minem
410 3953 527 4015 per
544 3939 823 4003 actiones
846 3959 975 4005 sum
1002 3941 1428 4016 humanitatis,
1448 3960 1577 4004 non
1612 3960 1713 4004 so·-

136 4026 279 4088 lnm
310 4029 535 4091 morali
563 4031 777 4107 mode,
806 4034 919 4096 sed
948 4034 1139 4098 etiam
1160 4034 1313 4097 reali
1337 4038 1400 4099 et
1420 4035 1709 4117 physion,

138 4126 483 4199 operatum
522 4140 663 4187 esse
716 4144 911 4206 opera
954 4128 1351 4204 miraculosa,
1396 4136 1459 4191 et
1490 4126 1715 4208 justifi-

134 4230 329 4274 casse
360 4216 629 4295 animas,
644 4218 1031 4283 conferendo
1058 4222 1349 4303 gratiam,
1369 4226 1431 4284 et
1458 4219 1709 4283 similia.

138 4306 297 4367 Haec
328 4315 425 4371 est
454 4319 669 4391 aperta
686 4316 999 4378 sententia
1018 4317 1093 4377 D.
1123 4316 1381 4378 Thomae
1410 4314 1537 4391 hic,
1571 4333 1631 4377 0.
1676 4316 1707 4375 1

138 4406 209 4459 01
232 4404 315 4475 2;
346 4401 439 4463 110
493 4406 663 4465 enim
693 4406 983 4471 concedit
1018 4408 1242 4471 Christi
1272 4407 1549 4471 animam
1602 4425 1713 4487 po-

142 4492 348 4557 tuisse
374 4496 625 4561 efficere
658 4501 985 4577 miracula,
1023 4502 1186 4564 sicut
1214 4506 1404 4585 negat
1438 4502 1717 4581 potuisse

142 4588 394 4648 assumi
430 4590 510 4652 ad
533 4592 881 4657 creandum
900 4594 1001 4656 vel
1025 4592 1527 4657 annihilandum.
1561 4594 1720 4655 Con-

144 4684 275 4741 stat
300 4688 539 4758 antem,
565 4685 615 4745 si
639 4704 847 4749 sermo
878 4694 1045 4751 esset
1077 4688 1283 4749 solum
1298 4687 1377 4750 de
1408 4704 1718 4750 concursu

144 4772 404 4851 morali,
432 4777 535 4838 vel
562 4776 641 4839 de
673 4778 1031 4843 conditione
1074 4782 1210 4845 sine
1241 4800 1367 4862 qua
1406 4799 1561 4859 non,
1606 4799 1719 4843 seu

146 4866 230 4927 ad
256 4869 443 4947 cujus
472 4874 871 4951 praesentiam
901 4882 1199 4955 operatur
1225 4877 1395 4938 Deus
1428 4894 1504 4937 ex
1534 4881 1719 4955 pacto

150 4966 329 5022 certo
366 4968 430 5023 et
460 4962 797 5042 infallibili,
840 4968 1119 5046 potuisse
1161 4968 1441 5030 animam
1494 4966 1717 5029 Christi

150 5070 529 5117 concurrere
564 5058 646 5120 ad
670 5060 1189 5125 annihilationem
1216 5068 1279 5124 et
1307 5061 1715 5137 creationem3

150 5146 429 5226 loquitur
454 5169 606 5231 ergo
636 5152 709 5215 D.
734 5154 1009 5217 Thomas
1054 5156 1135 5218 de
1165 5175 1315 5219 vera
1348 5163 1410 5219 et
1456 5155 1719 5235 physica

151 5239 509 5304 effectione.
545 5244 721 5307 Idem
784 5249 969 5309 sentit
998 5246 1182 5325 infra,
1216 5268 1279 5329 q.
1312 5252 1417 5323 48,
1448 5268 1509 5311 a.
1546 5250 1610 5325 6,
1650 5264 1715 5327 q.

152 5334 247 5410 52,
283 5338 405 5399 art.
442 5340 473 5399 1
511 5344 577 5399 et
601 5340 665 5415 2,
700 5346 923 5419 quoest.
947 5342 1050 5416 56,
1078 5361 1137 5405 0.
1183 5346 1246 5415 5,
1274 5360 1338 5423 q.
1370 5344 1473 5419 62,
1506 5346 1623 5403 art.
1656 5341 1717 5417 1,

152 5436 211 5491 et
237 5434 292 5493 1.
324 5437 390 5509 2,
424 5450 492 5513 q.
524 5436 665 5507 112,
698 5454 756 5499 0.
788 5438 847 5513 1,
876 5436 957 5500 ad
984 5440 1047 5513 2,
1078 5444 1139 5501 01
1174 5438 1319 5509 in3,
1348 5438 1491 5501 (1101.
1527 5438 1626 5514 11,
1654 5452 1717 5515 q.

154 5526 343 5603 unic„
378 5546 443 5590 a.
476 5530 541 5601 4,
574 5534 719 5609 etq.
759 5531 799 5592 6
830 5530 911 5595 (10
940 5532 1211 5611 Potent.,
1242 5552 1301 5595 a.
1331 5534 1369 5597 t
1388 5554 1407 5609 ;
1438 5532 1717 5613 Cajetan.

476 5644 659 5698 xvm.

1794 567 2038 642 Palud.,
2085 570 2150 631 in
2189 574 2251 645 4,
2285 571 2429 633 dist.
2463 575 2523 646 1,
2554 590 2618 653 q.
2653 575 2712 648 1,
2765 592 2832 638 n.
2891 578 2994 654 32,
3033 582 3107 645 51
3157 588 3222 646 01
3257 600 3354 647 se·

1794 662 2169 742 quentibns;
2231 666 2402 739 Soto,
2436 684 2498 747 q.
2547 668 2610 743 3,
2643 684 2704 729 a.
2743 670 2818 742 5;
2849 670 3158 750 Capreol„
3191 694 3254 757 q.
3290 678 3349 751 1,

1792 772 1855 817 a.
1880 758 1943 830 3,
1977 756 2057 818 ad
2082 765 2454 839 argumenta
2469 764 2688 823 contra
2712 766 2756 825 4
2783 765 3269 846 conclusionem,
3291 775 3355 835 et

1790 848 1937 912 dist.
1974 853 2072 925 13,
2107 870 2170 933 q.
2195 856 2257 927 1,
2283 852 2366 916 οᾱ
2397 872 2646 935 argum.
2693 862 2912 921 contra
2943 862 2974 921 1
3027 862 3258 939 00001.,
3289 869 3356 927 et

1792 942 1857 1004 in
1886 945 1950 1019 3,
1979 944 2043 1007 d.
2067 949 2170 1017 25,
2195 962 2260 1027 q.
2293 948 2501 1025 unica,
2533 967 2594 1011 a.
2617 952 2680 1027 3,
2706 950 2788 1013 ad
2815 960 3188 1031 argumenta
3203 974 3356 1020 con·

1790 1042 1887 1097 tra
1915 1041 1942 1100 1
1997 1040 2197 1101 00001.
2224 1058 2242 1113 ;
2267 1040 2537 1120 Ferrar.,
2571 1046 2610 1106 3
2651 1051 2870 1107 contra
2897 1046 3104 1123 Gent.‚
3133 1068 3187 1113 0.
3235 1052 3352 1127 56;

1792 1128 2035 1210 vega,l.
2071 1135 2106 1194 7
2135 1132 2201 1193 in
2217 1134 2521 1211 Trident„
2541 1155 2598 1197 c.
2622 1139 2722 1214 11;
2755 1138 2986 1215 Dried.,
3011 1148 3188 1205 tract.
3207 1145 3248 1204 2
3275 1142 3354 1206 de

1786 1223 2076 1303 captivit.
2105 1230 2167 1287 et
2191 1226 2478 1308 redemp.
2512 1246 2728 1309 gener.
2771 1231 2976 1309 hum„
3007 1250 3064 1296 c.
3097 1238 3155 1309 2,
3190 1252 3253 1317 p.
3289 1238 3352 1312 3,

1788 1334 1849 1377 0.
1884 1320 1945 1390 6,
1979 1318 2266 1397 quamvis
2291 1320 2510 1383 eodem
2545 1340 2602 1385 c.
2633 1325 2697 1400 2,
2717 1326 2950 1387 memb.
2977 1328 3040 1402 2,
3069 1328 3355 1391 videatur

1790 1408 2080 1472 docuisse
2109 1412 2490 1475 contrarium
2507 1431 2528 1491 ;
2559 1416 2766 1479 sedin
2803 1418 3086 1483 hocloco
3108 1421 3356 1485 videtur

1790 1502 1871 1565 do
1906 1520 2104 1567 causa
2128 1506 2460 1587 principali
2506 1508 2773 1586 locutus,
2817 1512 2882 1574 in
2925 1512 3046 1576 0110
3096 1532 3244 1578 vero
3271 1515 3354 1579 de

1791 1598 2275 1663 instrumentali.
2317 1600 2658 1681 Probatur,
2705 1606 2857 1685 qnia
2891 1608 3209 1689 Scriptura
3255 1626 3355 1671 sa-

1791 1710 1899 1754 cra
1934 1692 2300 1773 simpliciter
2324 1693 2409 1757 ita
2437 1696 2735 1775 loquitur,
2765 1698 2999 1777 dicens,
3043 1702 3354 1765 Christum

1792 1784 2116 1848 hominem
2139 1787 2434 1851 habuisse
2460 1795 2836 1869 potestatem
2858 1799 2922 1855 et
2945 1794 3240 1856 virtutem
3271 1794 3356 1857 ad

1790 1878 2096 1941 miracula
2119 1877 2432 1957 facienda,
2469 1888 2554 1957 et,
2589 1883 2958 1964 simpliciter
3009 1886 3352 1969 loquendo,

1792 1990 2053 2036 sanasse
2083 1972 2390 2052 infirmos,
2425 1983 2570 2051 etc.,
2603 1980 2674 2040 nt
2692 1985 2862 2059 patet
2889 1996 2968 2041 ex
2985 1981 3358 2045 testimoniis

1790 2070 1947 2129 sect.
2001 2068 2268 2146 praeced.
2319 2070 2540 2133 citatis.
2587 2071 2664 2134 Et
2705 2074 3031 2152 praeterea,
3064 2074 3212 2137 Luc.
3261 2078 3300 2139 6
3335 2092 3350 2134 :

1806 2160 2020 2226 Virtus
2043 2162 2112 2224 de
2133 2161 2242 2223 illo
2259 2163 2488 2241 exibat,
2507 2166 2842 2230 serenabat
2867 2184 3088 2231 omnes.
3113 2168 3186 2230 Et
3209 2184 3352 2247 cap.

1790 2254 1831 2316 8
1857 2270 1875 2317 t
1900 2254 2044 2337 Eoo
2091 2256 2258 2320 senei
2281 2258 2568 2323 virtutem
2597 2260 2666 2323 do
2691 2278 2786 2323 me
2829 2262 3024 2325 exisse
3051 2286 3079 2335 ,·
3111 2262 3220 2325 ubi
3265 2264 3358 2342 ip·

1792 2366 1933 2410 sum
1973 2349 2418 2415 miraculosum
2471 2370 2653 2432 opus,
2707 2354 2912 2418 virtus
2951 2362 3212 2419 vocatur
3230 2401 3244 2430 ‚
3289 2363 3356 2419 et

1790 2459 2085 2505 manasse
2123 2442 2350 2507 dicitur
2391 2462 2429 2507 0
2457 2446 2700 2508 Christo
2725 2446 3007 2509 homine.
3047 2450 3232 2512 Joan.
3265 2451 3296 2513 1
3332 2470 3350 2510 .·

1794 2534 2020 2601 Gratia
2051 2539 2108 2600 et
2149 2538 2380 2601 veritae
2414 2555 2524 2618 per
2561 2539 2616 2603 J
2616 2558 2782 2604 esum
2829 2540 3146 2605 Christum
3184 2545 3358 2621 sacca

1789 2632 1901 2693 est.
1930 2628 2053 2693 Sed
2083 2630 2180 2691 hae
2208 2630 2560 2694 locutiones
2587 2639 2851 2713 possunt
2886 2634 3141 2713 proprie
3168 2634 3356 2698 intel-

1788 2720 1900 2801 ligi
1947 2722 2028 2784 de
2057 2722 2322 2803 physica
2349 2724 2699 2799 effectione,
2731 2725 2853 2788 hoc
2883 2726 3054 2787 enim
3083 2745 3214 2790 000
3265 2746 3358 2791 re-

1788 2834 2074 2896 pugnare
2103 2814 2264 2877 infra
2287 2817 2718 2893 ostendemus,
2751 2825 2816 2881 et
2835 2824 2932 2883 est
2963 2838 3190 2882 000000
3217 2838 3356 2883 ma-

1791 2908 1888 2990 gis
1910 2916 2376 2972 consentaneus
2403 2912 2769 2991 proprietati
2817 2912 3102 2993 ipsorum
3129 2914 3356 2977 verbo-

1790 3020 1956 3079 rum,
1990 3010 2054 3065 et
2097 3003 2250 3065 alias
2286 3004 2562 3083 pertinet
2590 3004 2673 3067 ad
2695 3004 3136 3086 perfectionem
3169 3012 3234 3069 et
3263 3007 3358 3069 di-

1791 3096 2098 3177 gnitatem
2147 3096 2552 3160 humanitatis
2597 3098 2870 3161 maxime
2911 3100 3357 3163 accommoda-

1790 3196 1919 3253 tam
1940 3192 2256 3271 personali
2285 3190 2525 3256 unioni.
2551 3192 2790 3255 Deinde
2825 3192 3092 3273 quadrat
3125 3194 3358 3274 optime

1792 3302 1935 3345 cum
1963 3284 2152 3347 modo
2195 3304 2321 3365 quo
2350 3285 2630 3347 Christus
2659 3284 2968 3349 efficiebat
2993 3285 3130 3349 haec
3179 3286 3359 3349 mira·

1792 3380 1931 3443 cnla
1979 3398 2096 3461 per
2143 3380 2424 3443 actiones
2477 3380 2911 3458 humanitatis,
2945 3381 3268 3463 &ungendo
3295 3387 3362 3445 et

1790 3474 2158 3554 imperando
2187 3518 2202 3549 ,
2233 3472 2453 3536 Matth.
2507 3474 2596 3537 8:
2643 3475 2985 3555 Imperavit
3027 3475 3270 3549 ventis:
3297 3476 3361 3539 et

1791 3566 1990 3629 infra:
2029 3566 2192 3643 Volo,
2217 3568 2510 3631 mundare
2533 3594 2559 3641 ‚·
2591 3572 2656 3630 et
2699 3566 2860 3631 infra
2891 3586 2904 3629 :
2959 3568 3195 3649 Teciyit
3235 3584 3356 3640 ees,

1790 3664 1907 3725 etc.
1936 3682 1954 3735 ;
1999 3661 2184 3722 Joan.
2219 3663 2286 3723 11
2325 3677 2342 3723 :
2374 3661 2648 3737 Lazaro,
2679 3663 2816 3725 veni
2841 3667 3012 3741 foras
3041 3688 3068 3735 ;
3115 3668 3178 3725 et
3218 3661 3355 3723 lsai.

1792 3756 1893 3831 51,
1918 3756 2022 3827 52,
2053 3756 2156 3831 53,
2189 3760 2252 3816 et
2271 3770 2438 3835 saepe
2461 3753 2634 3831 alibi,
2663 3754 2948 3817 Christus
2971 3753 3197 3817 dicitur
3225 3754 3364 3818 bra·

1792 3849 1998 3914 chium
2019 3848 2296 3921 Domini,
2329 3847 2478 3927 qnia
2514 3864 2632 3927 per
2655 3864 2801 3909 eum
2825 3848 2986 3909 mira
3009 3866 3202 3927 opera
3227 3848 3364 3910 effi-

1794 3941 1899 4017 cit,
1959 3947 2028 4004 nt
2064 3941 2275 4003 Sancti
2315 3942 2658 4021 exponunt.
2708 3940 2988 4021 Denique
3016 3940 3364 4005 locutiones

1794 4038 2194 4110 Sanctorum,
2223 4052 2363 4115 qnae
2397 4052 2474 4097 ex
2509 4034 2829 4113 Scriptura
2873 4052 3055 4097 sacra
3095 4040 3362 4113 sumptas

1794 4136 1966 4205 sunt,
2013 4128 2282 4190 multum
2321 4126 2470 4191 huic
2503 4128 2718 4190 sensui
2753 4127 2987 4191 favent.
3017 4127 3362 4191 Concilium

1794 4223 2054 4304 Ephes„
2085 4240 2226 4284 can.
2263 4222 2362 4297 11,
2391 4222 2544 4284 (11011
2574 4238 2832 4283 carnem
2861 4221 3083 4285 Christi
3109 4228 3364 4302 propter

1796 4318 2102 4378 unionem
2128 4314 2209 4376 ad
2233 4314 2512 4376 Verbum
2536 4314 2732 4376 fnisse
2765 4316 3224 4395 vivificatricem
3243 4338 3270 4389 ,·
3301 4320 3366 4377 et

1798 4411 1863 4471 in
1888 4410 1970 4471 Vl
2011 4406 2293 4488 Synodo,
2343 4412 2465 4469 001.
2513 4410 2614 4481 11,
2649 4406 2802 4470 (11011
2837 4406 3254 4487 Sophronias,
3297 4408 3362 4471 in

1800 4504 1992 4565 citata
2021 4502 2202 4582 epist.
2235 4520 2274 4562 a
2301 4499 2558 4580 Synodo
2611 4506 2889 4582 recepta,
2922 4501 3202 4563 Verbum
3249 4518 3366 4581 per

1800 4612 2058 4659 carnem
2089 4612 2268 4657 suam
2301 4594 2590 4655 effecisse
2621 4611 2836 4673 opera,
2869 4610 3013 4673 quae
3061 4599 3244 4656 erant
3269 4593 3366 4655 di-

1799 4688 2076 4752 vinitatis
2109 4686 2360 4749 indicia.
2413 4686 2696 4767 Dionys„
2739 4704 2840 4767 ep.
2902 4690 2940 4747 4
2991 4686 3076 4748 ad
3121 4686 3362 4759 Caium,

1801 4790 2035 4865 praeter
2061 4782 2342 4845 actiones
2369 4780 2685 4842 humanas
2714 4786 2778 4843 01
2805 4780 3070 4854 divinas,
3097 4782 3274 4861 ponit
3301 4782 3366 4843 in

1802 4878 2044 4941 Christo
2066 4876 2222 4937 alias
2251 4874 2430 4953 quasi
2463 4874 2704 4949 mistus,
2731 4888 2890 4951 quas
2930 4880 3116 4935 vocat
3163 4874 3368 4939 theau-

1799 4968 2029 5044 dricas,
2057 4968 2136 5030 de
2167 4966 2396 5046 quibus
2423 4984 2618 5047 agens
2647 4966 3090 5041 Damasc.,lib.
3129 4970 3189 5041 3,
3221 4985 3361 5048 000.

1802 5067 1901 5137 19,
1930 5062 2180 5125 duobus
2207 5060 2411 5122 modis
2446 5058 2596 5121 dicit
2627 5058 2908 5139 aliquam
2933 5062 3369 5141 operationem

1800 5156 2025 5222 Christi
2051 5154 2262 5217 vocari
2297 5152 2732 5219 theandricam.
2781 5152 3010 5226 Primo,
3061 5153 3208 5232 qnia
3239 5170 3368 5214 000

1800 5249 2006 5311 solum
2035 5254 2171 5309 erat
2201 5247 2366 5309 actio
2391 5243 2692 5319 hominis,
2731 5244 2842 5307 sed
2869 5245 3058 5307 etiam
3112 5245 3247 5320 Dei,
3305 5250 3368 5307 et

1802 5342 1923 5405 hoc
1953 5341 2144 5403 modo
2179 5338 2382 5401 omnis
2409 5338 2690 5418 operatio
2747 5337 2973 5399 Christi
3009 5344 3216 5417 potest
3243 5336 3366 5400 dici

1800 5436 2128 5499 Deivirilis.
2161 5434 2450 5497 Secundo
2477 5477 2492 5508 ,
2527 5432 2675 5511 qnia
2699 5430 2974 5492 Verbum
3003 5449 3120 5512 per
3147 5431 3371 5491 huma·

1806 5531 2090 5605 nitatem,
2133 5532 2434 5605 tanquam
2483 5544 2598 5605 per
2643 5524 3153 5600 instrumentum,
3215 5524 3371 5585 divi-

3006 5633 3044 5689 7
