3892 6167
547 303 664 366 stt

547 409 737 472 ctiam
767 404 1082 470 contrario
1109 403 1402 469 omnibus
1431 403 1800 468 Ductoribus
1817 428 1836 482 3
1861 411 2107 470 constat

545 507 758 564 autem
788 517 1030 572 omme,
1051 507 1184 562 tam
1205 505 1446 562 veteres
1475 515 1664 577 quam
1695 501 2099 574 recentiores»,

547 595 928 658 intellexisse
959 593 1167 655 locum
1199 593 1375 654 illum
1415 591 1494 656 dc
1527 593 1658 656 sola
1697 611 1969 672 persona
1996 595 2101 656 Pa·

549 690 683 761 tris,
727 701 799 750 ut
843 690 915 750 D.
963 688 1236 750 Thomas
1268 685 1554 758 inferiUS,
1601 703 1664 766 q.
1712 687 1812 764 38,
1845 707 1906 747 a.
1947 687 2009 764 8,
2044 692 2107 747 et

549 804 612 866 q.
645 788 748 858 ⁴5.
781 803 841 846 a.
873 787 911 848 4
941 827 957 858 ,
991 802 1067 846 cx
1095 783 1375 864 professo
1408 781 1705 858 declarat,
1764 789 1826 846 et
1867 783 1932 844 in
1970 801 2103 862 seq.

548 883 730 953 tom„
758 878 824 940 in
846 875 1017 942 Com.
1049 877 1216 940 illius
1238 882 1357 938 art.
1384 877 1446 954 8,
1467 883 1529 939 et
1556 875 1717 958 disp.
1741 879 1844 950 27,
1870 883 2019 938 sect.
2042 877 2105 950 2,

547 971 760 1054 plures
788 972 1000 1036 Patres
1025 969 1412 1034 adducemus
1451 969 1516 1032 in
1564 971 1701 1050 ejus
1749 970 1844 1034 rei
1881 969 2109 1032 confir-

547 1066 911 1138 mationem,
943 1064 1180 1128 scilicet
1227 1067 1492 1143 August.
1513 1107 1536 1138 ,
1587 1063 1908 1136 Ambros,
1962 1063 2105 1126 Hie·

545 1178 714 1233 ron„
738 1159 1060 1242 Cypriam,
1081 1159 1304 1232 Hilar.,
1333 1158 1650 1238 Fulgent.,
1672 1157 2015 1240 chrysost„
2046 1164 2111 1220 et

547 1253 722 1318 alios.
748 1253 984 1330 Quibus
1011 1253 1156 1316 addi
1185 1258 1450 1334 possunt
1473 1252 1750 1314 notanda
1777 1253 1963 1316 verba
1984 1254 2108 1316 Au·

547 1347 798 1432 gustini,
833 1352 872 1410 2
901 1347 979 1410 de
1008 1348 1256 1422 Trinit.,
1288 1365 1344 1410 c.
1398 1349 1496 1421 10,
1531 1347 1837 1410 dicentis:
1873 1347 1979 1412 Ibi
2017 1365 2107 1410 co·

545 1443 750 1522 qimai·
775 1460 894 1504 non
921 1442 1050 1504 nisi
1078 1439 1304 1506 Pati-ie
1335 1458 1658 1522 personam
1685 1443 1977 1520 accipere,
2004 1439 2107 1503 ubi

546 1535 773 1623 dictam
806 1539 895 1600 eet
915 1561 936 1596 .·
965 1533 1094 1600 Hie
1123 1540 1211 1598 ert
1237 1533 1442 1598 Filius
1475 1551 1642 1598 meus
1669 1534 1942 1599 dilectus.
1975 1535 2108 1600 Ne-

545 1645 656 1712 que
681 1629 840 1690 enim
867 1629 1049 1693 Jeme
1091 1626 1275 1691 etiam
1317 1625 1606 1707 Spiritu
1649 1627 1874 1692 Sancti
1902 1627 2103 1708 fitius,

545 1725 656 1786 aut
701 1721 884 1786 etiam
927 1739 1076 1786 mu
1123 1720 1334 1797 filius,
1365 1721 1526 1785 credi
1559 1725 1666 1782 aut
1707 1719 1975 1804 inteltiqi
1994 1739 2111 1802 po-

546 1821 698 1888 ταί,-
726 1821 790 1878 et
807 1811 1212 1886 Athanasius,
1241 1831 1433 1874 serm.
1459 1813 1496 1874 3
1517 1819 1682 1876 cont.
1707 1811 1953 1888 Arion„
1970 1832 2108 1876 ver-

545 1926 654 1970 sus
699 1905 930 1984 finem,
987 1905 1344 1986 generalem
1385 1905 1672 1986 regulam
1715 1905 2040 1968 constituit
2086 1925 2107 1970 z

545 2003 689 2068 Ieta
717 1999 938 2075 omnia,
973 1999 1354 2084 Uniyeaitue,
1386 2006 1441 2063 et
1464 1997 1698 2075 Filius,
1727 2005 1786 2064 et
1825 1999 2107 2076 Verbum,

545 2101 601 2160 et
657 2093 986 2180 Sapientia
1038 2095 1121 2157 ad
1167 2093 1416 2158 Patrem
1469 2095 1858 2171 referuntur,
1912 2093 2111 2176 ibique

544 2206 719 2254 suam
747 2190 1181 2272 proprietatem
1210 2185 1460 2256 habenh-
1489 2191 1551 2248 et
1589 2186 1835 2267 singula
1890 2185 2109 2250 confir-

544 2287 678 2344 mat
709 2281 977 2362 propriis
1009 2278 1341 2360 Scripturas
1368 2277 1949 2352 testimoniis,inter
1972 2297 2109 2360 quae

543 2375 781 2456 profert
805 2375 947 2450 hoc,
966 2375 1046 2438 de
1075 2393 1200 2454 quo
1219 2372 1410 2436 modo
1434 2373 1712 2454 agimus:
1737 2373 1868 2438 Hic
1887 2379 1973 2436 eet
1992 2373 2108 2436 Fi-

543 2469 669 2534 lius
694 2486 860 2533 meus
887 2468 1185 2542 dilectum
1227 2472 1289 2528 et
1313 2463 1470 2526 illud
1507 2487 1524 2526 ι
1561 2465 1660 2528 Tu
1697 2483 1760 2532 u
1805 2465 2103 2540 emistus,

543 2561 757 2626 Filius
791 2561 910 2624 Dei
936 2561 1060 2624 vivi
1077 2585 1104 2636 ,·
1135 2563 1197 2622 et
1233 2560 1296 2620 in
1327 2557 1593 2640 epistola
1627 2557 1708 2622 de
1739 2557 1976 2638 Synodi
2007 2559 2109 2620 Ni-

545 2671 734 2716 coenae
763 2653 1030 2716 decretis
1053 2659 1272 2716 contra
1295 2650 1593 2714 Arianam
1613 2651 1924 2726 hoeresim,
1943 2650 2109 2714 circa

543 2746 826 2810 medium
857 2764 874 2810 z
901 2748 1044 2812 Ideo
1086 2745 1372 2828 (inquit)
1403 2742 1612 2812 Filiae
1645 2751 1699 2807 et
1745 2743 2111 2826 Uniaeuitue

545 2841 791 2918 dicitur,
817 2845 874 2906 et
899 2839 1062 2904 eolus
1087 2839 1387 2902 duntaxat
1415 2838 1480 2900 in
1503 2838 1646 2901 eina
1678 2835 1925 2914 Patris,
1950 2856 2109 2922 eam-

544 2953 654 3018 que
689 2934 880 2998 solum
913 2950 984 2998 ιω
1026 2950 1086 2996 ee
1123 2929 1394 3012 amitam
1429 2949 1551 2996 esee
1593 2931 1787 2996 Pater
1813 2931 2105 3012 declarat,

546 3045 679 3092 cum
707 3025 910 3108 inquit
930 3052 951 3087 .·
982 3025 1112 3090 Hic
1151 3028 1241 3089 eet
1268 3021 1480 3088 Filiae
1519 3041 1685 3090 meus
1717 3023 2007 3101 dilectae,
2038 3025 2108 3090 in

543 3138 656 3203 quo
684 3120 840 3182 mihi
866 3118 1194 3200 complaceo
1208 3143 1235 3193 ;
1255 3121 1319 3180 et
1341 3115 1446 3178 alii
1469 3117 1683 3180 Patres
1711 3117 2107 3198 disputantes

543 3218 762 3275 contra
794 3211 1058 3275 Arianos
1083 3209 1206 3276 hoc
1233 3209 1505 3272 maxime
1538 3209 1893 3274 testimonio
1923 3220 2108 3274 utun-

543 3312 645 3368 tur
691 3305 773 3368 ad
814 3305 1204 3369 divinitatem
1233 3301 1406 3378 Filii,
1439 3308 1504 3366 et
1526 3304 1997 3384 processionem
2028 3305 2111 3368 ab

543 3405 778 3462 aeterno
825 3399 1006 3462 Patre
1057 3392 1475 3477 probandam.
1525 3395 1602 3458 Et
1645 3401 1983 3460 tractantes
2028 3399 2109 3462 de

541 3491 856 3574 baptismo
887 3537 902 3564 ,
967 3491 1198 3554 docent
1258 3505 1674 3570 personarum
1737 3489 2106 3553 Trinitatem

541 3587 736 3650 fuisse
765 3588 828 3648 in
857 3585 1084 3648 Christi
1111 3583 1428 3666 baptismo
1457 3583 1946 3660 manifestatam,
1974 3587 2107 3668 Spi-

541 3683 728 3744 ritum
759 3681 1059 3744 Sanctum
1085 3696 1200 3758 per
1220 3675 1498 3758 speciem
1529 3675 1862 3756 columbae,
1881 3677 2107 3742 Filium

541 3793 656 3856 per
691 3773 1194 3847 humanitatem,
1239 3769 1488 3832 Patrem
1536 3769 1601 3832 in
1651 3789 1726 3833 ea
1782 3789 1935 3834 voce
1981 3789 2107 3854 qua

541 3868 966 3930 testimonium
996 3865 1150 3927 Filio
1177 3881 1292 3926 suo
1314 3861 1609 3938 reddidit,
1641 3869 1714 3925 ut
1740 3863 1940 3927 fusius
1970 3865 2036 3928 in
2066 3869 2104 3928 3

543 3968 736 4034 tome,
768 3961 832 4022 in
863 3959 1124 4022 materia
1149 3956 1226 4021 de
1246 3959 1580 4038 baptism0,
1613 3957 2098 4022 declarabimus..

541 4055 719 4118 Unde
749 4053 1051 4126 Ecclesia,
1087 4059 1218 4114 tam
1260 4051 1329 4112 in
1383 4049 1710 4114 festivitate
1743 4051 2103 4136 Transfigu-

541 4148 798 4210 rationis
822 4165 1010 4226 quam
1035 4145 1102 4206 in
1127 4143 1286 4206 festo
1311 4144 1699 4224 Epiphaniae,
1731 4145 1977 4208 Patrem
2005 4147 2105 4209 in-

545 4241 766 4320 telligit
797 4239 1008 4302 verbis
1037 4236 1155 4299 illis
1177 4239 1542 4316 loquentem
1580 4258 1594 4296 ε
1633 4238 1822 4302 Hunc
1851 4245 1906 4302 et
1943 4241 2103 4304 Pro.

541 4333 740 4415 pketis
773 4333 1020 4396 testibus
1051 4331 1182 4410 (ait
1209 4329 1273 4390 in
1313 4327 1550 4410 hymno
1577 4325 2103 4412 Transfiguratio-

543 4427 672 4506 nis)
703 4470 724 4501 ,
755 4425 1091 4504 Iisdemque
1119 4421 1552 4500 eiqnatorz'bus,
1585 4423 1868 4487 ,Τυπαῖον
1896 4431 1952 4491 et
1980 4427 2103 4490 Pa·

545 4525 636 4582 ter
649 4517 844 4599 jubet,
869 4517 1088 4594 Ipsum
1117 4514 1327 4578 audire
1348 4518 1406 4578 et
1433 4516 1704 4588 credere,·
1722 4523 1784 4578 et
1807 4516 1870 4579 iu
1899 4519 2103 4598 primo

541 4609 958 4691 Responsorio
1009 4607 1372 4688 Epiphaniae
1410 4622 1428 4668 ε
1460 4607 1690 4685 Hodie,
1739 4609 1946 4692 inquit
1974 4657 1989 4687 ,
2035 4615 2107 4678 in

539 4705 808 4770 Jordaue
837 4701 1136 4782 baptizato
1165 4697 1420 4764 Domino
1446 4703 1643 4782 aperti
1685 4708 1830 4769 eunt
1865 4707 2019 4782 coeli,
2049 4715 2106 4773 et

539 4799 701 4861 sicut
727 4793 996 4860 columba
1037 4809 1219 4874 super
1263 4809 1396 4856 eum
1435 4791 1724 4874 Spiritus
1757 4801 2016 4876 mansit,
2045 4808 2103 4867 et

535 4907 650 4952 vox
674 4890 895 4954 Patris
917 4885 1217 4950 intonuit:
1242 4883 1368 4948 Hic
1385 4891 1476 4950 est
1493 4885 1706 4952 Filiae
1729 4908 1892 4956 meus
1920 4893 2101 4958 dilec-

535 4987 658 5046 tae.
687 4981 763 5042 Et
795 4977 987 5054 infra,
1021 4979 1086 5042 in
1115 4978 1296 5040 tertio
1323 4977 1742 5059 Responsorio
1774 5001 1788 5042 :
1823 4983 2098 5051 Paterna

535 5093 651 5139 vom
678 5072 892 5138 audita
920 5079 1008 5136 eet
1035 5098 1058 5132 .·
1097 5071 1228 5135 Hic
1263 5075 1353 5134 eet
1386 5071 1594 5136 Filiae
1623 5091 1788 5138 meus
1816 5075 2092 5142 dilectus.

529 5168 664 5232 Imo
707 5167 1045 5248 ipsummet
1078 5163 1424 5228 Concilium
1455 5164 1890 5245 Francoford.,
1919 5173 1987 5234 in
2023 5173 2095 5236 li.

1751 301 1989 366 Quat-281⁸.
2022 301 2194 358 XXllL
2230 303 2431 358 Att'rtc.
2468 305 2554 359 tv·

2188 406 2282 470 die
2290 423 2535 472 currens
2587 405 2877 484 intonuit,
2926 405 3327 490 discrevitque
3344 451 3365 482 ,
3412 408 3521 490 qai
3568 421 3741 472 esau

2188 499 2350 564 servi
2370 518 2484 580 per
2508 501 2803 582 qratiam,
2838 505 2898 564 et
2934 517 3049 580 per
3086 500 3465 584 adoptionem
3502 502 3635 582 filii
3650 531 3675 576 ‚·
3696 515 3743 568 et

2188 592 2293 674 qui
2317 611 2496 656 verm
2518 612 2590 656 ac
2606 593 2902 674 proprius
2916 593 3158 658 Filius.
3178 594 3473 674 Denique
3490 596 3745 674 ipsemet

2191 685 2518 764 Apostolus
2547 686 2786 761 Petrus,
2820 685 2889 748 in
2916 689 2955 748 2
2990 686 3168 766 epist.
3178 731 3201 764 ,
3236 707 3293 750 c.
3348 690 3413 764 t,
3440 686 3522 748 de
3556 705 3743 768 perso·

2188 795 2269 838 na
2320 779 2514 840 Patris
2548 779 2792 842 videtur
2832 779 3019 860 plane
3072 798 3391 860 exponere
3440 780 3655 842 locum
3678 781 3743 844 ii-

2190 869 2346 948 lum,
2396 873 2612 936 dicens
2662 870 3033 954 :Accipient
3080 891 3119 938 a
3164 874 3288 936 Deo
3335 875 3537 938 Patre
3590 874 3745 936 ἠσκο-

2190 983 2340 1042 rem,
2392 973 2507 1028 etc.
2560 967 2779 1046 Neque
2810 965 2979 1028 enim
3027 966 3147 1029 dici
3196 972 3457 1046 potest,
3486 962 3579 1028 ibi
3606 967 3747 1028 sumi

2188 1059 2439 1124 Patrem
2474 1059 2911 1136 essentialiter,
2943 1060 3091 1140 quia
3120 1066 3339 1142 aperte
3380 1059 3647 1139 ponitur
3683 1060 3751 1122 ad

2190 1153 2732 1218 determinandam
2764 1172 3101 1236 personam
3130 1172 3269 1236 quoe
3302 1151 3469 1216 Filio
3492 1171 3609 1214 suo
3638 1153 3751 1234 glo-

2188 1247 2347 1310 riam
2378 1253 2439 1310 et
2468 1247 2815 1312 claritatem
2848 1248 3145 1320 contulit:
3178 1266 3331 1328 ergo
3362 1265 3501 1310 non
3544 1253 3643 1310 est
3668 1267 3753 1308 ve—

2187 1341 2469 1421 risimile,
2502 1343 2865 1406 Pontificem
2900 1361 3083 1404 usum
3109 1360 3247 1406 esse
3270 1349 3509 1404 contra
3530 1341 3753 1402 haereti·

2188 1455 2297 1500 cos
2322 1437 2710 1517 expositione
2742 1436 3067 1518 singulari,
3092 1442 3156 1500 et
3186 1443 3377 1500 tantae
3408 1433 3753 1498 auctoritati

2186 1537 2603 1610 repugnante.

2270 1623 2371 1688 36.
2420 1624 2743 1698 Secundo,
2778 1623 2843 1686 id
2885 1630 3105 1704 aperte
3138 1623 3412 1688 ostendo
3458 1642 3545 1686 ex
3571 1624 3757 1686 verbis

2192 1716 2385 1796 ipsius
2422 1717 2759 1794 pontificis,
2803 1735 2951 1780 nam
2994 1718 3058 1779 in
3088 1737 3307 1782 eorum
3338 1718 3528 1780 initio
3558 1718 3647 1780 sic
3672 1717 3757 1778 in·

2192 1809 2370 1888 quit:
2420 1809 2645 1874 Patris
2692 1809 3027 1874 testimonio
3072 1809 3142 1876 de
3176 1811 3353 1874 Filio
3394 1809 3758 1894 perhibentis

2188 1921 2307 1968 nou
2334 1903 2582 1968 creditis
2600 1903 2632 1968 7
2660 1903 2769 1966 ubi
2800 1903 3124 1968 evidenter
3168 1903 3369 1966 sumit
3400 1905 3617 1968 Patris
3656 1922 3757 1964 no-

2190 2015 2339 2060 men
2366 2015 2481 2078 pro
2508 1999 2713 2078 prima
2738 2015 3031 2080 persona,
3070 1995 3485 2078 distinguens
3532 1997 3699 2058 iliam
3728 2017 3757 2056 a

2190 2108 2461 2173 persona
2498 2089 2640 2154 Filii
2682 2099 2743 2154 et
2780 2092 3045 2174 Spiritus
3085 2093 3323 2156 Sancti.
3356 2091 3639 2154 Inferius
3668 2110 3757 2152 au·

2190 2189 2319 2246 tem
2360 2183 2519 2248 nihil
2567 2183 2715 2248 dicit
2761 2186 2853 2246 his
2897 2183 3211 2266 prioribus
3251 2185 3478 2248 verbis
3530 2191 3757 2248 contra·

2190 2278 2387 2355 rium,
2418 2279 2543 2341 imo
2584 2279 2811 2342 iterum
2850 2281 3121 2360 repetit:
3166 2278 3295 2348 Vox
3336 2277 3578 2344 Patris
3622 2280 3755 2342 inte·

2190 2373 2331 2436 nuit
2360 2399 2382 2432 .·
2409 2371 2540 2436 Hic
2564 2379 2652 2438 eet
2682 2371 2889 2437 Filiae
2916 2391 3081 2438 meae
3110 2371 3413 2446 dilectus-5
3440 2390 3599 2436 cum
3628 2390 3755 2432 vero

2193 2463 2516 2544 subjungit
2546 2483 2562 2527 ι
2600 2463 2755 2544 Sed,
2784 2483 2917 2530 cum
2946 2467 3129 2542 dicit,
3164 2465 3563 2546 Complacui,
3592 2471 3757 2528 totas

2190 2557 2378 2620 simul
2398 2557 2761 2622 Trinitatem
2786 2559 3247 2642 comprehendit,
3270 2579 3407 2621 non
3434 2568 3541 2622 est
3556 2577 3755 2620 sensus

2192 2649 2364 2730 quod
2395 2652 2885 2734 comprehendat
2930 2653 3301 2716 Trinitatem
3336 2659 3661 2732 tanquam
3685 2653 3755 2712 lo-

2192 2750 2516 2826 quentem,
2564 2750 2627 2808 ct
2671 2745 2983 2808 dicentem
3018 2763 3032 2806 :
3070 2745 3199 2810 Hic
3234 2749 3327 2810 eet
3368 2747 3559 2827 filias
3592 2765 3757 2820 mess,
3833 2781 3834 2798 ι

2192 2835 2307 2900 sed
2362 2843 2664 2920 tanquam
2710 2837 3207 2922 complacentem
3258 2837 3331 2902 in
3381 2839 3669 2914 Christo,
3708 2852 3759 2900 ut
3833 2825 3834 2874 1

2190 2937 2365 3012 patet
2412 2948 2491 2994 ex
2540 2932 2776 2994 causali
2828 2931 3187 3012 subjuncta,
3225 2933 3379 3016 quia
3426 2933 3503 2996 in
3548 2933 3759 2998 homine

2194 3021 2443 3090 Christo
2472 3029 2597 3090 tota
2616 3025 2975 3108 complacuit
3004 3025 3310 3090 Trinitas.
3337 3024 3549 3099 Sicut,
3570 3027 3627 3088 si
3654 3025 3758 3086 duo

2190 3116 2269 3180 de
2300 3115 2507 3198 aliqua
2538 3116 2813 3198 imagine
2842 3117 2927 3182 ita
2968 3120 3351 3200 loquantur,
3382 3124 3463 3182 ut
3494 3121 3661 3184 alter
3686 3119 3758 3180 di-

2188 3216 2288 3275 cat
2318 3209 2514 3274 :Mihi
2568 3211 2749 3274 valde
2786 3211 2990 3294 placet
3034 3213 3166 3276 haec
3213 3213 3479 3294 image,
3512 3221 3581 3276 et
3622 3213 3757 3274 alter

2193 3303 2536 3388 subjungat
2580 3322 2598 3368 ε
2650 3305 2783 3388 Ego
2838 3307 3027 3369 etiam
3074 3307 3141 3370 in
3192 3305 3301 3368 illa
3358 3307 3755 3388 complaces,

2191 3399 2477 3478 quamvis
2504 3397 2607 3464 hic
2626 3399 2935 3480 posterior
2959 3397 3129 3462 solus
3154 3399 3447 3480 proferat
3470 3401 3617 3464 haec
3642 3401 3755 3462 ulti·
3831 3481 3832 3484 Ἴ

2190 3509 2297 3554 ma
2323 3491 2549 3564 verba,
2588 3497 2801 3554 tamen
2842 3491 2907 3554 in
2952 3493 3045 3554 eis
3084 3493 3281 3554 alium
3312 3501 3637 3556 connotat
3664 3512 3755 3556 seu
3831 3509 3832 3546 ι

2190 3583 2665 3666 comprehendit
2688 3603 2903 3648 secum
2925 3585 3463 3666 complacentem.
3486 3587 3587 3650 Ad
3608 3589 3755 3648 hunc

2190 3694 2341 3760 ergo
2385 3675 2642 3740 modum
2686 3679 2777 3742 ait
2807 3677 3113 3756 Pontifex,
3144 3679 3429 3754 Patrem,
3480 3679 3753 3756 dicende,

2192 3767 2569 3852 Complacui,
2599 3770 2665 3832 in
2694 3788 2770 3833 eo
2799 3773 2991 3834 verbo
3034 3779 3297 3836 caeteras
3326 3791 3651 3853 personas
3678 3775 3757 3836 in·

2188 3861 2429 3926 dicasse
2461 3871 2523 3926 et
2565 3865 3118 3946 comprehendisse
3158 3872 3229 3929 ut
3258 3866 3327 3928 in
3360 3863 3617 3948 Christo
3644 3867 3755 3950 pla·

2189 3963 2423 4021 centes.
2450 3959 2539 4020 Ex
2568 3957 2687 4020 hac
2712 3966 2927 4022 autem
2956 3960 3165 4022 subtili
3196 3960 3369 4022 illius
3398 3963 3584 4026 verbi
3620 3982 3753 4042 pon·

2188 4050 2512 4114 deratione
2535 4069 2666 4113 non
2695 4051 2881 4114 infert
2903 4053 3237 4129 Adrianus,
3260 4053 3523 4119 Patrem
3548 4075 3749 4118 vocare

2186 4141 2523 4218 Christum,
2548 4151 2618 4206 ut
2644 4146 2988 4225 bominem,
3012 4148 3209 4210 filium
3236 4167 3435 4210 suum
3468 4149 3746 4212 dilectum

2184 4235 2247 4298 in
2278 4235 2578 4318 praedicto
2606 4257 2820 4317 sensu,
2846 4239 2912 4303 id
2940 4249 3057 4318 est,
3080 4246 3398 4324 quantum
3430 4245 3521 4304 ad
3552 4244 3745 4306 huma·

2185 4347 2333 4391 nam
2374 4337 2691 4407 naturam,
2720 4334 2833 4396 sed
2858 4334 3062 4398 solum
3098 4335 3167 4396 in
3196 4333 3323 4396 alio
3356 4354 3579 4410 sensu,
3608 4335 3742 4398 scili·

2186 4429 2305 4500 cet,
2338 4431 2645 4505 quantum
2684 4426 2766 4490 ad
2799 4429 3215 4512 suppositum,
3244 4448 3383 4492 non
3415 4430 3741 4512 quomode·-

2188 4535 2460 4600 cunque,
2492 4521 2606 4581 sed
2641 4527 2707 4582 ut
2736 4529 2881 4584 actu
2918 4531 2981 4586 et
3018 4541 3167 4586 vere
3206 4523 3661 4588 subsistentem
3688 4523 3735 4582 in

2186 4617 2453 4694 utraque
2496 4621 2741 4676 natura.
2774 4617 2845 4678 Et
2884 4636 2959 4679 ex
2992 4615 3113 4683 hoc
3150 4635 3349 4680 sensu
3401 4617 3735 4696 intelligen—

2184 4701 2337 4764 dum
2368 4707 2657 4788 estquod
2684 4709 2795 4786 ait,
2821 4709 2905 4771 ibi
2943 4729 3071 4772 non
3111 4728 3250 4774 esse
3278 4729 3641 4772 sermonem
3670 4709 3731 4768 de

2183 4797 2423 4862 Christo
2465 4801 2815 4864 secundum
2863 4800 3251 4866 divinitatem
3294 4803 3729 4882 (subintellige.

2182 4893 2381 4956 solam
2403 4901 2464 4959 et
2486 4899 2808 4980 praecisam
2834 4899 2913 4960 ab
2934 4899 3375 4978 humanitate),
3402 4899 3469 4964 id
3490 4907 3603 4978 est,
3622 4916 3733 4959 non

2182 5005 2321 5050 esse
2356 5008 2713 5054 sermonem
2758 4993 2838 5054 de
2861 4993 2968 5056 illo
2993 4993 3099 5076 qui
3135 4993 3199 5054 in
3240 4995 3381 5056 sola
3428 4993 3731 5055 divinitate

2179 5080 2494 5162 subsistat,
2540 5086 2655 5149 sed
2698 5085 2886 5150 simul
2930 5087 2999 5150 in
3042 5087 3467 5164 humanitate,
3515 5088 3731 5167 quique

2178 5177 2362 5239 simul
2389 5180 2475 5242 sit
2497 5177 2641 5257 Dei,
2668 5179 3041 5266 Itomt'nieque
3056 5182 3255 5266 filius,
3289 5187 3363 5246 ut
3392 5183 3565 5246 idem
3588 5183 3733 5244 Pon·

529 5263 644 5326 hro
687 5257 1146 5342 Sacrosyllaho,
1191 5255 1312 5321 col.
1347 5261 1407 5336 5,
1450 5259 1539 5320 sic
1567 5259 1716 5324 dicit
1749 5278 1766 5324 t
1816 5261 1939 5330 Vox
1964 5267 2094 5332 Pa—
2174 5267 2325 5334 tifex
2354 5271 2521 5338 dicit.
2552 5273 2625 5338 Et
2652 5273 2716 5338 in
2738 5275 2860 5338 hoc
2882 5295 3073 5340 sensu
3098 5282 3161 5338 et
3188 5275 3257 5340 in
3286 5277 3467 5342 nullo
3498 5277 3616 5340 alio
3648 5281 3729 5338 est

528 5358 650 5422 trie
676 5356 944 5420 intonuit
969 5351 1174 5418 dicem
1209 5376 1232 5414 .·
1263 5351 1395 5418 Hie
1421 5359 1512 5418 eet
1551 5353 1768 5420 Filiae
1795 5375 1984 5424 meus.
2018 5361 2094 5426 Et
2174 5365 2481 5448 optimum
2504 5376 2947 5452 argumentum
2966 5367 3259 5446 Adriani;
3292 5389 3444 5436 nam
3478 5391 3579 5448 ea,
3602 5389 3725 5450 quae

526 5449 687 5511 infra
718 5463 736 5510 z
771 5441 916 5512 Μοω
951 5447 1215 5530 paterna
1256 5462 1372 5514 vox
1399 5443 1706 5532 fulvidum
1743 5467 1855 5532 per
1880 5454 2093 5521 nubem
2174 5455 2257 5523 ibi
2292 5457 2618 5540 dicuntur,
2650 5463 2729 5528 de
2777 5485 2903 5530 uno
2948 5471 3009 5530 et
3042 5464 3267 5529 eodem
3312 5465 3639 5544 dicuntur,
3672 5471 3721 5524 et
