3892 6167
567 349 688 410 316

565 453 646 514 ad
681 453 1072 533 operandum
1108 453 1446 533 applicare.
1487 451 1561 512 Et
1593 451 1712 512 hoc
1747 467 1936 513 sensu
1968 449 2127 510 exis·

567 546 789 609 limant
817 547 1032 628 aliqui,
1053 545 1380 608 haereticos
1411 543 1849 608 monothelitas
1873 543 2127 618 dixisse,

565 646 814 703 tautum
848 657 986 702 esse
1015 641 1078 701 iu
1115 641 1358 701 Christo
1390 657 1580 699 unam
1613 639 2041 718 operationem
2074 641 2135 698 et

566 751 760 794 unum
791 735 1174 795 voluntatem
1197 752 1212 806 ς
1237 733 1350 795 sed
1379 731 1498 794 hoc
1525 732 1842 794 incertum
1873 741 2008 803 θεῖς
2042 737 2137 791 ta-

569 845 718 888 men
759 827 947 888 etiam
1000 829 1062 888 iu
1117 828 1236 888 boe
1279 845 1470 888 sensu
1517 827 1614 887 est
1664 831 1919 905 apertus
1965 841 2138 886 error

566 937 802 999 negare
833 919 894 981 iu
927 919 1276 981 actionibus
1301 918 1518 982 Christi
1567 937 1692 979 non
1725 918 1918 979 fuisse
1949 917 2135 978 aliam

567 1017 880 1076 actionem
909 1015 1250 1076 divinitatis
1285 1031 1357 1075 ac
1394 1011 1825 1088 humanitem,
1857 1013 2005 1094 quia
2036 1031 2138 1075 re·

565 1125 714 1170 vera
741 1108 1020 1172 Christus
1061 1127 1178 1188 per
1205 1107 1529 1188 proprium
1561 1111 1771 1168 aetum
1801 1106 2137 1166 voluntatis

566 1203 859 1264 humauae
881 1201 1176 1278 liberum,
1206 1208 1264 1263 et
1297 1201 1361 1262 in
1389 1219 1504 1261 sua
1528 1203 1838 1279 potestate
1867 1199 2135 1260 existen-

567 1303 726 1370 tem,
757 1293 1007 1356 volebat
1037 1300 1098 1356 et
1127 1293 1492 1374 perficiebat
1521 1309 1636 1354 sua
1666 1309 1881 1372 opera.
1911 1293 1987 1353 Et
2014 1293 2133 1352 hoe

568 1405 758 1448 sensu
791 1386 1096 1466 intellige,
1125 1387 1296 1466 quod
1338 1387 1412 1447 D.
1441 1387 1715 1447 Thomas
1745 1386 1848 1447 hic
1877 1386 1985 1454 ait,
2014 1383 2135 1446 hu-

567 1497 821 1542 manam
855 1485 1146 1542 naturam
1197 1479 1420 1541 Christi
1471 1479 1774 1540 habuisse
1814 1479 2132 1559 propriam

567 1573 836 1636 formam
879 1581 942 1636 et
981 1575 1313 1646 virtutem,
1347 1591 1460 1652 per
1486 1589 1680 1653 quam
1723 1573 2128 1652 operabatur,

568 1667 826 1733 scilicet.
861 1683 973 1726 sua
1015 1673 1236 1745 sponte
1275 1673 1335 1726 et.
1365 1665 1652 1727 libertate
1684 1665 2027 1745 operando.
2060 1667 2135 1728 Et

567 1761 658 1820 sie
691 1765 786 1820 est
811 1759 1010 1820 favilis
1035 1757 1354 1819 discursus
1385 1759 1450 1819 D.
1485 1759 1760 1819 Thomas.
1791 1759 1865 1820 Et
1894 1759 2131 1833 omnia,

569 1871 710 1933 quae
731 1853 794 1913 in
823 1851 1237 1914 solutionibus
1258 1858 1773 1932 argumentorum
1799 1850 1967 1924 dicit,
1993 1869 2133 1932 quae

570 1963 799 2026 magna
853 1963 928 2007 ex
983 1952 1160 2026 parte
1217 1945 1496 2025 exposita
1528 1945 1716 2007 etiam
1759 1951 1909 2005 sunt
1953 1947 2020 2006 in
2060 1945 2134 2006 iis

569 2055 707 2120 quae
737 2040 900 2100 circa
931 2057 992 2118 q.
1021 2041 1096 2101 17
1126 2045 1187 2099 et
1223 2041 1293 2100 ¹8
1315 2039 1632 2118 disputata
1659 2043 1824 2099 sunt.
1855 2037 2136 2118 Quapro-

569 2125 712 2212 pter
731 2147 848 2193 nec
878 2132 955 2192 de
986 2131 1230 2210 reipsa,
1251 2149 1371 2192 nec
1399 2131 1480 2192 de
1505 2132 1622 2192 hac
1641 2129 1852 2191 littera
1879 2131 1951 2192 D.
1976 2131 2138 2191 Tho-

567 2241 687 2286 moe
717 2225 896 2306 plura
927 2225 1192 2287 dicenda
1224 2231 1584 2304 supersunt.

1083 2427 1502 2490 ARTICULUS
1545 2429 1616 2490 11.

583 2597 644 2662 U
647 2603 808 2661 town
837 2600 906 2662 in
938 2599 1183 2663 Christo
1211 2603 1336 2664 sint
1361 2597 1576 2680 plures
1606 2599 1981 2680 operationes
2011 2599 2130 2662 bu—

1237 2711 1455 2757 mana’.

652 2883 707 2943 1.
729 2880 836 2943 Aa
858 2883 1180 2944 secundum
1193 2881 1282 2945 sic
1297 2879 1670 2962 proceditur.
1697 2881 1957 2948 Videtur
1974 2883 2133 2958 quod

571 2972 636 3033 ln
683 2972 928 3036 Christo
973 2977 1102 3037 sint
1135 2975 1350 3055 plures
1395 2977 1680 3037 hitrnanoe
1729 2974 2123 3054 operationes.

575 3064 858 3128 Christus
881 3067 1061 3142 enim,
1090 3068 1156 3130 in
1185 3073 1479 3147 quantum
1510 3069 1702 3140 bomo,
1734 3067 2133 3130 communicat

569 3175 703 3223 cum
717 3157 964 3240 plantis
985 3161 1052 3223 in
1081 3167 1308 3224 nat-ura
1339 3162 1650 3223 nutritiva
1670 3208 1685 3234 ,
1727 3177 1859 3224 cum
1886 3161 2135 3224 anima-

569 3251 729 3315 libus
773 3257 973 3317 autem
999 3257 1068 3316 in
1096 3259 1326 3317 natura
1355 3255 1640 3318 sensitiva
1671 3304 1683 3330 ‚
1717 3271 1848 3318 cum
1875 3253 2137 3333 Anqelis

563 3363 702 3407 vero
729 3346 796 3408 in
829 3351 1060 3412 natura
1089 3349 1486 3420 intellectiva,
1516 3349 1676 3412 sicut
1705 3353 1762 3409 et
1791 3349 1997 3410 ca’teri
2025 3349 2135 3410 Ιιο-

565 3438 776 3504 mines.
818 3439 951 3504 Sed
975 3439 1109 3505 alia
1139 3447 1228 3505 est
1255 3443 1524 3522 operatio
1543 3439 1809 3521 plantoe,
1840 3440 1907 3502 in
1933 3457 2135 3520 quan-

567 3535 697 3592 tum
723 3538 809 3595 est
835 3533 1056 3616 planta
1073 3559 1098 3606 ;
1125 3541 1181 3598 et
1207 3535 1344 3598 alia
1371 3533 1706 3608 animalis,
1745 3535 1812 3596 in
1841 3540 2137 3612 quantu-m

567 3633 654 3686 est
679 3625 933 3692 animal.
965 3628 1140 3710 Erqo
1165 3627 1472 3702 Christus,
1504 3629 1573 3690 in
1599 3632 1893 3706 qnantum
1913 3632 2000 3689 est
2021 3629 2132 3690 ho-

565 3733 683 3792 mo,
707 3721 882 3783 nabet
901 3721 1118 3803 plures
1145 3724 1538 3804 operati-ones.
1980 3735 1985 3738 ’

649 3816 708 3876 2.
725 3809 1063 3889 Prerterea,
1077 3815 1370 3896 potentiae
1398 3819 1455 3877 et
1481 3815 1724 3879 babitus
1745 3815 2133 3895 distinqnun-

569 3910 675 3968 tnr
690 3909 1011 3970 secundnm
1034 3913 1224 3973 aetus.
1254 3905 1382 3970 Sed
1409 3907 1477 3968 in
1503 3909 1711 3972 anima
1736 3905 1975 3972 Christi
1990 3907 2132 3986 fice-

566 4004 718 4061 runt
741 4001 996 4065 diversae
1014 4001 1310 4082 potentia»
1331 4009 1392 4064 et
1419 4001 1646 4065 diversi
1672 4001 1933 4064 habitus.
1956 3999 2131 4083 Erqo

568 4098 628 4154 et
653 4093 908 4156 diversae
933 4095 1327 4174 operationes.

653 4189 709 4251 3.
759 4187 1072 4252 Proeterea
1092 4238 1108 4263 ‚
1147 4189 1552 4253 instrumenta
1583 4191 1793 4254 debent
1827 4207 1946 4254 esse
1976 4207 2133 4274 pro-

562 4281 922 4361 portionata
971 4283 1433 4362 operationibus.
1486 4283 1723 4366 Corpus
1767 4289 1969 4346 autem
2014 4285 2131 4347 hu-

569 4389 818 4435 manum
845 4375 1020 4436 habet
1067 4376 1305 4439 diversa
1345 4377 1609 4439 membra
1638 4377 1999 4457 differentia
2034 4395 2131 4441 se-

573 4467 828 4528 cundnm
855 4469 1139 4545 formam.
1175 4467 1350 4551 Eryo
1402 4467 1658 4532 diversis
1687 4471 2131 4552 operationibus

573 4559 780 4621 debent
806 4577 925 4622 esse
951 4563 1423 4625 accommodata.
1450 4559 1616 4626 Sunt
1635 4581 1774 4649 erqo
1793 4565 1861 4626 in
1883 4561 2127 4628 Christo

573 4650 824 4714 diversae
852 4653 1226 4734 operationes
1247 4655 1571 4720 secundum
1597 4657 1925 4720 humanam
1952 4662 2130 4720 natu-

572 4759 729 4808 ram.

652 4837 785 4902 Sed
811 4843 1020 4902 omaro
1063 4845 1184 4914 est,
1228 4843 1407 4920 quod,
1444 4843 1602 4906 sicut
1642 4843 1928 4908 Damaso.
1980 4843 2131 4908 dicit

571 4932 643 4993 in
679 4933 718 4992 3
751 4931 854 4996 lib.
881 4933 927 5006 ¹,
949 4936 1218 5014 operatio
1257 4937 1532 5015 seqnitur
1567 4941 1876 5001 naturam.
1909 4935 2041 4999 Sed
2066 4937 2134 4998 in

577 5022 824 5087 Christo
853 5031 939 5088 est
967 5031 1209 5090 tantum
1233 5047 1358 5092 una
1390 5035 1619 5093 natura
1643 5031 1930 5094 hemana.
1954 5029 2132 5113 Erqo

571 5119 642 5180 in
681 5116 930 5181 Christo
953 5121 1082 5198 fnit
1111 5139 1238 5185 nna
1267 5127 1510 5187 tantum
1541 5125 1808 5203 operatio
1835 5125 2127 5188 hnmana.

651 5211 997 5294 Respondeo
1026 5213 1344 5278 dioendmn
1371 5218 1550 5298 qnod,
1571 5217 1722 5297 quia
1749 5219 1919 5281 amno
1952 5217 2135 5282 estid

573 5307 734 5384 qnod
754 5311 840 5369 est
866 5307 1190 5371 secundum
1219 5309 1541 5385 rationem,
1571 5307 1693 5375 illa
1733 5309 2003 5392 operatio
2032 5311 2135 5378 cli-

658 5498 676 5539 ¹
723 5495 788 5560 C.
823 5499 922 5574 14,
955 5497 1036 5560 ad
1075 5499 1301 5586 princ„
1334 5505 1398 5563 et
1424 5517 1481 5564 c.
1511 5501 1610 5570 15.

1813 351 2048 414 QUAES't.
2084 349 2193 402 xlx
2250 349 2452 404 Anne.
2490 349 2549 404 n.

2212 447 2375 510 citur
2402 467 2525 512 esse
2566 449 2931 534 simpliciter
2978 451 3267 526 hnmana,
3311 443 3441 534 q'uoe
3464 476 3497 517 a
3528 461 3715 524 ratione

2204 543 2487 622 procedit
2508 563 2625 626 per
2668 545 3065 619 voluntatem,
3094 561 3226 628 quse
3254 555 3343 609 est
3368 550 3605 616 rationis
3626 574 3715 636 ap-

2206 635 2456 717 petitus.
2492 635 2575 700 Si
2606 655 2727 720 qna
2771 643 2973 700 autem
3000 642 3270 719 operatio
3304 645 3393 704 est
3422 643 3481 703 in
3508 647 3712 722 leo-mine,
3818 691 3820 694 <

2216 745 2349 810 quae
2385 746 2503 792 non
2522 733 2799 814 procedit
2830 751 2868 794 a
2904 733 3141 795 ratione
3198 739 3255 794 et
3304 733 3611 810 voluntate,
3630 758 3717 804 non

2217 825 2305 885 est
2335 823 2701 904 simpliciter
2728 825 2995 906 operati-o
3021 825 3286 888 Immana
3307 851 3333 896 ;
3360 829 3462 890 sed
3503 835 3717 896 contenit

2218 916 2448 978 homini
2470 917 2791 982 secundum
2812 915 3087 996 aliquam
3106 923 3355 998 partem
3372 923 3625 984 hiemante
3642 943 3718 986 aa·

2216 1013 2396 1073 turoe.
2434 1009 2799 1089 Quandoque
2828 1011 3068 1090 quidem
3092 1015 3414 1074 secundum
3434 1015 3613 1096 ipsam
3642 1035 3719 1080 na·

2219 1108 2425 1166 turam
2444 1105 2689 1168 clement
2694 1106 2719 1166 i
2737 1123 2985 1186 corpora
2993 1105 3095 1180 tis,
3120 1108 3279 1170 sicut
3296 1109 3459 1188 ferri
3476 1111 3719 1182 deor-surm

2216 1199 2569 1277 quandoq-ne
2596 1217 2733 1260 aero
2759 1201 3082 1262 seeundum
3110 1199 3396 1262 virtutem
3426 1203 3624 1265 anima
3644 1221 3719 1266 re-

2214 1291 2533 1372 meabilis,
2575 1293 2733 1356 sicut
2759 1291 2995 1356 nutriri
3044 1298 3103 1356 et
3146 1295 3362 1376 auqeri
3377 1317 3401 1364 ;
3428 1295 3721 1376 quandoque
3820 1341 3822 1358 ε

2214 1403 2348 1446 vero
2375 1383 2697 1448 secundum
2715 1391 2963 1466 partem
2990 1385 3367 1459 sensitivam,
3397 1389 3545 1450 sicut
3568 1391 3720 1452 sidere

2214 1483 2271 1540 et
2296 1480 2536 1553 audire,
2560 1479 2899 1560 imayinari
2918 1485 2975 1542 et
3002 1481 3351 1553 memo-rari,
3376 1483 3720 1562 concupiscere

2215 1577 2269 1633 et
2298 1573 2505 1635 irasci..
2539 1573 2719 1634 Inter
2765 1589 2917 1652 quas
2944 1573 3323 1655 operationes
3351 1577 3436 1635 est
3481 1573 3720 1654 differen-

2214 1665 2327 1729 tia.
2372 1665 2544 1730 Nam
2586 1667 2961 1746 operationes
3014 1668 3237 1729 artimoe
3289 1667 3579 1730 sens-itiam
3617 1675 3719 1730 sant

2216 1759 2581 1838 aliqualiter
2604 1761 2931 1822 obedientes
2950 1761 3206 1834 rationi,
3236 1766 3295 1823 et
3324 1763 3452 1824 ideo
3485 1769 3607 1824 sunt
3634 1761 3718 1824 ali-

2216 1853 2486 1931 qualiter
2529 1853 2867 1916 rationales
2892 1861 2949 1917 et
2999 1855 3303 1928 arianarum
3336 1857 3405 1918 in
3458 1859 3717 1936 quantum.

2212 1947 2467 2020 scilicet,
2500 1947 2779 2010 obediunt
2798 1949 3055 2021 rationi,
3090 1953 3159 2009 ut
3188 1953 3369 2030 patet
3410 1967 3520 2029 per
3545 1947 3719 2010 Philo-
3822 1991 3824 2038 3

2215 2041 2489 2121 sophum,
2530 2043 2598 2102 in
2630 2045 2656 2102 1
2696 2039 3061 2106 Ethicorum
3090 2042 3130 2105 ¹.
3171 2039 3553 2122 operationes
3600 2059 3717 2116 rere,
3822 2081 3824 2106 ς

2216 2151 2352 2216 quoe
2376 2141 2712 2214 sequuntur
2738 2136 3010 2198 animam
3034 2135 3448 2220 impotabilem,
3470 2137 3557 2199 rel
3580 2137 3716 2198 etiam
3822 2189 3824 2198 .

2216 2235 2507 2292 naturam
2548 2229 2932 2292 elementaris
2976 2230 3265 2312 corporis,
3298 2245 3418 2291 non
3442 2229 3719 2310 subjiciun-

2218 2327 2323 2386 tur
2348 2323 2599 2395 rationi,
2632 2325 2790 2386 rende
2836 2321 3009 2386 nullo
3036 2323 3209 2385 modo
3249 2327 3393 2386 sunt
3418 2321 3714 2392 rationales,

2211 2435 2317 2480 nec
2366 2419 2643 2480 hiemante
2676 2415 3059 2498 simpliciter,
3090 2418 3196 2479 sed
3234 2417 3431 2478 sol-um
3457 2417 3715 2479 secundem

2204 2515 2451 2590 partem
2479 2511 2759 2572 hicmanoe
2771 2514 3031 2573 natum.
3068 2509 3323 2572 Dictum
3347 2515 3436 2572 est
3459 2513 3631 2572 antem
3648 2525 3715 2570 sn·

2204 2621 2329 2683 pra.
2356 2605 2385 2643 ‘2
2428 2603 2607 2681 quod,
2647 2605 2891 2683 qnando
2937 2621 3123 2685 aqens
3164 2605 3434 2682 inserim-
3482 2604 3600 2683 aqit
3634 2619 3717 2681 per

2200 2697 2527 2777 propriam
2548 2701 2836 2776 somnam,
2864 2701 2993 2758 tum
3020 2701 3109 2758 est
3126 2697 3263 2760 alia
3290 2698 3550 2777 operatio
3588 2695 3713 2773 inse·
3824 2771 3826 2776 .

2208 2791 2399 2853 moris
2426 2791 2665 2872 aqentis
2690 2795 2749 2854 et
2773 2791 3143 2872 seperta-is,-
3171 2793 3415 2870 quando
3440 2809 3564 2853 vero
3578 2807 3716 2870 αρσια

2210 2885 2473 2963 inferius
2510 2903 2629 2946 non
2672 2887 2807 2966 aqit
2846 2885 2973 2948 nisi
2993 2887 3323 2948 secundnm
3346 2885 3503 2965 quod
3524 2888 3601 2946 est
3622 2901 3716 2942 mo-

2214 2982 2343 3040 tum
2372 2997 2409 3040 a
2433 2979 2731 3058 superiori
2762 2983 2996 3060 aperite,
3028 2983 3173 3043 tunc
3204 2984 3299 3042 est
3334 2979 3523 3041 eadem
3550 2993 3715 3058 opern-

2215 3071 2299 3133 tio
2330 3073 2661 3154 superioris
2699 3073 2938 3154 aqentis
2962 3073 3019 3134 et
3046 3073 3387 3152 inferioris.
3433 3069 3536 3135 Sic
3566 3069 3718 3152 iqitur

2214 3167 2283 3228 in
2323 3183 2667 3244 quocunque
2719 3168 2953 3229 homine
2982 3184 3143 3248 puro
3196 3165 3333 3230 alia
3386 3171 3467 3228 est
3504 3163 3714 3245 operatio

2217 3257 2601 3322 elementaris
2638 3261 2907 3340 corporis
2946 3263 3001 3324 et
3041 3260 3261 3323 anima·
3314 3255 3634 3342 reqetabilis
3661 3254 3713 3316 ab

2216 3353 2557 3434 operatione
2581 3351 2938 3429 voluntatis,
2970 3371 3104 3434 quae
3153 3356 3241 3416 est
3278 3351 3523 3434 proprie
3554 3349 3715 3410 kum-

2216 3463 2319 3511 na.
2352 3447 2446 3508 Εἰ
2462 3445 2756 3511 similiter
2794 3447 2978 3510 etiam
3012 3448 3281 3528 operatio
3312 3445 3523 3509 animoe
3565 3441 3713 3506 sensi-

2218 3541 2382 3614 tiva»,
2414 3547 2709 3620 qnantum
2732 3543 2817 3604 ad
2840 3541 2933 3614 id,
2970 3539 3131 3619 quod
3152 3558 3273 3601 non
3300 3549 3555 3604 ntovetur
3576 3553 3608 3597 a
3630 3551 3711 3596 ra-

2216 3635 2396 3697 tione.
2424 3633 2553 3698 Sed
2568 3637 2864 3716 quantum
2890 3633 2975 3696 ad
3000 3635 3088 3706 id,
3104 3635 3266 3713 qnod
3290 3637 3547 3695 movetur
3568 3647 3600 3692 a
3622 3643 3711 3688 ra-

2210 3727 2390 3803 tione,
2415 3732 2503 3790 est
2530 3729 2734 3791 eadem
2756 3728 3023 3808 operatio
3034 3727 3246 3807 partis
3262 3727 3551 3790 seiwiticce
3574 3725 3621 3784 et
3638 3737 3712 3780 ra·

2212 3819 2481 3884 tionalis.
2538 3818 2748 3902 Ipsius
2796 3824 2997 3882 autem
3045 3819 3267 3882 animoe
3308 3815 3617 3904 rationalis
3648 3813 3709 3874 est

2210 3931 2335 3976 una
2362 3915 2655 3994 operatio,
2680 3913 2737 3976 si
2774 3913 3160 3977 attendamus
3194 3915 3279 3976 ad
3322 3915 3507 3996 ipswm
3528 3905 3711 3992 prinei-

2203 4007 2381 4086 pium
2406 4007 2794 4088 operationis,
2824 4007 2983 4085 qnod
3008 4009 3095 4068 est
3142 4008 3309 4068 rati-o
3338 4006 3429 4069 oet
3462 4001 3705 4067 voluntas.

2214 4100 2689 4179 Diversificatnr
2736 4105 2937 4164 autem
2961 4101 3285 4164 secundum
3330 4102 3629 4180 respectum
3648 4091 3710 4153 ad

2216 4193 2453 4257 diversa
2509 4195 2734 4274 objecta
2758 4242 2774 4268 ,
2827 4211 3012 4274 quam
3072 4195 3316 4275 quidem
3363 4189 3709 4258 diversitatem

2213 4287 2417 4368 aliqui
2444 4287 2915 4370 appellaverunt
2946 4289 3365 4352 diversitatem
3392 4287 3708 4368 operatorum

2209 4383 2409 4466 maqis
2426 4397 2609 4462 quam
2634 4382 3065 4462 operationum,
3074 4380 3429 4460 judicantes
3450 4380 3517 4441 de
3528 4373 3710 4437 unitate

2211 4475 2578 4557 operationis
2601 4473 2795 4538 solnm
2812 4493 2885 4538 eze
2902 4479 3092 4558 parte
3132 4471 3429 4554 operatios·
3440 4462 3701 4552 principii-

2211 4567 2325 4632 Sic
2352 4570 2509 4632 enim
2532 4587 2691 4632 nunc
2708 4567 3011 4650 quaeritur
3030 4569 3100 4630 de
3115 4567 3353 4630 unitate
3376 4565 3465 4630 vel
3488 4553 3705 4644 plurali·

2208 4667 2336 4725 tate
2359 4665 2775 4745 operationwn
2794 4662 2863 4725 in
2888 4659 3153 4725 Christo,
3185 4657 3299 4724 Sic
3316 4661 3502 4744 iqitnr
3516 4657 3575 4718 in
3596 4665 3705 4732 quo-

2213 4753 2355 4818 libet
2370 4772 2531 4838 puro
2556 4755 2789 4818 bontine
2807 4758 2893 4817 est
2915 4757 3156 4818 tantum
3173 4771 3301 4817 nna
3330 4749 3592 4836 operatio,
3611 4757 3705 4822 qm·

2203 4851 2457 4932 proprie
2489 4851 2756 4913 humana
2785 4849 3015 4914 dicitur
3040 4871 3069 4920 ,·
3087 4852 3323 4930 proeter
3360 4859 3529 4928 qnam
3552 4845 3704 4901 tamen

2212 4946 2355 5004 sunt
2393 4944 2462 5006 in
2484 4943 2746 5006 'bomine
2760 4960 2922 5024 puro
2968 4941 3249 5022 qnoedam
3286 4939 3428 5004 alioe
3460 4929 3704 5018 operatio·

2212 5053 2337 5108 nes,
2368 5051 2501 5116 quoe
2522 5053 2641 5097 non
2666 5039 2809 5098 sunt
2842 5035 3088 5118 proprie
3122 5035 3419 5105 namna,
3444 5029 3579 5092 sicut
3602 5019 3702 5085 dic-

2214 5133 2345 5192 tum
2373 5132 2463 5192 est
2490 5127 2535 5192 ⁸.
2568 5127 2699 5192 Sed
2722 5129 2792 5191 in
2828 5129 3063 5192 homine
3088 5125 3238 5192 Jesu
3282 5123 3512 5192 Christo
3546 5111 3703 5180 nullus

2299 5317 2317 5354 ¹
2356 5315 2422 5378 C.
2452 5315 2596 5391 ult„
2626 5320 2781 5378 tom.
2808 5319 2871 5379 5.

2297 5407 2324 5448 ²
2363 5411 2497 5471 Art.
2530 5409 2801 5489 praeced.

2306 5501 2330 5541 ³
2376 5501 2441 5565 ln
2466 5501 2583 5564 isto
2616 5507 2733 5572 art,
