3892 6167
1387 333 1705 390 msl‘urxr.
1741 329 1818 390 1.1.
1872 333 2044 391 SECT.
2078 335 2139 392 u.

747 435 920 514 quod
945 434 1168 500 saltem
1197 433 1534 513 concludit,
1573 455 1718 500 ora-

807 528 1032 593 ·ionem
1059 531 1350 610 pertinet,
1396 531 1716 596 includere

221 571 276 603 ὁ·

169 693 206 710 s
237 592 366 712 '¹22
876 623 1070 686 *noris
1095 625 1229 686 Dei.
1259 626 1420 688 Hinc
1450 645 1597 690 vero
1627 625 1717 688 ul-

179 705 270 780 ‘5'32
335 695 440 798 (ᾗ
949 736 1114 782 *osse
1141 721 1374 782 assumi
1404 725 1474 782 ut
1497 727 1716 784 notam

187 879 232 896 ,δ
267 805 360 894 444
415 801 527 888 '‘¹⁴⁶2-
1019 812 1116 886 ·is,
1160 815 1352 876 etiam
1381 815 1432 876 si
1464 815 1720 878 strictis-

147 971 182 1006 ὃ
199 885 448 1014 ''²⁶:22ss
501 903 566 942 ᾧ
1089 907 1324 969 *axime
1351 925 1418 970 se
1447 908 1720 970 ostendit

171 1023 240 1052 ,κ
283 997 364 1056 νίς
388 1077 424 1096 ..
449 991 531 1094 '32
1159 1019 1230 1064 u.
1277 1002 1454 1066 Unde
1481 1004 1718 1084 Cajeta-

136 1115 178 1165 κ
211 1087 326 1180 22⁹(
353 1079 459 1187 ⁶452:-
502 1107 571 1181 '‘-.
592 1149 634 1182 s.
1227 1115 1275 1156 τ
1302 1097 1528 1159 mentis
1557 1098 1716 1176 peti-

149 1181 158 1188 ·
208 1201 219 1211 ·
433 1169 512 1228 ‘'-5
579 1184 604 1200 ‘'
1310 1190 1716 1253 obitissimum

176 1333 187 1340 ,
295 1331 341 1371 ἢ*
588 1342 605 1354 ,
695 1335 730 1347 ,,
1355 1285 1474 1348 'sio
1494 1286 1718 1348 orando

108 1423 134 1455 ,ἱ
167 1383 273 1449 ..κ’
317 1397 409 1466 ’,κ
632 1393 690 1452 ar·
719 1368 800 1461 ’ἃς
1433 1386 1540 1442 ‘em
1567 1381 1712 1453 Deo,

167 1495 179 1504 .
410 1470 419 1481 '
450 1505 479 1536 ,ἱ
689 1487 752 1564 3.
786 1461 815 1478 ⁴
1499 1475 1716 1553 ‘clorifi-

756 1571 796 1621 's
906 1634 926 1655 ⁴
989 1559 1045 1610 “-
1569 1586 1713 1630 uam

1561 1679 1715 1741 t‘sae‘

1389 1757 1582 1836 uaiet·
1609 1773 1716 1816 ΠΟ·

1179 1851 1390 1926 ..α.,ἱη
1417 1851 1478 1926 3,
1497 1851 1636 1914 dist.
1651 1855 1711 1927 9,

989 1961 1118 2002 ..um
1147 1942 1346 2004 latriae
1375 1945 1715 2024 procedere

776 2053 906 2114 „us
929 2037 1100 2114 eligit
1125 2035 1419 2099 exhibere
1447 2038 1577 2100 Deo
1603 2038 1712 2100 ali·

587 2173 604 2188 .
625 2174 646 2205 ,
679 2129 809 2192 sive
839 2129 1192 2192 exhibendo
1223 2132 1354 2194 Deo
1380 2132 1706 2210 sacrificia,

335 2219 833 2299 „annexioneffi
879 2224 1007 2286 sive
1057 2224 1375 2286 orationes
1423 2227 1670 2288 vocales
1688 2274 1704 2301 ,

190 2326 290 2374 ..se
321 2315 642 2380 mentales

250 2409 338 2468 18.
368 2407 589 2482 Tertio,
617 2428 654 2470 a
679 2411 1002 2488 posteriori
1029 2430 1140 2474 seu
1165 2413 1249 2474 ab
1273 2413 1704 2488 incommodis;

179 2499 288 2560 dno
329 2500 492 2562 enim
540 2521 614 2564 ex
649 2503 755 2564 illa
801 2506 1114 2568 sententia
1151 2511 1523 2588 sequuntur,
1567 2525 1708 2586 quae

183 2591 316 2653 mibi
346 2594 610 2658 maxima
651 2613 786 2658 esse
825 2597 1137 2662 videntur.
1175 2600 1384 2662 Unum
1413 2605 1548 2676 est,
1580 2618 1707 2663 non

182 2703 342 2761 posse
363 2685 678 2750 hominem
701 2689 962 2752 adorare
986 2692 1211 2767 Deum,
1230 2694 1280 2754 si
1300 2693 1558 2756 omnino
1580 2709 1710 2753 non

183 2779 350 2856 possit
400 2783 677 2846 membra
730 2785 1010 2867 corporis
1057 2787 1370 2850 exteriora
1428 2805 1702 2849 movere.

181 2869 333 2944 Quod
362 2882 450 2936 est
477 2883 690 2938 contra
717 2879 960 2958 praxim
986 2879 1266 2942 omnium
1293 2880 1710 2962 spiritualium

183 2965 450 3038 virorum,
480 2973 543 3030 et
571 2977 787 3032 contra
811 2972 1120 3034 rationem
1143 2995 1162 3048 3
1195 2992 1308 3036 cur
1334 2975 1500 3037 enim
1531 2973 1710 3054 spiri-

184 3058 340 3119 tualis
361 3063 600 3124 animus
623 3064 711 3125 ita
734 3065 1117 3146 dependebit
1137 3085 1174 3128 a
1197 3085 1459 3148 corpore
1480 3069 1548 3130 in
1571 3085 1709 3148 per·

183 3149 488 3217 lectissimo
513 3162 656 3218 actu
679 3159 970 3220 virtutis?
997 3161 1214 3238 Neque
1245 3161 1413 3222 enim
1438 3161 1587 3224 satis
1615 3167 1708 3223 est

183 3243 381 3322 dicere,
413 3267 590 3328 posse
621 3252 940 3314 hominem
971 3259 1118 3315 tunc
1147 3251 1382 3316 habere
1413 3255 1706 3318 affectum

187 3338 549 3420 adorationiS,
577 3345 723 3424 quia
745 3345 1103 3410 desiderare
1127 3345 1560 3410 adorationem
1577 3365 1706 3408 non

186 3439 266 3494 est
289 3435 538 3502 adorare
563 3483 586 3514 ,
632 3440 750 3502 nisi
781 3459 848 3501 re
875 3441 1014 3521 ipsa
1042 3441 1432 3504 exhibeatur.
1475 3444 1708 3506 Secun-

185 3525 311 3588 dum
346 3528 789 3595 inconveniens
829 3537 954 3605 est,
1001 3535 1150 3614 quia
1189 3536 1496 3616 sequitur,
1541 3537 1706 3600 inter

186 3621 421 3700 Angelos
443 3643 572 3688 non
592 3645 776 3707 posse
800 3645 938 3688 esse
955 3627 1250 3692 virtutem
1271 3629 1703 3707 observantiae,

185 3729 358 3792 neque
383 3726 668 3782 mutuum
691 3719 1002 3798 honorem
1019 3769 1036 3796 ‚
1079 3721 1250 3802 quod
1277 3724 1463 3802 plane
1495 3729 1590 3785 est
1613 3723 1710 3784 in-

183 3809 459 3890 credibile,
509 3815 658 3894 quia
705 3833 884 3880 suam
932 3818 1324 3879 constituunt
1365 3815 1711 3897 rempubli-

186 3919 320 3980 cam,
363 3913 420 3968 et
453 3908 698 3970 civilem
741 3907 1138 3984 societatem;
1195 3917 1260 3972 et
1301 3910 1446 3973 ideo
1485 3930 1710 3974 conve-

184 3995 334 4058 niens
357 4001 501 4064 ordo
529 4003 804 4082 postulat
825 4009 892 4066 ut
918 4011 1208 4066 mutuum
1231 4005 1533 4066 honorem
1563 4024 1710 4085 pos·

183 4087 282 4152 sint
303 4091 556 4157 invicem
581 4096 826 4158 deferre
847 4143 864 4172 ,
899 4104 962 4160 et
986 4098 1479 4177 uniuscujusque
1505 4097 1709 4178 digni-

185 4185 343 4246 tatem
373 4194 428 4248 et
456 4188 722 4270 gradum
751 4209 1228 4270 recognoscere.
1259 4191 1529 4270 Sequela
1557 4210 1705 4273 pro-

183 4271 355 4354 batur,
388 4283 532 4362 quia
558 4283 606 4344 si
635 4302 766 4344 non
793 4291 885 4346 est
909 4284 1190 4348 adoratio
1219 4303 1392 4346 mere
1419 4283 1708 4366 spiritua-

185 4365 244 4428 lis
279 4380 548 4454 respectu
592 4379 871 4457 supremi
917 4379 1235 4459 principie,
1279 4396 1486 4456 neque
1519 4381 1708 4442 etiam

183 4462 276 4522 erit
317 4475 588 4548 respectu
637 4470 1008 4532 inferiorum
1048 4471 1398 4554 principum
1428 4519 1444 4548 ,
1496 4491 1706 4554 neque

186 4555 338 4619 etiam
364 4560 690 4625 honoratio
716 4572 1006 4644 respectu
1032 4567 1402 4646 aequalium3
1431 4585 1579 4628 nam
1607 4587 1706 4629 ea-

183 4645 300 4710 dem
338 4661 422 4716 est
465 4656 623 4718 ratio
664 4656 728 4717 in
771 4657 867 4718 his
911 4657 1243 4734 omnibuS,
1298 4678 1444 4721 cum
1493 4660 1706 4724 omnia

185 4740 310 4806 fiant
335 4749 676 4811 exhibendo
712 4757 927 4812 notam
963 4752 1216 4813 honoris
1251 4754 1706 4834 proportionati

185 4839 526 4904 excellentiae
559 4843 696 4922 ejus
725 4843 822 4904 cui
859 4841 1208 4907 exhibetur.
1589 4845 1600 4852 ’

253 4933 334 4994 19.
369 4937 568 5015 Atque
603 4953 680 4998 ex
712 4936 806 4998 his
835 4936 967 5000 fere
996 4937 1384 5000 declaratum
1415 4947 1511 5003 est
1539 4943 1706 5020 quis-

189 5039 306 5084 nam
349 5029 540 5107 possit
600 5047 736 5092 esse
781 5027 884 5092 hic
917 5033 1094 5094 actus
1143 5030 1564 5110 adorationis,
1599 5035 1707 5114 qui

187 5134 404 5200 corpore
465 5141 594 5184 non
649 5129 1016 5200 exercetur;
1079 5125 1490 5206 explicuimus
1538 5129 1707 5190 enim

191 5214 490 5278 consistere
517 5217 582 5276 in
603 5223 746 5280 actu
766 5215 940 5293 fidei,
958 5218 1114 5299 spei,
1138 5219 1456 5283 charitatis
1487 5227 1548 5282 et
1572 5240 1708 5283 ora·

193 5303 360 5384 tionis,
387 5317 699 5388 quatenus
729 5309 794 5371 hi
825 5319 1000 5372 actus
1033 5313 1194 5374 sumi
1217 5318 1478 5393 possunt
1505 5319 1572 5376 ut
1601 5333 1707 5374 no-

193 5402 250 5458 1ae
275 5401 689 5466 submissionis
714 5411 776 5468 et
815 5405 1093 5468 honoris.
1120 5404 1247 5472 Sed
1271 5406 1508 5488 aliquid
1534 5407 1709 5472 aliud

196 5489 510 5558 addendum
540 5505 850 5578 superest,
877 5499 1018 5578 quia
1048 5517 1160 5580 per
1187 5501 1303 5562 hos
1328 5507 1504 5564 actus
1541 5501 1706 5564 solos

3242 333 3353 394 551

1797 453 1928 498 non
1954 437 2105 498 satis
2134 435 2269 496 haec
2310 433 2645 514 spiritualis
2678 434 2960 498 adoratio
2992 436 3357 519 explicatur.

1801 527 2005 590 Primo
2036 527 2321 608 quidem,
2353 527 2499 608 quia
2524 527 2589 589 in
2618 527 2792 607 puris
2823 527 3215 594 naturalibus
3266 549 3361 594 es·

1797 627 1897 685 set
1921 621 2141 702 religio
2175 628 2237 684 et
2266 621 2547 684 adoratio
2580 623 2715 696 Dei,
2758 640 2884 685 non
2913 623 3116 686 solum
3146 643 3363 706 corpo-

1798 734 1892 792 re,
1925 717 2039 780 sed
2084 717 2274 778 etiam
2324 721 2535 778 mente
2578 733 2759 795 pura,
2789 721 2919 777 tam
2966 717 3033 778 in
3079 718 3360 800 Angelis,

1799 828 1992 890 quam
2023 810 2089 872 in
2140 807 2497 872 hominihus
2534 807 2636 870 vel
2677 809 3009 873 animabus
3036 812 3361 894 separatiS,

1799 911 1862 967 et
1889 905 1968 966 de
1998 903 2163 968 facto
2195 905 2283 966 ita
2334 909 2661 967 exercetur
2688 905 2769 966 ab
2799 905 3129 970 animabus
3158 905 3363 968 infan-

1798 997 1955 1058 tium
1984 994 2050 1059 in
2076 995 2292 1077 lymbo
2324 996 2731 1060 existentibus
2759 1044 2779 1077 ,
2827 1015 2968 1080 quae
3014 1014 3133 1062 nec
3172 998 3364 1062 fidem

1799 1087 2059 1168 habent,
2084 1109 2203 1153 nec
2227 1109 2429 1172 spem,
2454 1109 2573 1153 nec
2598 1091 2989 1168 charitatem,
3016 1111 3225 1173 neque
3253 1093 3364 1156 ali-

1799 1183 1951 1264 quid
1980 1185 2245 1247 fortasse
2274 1203 2311 1246 a
2342 1185 2471 1246 Deo
2500 1191 2740 1266 petunt.
2762 1185 3006 1248 Deinde
3036 1187 3201 1250 beati
3231 1205 3359 1257 non

1800 1278 2041 1340 ‚habent
2092 1278 2306 1356 fidem,
2337 1284 2399 1342 et
2447 1284 2663 1342 tamen
2712 1281 3033 1344 intellectu
3090 1283 3357 1345 adorare

1796 1379 2061 1454 possunt
2088 1374 2319 1446 Deum;
2356 1377 2421 1434 et
2466 1371 2613 1436 lieet
2658 1392 2827 1436 nunc
2862 1381 3116 1456 petant,
3148 1382 3359 1438 tamen

1795 1473 1934 1550 post
1972 1466 2140 1529 diem
2158 1466 2379 1545 judieii
2409 1467 2607 1529 oratio
2638 1468 2941 1544 cessabit,
2990 1487 3117 1530 non
3146 1473 3361 1534 autem

1795 1559 2099 1622 adoratio.
2126 1561 2365 1621 Rursus
2394 1579 2522 1621 non
2551 1567 2829 1640 sperant,
2856 1567 2917 1623 et
2943 1562 3089 1624 licet
3122 1569 3357 1638 ament,

1796 1671 2013 1716 amore
2068 1659 2281 1715 tamen
2326 1654 2709 1729 necessario,
2736 1655 2843 1736 qui
2874 1661 3205 1736 propterea
3229 1675 3359 1718 non

1796 1749 2005 1826 potest
2028 1765 2104 1808 ex
2128 1747 2355 1809 affectu
2381 1747 2765 1810 adorationis
2785 1747 3114 1830 proficisci.
3140 1749 3356 1830 igitur,

1795 1847 2026 1920 praeter
2051 1839 2251 1901 dictos
2293 1847 2471 1902 actus
2492 1886 2514 1918 ,
2565 1857 2827 1904 neeesse
2874 1847 2970 1903 est
3009 1841 3359 1924 adjungere

1796 1930 1955 1996 alios
1980 1935 2207 2016 quibus
2225 1937 2423 2014 possit
2452 1936 2583 1998 haec
2602 1937 2847 1998 interna
2868 1937 3151 2000 adoratio
3184 1955 3360 2001 exer-

1794 2028 1944 2092 ceri.
1977 2030 2199 2110 Itaque
2244 2029 2310 2090 in
2355 2029 2677 2092 intellectu
2702 2031 2991 2111 proprius
3019 2037 3083 2093 et
3113 2049 3359 2094 accom-

1792 2121 2258 2184 modatissimus
2282 2130 2458 2185 actus
2481 2123 2565 2186 ad
2585 2123 2751 2186 hanc
2772 2124 3202 2188 adorationem
3217 2143 3355 2187 esse

1791 2217 2039 2280 videtur
2069 2217 2415 2298 recognitio
2460 2224 2521 2281 et
2555 2219 2923 2299 recogitatio
2968 2216 3197 2280 divina}
3238 2237 3354 2281 ex-

1793 2309 2095 2374 cellentiae
2126 2317 2191 2374 et
2215 2311 2649 2374 submissionis
2676 2317 2977 2376 creaturae
3005 2311 3089 2374 ad
3113 2313 3309 2374 Deum
3334 2333 3351 2388 ;

1791 2423 1962 2479 nam,
1994 2405 2148 2466 dum
2171 2407 2388 2481 home,
2416 2423 2495 2468 ex
2521 2403 2749 2475 affectu
2774 2405 3128 2469 honorandi
3160 2407 3354 2468 Deum

1791 2505 1851 2562 et
1880 2497 2288 2562 submittendi
2334 2517 2404 2561 se
2444 2497 2561 2576 illi,
2606 2499 2729 2562 hoc
2762 2516 2979 2562 secum
3019 2499 3349 2580 recogitat,

1791 2610 1936 2655 eum
1987 2596 2195 2656 actum
2226 2594 2487 2656 assumit
2536 2600 2605 2655 ut
2654 2598 2873 2657 notam
2914 2594 3009 2655 sui
3055 2592 3347 2656 submissi

1791 2687 1982 2748 animi
2012 2687 2093 2749 ad
2122 2688 2342 2762 Deum,
2363 2694 2426 2749 et
2456 2688 2543 2750 ita
2568 2687 2675 2748 illo
2704 2693 2848 2750 actu
2872 2686 3079 2769 ipsum
3106 2687 3348 2760 adorat;

1792 2787 1854 2842 et
1877 2781 1977 2843 hic
2006 2789 2183 2844 aetus
2211 2783 2417 2844 locum
2445 2781 2664 2859 habet,
2692 2783 2823 2844 sive
2852 2780 2959 2844 illa
2987 2781 3353 2862 recogitatio

1789 2873 1900 2936 fiat
1923 2894 2041 2956 per
2070 2875 2295 2954 fidem,
2344 2877 2473 2938 sive
2514 2893 2633 2956 per
2668 2875 3024 2938 naturalem
3052 2875 3353 2955 cognitio-

1793 2986 1940 3030 nem
1969 2971 2099 3030 veri
2126 2970 2263 3044 Dei,
2295 2969 2427 3032 sive
2470 2987 2583 3050 per
2618 2967 2899 3050 aliquam
2926 2967 3354 3048 cognitionem

1791 3061 2146 3125 evidentem
2183 3063 2478 3139 infusam,
2533 3070 2603 3126 ut
2649 3065 2717 3125 in
2767 3064 2981 3127 anima
3010 3061 3257 3136 Christi,
3291 3069 3354 3122 et

1788 3155 1985 3218 beatis
2005 3163 2179 3219 extra
2205 3157 2562 3219 beatificam
2582 3157 2913 3230 visionem,
2936 3173 3085 3218 nam
3115 3155 3243 3231 illa,
3274 3171 3351 3215 eo

1789 3249 1961 3328 quod
2004 3248 2201 3312 libera
2248 3268 2374 3312 non
2404 3253 2505 3327 sit,
2538 3269 2667 3312 non
2692 3251 2940 3314 videtur
2966 3248 3048 3311 ad
3077 3249 3197 3311 hoc
3214 3267 3351 3309 mu·

1787 3362 1910 3404 nus
1951 3343 2447 3406 accommodata.
2481 3347 2684 3425 Atque
2717 3345 2783 3406 in
2803 3345 2927 3407 hoc
2954 3350 3097 3405 actu
3124 3343 3352 3405 consti·

1789 3442 1969 3499 tuere
1993 3437 2285 3499 videntur
2324 3437 2688 3500 interiorem
2710 3437 3123 3500 reverentiam
3152 3435 3345 3498 Henr.

1789 3538 1852 3594 et
1863 3529 2109 3608 Palus„
2124 3529 2279 3594 locis
2295 3531 2519 3606 citatis,
2542 3532 2695 3593 dum
2721 3532 2921 3607 aiunt,
2944 3529 3220 3592 revereri
3239 3527 3351 3606 ali-

1790 3643 2005 3704 quem,
2036 3643 2177 3687 esse
2201 3624 2439 3687 honum
2464 3624 2601 3706 ejus
2628 3642 2931 3706 magnum
2950 3629 3265 3704 reputare.

1869 3721 1967 3782 20.
1996 3723 2235 3782 Rursus
2252 3721 2317 3782 in
2342 3720 2685 3796 voluntate,
2702 3723 2929 3799 praeter
2951 3723 3161 3779 actum
3180 3735 3351 3780 amo·

1790 3813 1874 3874 ris
1921 3813 2191 3876 liberum
2220 3813 2369 3893 (qui
2404 3814 2595 3874 etiam
2634 3813 2701 3874 in
2735 3811 2939 3874 beatis
2969 3827 3105 3872 esse
3141 3816 3349 3891 potest

1791 3913 2023 3986 proeter
2044 3905 2492 3983 necessarium,
2540 3912 2611 3968 ut
2656 3913 2753 3968 est
2800 3903 3191 3986 probabilior
3217 3904 3349 3986 opi-

1791 3998 1926 4078 nio)
1946 4003 2155 4081 potest
2172 4000 2433 4082 intelligi
2458 3999 2618 4061 alius
2646 4005 2827 4062 actus
2846 3999 2929 4062 ad
2956 3997 3348 4060 adorandum

1791 4095 2170 4174 aptissimuS,
2202 4094 2308 4174 qui
2339 4113 2376 4155 a
2405 4094 2743 4174 Theologis
2771 4093 2959 4158 timor
2980 4091 3347 4156 moerentia-

1788 4188 1872 4251 lz's
1901 4189 2278 4270 appellatur,
2314 4193 2377 4250 et
2414 4188 2493 4249 de
2540 4185 2649 4248 illo
2697 4185 3087 4268 frequentius
3122 4185 3349 4248 intelli-

1787 4289 1945 4362 gunt
1993 4283 2150 4344 illud
2196 4283 2358 4345 Psal.
2400 4283 2476 4345 18
2508 4304 2523 4345 :
2562 4281 2777 4346 Timor
2812 4281 3066 4344 Domini
3099 4285 3347 4343 sanctus

1783 4383 2092 4458 permanet
2118 4380 2187 4440 in
2211 4379 2473 4443 seculum
2498 4377 2707 4442 seculi.
2739 4373 2829 4440 De
2858 4392 2983 4455 quo
3016 4375 3207 4437 etiam
3253 4373 3350 4436 in·-

1789 4471 1986 4553 telligi
2014 4477 2220 4554 potest
2250 4470 2408 4534 illud
2439 4471 2581 4534 Joh.
2612 4473 2695 4534 26
2726 4493 2741 4533 ε
2775 4469 3077 4536 Uolumnoe
3117 4473 3348 4533 contre·

1786 4566 2074 4645 miscunt,
2121 4571 2180 4631 et
2215 4570 2444 4650 pavent
2471 4567 2555 4631 ad
2575 4571 2791 4629 nutum
2832 4565 3006 4644 eju„
3037 4563 3209 4628 unde
3236 4563 3347 4626 Ec-

1787 4658 1978 4722 clesia
2006 4661 2343 4740 assumpsit
2365 4660 2519 4722 illud
2538 4677 2555 4722 τ
2576 4660 2871 4726 fremunt
2894 4663 3239 4739 potestates.
3258 4659 3346 4718 De

1789 4771 1914 4834 quo
1943 4753 2169 4816 timore
2221 4753 2373 4834 quid
2400 4754 2504 4828 sit,
2542 4753 2813 4816 diximus
2840 4751 3151 4831 superius,
3183 4767 3245 4830 q.
3280 4753 3343 4826 7,

1791 4851 1853 4907 et
1882 4846 2069 4909 exibi
2114 4847 2297 4911 dictis
2341 4852 2583 4912 constat
2635 4865 2774 4909 esse
2813 4844 3239 4926 aptissimum,
3276 4850 3347 4905 ut

1789 4949 2146 5005 assumatur
2172 4945 2475 5022 tanquam
2514 4947 2663 5002 nota
2708 4939 2898 5000 animi
2946 4933 3240 4999 submissi
3266 4936 3345 4998 ad

1788 5034 2007 5096 Deum.
2062 5033 2242 5098 Unde
2287 5033 2651 5116 frequenter
2692 5031 3054 5095 scholastici
3100 5031 3343 5104 dicunt,

1788 5128 1877 5190 sie
1917 5129 2136 5190 timere
2166 5128 2387 5210 Deum,
2410 5147 2549 5190 esse
2580 5127 2787 5208 ipsum
2814 5125 3107 5197 revereri,
3142 5129 3209 5184 ut
3238 5139 3347 5204 pa-

1787 5225 1878 5284 tet
1908 5240 1985 5283 ex
2016 5223 2090 5286 D.
2113 5222 2353 5284 Thema
2390 5223 2449 5284 1.
2480 5223 2541 5295 2,
2578 5237 2639 5300 q.
2669 5221 2772 5297 67,
2804 5238 2863 5281 a.
2890 5221 2955 5295 ⁴,
2988 5219 3069 5281 ad
3094 5221 3158 5292 2,
3192 5221 3255 5279 et
3281 5217 3343 5285 3.

1787 5319 1850 5392 2,
1879 5333 1941 5395 q.
1973 5317 2072 5389 19,
2096 5333 2154 5376 a.
2178 5319 2279 5385 11,
2314 5319 2375 5376 et
2403 5332 2465 5395 q.
2501 5316 2601 5386 81,
2626 5331 2685 5376 a.
2718 5317 2778 5388 2,
2812 5311 2893 5373 ad
2922 5315 2982 5387 1,
3016 5317 3080 5374 et
3106 5324 3169 5390 q.
3204 5309 3346 5384 131,

1788 5427 1850 5471 a.
1889 5411 1951 5485 2,
1984 5410 2067 5471 ad
2110 5413 2181 5484 13
2215 5412 2279 5471 et
2304 5408 2369 5468 in
2391 5409 2449 5483 3,
2484 5406 2547 5470 d.
2578 5411 2679 5484 34,
2710 5426 2773 5490 q.
2806 5409 2865 5480 1,
2898 5425 2957 5469 a.
2985 5407 3047 5482 3,
3080 5403 3183 5468 ubi
3212 5403 3351 5466 Me-

1789 5501 1982 5584 gister
1998 5509 2057 5564 et
2074 5501 2173 5563 alii
2190 5501 2493 5582 Theologi
2512 5501 2679 5564 idem
2698 5497 3005 5575 sentiunt3
3028 5502 3089 5562 et
3106 5497 3317 5561 Alens.
3332 5541 3347 5572 ,
