3892 6167
556 324 679 389 562

556 430 807 511 respicit
834 434 903 489 ut
930 429 1257 491 materiam
1310 426 1476 489 eirea
1534 444 1725 507 quam
1778 434 2070 489 versatur
2094 469 2115 504 ,

554 522 975 602 respondetur
1006 522 1177 582 hunc
1210 528 1415 583 actum
1462 522 1778 583 diversum
1828 522 1964 581 sinc
2002 520 2118 582 du-

554 620 659 681 bin
691 636 827 679 csse
858 634 1041 697 posse
1086 616 1167 677 ab
1210 634 1287 677 co
1332 617 1410 677 de
1466 634 1593 695 quo
1624 617 1867 695 agimus
1902 635 1917 683 3
1958 615 2117 679 sicut

556 713 723 773 enim
754 728 937 773 orare
968 718 1144 773 actus
1174 728 1313 771 esse
1361 716 1561 790 potest
1617 710 1699 770 ab
1748 709 2116 772 adoratione

555 808 835 869 diversus
857 848 877 879 ,
924 804 1012 864 ita
1078 809 1141 867 et
1196 803 1427 883 gratias
1470 820 1685 881 agere,
1736 802 2024 880 quamvis
2053 802 2116 863 in

534 900 841 963 ,eamdem
855 899 1147 959 virtutem
1173 897 1491 975 religionis
1506 914 1722 957 omnes
1736 895 2112 971 referantur,

552 1002 621 1059 ut
651 995 835 1057 iatius
864 999 1083 1055 tractat
1112 994 1178 1053 D.
1209 992 1483 1053 Thomas
1510 993 1570 1052 2.
1600 994 1663 1063 2,
1694 1008 1758 1070 q.
1788 991 1891 1065 83,
1915 1009 1978 1052 a.
2012 993 2112 1067 17,

556 1094 615 1153 et
644 1106 705 1167 q.
738 1090 957 1155 toan.
992 1086 1148 1157 1,ad
1182 1090 1199 1147 t
1236 1105 1250 1157 ;
1285 1091 1658 1165 possetvero
1688 1084 1952 1163 ipsamet
1973 1102 2116 1163 gra-

550 1182 779 1243 tiarum
810 1180 973 1242 actio
992 1181 1149 1241 sumi
1182 1180 1244 1240 in
1279 1188 1488 1243 notam
1520 1178 1924 1250 adorationis,
1957 1178 2116 1237 sicut

551 1274 632 1337 de
662 1276 945 1336 oratione
974 1274 1261 1343 diximus,
1292 1279 1445 1336 sect.
1494 1276 1551 1336 1.
1602 1274 1673 1334 Et
1704 1270 1870 1333 idem
1903 1270 2116 1355 dicen-

552 1367 703 1431 dum
734 1374 827 1431 est
855 1367 935 1429 de
960 1368 1410 1440 satisfactione,
1438 1384 1576 1447 quoe
1603 1382 1719 1445 pro
1749 1365 2021 1445 peccatis
2047 1364 2114 1425 in

548 1462 747 1523 Deum
794 1462 1142 1524 commissis
1170 1462 1256 1523 illi
1294 1462 1592 1531 offertum
1624 1467 1717 1521 est
1740 1459 1905 1521 enim
1938 1476 2015 1520 ex
2045 1476 2112 1519 se

549 1561 725 1617 actus
752 1556 874 1631 hic,
924 1556 1003 1617 ab
1030 1556 1139 1617 illo
1160 1555 1330 1617 cultu
1362 1556 1444 1618 de
1474 1571 1601 1632 quo
1632 1571 1799 1616 nunc
1844 1552 2106 1633 agimus,

548 1648 731 1711 valde
752 1648 1058 1725 diversus,
1098 1656 1168 1709 ut
1194 1648 1385 1711 latius
1414 1650 1477 1711 in
1506 1648 1773 1709 materia
1806 1646 1885 1708 de
1910 1644 2112 1726 poeni-

549 1742 744 1804 tentia
772 1743 1169 1804 tractandum
1198 1748 1315 1805 est.

630 1839 692 1897 7.
741 1836 1064 1915 Responsio
1092 1838 1175 1899 ad
1199 1841 1576 1917 argumenta.
1601 1832 1775 1897 -Ad
1803 1832 2113 1893 rationem

551 1947 701 2007 ergo
732 1928 1061 1991 dubitandi
1092 1930 1151 1989 in
1198 1930 1498 2008 prim-ipio
1548 1928 1815 2008 positam
1853 1942 2114 2003 respon-

549 2024 758 2098 detur,
798 2023 1263 2085 distinctionem
1312 2022 1566 2083 rationis
1616 2023 1772 2083 inter
1817 2020 2106 2082 attributa

549 2118 757 2181 divina
802 2134 929 2178 non
976 2134 1226 2196 semper
1273 2118 1557 2179 sufficere
1587 2114 1665 2177 ad
1720 2113 1978 2177 virtutes
2013 2111 2112 2173 vel

550 2230 769 2273 earum
792 2216 968 2273 actus
988 2210 1489 2290 distinguendos,
1520 2208 1637 2269 nisi
1685 2208 1785 2269 vel
1825 2207 2110 2267 diversus

550 2304 778 2367 modus
808 2304 1113 2384 operandi
1152 2310 1510 2365 nostrarum
1561 2300 1982 2381 potentiarum
2027 2298 2111 2361 ad

548 2399 1011 2461 distinctionem
1053 2398 1448 2461 efficiendam
1500 2402 1854 2468 concurrat,
1917 2401 1987 2455 ut
2043 2396 2110 2456 in

548 2510 765 2553 amore
786 2498 849 2553 et
898 2493 1263 2566 cognitione
1293 2492 1507 2555 videre
1546 2490 1737 2563 licet3
1788 2489 1887 2551 vei
1940 2494 2108 2551 certe

546 2583 611 2645 in
642 2584 881 2646 diversa
918 2585 1306 2657 habitudine,
1339 2604 1449 2647 seu
1471 2586 1713 2647 ratione
1742 2600 1881 2661 qua-3
1916 2584 1979 2644 in
2015 2589 2108 2643 ta-

546 2677 711 2739 libus
736 2678 1049 2740 attributis
1096 2678 1866 2754 consideratur,honestas
1909 2677 2104 2739 veluti

548 2786 779 2850 genere
802 2772 1045 2833 diversa
1068 2773 1439 2851 reperiatur,
1474 2776 1543 2833 ut
1562 2771 1863 2851 contingit
1882 2772 1942 2831 in
1962 2770 2106 2832 cha·

546 2865 729 2927 ritate
754 2872 817 2927 et
847 2883 979 2945 spe,
1008 2882 1277 2944 quarum
1307 2865 1481 2945 prior
1528 2866 1607 2927 ad
1634 2882 1913 2927 amorem
1945 2865 2106 2925 ami-

547 2957 726 3031 citiae,
780 2960 1087 3037 posterior
1134 2976 1284 3020 vero
1334 2958 1414 3019 ad
1452 2976 1733 3021 amorem
1780 2958 2144 3044 concupis-p

546 3052 765 3113 centiae
795 3052 1103 3131 pertinet;
1136 3051 1201 3112 in
1232 3052 1524 3132 praesenti
1548 3069 1697 3115 vero
1724 3052 1895 3113 nulla
1944 3051 2106 3113 ratio

548 3142 735 3224 hujus
757 3143 1169 3207 distinctionis
1196 3146 1529 3224 reperitur.

628 3240 689 3299 8.
733 3238 828 3299 Ad
854 3238 1119 3317 primam
1150 3238 1691 3301 confirmationem
1720 3236 2100 3317 respondeo,

546 3330 803 3404 duliam,
833 3338 1016 3409 prout
1038 3331 1163 3391 Deo
1181 3337 1251 3393 ut
1271 3348 1567 3410 supremo
1582 3331 1834 3393 domino
1860 3348 2108 3393 accom-

544 3424 859 3494 modatur,
892 3441 1109 3487 revera
1130 3423 1375 3485 latriam
1417 3438 1583 3497 esse3
1618 3426 1825 3487 vocari
1850 3442 1999 3488 vero
2023 3424 2107 3486 ab

544 3518 893 3599 Augustino
924 3518 1190 3592 duliam,
1221 3524 1353 3580 tum
1388 3526 1453 3579 ut
1484 3518 1717 3580 indicet
1742 3534 1990 3580 omnem
2011 3536 2108 3581 ra-

540 3611 777 3673 tionem
812 3630 975 3673 verae
1002 3612 1387 3674 adorationis
1410 3611 1475 3673 in
1520 3612 1687 3674 cuttu
1722 3612 1849 3675 Deo
1892 3612 2104 3674 debito

540 3704 894 3765 eminenter
922 3705 1252 3793 contineri,
1290 3714 1359 3767 ut
1386 3706 1727 3767 insinuavit
1760 3704 1828 3767 D.
1875 3706 2100 3767 Tuom.

541 3799 601 3857 2.
632 3798 697 3871 2,
728 3814 789 3875 q.
828 3801 966 3873 103,
1012 3804 1129 3861 art.
1160 3802 1223 3871 3,
1258 3799 1341 3861 ad
1374 3802 1401 3859 1
1431 3818 1446 3869 ;
1478 3804 1613 3860 tum
1672 3798 1865 3860 etiam
1926 3799 2101 3877 quia,

542 3890 951 3953 sicutnomen
980 3892 1241 3953 dominii
1277 3892 1491 3972 aliquo
1528 3890 1717 3953 modo
1769 3909 2104 3954 commune

542 3990 637 4045 est
665 3986 789 4045 Deo
821 3992 884 4047 et
908 3992 1231 4059 creaturae,
1252 3987 1337 4047 ita
1382 3991 1445 4048 et
1486 4002 1713 4048 nomen
1744 3984 1956 4060 dulice,
2001 4002 2105 4047 cu-

535 4076 643 4157 jus
677 4078 837 4139 ratio
866 4079 930 4139 in
954 4078 1233 4141 dominio
1261 4078 1587 4155 fundatur,
1638 4096 1976 4141 commune
2007 4082 2105 4141 est

540 4172 812 4251 utrique,
847 4174 1134 4252 quamvis
1178 4191 1411 4237 nomen
1456 4172 1653 4236 latriae
1705 4174 1815 4235 soli
1868 4174 2100 4237 divinae

542 4263 889 4327 adorationi
942 4267 1241 4328 tributum
1292 4268 1390 4340 sit,
1436 4274 1507 4329 ut
1548 4267 1838 4328 diximus.
1885 4266 1980 4327 Ita
2027 4268 2096 4329 D.

538 4358 786 4431 'Phom.,
810 4359 874 4419 in
910 4362 971 4433 3,
1004 4358 1069 4419 d.
1095 4362 1157 4426 9.
1190 4377 1255 4437 q.
1285 4362 1349 4433 Ξ,
1384 4366 1501 4421 art.
1536 4363 1594 4430 1,
1632 4360 1711 4420 ad
1742 4363 1801 4420 1.
1834 4359 1960 4422 Sed
2003 4378 2102 4421 ur·

540 4450 735 4529 gobis,
761 4468 837 4513 ex
875 4451 995 4512 hac
1036 4453 1447 4529 responsione
1494 4454 1697 4531 sequi,
1736 4453 1984 4515 latriam
2041 4456 2102 4516 et

540 4542 799 4615 duliam,
858 4548 1045 4624 prout
1088 4545 1221 4606 Deo
1264 4544 1729 4615 attribuuntur,
1774 4562 1902 4607 nou
1961 4564 2098 4609 esse

539 4635 937 4698 adorationes
992 4638 1203 4716 specie
1262 4638 1541 4699 diversas
1562 4683 1584 4713 ‚
1648 4638 1761 4701 sed
1808 4638 2098 4703 eamdem

538 4730 940 4809 conceptibus
969 4731 1067 4793 vel
1094 4731 1454 4795 nominibus
1474 4732 1722 4810 generis
1766 4739 1827 4794 et
1863 4734 2097 4812 speciei

536 4830 901 4903 conceptam
932 4824 1035 4885 vel
1080 4824 1500 4897 nominatam3
1552 4844 1951 4904 consequens
2001 4832 2096 4887 est

536 4921 752 4975 eontra
784 4917 850 4978 D.
874 4918 1253 4988 Thom.,art.
1283 4918 1344 4992 2,
1372 4916 1477 4977 ubi
1502 4918 1620 4979 hoc
1642 4918 1927 4997 exempto
1961 4936 2100 4998 pro-

533 5006 645 5068 hat
698 5004 1155 5071 distinctionem
1214 5010 1405 5071 latriae
1452 5016 1513 5071 et
1568 5008 1751 5072 duliae
1803 5018 2098 5089 respectu

534 5098 759 5166 Christi
783 5105 1126 5165 secundum
1156 5102 1436 5165 diversas
1476 5104 1772 5168 rationes,
1820 5104 2094 5189 Respon-

535 5194 719 5256 dc‘tur
745 5196 811 5258 D.
846 5198 1153 5258 Thomam
1180 5215 1306 5258 non
1340 5198 1429 5258 uti
1480 5198 1587 5259 iilo
1648 5199 1962 5278 exemplu,
2025 5204 2094 5260 ut

534 5288 770 5350 efficaci
800 5292 1189 5370 probatione,
1229 5293 1337 5352 sed
1369 5292 1569 5353 solum
1616 5298 1682 5353 ut
1720 5311 1830 5371 per
1871 5311 2096 5371 quam-

531 5380 677 5446 dam
704 5384 1172 5467 proportionem
1214 5404 1349 5449 rem
1395 5386 1695 5465 declaret,
1745 5394 1816 5449 ut
1856 5388 2092 5469 Cajcta·

534 5486 649 5537 nus
682 5475 1032 5543 insinuavit.
1066 5477 1247 5553 Nam,
1282 5479 1525 5543 sicutiu
1552 5479 1676 5547 Deo
1705 5486 1960 5561 propter
1994 5499 2092 5545 ra·

1778 326 2013 389 QUAEST.
2049 326 2200 381 XXV.
2231 324 2434 379 Auth.
2469 324 2530 377 tt.

2197 426 2400 488 tiones
2433 422 2734 487 adorandi
2775 428 2986 487 nostra
3033 424 3234 487 solum
3263 431 3630 509 conceptione
3647 446 3690 499 et

2197 523 2440 583 ratione
2494 520 2838 594 distinctaS,
2895 519 3022 581 duo
3079 518 3264 581 etiam
3313 532 3619 603 conceptus
3647 539 3694 591 et

2199 614 2745 674 denominationes
2799 612 3181 673 adorationis
3235 612 3690 699 distinguuntur,

2199 706 2282 768 ita
2319 708 2381 767 in
2405 706 2672 778 Christo,
2691 714 2942 787 propter
2964 706 3124 767 duas
3151 708 3424 769 rationes
3449 710 3694 777 adorandi

2197 818 2266 861 re
2289 800 2634 874 distinctaS,
2665 806 2960 880 poterunt
3001 799 3144 863 duae
3185 802 3564 865 adorationes
3585 824 3692 887 spe·

2197 893 2290 955 cic
2325 893 2642 973 distingui.

2276 989 2338 1049 9.
2374 986 2466 1049 Ad
2498 985 2846 1049 secundam
2869 986 3412 1051 confirmationem
3433 996 3584 1069 patet
3599 1010 3694 1055 res-

2198 1082 2418 1161 pensio
2450 1100 2527 1143 ex
2557 1082 2775 1154 dictis3
2809 1100 2956 1143 nam
2995 1084 3047 1143 si
3089 1082 3192 1145 illa
3217 1083 3337 1143 tria
3381 1102 3592 1163 genera
3623 1106 3694 1147 sa·

2198 1172 2569 1237 crificiorum
2599 1175 2684 1236 ad
2709 1175 2990 1237 divinum
3021 1176 3254 1237 cultum
3283 1177 3552 1255 proxime
3577 1180 3693 1242 refe·

2195 1274 2450 1343 rantur,
2487 1272 2786 1347 poterunt
2815 1269 3068 1349 quidem
3101 1270 3166 1329 in
3193 1270 3460 1331 materia
3484 1270 3568 1331 vel
3587 1280 3695 1335 actu

2196 1360 2488 1425 exteriori
2517 1362 2794 1436 differre,
2837 1380 2965 1424 non
3006 1362 3312 1426 tamenin
3345 1361 3600 1427 interiori
3617 1384 3695 1429 ac-

2195 1461 2285 1529 tn,
2319 1473 2431 1515 seu
2457 1456 2700 1517 ratione
2728 1455 2975 1518 formali
3005 1458 3250 1537 cultus;
3297 1457 3354 1517 si
3382 1474 3520 1518 vero
3545 1478 3696 1523 unum

2193 1547 2500 1609 referatur
2522 1547 2604 1609 ad
2635 1548 2744 1609 Dei
2776 1549 3206 1612 adorationem
3239 1556 3303 1611 et
3327 1550 3697 1615 testimonium

2193 1640 2416 1703 divina».
2447 1641 2827 1703 excellentia·-
2847 1686 2866 1715 ,
2896 1643 3068 1705 aliud
3099 1642 3161 1703 in
3193 1643 3528 1723 gratiarum
3551 1648 3698 1707 actio·

2193 1752 2340 1795 nem
2395 1734 2716 1806 offeratur,
2769 1735 2943 1797 aliud
2981 1736 3257 1815 denique
3297 1737 3360 1797 in
3393 1736 3697 1801 satisfactio-

2195 1846 2339 1889 nem
2383 1848 2494 1909 pro
2525 1837 2806 1909 peccato,
2837 1835 3133 1911 poterunt
3171 1830 3241 1892 in
3297 1830 3560 1893 interiori
3589 1842 3696 1897 actu

2193 1921 2426 1982 habere
2445 1922 2894 1997 diversitatem,
2915 1924 3102 1987 etiam
3127 1925 3176 1985 si
3199 1924 3473 1987 exterior
3487 1924 3696 1989 fortasse

2195 2014 2510 2075 interdum
2535 2016 2704 2077 idem
2737 2017 2840 2077 sit.

2276 2111 2374 2171 10.
2421 2108 2711 2171 Secundo
2753 2108 2914 2185 loco,
2965 2110 3409 2190 explicandum
3441 2119 3528 2175 est
3567 2131 3697 2193 quae-

2193 2221 2340 2263 nam
2371 2205 2446 2265 sit
2471 2201 2604 2265 haec
2628 2204 2910 2265 adoratio
2932 2206 3043 2265 soii
3073 2208 3204 2267 Deo
3235 2206 3471 2277 debita,
3497 2214 3552 2269 et
3569 2227 3697 2271 crea·

2191 2302 2346 2357 turos
2370 2296 3000 2373 incommunicabiliS‚
3023 2304 3150 2359 tam
3171 2299 3430 2361 interna
3445 2318 3608 2379 quam
3625 2322 3697 2363 ex·

2191 2398 2398 2451 terna.
2429 2392 2497 2451 In
2529 2408 2654 2469 qua
2685 2410 2753 2453 re
2783 2392 3062 2455 notanda
3093 2398 3190 2455 est
3209 2392 3555 2455 differentia
3579 2397 3698 2459 inter

2191 2490 2370 2548 actus
2393 2486 2676 2547 internos
2699 2491 2762 2547 et
2784 2493 3092 2547 externos.
3126 2488 3366 2549 luterni
3387 2489 3565 2563 enim,
3581 2507 3697 2568 quo-

2191 2579 2358 2639 nism
2385 2580 2582 2641 Deum
2617 2581 2844 2659 ipsum,
2872 2588 2940 2643 ut
2968 2581 3302 2661 proprium
3329 2600 3508 2643 suum
3535 2583 3694 2661 objec-

2192 2679 2343 2745 tum,
2375 2672 2690 2751 attingunt
2711 2673 2810 2734 vel
2829 2682 3306 2753 repraesentant,
3324 2674 3542 2737 idcirco
3563 2694 3622 2737 ex
3643 2696 3690 2739 se

2188 2773 2250 2828 et
2275 2771 2502 2827 natura
2529 2784 2646 2825 sua
2675 2764 2834 2829 tales
2861 2784 3003 2827 esse
3031 2774 3324 2847 possunt,
3361 2775 3426 2830 ut
3451 2768 3528 2829 ad
3547 2771 3690 2833 solius

2185 2859 2292 2920 Dei
2341 2859 2580 2921 cultum
2613 2859 2830 2921 referri
2873 2859 3158 2939 valeant3
3197 2862 3550 2941 hujusmodi
3587 2872 3694 2925 sunt

2186 2959 2362 3014 actus
2391 2951 2540 3015 fidei
2568 2953 2818 3027 divinae,
2845 2960 3021 3015 actus
3055 2955 3212 3035 spei,
3245 2956 3572 3028 charitatis,
3597 2976 3693 3037 poe·

2185 3046 2461 3107 nitentiee
2491 3092 2504 3115 ,
2539 3053 2601 3109 et
2635 3047 2740 3107 aiii
2785 3048 3039 3109 similes.
3073 3052 3270 3111 Actus
3298 3068 3448 3111 vero
3483 3053 3696 3113 exterio-

2184 3157 2288 3201 res
2315 3158 2446 3201 non
2489 3147 2636 3201 sunt
2663 3140 2748 3201 ita
2779 3158 2852 3202 ex
2877 3158 2946 3203 se
2971 3142 3397 3215 determinati,
3437 3146 3572 3225 quin
3601 3150 3694 3207 tam

2186 3233 2268 3295 ad
2293 3233 2722 3295 venerandum
2744 3234 2968 3309 Deum,
2985 3254 3178 3317 quam
3205 3236 3294 3299 ad
3319 3238 3694 3299 honorandam

2189 3333 2535 3389 creaturam
2569 3329 2842 3389 exerceri
2870 3328 3132 3409 possint,
3162 3331 3338 3411 quod
3373 3332 3590 3393 notavit
3607 3337 3693 3393 Au-

2188 3426 2375 3499 gust.‚
2408 3421 2470 3482 d.
2503 3420 2612 3484 lib.
2655 3424 2734 3484 10
2755 3423 2834 3483 de
2869 3423 3072 3497 civit„
3105 3442 3246 3505 cap.
3271 3427 3342 3498 4;
3367 3426 3542 3505 Greg.
3577 3427 3694 3505 Nys-

2187 3532 2351 3588 seu.,
2378 3514 2604 3577 citatus
2633 3534 2671 3576 a
2689 3517 2756 3577 D.
2774 3512 3036 3591 Thema,
3066 3518 3128 3577 in
3155 3516 3418 3594 Catena,
3451 3520 3592 3581 eirea
3615 3520 3692 3581 iila

2186 3608 2375 3669 verba
2397 3608 2543 3669 Luc.
2571 3610 2651 3669 22
2679 3626 2692 3669 :
2718 3610 2955 3674 Positis
2981 3611 3232 3690 yenibue
3257 3614 3490 3685 orabat,
3515 3615 3606 3675 uhi
3627 3616 3692 3673 sic

2185 3700 2389 3779 inquit
2417 3720 2432 3761 :
2465 3702 2626 3777 Quia
2665 3703 2932 3765 humana
2956 3712 3180 3767 natura
3215 3704 3376 3767 eim
3414 3707 3570 3771 habat
3601 3707 3691 3769 Dm

2185 3796 2544 3875 condiynum
2559 3840 2579 3873 ,
2605 3796 2734 3858 ideo
2768 3796 3102 3874 honorifica
3138 3800 3324 3879 siqua
3341 3816 3472 3881 μαι·
3489 3799 3691 3861 invium

2185 3886 2546 3963 exhibemus,
2593 3891 3138 3973 &assumpsimus
3163 3893 3250 3953 ad
3273 3892 3592 3972 obsequium
3618 3893 3692 3953 in-

2187 3982 2615 4061 comparabilis
2639 3988 2903 4045 natura.
2939 3982 3072 4055 Quo
3108 3983 3179 4045 fit
3207 3989 3278 4045 ut
3313 3985 3604 4047 distinctio
3627 3986 3692 4045 ta·

2186 4072 2315 4135 trioe
2357 4073 2471 4134 soli
2515 4074 2644 4137 Deo
2672 4074 2896 4138 debitae
2923 4077 3006 4138 ab
3032 4077 3400 4141 adoratione
3437 4086 3692 4141 creature

2183 4166 2248 4229 in
2295 4166 2394 4229 his
2422 4169 2696 4229 externis
2737 4170 2979 4233 actibus
3017 4172 3414 4251 potissimum
3461 4191 3533 4235 ex
3565 4174 3692 4233 inte·

2183 4260 2328 4321 riori
2355 4261 2700 4323 intentione
2731 4264 3026 4343 pendeat,
3059 4271 3126 4327 ut
3163 4266 3458 4331 Leontius
3485 4264 3690 4329 tradidit

2183 4355 2245 4415 in
2279 4355 2382 4417 vlt
2403 4356 2666 4435 Synod„
2695 4365 2815 4422 act.
2845 4360 2906 4421 4.
2939 4359 3104 4421 circa
3129 4360 3324 4422 finem
3349 4366 3396 4422 ¹.
3798 4416 3799 4432 ,

2263 4452 2364 4515 11.
2397 4450 2874 4523 Quintianum
2897 4454 3014 4517 soh·
3033 4454 3152 4517 Deo
3179 4458 3268 4519 sit
3291 4456 3687 4520 debitae-se

2183 4544 2390 4605 cundo
2437 4544 2705 4623 spectari
2753 4546 2939 4607 etiam
2983 4546 3684 4623 debetusu83inte1dam

2183 4637 2349 4698 enirn
2387 4641 2557 4699 aetus
2593 4635 2674 4698 de
2717 4654 2784 4698 se
2823 4638 3186 4701 indifferens
3234 4648 3558 4721 usurpatus
3581 4642 3676 4709 est,

2181 4738 2243 4791 et
2269 4730 2350 4791 ad
2381 4729 2586 4791 solum
2615 4730 2897 4791 divinum
2937 4733 3196 4803 cultum,
3227 4735 3328 4799 vel
3357 4752 3584 4814 semper
3607 4732 3680 4791 vei

2176 4824 2515 4903 plurimum
2563 4826 3110 4903 accommodatu83
3161 4834 3232 4890 ut
3273 4828 3542 4890 nonnulli
3569 4844 3682 4889 ceu-

2181 4923 2320 4979 sent
2339 4918 2419 4979 de
2438 4917 2709 4997 pectoris
2739 4920 3164 4999 percussione,
3193 4922 3340 5000 quia
3359 4930 3452 4983 est
3474 4920 3679 4999 signam
3798 4966 3799 4979 .

2177 5010 2430 5089 petendi
2461 5012 2705 5073 veniam
2735 5020 3132 5090 peccatorum
3160 5056 3176 5087 ,
3203 5032 3344 5093 quae
3367 5030 3407 5077 a
3433 5015 3554 5075 solo
3577 5012 3678 5073 neo
3798 5073 3799 5089 χ

2177 5104 2566 5184 expectanda
2597 5112 2710 5167 est.
2751 5108 2820 5169 Et
2849 5108 3014 5169 idem
3047 5109 3241 5187 aliqui
3269 5110 3596 5173 existimant
3615 5106 3677 5167 de

2175 5195 2296 5259 hoc
2335 5200 2550 5275 verbo,
2591 5199 2886 5264 Miserere
2915 5204 3147 5279 nostri,
3195 5203 3341 5281 quia
3371 5203 3432 5263 in
3467 5199 3675 5263 Litaniis

2259 5384 2610 5457 &Leontius
2635 5385 2922 5455 Corduba
2965 5406 3108 5473 sup.
3157 5390 3304 5455 duh.
3335 5393 3406 5465 ὃς
3437 5396 3494 5453 et
3521 5386 3670 5461 Wal„

2174 5481 2212 5541 3
2247 5482 2398 5543 tom.
2445 5479 2524 5545 de
2546 5482 3142 5561 Sacramentalibus‚
3163 5504 3220 5547 c.
3257 5488 3393 5559 117,
3421 5502 3481 5546 u.
3508 5486 3556 5545 t.
