3892 6167
1380 362 1695 417 msrtiu'r.
1730 362 1903 413 XXVI.
1940 363 2108 415 SECT.
2145 364 2184 415 ῐ.

166 480 309 525 nem
348 464 711 530 necessaria
740 470 855 535 est,
882 464 951 535 in
1006 470 1313 543 qnantum
1351 462 1433 525 ad
1460 462 1735 545 perfecte

162 558 783 637 penetrandumtale
810 560 1151 638 objectum,
1175 566 1245 621 et
1264 558 1553 621 distincte
1580 558 1735 621 illud

161 652 685 728 cognoscendum
732 652 1079 715 secundum
1122 652 1337 713 omnia
1375 669 1517 729 quae
1554 652 1623 713 in
1662 668 1733 713 se

159 743 471 817 continet,
502 751 573 805 et
600 746 951 807 seeundum
1001 762 1259 807 omnem
1296 744 1731 807 habitudinem

162 854 363 908 suam,
388 839 763 901 necessaria
780 857 919 901 esse
942 844 1167 918 potest.
1193 838 1371 910 Quod
1390 838 1443 899 si
1460 838 1541 899 ad
1561 838 1731 899 hunc

163 930 431 1011 gradum
472 932 881 1011 perfectionis
924 933 1195 1013 cognitio
1256 932 1544 1011 attingat,
1594 934 1731 1009 jam

158 1023 353 1086 habet
382 1032 685 1087 exactam
710 1026 1215 1106 adaequationem
1255 1044 1397 1088 cum
1456 1025 1725 1105 objecto,

152 1123 213 1178 et
238 1117 625 1181 manitestat
676 1137 789 1181 seu
822 1122 1140 1197 cognoscit
1188 1120 1366 1196 illud,
1420 1124 1729 1198 quantum

146 1211 595 1289 cognoscibile
620 1220 739 1275 est.
770 1212 947 1287 Quod
980 1232 1129 1275 vero
1161 1214 1387 1293 maiori
1420 1213 1727 1275 minorive

142 1302 555 1380 intensione,
584 1311 693 1367 aut
706 1306 1027 1369 entitativa
1046 1306 1427 1385 perfectione
1466 1324 1729 1385 cognos-

140 1403 367 1473 catur,
396 1398 729 1461 materiale
754 1405 889 1473 est3-
925 1405 992 1461 et
1013 1400 1076 1463 id
1101 1416 1229 1463 non
1246 1406 1455 1480 potest
1478 1398 1727 1461 tundari

137 1488 209 1553 in
240 1489 397 1571 ipso
428 1490 701 1571 objecto,
752 1492 863 1555 sed
916 1492 985 1553 in
1034 1492 1419 1573 perfectione
1466 1511 1730 1573 cognos-

137 1582 385 1649 centiS.

227 1679 349 1739 u.
394 1678 1245 1763 objmio.-Reepomio.—
1268 1681 1491 1745 Dices:
1524 1680 1729 1759 objec-

140 1778 293 1833 tum
340 1772 685 1851 perfectius
713 1782 775 1837 et
800 1776 989 1837 altius
1028 1793 1155 1835 uon
1190 1774 1394 1837 solnm
1422 1786 1519 1837 est
1552 1792 1629 1837 ex
1662 1792 1731 1837 se

140 1865 631 1945 cognoscibile,
674 1867 883 1947 quoad
908 1866 1065 1929 tales
1090 1867 1391 1944 rationes,
1421 1870 1521 1930 vel
1558 1868 1733 1931 habi-

140 1958 417 2021 tudines
462 1960 696 2039 quse-in
738 1961 877 2042 ipso
890 2006 911 2037 ‚
946 1961 1043 2023 vel
1074 1979 1189 2040 per
1230 1961 1435 2041 ipsum
1464 1979 1731 2039 cognos-

139 2058 413 2127 cuntur,
448 2052 567 2113 sed
594 2054 784 2115 etiam
812 2054 1025 2133 quoad
1066 2054 1327 2117 modum
1360 2055 1735 2134 cognitionis

140 2145 211 2205 in
268 2146 565 2207 claritate
608 2146 707 2206 vel
756 2147 1137 2219 intensione;
1178 2164 1331 2226 ergo
1378 2148 1731 2229 adaequatio

142 2242 353 2301 etiam
378 2240 449 2299 in
484 2239 608 2301 hoc
656 2243 1029 2318 potestesse
1052 2240 1410 2303 necessaria
1435 2241 1517 2303 ad
1546 2242 1733 2303 ratio·

144 2353 305 2397 nem
372 2333 959 2413 comprehensionis
1030 2333 1415 2414 simpliciter.
1482 2333 1731 2397 Conse-

152 2427 421 2507 quentia
474 2434 671 2507 patet,
732 2428 880 2507 quia
933 2446 1047 2509 per
1100 2429 1730 2508 comprehensionem

156 2521 349 2583 debet
379 2521 681 2599 cognosci
712 2521 1051 2599 objectum,
1081 2529 1389 2601 quantum
1418 2540 1497 2585 ex
1534 2540 1601 2583 se
1632 2541 1729 2583 co-

151 2614 511 2694 gnoscibile
541 2620 659 2691 est,
690 2615 901 2695 quoad
929 2632 1181 2677 omnem
1212 2616 1469 2677 modum
1496 2616 1733 2699 perfec-

154 2708 375 2783 tionis,
402 2726 601 2787 quam
630 2725 709 2771 ez
736 2726 807 2770 se
832 2710 1097 2789 requirit
1130 2710 1195 2769 in
1228 2710 1581 2789 cognitione
1612 2709 1729 2771 sibi

153 2802 516 2881 adaequata.
548 2800 945 2863 Antecedens
972 2808 1183 2863 autem
1207 2802 1543 2881 probatur,
1580 2803 1727 2881 quia

152 2893 481 2973 objectum
516 2910 595 2957 ex
646 2912 717 2953 se
750 2900 845 2955 est
892 2895 1263 2973 principium
1303 2894 1595 2975 perfectae
1625 2913 1727 2955 co·

150 2986 459 3064 gnitionis
498 2986 624 3055 sui,
674 2986 775 3047 vcl
820 2987 1207 3061 immediate,
1263 2994 1331 3047 ut
1371 2986 1441 3049 in
1486 2985 1725 3047 visione

151 3080 303 3155 Dei,
338 3078 443 3141 vel
478 3080 803 3143 mediante
852 3080 1058 3158 specie
1103 3078 1497 3159 intelligibili,
1534 3095 1725 3156 quam

150 3178 373 3235 natum
404 3178 507 3235 cst
532 3172 883 3253 producere
928 3172 1027 3235 vel
1072 3171 1339 3247 haberc3
1376 3172 1483 3233 sed
1516 3171 1729 3249 objec-

150 3272 285 3325 tum
315 3283 401 3325 ex
428 3282 499 3325 se
528 3281 657 3325 non
698 3265 905 3326 solum
933 3271 1027 3326 est
1064 3270 1281 3326 natum
1323 3264 1556 3325 habere
1588 3282 1731 3342 spc-

152 3359 313 3419 ciem
364 3358 467 3419 vel
512 3357 895 3420 activitatem
940 3358 1336 3437 adaequatam
1386 3356 1596 3435 quoad
1624 3375 1726 3419 re-

153 3450 715 3531 praesentationem
747 3450 1135 3513 extensivam
1162 3450 1533 3535 cognitionis
1554 3495 1571 3523 ,
1615 3448 1727 3511 sed

154 3544 345 3605 etiam
398 3543 619 3623 quoad
654 3543 1051 3605 intensivam.
1084 3542 1262 3606 Unde
1294 3543 1605 3621 objectum
1637 3542 1729 3602 vi-

154 3638 333 3699 sibile
362 3638 781 3699 intensiorem
816 3637 1089 3716 speciem
1116 3636 1404 3717 producit
1430 3636 1495 3697 in
1524 3636 1727 3696 visum

158 3732 591 3811 propinquum
648 3736 713 3793 et
750 3730 914 3791 bene
968 3730 1335 3808 dispositum
1356 3775 1372 3803 ,
1426 3747 1617 3807 quam
1664 3728 1729 3789 in

158 3825 501 3887 distantem
532 3830 595 3885 et
621 3824 789 3883 male
834 3823 1125 3887 affectum
1143 3845 1161 3899 3
1196 3829 1256 3885 et
1285 3842 1412 3885 non
1440 3828 1732 3884 censetur

156 3917 355 3979 videri
388 3920 699 4001 quantum
729 3916 987 3977 visibilis
1016 3923 1133 3989 est,
1156 3917 1275 3979 nisi
1307 3916 1560 3997 quando
1590 3934 1729 3997 spc-

158 4011 316 4071 cicm
348 4010 473 4071 sibi
506 4009 905 4089 adaequatam
942 4010 1005 4071 in
1038 4009 1387 4071 intensione
1414 4008 1723 4089 producit.

158 4104 231 4164 Et
251 4110 469 4181 potest
496 4102 563 4163 in
593 4103 759 4164 hunc
790 4102 1049 4165 modum
1074 4102 1405 4182 explicari:
1432 4120 1577 4163 nam
1606 4102 1730 4163 An-

162 4196 365 4275 gelu3‚
384 4195 564 4257 verbi
588 4196 813 4277 gralia,
837 4198 1087 4261 intuens
1112 4196 1389 4277 seipsum
1412 4215 1525 4276 per
1549 4214 1729 4257 suam

162 4288 609 4361 substantiam,
640 4288 1113 4369 comprehendit
1146 4308 1238 4364 se,
1269 4290 1415 4369 quia
1454 4308 1585 4349 non
1632 4307 1731 4349 so·

162 4384 283 4443 lum
320 4383 649 4464 cognoscit
692 4382 903 4445 omnia
947 4401 1088 4462 quse
1136 4384 1201 4445 in
1243 4402 1310 4445 se
1356 4382 1571 4460 habet,
1618 4382 1730 4443 sed

174 4476 347 4537 etiam
387 4476 675 4539 claritate
709 4476 1189 4556 intensioneque
1237 4476 1563 4555 adaequata
1598 4494 1727 4538 suae

174 4568 463 4631 activitati
495 4571 559 4629 in
590 4570 830 4631 ratione
858 4570 1082 4649 objecti
1114 4568 1550 4649 cognoscibilis
1570 4619 1587 4641 ‚
1616 4587 1729 4632 seu

176 4660 607 4743 intelligibilis3
656 4660 823 4723 unde
870 4662 951 4723 ab
992 4662 1275 4723 inferiori
1311 4662 1552 4743 Angelo
1600 4680 1731 4723 non

178 4754 743 4835 comprehenditur,
777 4754 965 4817 etiam
1014 4756 1065 4817 si
1120 4756 1330 4837 quoad
1372 4755 1581 4818 omnia
1627 4773 1729 4817 co-

168 4856 525 4927 gnoscatur,
558 4848 624 4909 id
653 4855 745 4911 est
768 4898 781 4923 ‚
815 4849 1021 4929 quoad
1051 4866 1301 4911 omnem
1331 4849 1591 4909 modum
1620 4868 1731 4911 co·-

170 4942 405 5019 gnitnm
428 4941 497 5003 in
524 4941 795 5021 object0‚
820 4942 966 5021 quia
993 4942 1204 5023 quoad
1226 4942 1485 5003 modum
1510 4942 1727 5023 cogui-

172 5038 347 5097 tionis
366 5053 495 5098 non
528 5036 615 5098 ita
646 5043 864 5099 exacte
892 5036 1314 5116 cognoscitur.
1338 5038 1385 5097 A
1420 5034 1729 5116 superiori

174 5140 368 5191 autem
408 5130 680 5209 Angeia,
710 5130 857 5192 licet
898 5130 1198 5191 intensius
1245 5136 1307 5189 et
1346 5129 1573 5191 clarius
1624 5146 1729 5189 co-

176 5229 533 5301 gnoscatur,
568 5230 781 5285 tamen
813 5222 913 5285 ille
944 5241 1237 5285 excessus
1266 5231 1361 5283 est
1388 5223 1551 5283 ultra
1582 5239 1726 5284 cum

176 5316 414 5378 modum
438 5316 843 5397 cognitionis,
871 5334 1061 5395 quem
1090 5315 1403 5394 obJectum
1433 5334 1508 5377 ex
1539 5333 1607 5375 se
1634 5333 1728 5375 re·

178 5410 373 5487 quirin
404 5417 467 5473 et
494 5410 646 5473 ideo
674 5427 809 5471 non
852 5408 1058 5472 obstat
1096 5409 1433 5489 quominus
1460 5410 1592 5470 sinc
1623 5408 1729 5469 illa

180 5504 370 5583 majori
426 5502 797 5567 intensione
851 5502 952 5565 vel
1006 5502 1286 5565 claritate
1338 5502 1533 5583 possit
1588 5519 1727 5564 csse

478 5624 668 5671 xviu.

3305 360 3380 421 ¹7

1818 462 2300 543 comprehensio
2327 462 2470 525 talis
2497 462 2746 542 objecti.
2775 460 2976 525 Simili
3006 478 3158 545 ergo
3187 462 3375 533 inodo

1816 557 1879 617 in
1910 558 2156 637 objecto
2179 558 2398 637 quovis
2419 555 2789 637 intelligibili
2819 557 2952 619 sola
2975 558 3084 619 illa
3109 560 3380 639 cognitio

1814 649 1933 711 erit
1975 651 2454 730 comprehensio
2483 650 2644 729 ejus,
2665 668 2806 729 quae
2832 650 3020 713 suerit
3047 652 3380 731 adaequata

1812 743 1901 804 illi
1925 744 1992 805 in
2013 744 2398 807 omnimodo
2423 742 2796 823 cognitionis
2821 746 3004 822 quasi
3041 745 3378 809 intrinseco

1812 843 1877 899 ct
1903 838 2377 918 proportionato
2407 837 2773 917 perfectioni
2819 838 3070 917 objecti.
3105 841 3383 917 Respon-

1812 930 1933 993 deo
1965 931 2300 1012 imprimis,
2329 931 2646 1010 objectum
2673 948 2860 1013 posse
2895 931 3282 995 considerari
3311 931 3376 993 in

1810 1025 2054 1086 ratione
2083 1026 2330 1086 termini
2359 1031 2424 1086 et
2455 1024 2730 1087 materiae
2755 1025 2921 1089 circa
2951 1044 3138 1106 quam
3168 1042 3378 1087 versa-

1812 1122 1914 1177 tur
1938 1117 2238 1197 cogniti0‚
2264 1116 2416 1179 etin
2439 1117 2684 1179 ratione
2709 1120 3017 1179 moventis
3043 1136 3158 1181 seu
3200 1116 3378 1197 prin-

1812 1210 1952 1289 cipii
1973 1253 1994 1285 ‚
2037 1213 2100 1272 et
2137 1208 2221 1269 ad
2259 1210 2568 1271 rationem
2609 1210 3188 1291 comprehensionis
3227 1210 3378 1273 satis

1812 1320 1952 1363 esse
1981 1301 2150 1381 quod
2187 1302 2462 1381 cognitio
2503 1302 2580 1364 sit
2620 1301 2950 1383 adaequata
2993 1303 3272 1381 objecto.
3309 1308 3380 1363 ut

1810 1394 2101 1467 termino,
2127 1396 2256 1456 sive
2277 1395 2356 1457 sit
2381 1394 2712 1475 adaequata
2733 1396 2822 1457 illi
2847 1397 2910 1457 in
2937 1396 3182 1458 ratione
3209 1394 3374 1475 prin·

1812 1488 1956 1566 cipii
1981 1494 2046 1549 et
2081 1488 2318 1562 motivi,
2347 1488 2480 1549 sive
2511 1504 2678 1563 non;
2703 1489 2854 1570 quia
2893 1487 3376 1569 comprehensio

1812 1579 2155 1643 formaliter
2179 1581 2458 1644 consistit
2481 1582 2542 1642 in
2565 1582 3002 1661 adaquatione
3029 1583 3374 1655 extensive,

1816 1682 1881 1738 ut
1906 1675 2331 1749 ostendimus;
2365 1682 2426 1739 et
2451 1676 2582 1739 haec
2609 1677 2878 1740 sumitur
2905 1696 2984 1739 ex
3008 1674 3378 1739 habitudine

1810 1769 1887 1831 ad
1916 1768 2238 1849 objectum
2263 1771 2328 1833 in
2359 1770 2598 1835 ratione
2627 1771 2898 1835 termini.
2925 1773 3080 1833 item
3107 1772 3242 1833 hmo
3265 1770 3376 1833 ads-

1810 1864 2078 1941 aequatio
2109 1870 2198 1925 est
2225 1864 2406 1943 quasi
2429 1863 2710 1926 formalis
2731 1866 2796 1925 in
2824 1864 3200 1945 cognitione,
3227 1882 3384 1943 qua-

1810 1961 1996 2019 tenus
2020 1958 2292 2037 cognitio
2323 1961 2416 2021 est
2437 1976 2454 2029 ;
2477 1958 2600 2019 alia
2626 1976 2776 2019 vero
2805 1964 2902 2019 est
2927 1958 3282 2021 communis
3310 1956 3380 2019 in

1812 2049 2056 2111 ratione
2103 2051 2360 2113 effectus
2405 2058 2468 2114 et
2509 2070 2714 2113 causoe
2759 2052 3035 2132 agentis,
3087 2049 3205 2113 sub
3253 2068 3382 2130 qua

1812 2141 2181 2205 habitudine
2235 2162 2364 2205 nou
2409 2152 2538 2205 tam
2593 2146 2852 2205 effectus
2903 2142 3384 2224 comprehendit

1814 2254 2070 2299 causam
2099 2239 2279 2317 cujus
2303 2238 2512 2302 virtuti
2540 2236 2927 2319 adaequatur,
2953 2256 3144 2318 quam
3173 2257 3208 2299 e
3234 2254 3384 2301 con·

1811 2348 1996 2393 verso
2023 2350 2214 2393 causa
2233 2330 2732 2411 comprehendat
2759 2332 3077 2393 effectum.
3099 2330 3190 2393 Ad
3211 2349 3380 2396 cont·

1812 2423 2302 2503 prehensionem
2319 2442 2470 2503 ergo
2495 2423 2978 2487 intellectualem
2999 2424 3244 2487 videtur
3265 2424 3380 2499 im-

1810 2518 2162 2595 pertiueus‚
2187 2516 2358 2595 quod
2389 2518 2704 2597 objectum
2727 2517 2956 2579 efficiat
2977 2534 3054 2577 ex
3079 2534 3147 2577 se
3177 2517 3381 2579 inten-

1814 2611 2071 2686 siorem,
2098 2610 2202 2671 vel
2228 2610 2440 2673 minus
2467 2612 2778 2673 intensam
2813 2610 3108 2690 speciem.
3141 2608 3380 2673 Deinde

1810 2704 2060 2778 dicitur,
2091 2704 2158 2765 in
2188 2704 2450 2783 objectis
2491 2724 2606 2783 per
2646 2723 2716 2767 se
2745 2704 2946 2784 primo
2974 2704 3379 2783 intelligibili-

1809 2798 1929 2859 bus
1967 2818 2292 2878 nunquam
2342 2816 2534 2859 unam
2571 2798 3072 2877 adaequatioiiem
3109 2816 3248 2861 esse
3277 2815 3376 2861 se·

1807 2891 2154 2971 parabilem
2211 2891 2294 2953 ab
2338 2890 2462 2953 alia
2491 2935 2510 2964 ,
2565 2897 2628 2953 et
2676 2891 2992 2971 objectum
3048 2908 3374 2970 nunquam

1808 2984 2258 3063 comprehendi
2283 3002 2470 3063 posse
2493 2984 2708 3063 quoad
2729 3002 2952 3047 omncs
2972 2984 3246 3047 rationes
3272 3004 3378 3045 co-

1809 3077 2040 3157 gnitus,
2067 3078 2192 3139 nisi
2216 3097 2329 3157 per
2355 3079 2630 3158 speciem
2659 3078 3054 3159 adaequatam
3079 3079 3374 3141 activitati

1811 3172 2062 3250 objecti.
2103 3170 2282 3243 Quod
2319 3172 2408 3235 sic
2439 3170 2716 3249 declaro,
2745 3170 2917 3251 quia,
2952 3173 3000 3233 si
3040 3180 3136 3233 cst
3167 3190 3374 3235 sermo

1812 3264 1890 3325 de
1916 3264 2106 3327 rebus
2133 3265 2582 3339 materialibus»,
2607 3264 2701 3327 1,ae
2731 3272 2975 3347 tantum
3001 3266 3229 3327 suntin
3263 3284 3376 3345 po·-

1808 3357 2006 3419 tentia
2052 3357 2494 3435 intelligibiles,
2531 3359 2695 3421 unde
2743 3359 2984 3423 nullam
3013 3358 3248 3421 habent
3297 3378 3378 3421 ex

1809 3468 1879 3511 se
1904 3451 2028 3511 vim
2054 3452 2404 3513 effectivam
2432 3452 2662 3531 speciei
2694 3452 3118 3533 intelligibilis,
3143 3461 3202 3515 ct
3233 3453 3374 3515 idco

1810 3563 1889 3606 ex
1930 3549 2109 3623 parte
2159 3563 2374 3607 earum
2423 3564 2552 3607 non
2597 3550 2804 3626 potest
2850 3546 2986 3609 haec
3023 3546 3376 3626 adaequatio

1814 3637 2198 3699 considerari
2219 3660 2236 3713 ;
2271 3637 2386 3699 sed
2431 3640 2634 3701 omnis
2667 3640 3040 3715 intellectio,
3079 3660 3218 3721 quac
3264 3640 3380 3703 ha-

1814 3728 2020 3791 buerit
2061 3730 2476 3793 sufficientem
2523 3733 2964 3811 perfectionem
3005 3734 3374 3797 intensivum

1814 3824 1897 3885 ad
1940 3822 2332 3903 penetranda
2361 3822 2496 3885 haec
2525 3826 2772 3905 objecta
2819 3832 3034 3889 exacte
3076 3845 3152 3887 ex
3199 3832 3374 3905 parte

1812 3934 2058 3989 eorum,
2104 3917 2222 3979 erit
2250 3917 2564 3979 sufficiens
2593 3919 2672 3980 ad
2705 3938 2926 3981 eorum
2964 3920 3377 3999 comprehen-

1810 4010 2075 4072 sionem.
2106 4012 2170 4072 Si
2201 4030 2348 4071 vero
2377 4016 2716 4073 tractemus
2745 4012 2823 4073 de
2853 4012 3114 4092 objectis
3147 4012 3378 4075 creatis

1810 4108 1954 4165 actu
1982 4102 2496 4183 intelligibilibus,
2529 4110 2600 4165 ut
2626 4111 2771 4167 sunt
2795 4105 3155 4167 substantiae
3186 4123 3375 4187 ange-

1810 4197 1972 4271 lieae,
1998 4202 2060 4259 et
2087 4196 2311 4257 animoe
2343 4202 2672 4277 separatae,
2703 4199 2832 4261 haec
2861 4217 3186 4279 nunquam
3213 4199 3374 4261 adae-

1812 4296 2002 4371 quate
2033 4308 2110 4351 ex
2147 4296 2324 4369 parte
2350 4290 2576 4369 objecti
2603 4299 3088 4373 cognoscuntur,
3115 4292 3232 4353 nisi
3261 4308 3376 4372 per

1812 4391 2022 4447 actum
2041 4384 2440 4463 adaequatum
2462 4384 2674 4457 etiam,
2697 4403 2808 4447 seu
2835 4385 3372 4466 proportionatum

1810 4478 2020 4557 potius
2049 4482 2112 4539 et
2139 4476 2616 4538 connaturalem
2640 4522 2656 4552 ‚
2685 4479 2786 4540 vel
2813 4497 2926 4557 per
2953 4478 3148 4541 alium
3187 4496 3377 4559 supe-

1809 4571 1990 4631 rioris
2019 4568 2290 4647 ordinis3
2319 4574 2382 4633 et
2421 4570 2508 4632 ita
2539 4570 2818 4648 Angelus
2860 4572 3146 4651 superior
3191 4578 3373 4633 natu-

1809 4662 2022 4725 raliter
2064 4681 2190 4723 nou
2232 4662 2784 4743 comprehenditur
2823 4663 2904 4724 ab
2931 4664 3231 4739 inferiori,
3259 4664 3372 4727 sed

1810 4756 1909 4819 vel
1939 4774 1978 4816 a
2007 4774 2097 4827 se,
2128 4756 2226 4817 vel
2260 4776 2298 4817 a
2329 4756 2658 4837 superiori.
2689 4756 2862 4819 Unde
2899 4758 3268 4837 colligimu8‚
3304 4758 3376 4819 il-

1810 4849 1937 4910 lam
1969 4848 2479 4927 intellectionem,
2509 4868 2648 4929 quae
2681 4850 2744 4910 in
2787 4850 3092 4911 intensiva
3135 4852 3373 4932 perfec·

1813 4944 1979 5004 tione
2025 4942 2124 5003 vel
2161 4942 2437 5003 claritate
2483 4962 2610 5003 non
2645 4954 2738 5003 est
2785 4942 3116 5021 adaequata
3145 4944 3372 5005 talibus

1810 5034 2107 5115 objectis,
2147 5052 2276 5095 non
2316 5053 2456 5097 esse
2487 5036 2676 5097 etiam
2713 5034 3126 5097 sufficientem
3153 5036 3231 5098 ad
3259 5056 3372 5117 pc·

1809 5127 2116 5187 netranda
2141 5126 2246 5187 illa
2281 5128 2527 5207 objecta
2553 5129 2970 5205 exactissime,
2998 5129 3184 5191 etiam
3214 5148 3372 5209 quo-

1811 5219 1893 5281 ad
1930 5220 2382 5297 extensionem,
2412 5240 2524 5283 seu
2549 5220 2759 5303 quoad
2787 5222 3040 5283 modum
3073 5222 3369 5303 perfectas

1810 5314 2184 5397 cognitionis
2211 5333 2288 5377 ex
2313 5322 2492 5393 parte
2521 5334 2761 5391 eorum.
2781 5320 2994 5395 ‘Atque
3021 5316 3245 5377 eadem
3271 5334 3370 5379 ra-

1808 5408 2018 5482 tione,
2051 5407 2450 5471 ascendendo
2502 5410 2580 5471 ad
2619 5410 2845 5485 Deum,
2881 5409 3054 5471 nulla
3094 5409 3368 5492 cognitio

1810 5519 1951 5563 esse
1999 5507 2204 5581 potest
2236 5502 2548 5565 sufficiens
2593 5503 2674 5564 ad
2723 5502 2919 5566 Deum
2950 5504 3366 5585 comprehcn-

3009 5608 3047 5649 Ο

3011 5648 3047 5669 Δ
