3892 6167
525 343 645 402 536

525 463 662 510 rem
686 461 834 508 vere
859 443 1174 526 cognitam
1193 441 1384 508 talem
1409 451 1575 521 esse,
1598 445 1802 525 qualis
1815 461 2089 526 cognos-

527 541 726 619 citur3
759 556 890 603 non
913 545 1130 602 tamen
1149 540 1394 619 oportet
1419 544 1491 601 ut
1511 537 1749 602 habeat
1768 538 1835 601 in
1857 556 1926 602 se
1958 556 2090 602 mo·

528 633 684 696 dum
705 649 898 714 quem
929 631 1122 694 habet
1143 632 1212 694 in
1251 635 1692 712 cognoscente.

609 731 712 790 17.
751 725 983 790 Ultimo
1007 724 1190 788 tacile
1217 725 1726 790 accommodatur
1760 727 1896 792 hnc
1919 727 2093 790 locu·

531 821 643 896 tio,
675 824 741 882 et
762 818 1065 898 expositio
1097 818 1182 881 ad
1211 817 1408 880 verba
1447 819 1666 894 Panli;
1709 825 1782 883 ut
1819 820 1993 883 enim
2018 821 2091 882 D.

528 913 804 976 Thomas
827 910 957 987 hic,
987 917 1108 974 art.
1142 914 1202 986 1,
1233 912 1316 975 ad
1338 915 1402 988 2,
1439 912 1704 992 notavit,
1728 913 1905 995 prius
1935 931 2095 995 prm-

529 1006 692 1068 misit
714 1004 977 1068 Paulus:
1004 1003 1124 1082 Qui
1137 1007 1351 1084 faetus
1377 1010 1470 1070 ert
1485 1007 1542 1072 ei
1565 1024 1638 1071 ee
1655 1007 1876 1072 remise
1889 1008 2103 1072 David

527 1098 845 1163 secundum
876 1114 1138 1175 aarum,
1185 1105 1249 1161 et
1291 1097 1524 1162 deiude
1564 1098 1890 1182 subjungit
1921 1119 1938 1162 ι
1975 1101 2093 1176 Qui

521 1189 996 1274 predestinatus
1037 1196 1127 1257 est
1167 1191 1387 1257 Filius
1428 1193 1572 1271 Dei,
1617 1193 1724 1256 ubi
1761 1193 2092 1257 relativum

527 1281 683 1346 illud
704 1281 832 1365 qut,
861 1282 1054 1347 refert
1079 1283 1396 1350 Christum
1423 1285 1774 1350 seeundum
1799 1287 2093 1352 eamdem

526 1375 952 1442 conditionem
1003 1395 1118 1440 seu
1173 1377 1765 1444 determinationem
1786 1427 1804 1458 ,
1866 1399 2091 1445 secun-

523 1471 677 1534 dum
713 1488 907 1552 quam
949 1471 1152 1536 tactus
1194 1470 1642 1538 denominatur
1666 1521 1683 1550 ,
1737 1475 1977 1540 scilicet
2024 1475 2092 1537 in

525 1571 834 1644 quantum
868 1566 1214 1640 hominem,
1233 1573 1297 1630 et
1315 1573 1384 1628 ut
1401 1567 1492 1632 sic
1511 1566 1738 1632 dicitur
1763 1569 2095 1649 praedesti·

534 1665 718 1723 natus
737 1657 932 1720 Filius
967 1659 1099 1722 Dei.
1157 1659 1425 1724 Additur
1445 1677 1618 1735 vero,
1647 1663 1716 1726 in
1747 1663 2003 1736 virtuto,
2030 1660 2097 1724 id

535 1755 654 1827 est,
679 1751 744 1813 in
781 1752 1061 1832 potentia
1121 1757 1185 1816 et
1210 1753 1542 1833 majestate
1589 1755 1724 1818 veri
1767 1754 1902 1817 Filii
1954 1755 2094 1830 Dei,

530 1844 632 1908 vel
657 1844 780 1908 alio
809 1845 998 1908 modo
1025 1864 1039 1908 ι
1073 1847 1151 1912 In
1173 1848 1402 1912 virtuto
1428 1849 1754 1913 secundm
1779 1847 2097 1932 Spiritum

525 1939 1050 2020 sanctificationis,
1079 1939 1146 2003 id
1161 1945 1278 2017 est,
1309 1946 1380 2004 nt
1401 1941 1667 2005 baberet
1688 1941 1985 2006 virtutem
2010 1941 2096 2004 ad

528 2031 1012 2096 sanctificandos
1040 2034 1353 2110 homines,
1395 2035 1484 2099 ita
1511 2043 1582 2098 ut
1631 2037 1695 2097 in
1723 2035 1844 2098 hoc
1895 2036 2093 2100 verbo

528 2124 870 2206 explicetur
899 2144 1027 2190 non
1051 2128 1343 2209 proprius
1371 2135 1436 2192 et
1471 2128 1852 2194 intrinsecus
1883 2130 2098 2194 termi-

529 2236 652 2304 nus
683 2218 852 2281 illius
899 2220 1497 2300 praedestinationis,
1529 2221 1642 2286 sed
1675 2221 1834 2286 ratio
1861 2230 1924 2287 et
1952 2221 2099 2286 finis

527 2310 686 2392 ejus.
721 2311 1060 2394 Propterea
1088 2315 1258 2378 enim
1287 2314 1392 2378 bie
1413 2315 1608 2380 homo
1625 2313 1908 2381 Christus
1941 2335 2101 2400 prae-

528 2404 874 2468 destinatus
903 2413 1000 2470 est
1034 2407 1234 2470 Filius
1259 2407 1396 2484 Dei,
1431 2415 1502 2472 ut
1551 2415 1718 2474 esset
1753 2417 1981 2492 potens
2019 2409 2101 2474 ad

531 2498 1012 2564 sanctificandos
1034 2501 1326 2568 homines
1348 2519 1464 2586 per
1489 2510 1762 2568 mortem
1791 2510 1857 2568 et
1891 2523 2099 2568 resur-

529 2591 872 2656 rectionem
883 2611 956 2656 su
963 2611 1065 2658 am
1067 2613 1210 2674 ‚seu
1227 2613 1428 2676 usque
1441 2596 1526 2659 ad
1541 2595 2097 2662 sanctificationem

530 2683 872 2765 perfectam
895 2691 960 2750 et
981 2695 1506 2768 consummatam,
1539 2690 1742 2771 qualis
1766 2692 1886 2755 erit
1928 2693 1993 2754 in
2022 2690 2097 2754 iis

533 2777 738 2864 quiin
777 2779 916 2860 ipso
941 2789 1300 2864 resurgent.

1153 2991 1368 3046 steno
1403 2992 1484 3046 ul.

539 3157 726 3222 Utrum
769 3155 1020 3220 Chi-istus
1046 3161 1227 3234 possit
1249 3161 1367 3220 diei
1397 3159 1832 3235 predestinatus
1863 3160 1938 3220 ad
1974 3163 2101 3237 alo-

647 3245 812 3318 riam,
841 3246 929 3306 vel
955 3245 1074 3307 alia
1097 3246 1554 3321 supernaturalia
1573 3245 1719 3306 dona
1743 3248 1961 3320 qratioe.

617 3453 676 3512 1.
722 3450 928 3512 Prima
955 3451 1268 3515 sententia
1307 3459 1406 3516 est
1453 3450 1874 3533 quorumdam
1915 3449 2101 3515 disci·

538 3543 834 3625 pulorum
861 3545 938 3606 D.
968 3544 1246 3620 Thomas,
1278 3545 1390 3626 qui
1410 3551 1649 3626 negant
1673 3562 1818 3610 eam
1841 3544 2101 3609 locutio-

533 3655 682 3700 nem
717 3653 858 3701 esse
885 3655 1130 3717 veram,
1161 3655 1238 3701 ac
1257 3638 1578 3719 propriam
1607 3639 1676 3700 in
1713 3638 1924 3718 rigore
1974 3655 2101 3701 ser·

529 3730 759 3808 monis,
781 3731 932 3812 quia
953 3731 1421 3812 praedestinatio
1449 3731 1810 3814 simpliciter
1838 3749 1981 3795 esse
2010 3731 2103 3794 di·

532 3827 692 3890 citur
713 3826 800 3891 ad
823 3827 890 3890 id
911 3828 1088 3908 quod
1113 3831 1212 3890 est
1225 3845 1618 3908 supremum,
1635 3840 1700 3890 et
1710 3827 2103 3908 praecipuum

533 3919 602 3982 in
619 3919 1063 4002 praedestinato
1088 3943 1108 3998 3
1139 3921 1256 3984 sed
1287 3921 1354 3984 in
1381 3921 1625 3984 Christo
1647 3938 1944 4002 suprema
1966 3922 2106 4002 ejus

533 4012 808 4094 dignitas
834 4033 966 4078 non
995 4020 1092 4078 est
1129 4015 1484 4090 beatitudo,
1537 4015 1652 4078 sed
1709 4015 2013 4080 naturalis
2032 4014 2107 4078 fi-

531 4106 706 4170 liatio
729 4106 886 4182 Dei;
915 4125 1046 4173 non
1072 4126 1226 4190 ergo
1269 4109 1524 4190 proprie
1576 4108 1804 4173 dicitur
1839 4110 2109 4192 prades·-

533 4201 770 4264 tinatus
799 4201 884 4264 ad
921 4202 1405 4280 beatitudinem,
1459 4203 1574 4266 sed
1619 4203 1822 4266 solum
1851 4203 1935 4266 ad
1966 4221 2108 4266 esse

538 4291 673 4356 Filii
702 4294 810 4356 Dei
837 4295 1168 4360 naturalis.
1201 4297 1279 4359 Et
1305 4295 1714 4360 confirmatur
1725 4297 2105 4377 primo‚quia

536 4386 750 4450 nullus
804 4387 1031 4452 dicitur
1070 4389 1502 4470 praedestinari
1548 4390 1632 4453 ad
1681 4389 1750 4452 id
1775 4390 1963 4471 'quod
2013 4395 2107 4454 est

541 4479 662 4542 sibi
691 4483 1122 4560 connaturale,
1151 4485 1312 4548 sicut
1337 4502 1466 4548 non
1485 4483 1710 4548 dicitur
1729 4483 1919 4546 homo
1943 4502 2107 4564 pras,-

545 4571 850 4636 destinari
903 4575 988 4639 ad
1023 4577 1375 4641 naturalem
1424 4577 1905 4652 beatitudinem,
1958 4577 2106 4658 quia

545 4665 682 4730 haec
705 4685 828 4730 vox
853 4669 946 4747 (ut
976 4669 1270 4752 diximus)
1294 4677 1376 4734 ad
1401 4689 1590 4752 opera
1625 4670 1844 4751 gratiae
1863 4687 2109 4734 accom-

541 4759 802 4824 modata
821 4768 914 4824 est
943 4761 1100 4836 3sed
1120 4765 1282 4826 visio
1307 4764 1495 4827 beata
1542 4768 1638 4826 est
1683 4762 2109 4827 connaturalis

540 4850 818 4928 Chr-istm
871 4873 1021 4936 ergo
1066 4875 1196 4918 uon
1221 4855 1474 4938 proprie
1521 4855 1751 4918 dicitur
1805 4856 1889 4920 ad
1933 4856 2109 4918 illam

539 4944 994 5025 pradestinari.
1041 4949 1464 5014 confirmatur
1491 4949 1798 5026 secundo,
1829 4949 1981 5030 quia
2003 4967 2110 5012 ne-

539 5055 652 5103 mo
672 5038 904 5103 dicitur
927 5045 1182 5124 proprie
1235 5042 1664 5124 praedestinari
1703 5042 1788 5106 ad
1835 5043 1902 5104 id
1939 5042 2112 5124 quod

527 5139 638 5198 ‚est
659 5132 854 5196 veluti
885 5138 1237 5216 proprietas
1289 5153 1685 5215 consequens
1738 5137 2109 5216 primarium

541 5229 884 5292 terminum
909 5246 1044 5290 suae
1069 5230 1660 5310 praedestinationis,
1717 5235 1788 5292 ut
1833 5248 1965 5291 non
2016 5229 2109 5292 di·

541 5326 776 5383 cuntur
795 5319 1084 5384 homines
1111 5323 1546 5402 praedestinari
1573 5323 1656 5385 ad
1670 5321 1940 5402 gloriam
1966 5339 2109 5386 cor-

543 5413 742 5494 poris,
773 5413 888 5478 sed
909 5413 1174 5490 animan
1203 5417 1316 5479 sed
1341 5416 1408 5480 in
1427 5416 1669 5480 Christo
1695 5414 1894 5496 gloria
1915 5421 1979 5476 et
1992 5433 2108 5478 οω-

543 5511 682 5570 tera
710 5505 880 5570 dona
906 5515 1052 5571 sunt
1081 5509 1494 5591 proprietates
1535 5513 1997 5591 consequentes
2036 5509 2109 5572 fi-

1739 341 1976 407 QUAEST.
2008 341 2185 396 xxm
2218 341 2421 396 Anne.
2458 341 2541 395 W.

2168 442 2495 508 lintionem
2520 441 2823 521 divinam,
2860 442 2947 506 ad
2974 458 3173 526 quam
3202 440 3489 506 Christus
3530 449 3607 506 ut
3638 441 3741 506 ho-

2170 556 2277 602 mo
2306 537 2789 619 praedestinatns
2816 543 2951 615 est3
2976 555 3157 618 ergo.

2252 636 2316 696 2.
2362 631 2645 695 Aliorum
2692 650 2843 695 vero
2894 630 3217 694 sententia
3268 637 3391 706 est,
3434 629 3741 696 Christum

2176 727 2427 810 proprie
2445 725 2571 790 dici
2592 743 2779 808 posse
2802 725 3325 807 praedestinatum
3348 725 3437 788 ad
3452 725 3739 806 gloriam,

2178 826 2241 883 et
2267 820 2393 883 alia
2428 820 2932 902 supernaturalia
2974 819 3145 881 dona
3194 817 3633 899 suscipienda.
3662 821 3743 882 Ita

2178 913 2456 976 sentiunt
2483 915 2707 977 Scotus
2731 919 2795 976 et
2813 910 3167 986 Durandus,
3196 912 3266 973 in
3299 912 3369 989 3,
3400 910 3747 974 distinetio-

2176 1024 2260 1070 ne
2304 1010 2403 1072 17.
2434 1007 2514 1070 Et
2541 1005 2865 1089 probabile
2904 1005 3401 1068 fundamentum
3452 1023 3607 1067 esse
3647 1023 3747 1085 po-

2174 1107 2315 1179 test,
2344 1101 2492 1182 quia
2518 1101 2687 1163 Deus
2708 1101 2791 1164 ab
2818 1107 3081 1177 oeterno,
3110 1106 3177 1162 et
3198 1105 3353 1163 ante
3374 1099 3609 1162 omnia
3628 1117 3745 1161 me-

2170 1195 2287 1258 rita
2320 1195 2601 1276 praevisa,
2627 1193 2914 1258 absoluta
2938 1199 3002 1256 et
3020 1192 3263 1256 efficaci
3284 1192 3629 1255 voluntate
3650 1191 3745 1254 de-

2172 1290 2369 1352 crevit
2394 1295 2465 1353 ut
2492 1289 2775 1351 Christus
2798 1293 3037 1350 interna
3083 1287 3223 1368 ejus
3252 1284 3669 1349 beatitudine
3690 1295 3749 1349 et

2174 1383 2373 1464 gloria
2401 1382 2741 1458 frueretur,
2770 1387 2835 1445 et
2858 1379 2951 1442 illi
2976 1379 3361 1463 praeparavit
3386 1379 3671 1461 gratiam
3692 1387 3749 1440 et

2176 1476 2464 1558 gloriam,
2494 1484 2561 1538 et
2596 1475 2719 1538 alia
2742 1475 3249 1556 supernaturalia
3274 1471 3641 1546 beneficia3
3668 1490 3749 1536 er-

2176 1587 2257 1650 go
2284 1576 2459 1634 recte
2486 1577 2693 1651 potest
2720 1569 2846 1632 dici
2890 1569 2975 1631 ad
3012 1570 3147 1632 baec
3176 1569 3401 1630 omnia
3430 1566 3753 1647 predesti-

2178 1670 2387 1726 natus.
2419 1667 2581 1727 Tum
2608 1665 2783 1745 quia,
2815 1669 2973 1728 teste
3010 1663 3401 1744 Augustino,
3432 1661 3753 1744 pradesti-

2176 1759 2351 1820 natio
2382 1757 2541 1820 nihil
2565 1757 2738 1822 aliud
2762 1764 2861 1820 est
2886 1774 3082 1837 quam
3116 1755 3515 1837 praeparatio
3546 1755 3749 1836 gratie

2178 1856 2242 1914 et
2280 1851 2514 1930 glorioe,
2566 1857 2631 1914 et
2672 1849 3126 1914 beneficiorum
3170 1848 3323 1924 θείς
3376 1854 3523 1914 tum
3572 1847 3749 1910 etiam

2176 1945 2349 2024 quia,
2378 1945 2525 2007 licet
2568 1945 2703 2008 haec
2738 1945 2907 2006 dona
2952 1942 3163 2024 aliquo
3190 1941 3391 2004 modo
3432 1941 3569 2004 sint
3612 1959 3749 2004 con·

2170 2039 2391 2120 juncta
2420 2056 2565 2102 cum
2594 2039 2827 2101 unione
2862 2038 3281 2120 hypostatica,
3312 2043 3549 2100 tamen
3592 2035 3655 2097 in
3682 2053 3745 2096 sc

2178 2132 2681 2213 supernaturalia
2726 2138 2897 2210 sunt,
2946 2138 3011 2195 et
3039 2149 3173 2194 non
3216 2129 3549 2192 resultant
3580 2130 3744 2208 quasi

2178 2226 2439 2306 physice
2486 2243 2563 2290 ex
2606 2225 2807 2308 gratia
2850 2226 3129 2302 unionis,
3180 2225 3295 2286 sed
3344 2223 3625 2305 speciali
3648 2222 3743 2283 Dei

2182 2320 2429 2382 actione
2454 2326 2519 2382 et
2544 2320 2787 2381 influxu
2812 2318 3087 2382 conferri
3115 2317 3359 2380 debent
3384 2334 3408 2396 ;
3457 2335 3621 2396 ergo
3640 2335 3743 2378 ne-

2180 2430 2355 2476 cesse
2384 2415 2577 2476 etiam
2606 2417 2701 2476 est
2730 2419 2805 2475 ut
2830 2413 3089 2495 speciali
3114 2412 3230 2476 Dei
3264 2413 3615 2474 voluntate
3640 2413 3743 2472 sint

2180 2507 2263 2568 ab
2292 2513 2531 2570 aeterno
2568 2507 2955 2590 praedefinita
2982 2513 3050 2570 et
3072 2507 3373 2570 ordinata
3397 2524 3425 2586 3
3454 2525 3579 2569 cnr
3614 2525 3743 2586 erga

2180 2618 2309 2662 non
2338 2600 2847 2664 denominabitur
2861 2601 3141 2664 Christus
3159 2601 3658 2682 praedestinatus
3676 2601 3743 2660 ad

2177 2695 2311 2756 haec
2354 2694 2525 2759 bona
2566 2693 2963 2776 suscipienda
2982 2698 3009 2756 ’.Ρ
3025 2695 3103 2757 Et
3132 2693 3588 2767 confirmatur,
3620 2693 3743 2773 quia

2180 2789 2471 2852 homines
2496 2807 2625 2851 non
2654 2788 2859 2852 solum
2896 2789 3191 2852 dicuntur
3210 2787 3657 2869 praedestinati
3678 2787 3745 2847 ad

2180 2881 2491 2944 visionem
2514 2882 2793 2959 beatam,
2818 2881 2935 2944 sed
2958 2883 3151 2944 etiam
3172 2889 3243 2943 ut
3267 2883 3408 2945 Deo
3438 2881 3745 2952 fruantm,

2184 2979 2251 3038 et
2296 2975 2365 3038 in
2397 2993 2471 3039 eo
2497 2975 2915 3052 delectentur,
2945 2978 3233 3057 quamvis
3284 2975 3639 3040 delectatio
3678 2975 3745 3036 sit

2182 3068 2426 3151 aliquid
2466 3087 2867 3150 consequens
2892 3070 3223 3133 visionem.
3256 3071 3551 3133 Possunt
3574 3072 3745 3133 etiam

2182 3161 2305 3226 dici
2342 3163 2796 3244 proedestinati,
2820 3180 2952 3226 non
2984 3163 3191 3225 solum
3216 3162 3303 3226 ad
3321 3165 3605 3244 gloriam
3634 3168 3745 3228 ani·

2180 3275 2324 3329 mae,
2353 3257 2467 3320 sed
2496 3257 2688 3320 etiam
2716 3257 2796 3320 ad
2828 3257 3093 3336 gloriam
3116 3259 3429 3338 corporis.
3452 3257 3625 3335 Quin
3650 3275 3745 3340 po-

2181 3351 2307 3413 tius
2320 3350 2600 3414 Christus
2628 3351 3109 3431 proedestinatus
3134 3349 3369 3415 dicitur
3384 3353 3476 3414 ad
3494 3351 3745 3434 gloriam

2182 3463 2375 3526 quam
2402 3444 2795 3528 resurgendo
2845 3445 3100 3520 habuit3
3146 3445 3239 3509 sic
3284 3445 3467 3509 enim
3502 3449 3747 3528 exponit

2182 3540 2600 3620 Augustinus,
2638 3545 2819 3604 tract.
2866 3540 2985 3603 ⁴05
3030 3540 3098 3600 in
3128 3540 3318 3602 Joan.
3341 3584 3365 3617 ,
3416 3541 3624 3604 verba
3652 3539 3745 3601 illa

2183 3649 2239 3692 c.
2268 3633 2343 3693 17
2376 3648 2393 3692 ι
2420 3630 2725 3710 clarifica
2742 3651 2861 3708 me,
2888 3633 3099 3710 Pater,
3124 3632 3419 3698 claritate
3439 3649 3633 3716 quan
3654 3635 3747 3696 ka·

2184 3726 2311 3800 bui,
2330 3727 2695 3808 priusquam
2720 3727 2981 3790 mundar
3006 3727 3185 3804 fieret
3200 3729 3375 3808 apud
3384 3733 3487 3798 m
3500 3727 3745 3809 petebat

2185 3819 2359 3882 enim
2386 3819 2653 3899 gloriam
2680 3820 3158 3884 resurrectionis
3192 3839 3349 3897 snae,
3383 3839 3593 3902 quam
3616 3822 3746 3884 dicit

2186 3912 2483 3977 babuisse
2508 3913 2675 3995 apud
2698 3917 2903 3978 Deum
2929 3919 3075 3978 ante
3104 3914 3331 3977 mundi
3368 3916 3743 3978 creationem

2188 4007 2537 4071 secundum
2563 4008 3205 4090 praedestinationem,
3256 4014 3329 4072 ut
3364 4009 3743 4089 Augustinus

2188 4101 2298 4165 ait.
2324 4101 2443 4176 Qui
2470 4102 2685 4176 etiam,
2706 4101 2815 4164 lib.
2836 4101 2916 4164 de
2938 4101 3509 4164 Praedestinatione
3524 4103 3740 4173 sanct„

2188 4214 2246 4260 e.
2278 4199 2375 4273 15,
2408 4194 2557 4258 dicit
2583 4193 2895 4260 Christum
2920 4195 3117 4258 fuisse
3140 4195 3667 4277 pmdestinamm
3685 4201 3743 4256 nt
3831 4263 3832 4266 Ἴ

2188 4289 2270 4354 sit
2314 4296 2503 4371 caput
2529 4296 2843 4366 nostrum;
2880 4296 2943 4354 et
2986 4292 3109 4354 boc
3160 4291 3357 4354 etiam
3388 4297 3741 4374 supponunt
3831 4343 3832 4368 2

2188 4384 2467 4448 Anselm.
2482 4429 2505 4461 ,
2536 4383 2787 4459 Ambr.,
2818 4389 2884 4447 et
2912 4383 3016 4446 alii
3054 4383 3268 4448 Sancti
3302 4403 3517 4466 supra
3562 4383 3735 4455 citati,

2184 4479 2253 4540 in
2306 4481 2347 4540 4
2396 4483 2463 4541 et
2504 4480 2545 4540 Β
2596 4477 2988 4558 expositione
3042 4477 3389 4541 testimonii
3444 4476 3625 4541 Pauli
3670 4473 3735 4537 ad

2186 4573 2366 4726 Ro?-
2378 4573 2661 4732 dimus
2684 4665 2966 4747 quomodo
2988 4665 3109 4730 dia·
3126 4664 3327 4746 pouit
3342 4666 3735 4749 γινώσκη-

2186 4765 2291 4824 ειιε
2310 4759 2394 4823 ad
2418 4759 2866 4834 beatitudinem,
2883 4763 2939 4822 et
2958 4759 3087 4824 alia
3100 4759 3259 4823 dona
3276 4757 3737 4843 gutia-Bac

2188 4850 2493 4914 dissensio
2542 4871 2621 4914 ex
2667 4857 2845 4932 parte
2894 4869 3034 4915 csse
3068 4854 3281 4931 potest
3329 4851 3413 4916 de
3458 4871 3559 4926 re,
3592 4861 3737 4916 etex
3831 4843 3832 4846 ’

2190 4950 2370 5025 parte
2396 4944 2477 5009 de
2503 4945 2693 5007 modo
2721 4944 3042 5025 loquendi.
3070 4945 3136 5006 Si
3162 4944 3341 5008 enim
3364 4945 3740 5026 intelligatur
3831 4935 3832 4996 ἒ

2190 5039 2471 5102 Christus
2498 5039 2795 5121 primario
2824 5057 2899 5102 ac
2924 5058 3043 5121 per
3068 5057 3137 5102 se
3160 5040 3651 5121 praedestinatus
3668 5039 3737 5102 ad

2189 5132 2641 5196 beatitudinem
2666 5133 2915 5211 animae,
2940 5139 3007 5196 et
3033 5134 3151 5195 hac
3174 5133 3429 5197 ratione
3451 5136 3595 5215 ejus
3616 5137 3740 5196 ani-
3831 5149 3832 5218 ς

2190 5245 2361 5288 mam
2380 5232 2444 5289 et
2462 5227 2921 5290 humanitatem
2938 5243 3080 5290 esse
3100 5225 3461 5290 ordinatam
3478 5228 3567 5290 ad
3586 5229 3741 5288 unio·
3831 5303 3832 5308 ἵ

2189 5339 2339 5383 nem
2368 5321 2853 5402 hypostaticam,
2896 5337 3085 5400 quem
3133 5337 3401 5383 sensum
3422 5321 3737 5384 Durandus

2188 5421 2254 5476 et
2282 5415 2505 5477 Scelus
2532 5415 2915 5489 indicarunt,
2944 5415 3035 5476 sic
3068 5413 3185 5476 erit
3206 5414 3523 5476 dissensio
3545 5414 3623 5476 de
3648 5433 3729 5483 re,

2188 5515 2253 5570 et
2282 5525 2499 5571 eorum
2526 5509 2836 5572 sententia
2885 5507 3041 5570 falsa
3096 5513 3229 5583 est,
3260 5515 3323 5571 et
3354 5508 3609 5570 omniuo
3636 5509 3729 5568 im—
