3892 6167
1306 317 1625 370 DlSPUTAT.
1662 316 1828 370 XLvt.
1862 316 2038 370 sssc‘r.
2067 317 2154 372 111.

70 422 315 496 gent„
358 416 453 478 de
491 415 626 478 Fid.
652 415 737 477 ad
772 417 965 488 Petr.,
1002 435 1056 478 c.
1094 419 1166 478 2:
1206 417 1417 494 Solus,
1456 418 1681 497 inquit,

70 511 423 585 sacerdos,
460 509 863 588 cummium,
899 516 955 574 et
992 511 1301 592 templum,
1334 517 1389 574 et
1416 513 1543 576 hoec
1570 529 1689 574 om·-

71 605 199 665 πίει
234 605 451 679 Deus,
480 605 804 676 eremum
838 606 1137 670 rationu·
1156 605 1335 670 servi.
1368 604 1543 668 Idem
1573 604 1689 686 Gy·-

74 697 189 756 ril.
260 715 495 776 supra.
531 698 737 760 Potest
778 703 989 760 autem
1030 699 1217 760 etlam
1260 699 1384 761 dici
1414 701 1687 762 Christus

74 793 421 852 sacerdos
444 791 511 853 in
544 799 851 871 quantum
888 795 1050 856 Deus
1103 794 1316 867 homo,
1352 811 1425 856 eo
1466 795 1681 870 modo,

78 905 226 964 quo
266 903 473 965 supra
503 885 773 947 diximus
800 905 985 967 posse
1016 887 1133 948 dici
1156 887 1384 948 mereri
1414 892 1477 950 et
1512 889 1691 950 satis-

88 980 335 1040 facere
352 979 425 1040 in
445 997 527 1058 qu
538 987 753 1042 antu-m
774 981 977 1066 Deum
998 981 1341 1056 hominem,
1360 981 1447 1043 ita
1476 987 1683 1043 tamen

82 1081 165 1132 ut.
218 1073 632 1152 intelligatur
669 1074 1089 1136 sacerdotium
1150 1093 1291 1136 esse
1338 1075 1689 1156 proprietas

84 1167 509 1228 conveniens
548 1165 809 1244 Christo,
840 1168 1153 1231 mediante
1194 1170 1471 1230 humana
1512 1175 1689 1231 natu-

87 1281 167 1321 ra
198 1283 218 1336 3
260 1280 301 1321 a
356 1261 685 1340 supposito
710 1269 927 1324 autem
951 1262 1164 1324 >divino
1207 1263 1444 1326 habere
1486 1266 1691 1326 effica-

92 1354 309 1427 ciam,
374 1360 441 1415 et
486 1355 915 1418 excellentiam
970 1357 1101 1418 tale
1147 1355 1589 1426 sacerdotium,
1622 1364 1692 1420 ut

90 1448 269 1508 satis
310 1449 695 1527 explicatum
720 1455 835 1510 est.
870 1450 999 1512 Sed
1042 1451 1294 1531 objiciet
1322 1451 1547 1530 aliquis
1576 1450 1693 1532 Cy-

92 1541 331 1602 riuum
370 1543 646 1618 Hieros„
688 1548 809 1604 cat.
858 1545 959 1614 10,
992 1544 1303 1606 dicentem
1329 1590 1348 1620 ‚
1382 1543 1697 1608 Christum

95 1637 332 1699 habere
380 1639 780 1700 sacerdotim
800 1639 1193 1715 immutabile,
1232 1641 1389 1720 quod
1412 1657 1516 1702 noc
1544 1645 1695 1704 tom·-

88 1747 253 1808 pore
284 1730 495 1812 capis,
530 1749 635 1795 noc
660 1749 1053 1796 moestorum
1082 1733 1277 1798 alium
1324 1733 1559 1798 habebit
1598 1752 1697 1796 sa-

94 1825 379 1886 cer-dolii
400 1850 429 1897 ,·
457 1841 609 1904 ergo
650 1831 797 1887 ante
844 1825 1343 1887 incarnationem
1365 1871 1385 1900 ‚
1434 1845 1575 1906 quae
1629 1827 1695 1888 in

94 1921 417 1996 tempore
449 1919 659 1998 coepit,
694 1924 831 1980 erat
854 1919 1134 1980 Christus
1170 1919 1507 1988 sacerdos:
1542 1938 1695 2000 ergo

100 2016 175 2071 ut
200 2011 878 2090 Deus-Respondctur
907 2014 1105 2092 primo
1142 2031 1269 2074 non
1294 2013 1599 2094 incepisse
1624 2015 1691 2074 in

98 2110 413 2183 tempore
458 2105 521 2165 in
550 2105 767 2167 ordine
820 2105 905 2167 ad
934 2108 1158 2177 Deum,
1185 2123 1299 2169 seu
1345 2108 1691 2170 secundnm

98 2198 411 2259 divinam
452 2199 1065 2278 praeordinationem,
1096 2219 1243 2263 nam
1290 2202 1501 2264 statim
1546 2203 1693 2264 sub·-

102 2291 205 2352 dit
231 2313 252 2352 :
286 2291 424 2356 Sed
448 2299 587 2356 mu
612 2294 809 2359 secula
826 2313 865 2360 a
890 2295 1103 2359 Patre.
1137 2297 1251 2357 Vel
1292 2303 1464 2358 certe
1506 2295 1695 2358 iutel-

102 2386 261 2466 ligit
280 2404 421 2447 non
449 2387 641 2449 fnisse
668 2389 1061 2450 sacerdotem
1080 2397 1339 2452 unctum
1366 2391 1509 2452 oleo
1540 2398 1695 2452 tem-

107 2479 491 2560 porali,sed
542 2489 797 2557 oeterno,
844 2483 1101 2557 seilicet,
1148 2484 1467 2548 divinitate
1514 2486 1691 2564 ipsa,

108 2575 221 2635 vel
252 2593 387 2636 non
412 2576 729 2656 accepisse
760 2577 825 2638 in
852 2583 1135 2658 tempore
1168 2579 1567 2658 personalem
1596 2579 1695 2640 di·-

114 2669 437 2748 gnitatem
458 2710 479 2746 ,
532 2669 771 2733 ratione
807 2672 987 2751 cujus
1030 2673 1155 2733 tale
1182 2673 1375 2734 habet
1402 2673 1697 2736 sacerdo-

114 2764 309 2824 tium.
372 2764 699 2835 Quomodo
740 2765 897 2826 dixit
945 2765 1251 2842 Clemens,
1288 2767 1455 2829 dicto
1490 2767 1599 2828 lib.
1632 2769 1694 2843 8,

118 2879 177 2918 r..
210 2861 323 2932 46,
348 2859 661 2920 Christum
694 2877 831 2921 esse
869 2867 1095 2922 natura
1118 2861 1524 2937 sacerdotem,
1549 2863 1699 2942 quia

118 2952 487 3014 naturalem
536 2952 725 3014 habet
753 2953 835 3014 ad
861 2954 981 3014 hoe
1010 2955 1377 3033 dignitatem
1407 2963 1469 3018 et
1492 2957 1699 3017 excel·-

116 3047 419 3114 lentiam,
455 3047 717 3125 requirit
734 3053 947 3109 tamen
974 3047 1298 3110 unionem.

212 3143 275 3203 5.
322 3140 553 3202 Ultimo
588 3141 921 3203 dicendum
970 3147 1097 3216 est,
1148 3143 1443 3204 eumdem
1490 3143 1695 3207 Chris-

124 3242 269 3295 tum
296 3252 436 3295 esse
470 3233 809 3309 victimam,
842 3241 904 3297 et
936 3235 1202 3296 hostiam
1254 3237 1567 3308 sacrificii,
1600 3245 1693 3300 at-

125 3345 261 3408 quc
283 3327 447 3389 adeo
484 3328 659 3389 idem
686 3328 807 3390 dici
836 3345 1023 3408 posse
1077 3328 1155 3389 de
1210 3329 1415 3392 Verbo
1450 3335 1513 3390 et
1541 3331 1691 3404 Dec,

126 3429 503 3482 nontamen
529 3439 673 3484 cum
698 3419 1215 3501 reduplicatione,
1266 3428 1335 3483 ut
1379 3423 1543 3484 Deus
1574 3429 1690 3484 est.

130 3519 289 3578 Haec
306 3517 513 3578 omnia
543 3515 755 3577 docuit
786 3517 887 3577 hic
918 3515 1221 3578 D.'1‘hom.
1233 3521 1379 3592 ‚al-t.
1402 3521 1459 3588 2,
1484 3519 1689 3591 etha,

130 3613 352 3691 qAoe,
384 3615 502 3671 art.
530 3611 591 3686 3,
622 3611 700 3671 ad
726 3614 787 3674 8.
817 3611 893 3671 Et
916 3615 1062 3672 sunt
1086 3613 1255 3672 certa
1272 3609 1513 3685 defide,
1545 3613 1693 3690 quia

130 3723 271 3766 non
320 3704 451 3766 sola
509 3703 867 3765 hnmanitas
912 3703 1027 3766 fuit
1064 3721 1182 3782 pro
1234 3705 1419 3766 nobis
1458 3705 1689 3782 oblata,

133 3797 257 3859 sed
276 3796 555 3861 Christus
574 3803 642 3858 et
666 3798 853 3873 Deus,
902 3799 1060 3860 sicut
1094 3799 1262 3859 Dens
1294 3799 1411 3861 suit
1438 3815 1553 3878 pro
1580 3817 1697 3860 no·

132 3891 241 3953 bis
276 3896 687 3967 mortuu8,·et
724 3907 839 3972 pro
889 3891 1071 3952 nohis
1116 3891 1277 3956 fudit
1321 3893 1695 3972 sanguinem

134 4003 368 4062 suum3
398 3985 571 4047 unde
614 3985 814 4060 Paul„
846 3985 927 4047 ad
972 3986 1199 4064 Ephes,
1252 3988 1312 4061 ὃ,
1344 3986 1425 4048 de
1456 3986 1695 4050 Christo

132 4083 431 4160 loquens,
454 4079 691 4159 inquit:
728 4079 1018 4142 Tradidit
1050 4080 1427 4161 semetipsum
1448 4097 1567 4163 pro
1593 4097 1698 4142 no·-

136 4177 239 4239 Dz's
280 4175 622 4238 oblationem
636 4179 695 4236 ot
720 4175 983 4237 bostiam
1018 4173 1157 4248 Deo,
1188 4175 1257 4236 in
1298 4173 1529 4238 edm-em
1556 4191 1698 4237 sua-

135 4269 380 4332 vitatis.
410 4267 483 4329 ut
506 4267 729 4328 eodem
755 4269 943 4330 mode
971 4267 1249 4346 loquitur
1276 4269 1359 4329 ad
1385 4267 1539 4331 Heb.
1576 4273 1611 4330 9
1634 4275 1699 4332 et

150 4365 269 4434 1ος
298 4362 411 4424 fuit
451 4377 609 4442 erge
636 4362 771 4441 ipse
818 4361 1093 4424 Christus
1122 4361 1325 4425 hostia
1366 4371 1427 4426 et
1462 4363 1699 4426 sacriti-

141 4457 343 4529 ciam3
374 4455 651 4517 Christus
674 4463 885 4517 autem
920 4473 1051 4518 non
1099 4463 1195 4518 est
1243 4459 1375 4519 sola
1406 4458 1699 4519 humani-

144 4558 287 4628 tas3
316 4567 441 4610 non
480 4567 633 4630 ergo
671 4549 801 4610 sela
831 4549 1187 4612 humanitas
1240 4551 1355 4612 fuit
1383 4552 1587 4614 hostia
1636 4557 1697 4614 et

145 4643 543 4720 sacrificium,
576 4644 687 4704 sed
713 4643 879 4704 Deus
902 4645 1031 4724 ipse
1059 4645 1123 4705 in
1144 4645 1535 4707 humanitate
1551 4647 1701 4708 snb·-

149 4741 391 4813 sistens,
416 4755 541 4798 non
570 4737 823 4816 qni-dem
849 4739 915 4798 in
945 4745 1248 4820 quantum
1277 4741 1462 4813 Deus,
1488 4740 1602 4802 sed
1633 4739 1702 4800 in

150 4838 448 4914 quantum
477 4833 689 4908 hom0‚
726 4833 873 4914 quia
902 4831 1189 4894 divinitas
1214 4849 1345 4896 non
1372 4839 1575 4914 potest
1604 4851 1703 4896 cs·

152 4945 221 4988 se
255 4927 413 4986 ratio
434 4937 551 5004 per
576 4941 768 5008 quam
812 4925 1051 4988 Christo
1082 4927 1372 4990 convenit
1399 4927 1467 4988 in
1516 4925 1705 4990 sacri·

152 5021 361 5081 ficium
385 5019 615 5093 offerri,
638 5037 789 5081 nam
816 5020 1022 5101 potius
1040 5027 1137 5084 est
1162 5020 1323 5082 ratio
1352 5021 1704 5085 secundum

156 5129 343 5194 quam
388 5111 479 5172 illi
521 5112 896 5176 sacrificium
947 5115 1229 5175 offertur.
1286 5115 1434 5186 Quae
1492 5113 1705 5176 omnia

160 5209 322 5268 clara
350 5216 514 5282 sunt,
544 5213 607 5269 et
634 5207 769 5268 sine
808 5207 1195 5270 difficultate.
1242 5208 1415 5270 Circa
1447 5223 1587 5288 quae
1614 5207 1707 5268 vi-

162 5301 292 5363 deri
320 5305 519 5381 potest
553 5303 841 5383 August„
871 5301 979 5362 lib.
1018 5305 1059 5364 4
1087 5301 1167 5365 de
1208 5301 1406 5377 Tria„
1438 5321 1491 5363 c.
1527 5303 1625 5375 14,
1658 5301 1700 5363 l.

174 5400 247 5458 10
280 5396 357 5456 de
396 5396 602 5470 civit„
634 5415 687 5457 c.
716 5399 827 5470 22,
862 5403 923 5457 et
965 5397 1071 5459 lib.
1109 5397 1338 5471 Quaest.
1372 5397 1437 5460 iu
1470 5395 1703 5472 sudio„-

170 5511 221 5550 ε..
250 5493 341 5565 aa
371 5486 717 5552 umentes
748 5489 866 5568 hie,
894 5510 949 5554 a.
972 5493 1032 5570 2,
1064 5495 1125 5553 εἰ
1161 5493 1281 5569 12,
1311 5491 1611 5569 q.102,a.
1640 5491 1701 5551 3.

3209 316 3320 380 451

2375 534 2594 588 senno
2619 536 2702 588 111.

1777 683 1964 744 Utrum
1989 686 2366 749 sacerdotium
2394 686 2598 746 Christi
2625 690 2796 758 suerit
2823 692 3068 764 ejusdem
3091 695 3330 754 rationis

1830 787 1962 830 cum
1980 774 2288 834 sacerdotio
2311 773 2447 846 leqis
2474 779 2702 846 naturae,
2731 777 2955 848 veteris,
2982 785 3080 837 aut
3104 795 3270 840 πονιτ.

1853 980 1909 1038 1.
1961 977 2140 1040 Ratio
2163 977 2544 1042 difficultatis
2561 996 2698 1042 esse
2715 985 2941 1059 potest,
2961 982 3110 1060 quia
3130 983 3330 1046 Chris·

1770 1075 1873 1130 tus
1912 1070 2142 1134 dicitur
2181 1072 2456 1134 sacerdos
2495 1074 2816 1136 secundum
2857 1076 3120 1138 ordinem
3175 1077 3332 1138 Mel·-

1772 1163 2090 1228 ckisedeck.
2125 1164 2562 1226 Sacerdotium
2606 1171 2819 1230 autem
2867 1167 3330 1234 Melchisedech

1772 1254 1889 1318 fuit
1916 1257 2334 1320 sacerdotium
2365 1258 2520 1338 legis
2543 1264 2784 1322 naturas
2811 1282 2828 1335 3
2861 1278 3014 1342 ergo
3043 1264 3331 1328 sacerdo·

1772 1350 1929 1410 tium
1960 1350 2178 1412 Christi
2207 1350 2324 1414 fuit
2345 1353 2402 1431 ej
2413 1350 2632 1416 usdem
2663 1355 2923 1418 rationis
2949 1373 3092 1418 cum
3119 1375 3332 1420 sacer-

1774 1443 1941 1506 dotio
1959 1443 2124 1504 illius
2151 1444 2329 1524 legis,
2356 1445 2624 1508 Aliunde
2639 1453 2849 1510 autem
2866 1449 3134 1522 videtur,
3160 1450 3331 1530 quod

1774 1535 2048 1598 Christus
2071 1536 2262 1602 fuerit
2271 1538 2562 1602 sacerdos
2575 1540 2820 1620 legalis,
2843 1543 2990 1621 quia
3013 1544 3331 1606 interdum

1774 1630 2025 1692 illorum
2059 1631 2458 1694 sacerdotum
2493 1651 2758 1696 munera
2783 1637 3140 1698 'exercuisse
3160 1637 3336 1699 vide·-

1778 1731 1900 1801 tur,
1931 1731 2002 1787 ut
2025 1727 2170 1788 Mat.
2201 1727 2304 1802 21,
2331 1725 2438 1788 uhi
2467 1728 2648 1806 ejecit
2667 1735 2946 1792 ementes
2968 1735 3034 1792 et
3059 1731 3338 1794 venden-

1778 1826 1871 1882 tes
1900 1819 1980 1882 de
2007 1820 2270 1898 templo,
2301 1822 2482 1900 quasi
2530 1841 2682 1884 usus
2709 1829 3016 1903 potestate
3051 1825 3336 1888 sacerdo-

1776 1921 1933 1974 tum.
1967 1914 2044 1976 Et
2072 1913 2222 1976 Luc.
2253 1915 2314 1987 4,
2347 1915 2672 1994 ingressus
2711 1935 3102 1998 synagogam
3139 1921 3338 1982 Nazaae

1775 2007 1938 2080 reth,
1969 2007 2240 2070 surrexit
2269 2007 2350 2068 ad
2377 2009 2738 2089 legendum,
2757 2017 2818 2072 et
2847 2012 3030 2076 datus
3055 2020 3150 2075 est
3177 2015 3234 2076 ei
3263 2015 3336 2076 li-

1774 2101 1889 2164 ber
1914 2101 2114 2171 Isaiae,
2141 2101 2312 2180 quod
2331 2119 2458 2164 non
2489 2102 2715 2166 licebat
2739 2104 2996 2168 cuilibet
3015 2107 3208 2181 laico;
3243 2109 3336 2172 vi-

1774 2195 1956 2258 detur
1983 2213 2134 2274 ergo
2158 2194 2226 2256 id
2251 2193 2476 2258 iecisse
2507 2196 2685 2272 quasi
2719 2215 2794 2260 ex
2832 2201 3087 2280 proprio
3115 2219 3336 2264 mune·

1774 2307 1867 2362 re,
1894 2297 1956 2352 et
1975 2293 2280 2368 tanquam
2301 2289 2574 2352 existens
2599 2290 2662 2352 in
2692 2291 2912 2356 ordine
2931 2295 3328 2358 sacerdotali.

1776 2383 1956 2446 Unde
1985 2383 2392 2463 August.,lib.
2415 2387 2444 2444 1
2482 2383 2560 2446 dc
2587 2385 2727 2446 Pec.
2748 2385 3334 2466 merit.,c.2‘t',dicit,

1777 2486 1928 2544 tunc
1954 2479 2263 2542 Christum
2293 2497 2479 2540 usum
2507 2479 2700 2542 fuisse
2753 2499 3016 2544 munere
3059 2484 3331 2550 lectoris,

1778 2574 2062 2654 Denique
2121 2572 2243 2634 alia
2289 2573 2534 2634 ratione
2579 2585 2864 2652 apparet,
2918 2577 3338 2640 sacerdotium

1780 2666 2002 2728 Christi
2036 2667 2230 2728 fuisse
2261 2665 2542 2746 ejusdem
2569 2667 2828 2728 rationis
2871 2685 3014 2730 cum
3049 2672 3338 2733 sacerdo·-

1780 2761 1863 2826 tio
1894 2761 2056 2842 legis
2081 2778 2286 2837 novae,
2319 2761 2468 2840 quia
2510 2761 2866 2822 ordinatum
2903 2763 3106 2825 estad
3149 2765 3339 2826 sacri-

1780 2854 1994 2917 ficium
2023 2853 2306 2933 ejusdem
2359 2854 2621 2916 rationis
2668 2856 3090 2933 offerendum,
3146 2865 3208 2920 et
3257 2859 3338 2920 ad

1782 2949 2080 3012 eumdem
2130 2949 2540 3029 principalem
2580 2949 2894 3025 effectum,
2946 2951 3056 3030 qui
3096 2959 3194 3016 est
3244 2971 3339 3015 re·

1779 3045 1994 3106 missio
2009 3049 2434 3123 peccatorum,
2449 3049 2512 3105 et
2533 3044 2886 3105 animarum
2904 3046 3333 3109 sanctificatio·

1856 3141 1919 3200 Β.
1969 3137 2356 3217 Comparatio
2381 3139 2708 3202 sacerdotii
2737 3137 2970 3202 Christi
2995 3158 3128 3203 cum
3148 3158 3340 3204 sacer·

1775 3231 1937 3294 docio
1963 3231 2110 3312 leyis
2127 3248 2404 3294 novoe.-
2429 3231 2580 3294 Dico
2593 3231 2794 3311 primo
2821 3251 2836 3291 :
2870 3233 3090 3295 Christi
3121 3251 3336 3296 sacer-

1777 3323 2020 3386 dotium
2041 3323 2303 3386 nonfuit
2330 3325 2588 3386 omnino
2607 3325 2892 3405 ejusdem
2920 3327 3180 3390 rationis
3191 3344 3338 3390 cum

1778 3417 2129 3480 sacerdotio
2155 3417 2222 3477 in
2250 3418 2397 3498 lege
2425 3435 2589 3478 nova
2609 3419 2692 3479 ab
2719 3419 2858 3498 ipso
2887 3421 3192 3494 instituto,
3225 3422 3338 3484 sed

1774 3513 1966 3590 longe
1989 3511 2226 3572 altioris
2277 3517 2342 3572 et
2390 3510 2794 3590 perfectioris,
2829 3513 3158 3577 Conclusio
3201 3517 3340 3580 baec

1777 3605 2020 3666 videtur
2045 3610 2242 3680 certa,
2265 3611 2330 3665 et
2347 3603 2663 3683 colligitur
2687 3621 2766 3666 ex
2785 3607 2862 3666 D.
2889 3607 3127 3669 Thema
3143 3609 3332 3685 infra,

1777 3716 1839 3778 q.
1870 3700 1972 3771 63,
2005 3715 2064 3758 a.
2089 3699 2130 3759 3
2163 3704 2228 3758 et
2252 3700 2316 3770 ὃ,
2337 3697 2448 3758 ubi
2471 3697 2644 3772 dicit,
2663 3697 3114 3777 characterem,
3147 3709 3336 3782 atque

1775 3791 1938 3871 adeo
1969 3791 2384 3854 sacerdotium
2419 3791 2576 3870 legis
2611 3809 2788 3854 novae
2819 3809 2960 3855 esse
3001 3795 3338 3875 participa·

1776 3887 2012 3948 tionem
2030 3885 2370 3966 quamdam
2385 3884 2730 3946 derivatam
2751 3903 2790 3947 a
2807 3888 3150 3950 sacerdotio
3169 3890 3339 3951 Chri·

1779 3982 1878 4042 sti.
1902 3982 1992 4041 Ex
2013 3997 2140 4059 quo
2166 3979 2436 4040 sumitur
2459 3985 2922 4060 argumentum,
2937 3999 3084 4043 nam
3109 3983 3340 4045 Christi

1780 4073 2196 4136 sacerdotium
2246 4079 2646 4153 comparatur
2670 4073 2752 4134 ad
2789 4075 3209 4137 sacerdotium
3245 4075 3339 4138 le-

1781 4169 1871 4250 gis
1888 4185 2064 4230 novas
2075 4174 2166 4242 ,ut
2181 4167 2558 4229 universalis
2569 4184 2756 4228 causa
2771 4168 2852 4229 ad
2867 4170 3308 4250 particularem
3319 4215 3336 4246 ,

1778 4264 1877 4325 vel
1899 4262 2060 4324 sicut-
2073 4279 2260 4324 causa
2273 4261 2634 4342 principalis
2649 4263 2728 4324 ad
2748 4263 3295 4328 instrumentalem
3311 4281 3334 4344 ;

1781 4373 1933 4437 ergo
1963 4362 2057 4418 est
2085 4356 2274 4436 longe
2305 4356 2542 4418 altioris
2575 4359 2830 4420 rationis
2873 4359 2956 4420 ab
2999 4359 3123 4421 illo.
3152 4360 3342 4422 Dein-

1779 4452 1861 4514 de
1896 4469 1974 4513 ex
2009 4451 2336 4513 effectibus
2370 4457 2432 4514 et
2461 4457 2766 4532 potestate
2805 4451 3178 4516 sacerdotali
3221 4457 3342 4516 hec

1780 4551 1998 4624 aperte
2025 4551 2291 4619 constat,
2323 4563 2472 4608 nam
2507 4547 2928 4608 sacerdotium
2967 4548 3124 4628 legis
3165 4563 3344 4610 novae

1784 4638 1972 4699 habet
2015 4642 2389 4721 potestatem
2419 4638 2737 4716 alligatam
2769 4642 3198 4714 sacramentis,
3225 4657 3346 4703 nec

1780 4736 1992 4810 potest
2019 4730 2244 4809 aliquis
2269 4749 2640 4793 consecrare
2659 4731 2764 4792 vel
2789 4733 3181 4795 sanctificare
3196 4779 3215 4809 ,
3248 4733 3347 4794 ni-

1784 4825 2034 4905 siquod
2065 4843 2104 4886 a
2128 4825 2368 4887 Christo
2396 4825 2752 4886 institutum
2795 4833 2914 4903 est,
2948 4831 3010 4888 et
3035 4826 3244 4890 verbis
3267 4829 3346 4888 ab

1786 4921 1921 5000 ipso
1949 4920 2326 5000 praescriptis
2353 4919 2695 5001 (loquendo
2727 4920 2808 4984 dc
2849 4924 3344 4996 consecratione,

1786 5020 1849 5077 et
1876 5013 2372 5076 sanctificatione
2401 5012 2738 5094 perfecta);
2768 5021 2832 5076 at
2876 5031 3030 5076 vero
3059 5015 3350 5080 sacerdo·

1786 5109 1944 5170 tium
1975 5107 2196 5172 Christi
2223 5124 2352 5170 non
2389 5107 2510 5169 fuit
2545 5105 2868 5188 alligatum
2911 5111 3348 5186 sacramentiS,

1789 5204 1917 5266 imo
1942 5205 2024 5266 ab
2051 5205 2192 5285 ipso
2233 5205 2627 5264 sacramenta
2657 5209 3017 5277 manarunt,
3051 5203 3216 5264 unde
3245 5221 3354 5284 po-

1794 5299 1907 5360 tuit.
1926 5298 2060 5360 sine
2083 5295 2515 5368 sacramentis,
2535 5294 2794 5357 effectus
2817 5303 3354 5358 sacramentorum

1790 5393 2097 5456 conterre.
2153 5393 2476 5464 Praeterea,
2513 5389 2933 5452 sacerdotium
2963 5389 3184 5452 Christi
3227 5391 3352 5452 tate

1790 5487 1926 5564 fuit,
1958 5491 2022 5548 ut
2053 5483 2408 5547 ordinatum
2438 5482 2514 5543 sit
2556 5483 2636 5546 ad
2675 5482 3068 5546 offerendum
3112 5483 3356 5546 sacrifl-
