3892 6167
1290 406 1607 462 msPUTAT.
1642 406 1838 465 txvll.
1874 408 2046 461 swr.
2081 408 2160 462 lv.

118 496 193 557 Et
218 514 301 559 ex
330 496 435 561 his
486 499 673 565 facito
686 502 959 582 judicari
976 510 1185 585 potest
1200 506 1281 569 de
1310 508 1449 571 aliis
1472 524 1689 589 super·

116 592 519 655 naturalibus
546 594 763 671 rebus,
792 614 909 661 seu
928 600 1243 677 mysteriis
1268 603 1515 665 creatis.

758 789 977 845 sEc'rlo
998 790 1080 843 IV.

126 895 321 954 Utrum
358 914 555 959 omncs
588 902 821 979 effeetus
861 905 1157 978 possibiles
1200 906 1400 965 divinas
1434 908 1689 983 οηιηίρο·

380 988 575 1045 tenuo
595 990 799 1047 oudam
817 991 917 1049 sub
944 990 1089 1049 lianc
1112 994 1425 1051 wantiam.

206 1157 263 1215 ¹.
297 1156 453 1217 Pars
496 1159 787 1237 negativa
828 1162 1017 1241 hujus
1050 1164 1432 1243 questionis,
1466 1182 1687 1243 quam·

116 1251 209 1311 vis
238 1268 373 1313 non
402 1270 701 1331 expresse
724 1254 989 1333 dicatur,
1016 1258 1265 1321 videtur
1295 1266 1503 1322 tamen
1538 1278 1685 1340 sup·

114 1344 273 1421 poni
302 1362 345 1405 a
372 1346 447 1407 D.
470 1347 735 1423 Thema,
760 1349 1077 1428 Cajetano‚
1102 1357 1163 1414 et
1188 1352 1326 1413 aliis
1370 1352 1489 1415 hoc
1514 1352 1679 1420 loeo:

112 1436 443 1513 Dursndo,
488 1440 817 1511 aichardo,
844 1450 913 1505 et
956 1443 1119 1517 aliis,
1150 1443 1214 1506 d.
1259 1446 1373 1517 143
1406 1446 1639 1509 Marsil.
1664 1492 1681 1519 ,

110 1543 177 1607 q.
218 1531 341 1607 {03
374 1534 659 1597 sentiunt
684 1536 853 1597 euim
906 1536 1223 1600 Christum
1278 1556 1407 1599 non
1454 1558 1689 1621 cogno·

110 1620 285 1683 visse
312 1622 503 1703 plura
530 1644 645 1705 per
689 1629 1019 1691 scientiam
1040 1630 1311 1692 infusam
1342 1648 1533 1709 qnam
1576 1650 1691 1712 per

108 1712 377 1791 beatam
412 1736 431 1790 ;
490 1724 553 1782 et
616 1720 1001 1801 Augustinus
1062 1722 1303 1803 ubique
1378 1723 1689 1802 significat

106 1808 453 1871 scientiam
480 1815 845 1877 matutinam
869 1822 925 1879 et
950 1816 1347 1896 vespertinam
1368 1818 1531 1879 circa
1550 1836 1691 1881 eas·

106 1902 265 1965 dem
290 1922 401 1967 res
426 1908 685 1969 versari.
710 1908 787 1971 Et
806 1909 1055 1988 probari
1082 1914 1312 1989 potest,
1340 1911 1487 1991 quia
1516 1911 1689 1972 vide-

108 2004 221 2059 tur
246 1998 667 2078 impossihile,
691 2003 1019 2067 scientiam
1048 2004 1287 2067 finitam
1314 2006 1447 2067 hoec
1480 2007 1691 2069 omnia

106 2093 449 2170 possibilia
466 2100 609 2157 actu
636 2096 759 2158 sub
786 2115 855 2159 se
878 2099 1437 2177 comprehendere.
1458 2100 1687 2173 Primo,

110 2184 266 2263 quia
294 2193 615 2265 oporteret
636 2189 851 2267 lumen
880 2189 1021 2252 talis
1036 2192 1311 2253 scientiae
1336 2192 1568 2253 habere
1596 2192 1693 2253 in·

108 2276 375 2339 finitum
414 2289 831 2361 augmentum
856 2283 1263 2357 intensionis;
1294 2286 1519 2365 probo,
1542 2286 1691 2364 quia

110 2370 275 2432 illud
304 2372 527 2435 lumen
550 2393 675 2437 non
704 2394 782 2437 ex
815 2376 877 2438 vi
906 2377 1101 2439 solius
1126 2378 1525 2457 perfectionis
1552 2398 1691 2459 spe·

116 2464 321 2527 cificae
356 2475 419 2529 et
446 2466 837 2531 indivisibilis
858 2471 1210 2533 extenditur
1236 2471 1317 2533 ad
1346 2474 1559 2535 omnia
1588 2474 1691 2534 illa

122 2558 399 2636 objecta,
418 2568 555 2623 tum
576 2563 724 2642 quia
752 2569 847 2625 est
872 2566 1143 2642 qualitas
1172 2566 1461 2645 quaedam
1488 2567 1693 2627 inten-

116 2650 351 2723 sibilis,
382 2660 447 2715 et
486 2656 875 2717 remissibilis
892 2678 913 2731 ;
948 2675 1100 2739 ergo
1125 2707 1141 2731 ,
1172 2678 1298 2739 quo
1334 2658 1527 2721 tuerit
1554 2678 1691 2738 per·

108 2744 353 2807 rectior
364 2746 469 2809 vel
490 2748 699 2811 minus
720 2750 1019 2829 perfecta,
1042 2768 1121 2813 eo
1148 2751 1378 2831 poterit
1402 2752 1486 2811 ad
1511 2752 1693 2829 plura

112 2840 221 2899 vel
248 2840 559 2919 pauciora
582 2842 829 2922 objecta
852 2844 1102 2907 extendi
1124 2860 1147 2922 3
1172 2852 1303 2907 tum
1326 2845 1517 2906 etiam
1542 2845 1693 2923 quia

112 2932 277 2993 alias
308 2934 697 3015 quicumque
724 2934 987 2999 haberet
1015 2936 1227 2999 lumen
1263 2938 1405 2999 tulis
1435 2938 1690 3017 speciei,

114 3044 513 3105 cognoscere
532 3036 747 3107 posset
771 3030 900 3091 haec
929 3030 1143 3091 omnia
1164 3031 1513 3111 possibilia3
1540 3048 1693 3109 ergo

112 3125 337 3197 potest
359 3120 496 3183 dari
525 3121 739 3183 lumen
768 3124 955 3203 hujus
980 3124 1253 3185 scientiae
1286 3130 1412 3187 tam
1432 3142 1695 3204 parvum

115 3228 235 3272 seu
256 3214 711 3287 remissum,ut
750 3234 877 3277 non
906 3234 977 3279 se
1024 3216 1325 3279 extendat
1352 3218 1435 3279 ad
1464 3236 1697 3299 coguo-

113 3305 397 3367 scendos
424 3326 649 3371 omnes
676 3310 939 3371 effectus
966 3309 1293 3387 possibiles
1316 3330 1333 3383 ;
1364 3328 1515 3391 ergo
1538 3310 1693 3371 illud

114 3398 347 3459 lumen
372 3400 639 3463 sufficiet
682 3401 767 3463 ad
791 3408 880 3465 tot
908 3402 1169 3465 effectus
1196 3404 1687 3483 cognoscendos,

118 3494 185 3551 et
226 3510 365 3553 non
406 3491 619 3571 plures
638 3510 661 3571 3
707 3512 880 3573 ergo,
908 3502 977 3557 ut
1010 3512 1077 3555 se
1112 3496 1402 3557 extendat
1440 3497 1521 3557 ud
1554 3496 1689 3575 plu·

116 3604 247 3657 ree,
284 3604 545 3649 necesse
574 3592 671 3649 est
698 3589 913 3668 augeri
956 3606 1067 3650 seu
1097 3590 1378 3663 intendi;
1413 3607 1587 3669 ergo,
1620 3596 1691 3653 ut

118 3679 507 3743 extendatur
548 3679 630 3741 ad
660 3698 883 3743 omnes
920 3680 1285 3761 possibiles,
1300 3700 1559 3745 necesse
1594 3688 1691 3745 est

119 3780 189 3834 ut
230 3779 653 3853 angmentum
696 3774 833 3854 ejus
862 3774 925 3835 in
966 3776 1279 3837 infinitum
1322 3776 1691 3856 simpliciter

112 3866 445 3945 procedat,
476 3868 869 3946 persistendo
918 3888 1169 3949 semper
1192 3872 1361 3931 intra
1396 3871 1687 3933 eamdem

112 3962 403 4041 speciem
442 3961 717 4023 scientiae
755 3969 817 4025 et
849 3962 1143 4042 luminis3
1175 3970 1365 4044 atque
1420 3964 1603 4038 adeo,
1636 3965 1685 4025 si

112 4056 333 4115 anima
354 4054 577 4117 Christi
601 4056 733 4135 jam
756 4056 953 4119 habet
972 4064 1171 4121 totum
1190 4060 1307 4120 hoc
1325 4058 1563 4131 lumen,
1583 4077 1691 4119 ne·

116 4165 301 4209 cesse
326 4154 423 4209 est
456 4166 597 4211 esse
624 4148 959 4211 infinitum.

196 4246 259 4303 2.
312 4240 491 4313 Quod
534 4240 585 4301 si
618 4240 859 4303 dicatur
890 4242 1011 4305 hoc
1056 4244 1265 4307 lumen
1292 4288 1309 4319 ‚
1348 4244 1691 4323 qualecun-

114 4350 241 4411 que
280 4334 385 4408 sit,
418 4333 499 4395 de
528 4353 596 4395 se
626 4334 917 4397 sufficere
953 4337 1034 4399 ad
1080 4338 1291 4399 omnia
1318 4336 1457 4399 haec
1485 4338 1685 4416 possi·

116 4427 267 4487 bilia
300 4426 765 4506 cognoscenda,
784 4428 836 4489 si
866 4431 1147 4491 omnium
1164 4430 1395 4493 habeat
1416 4430 1683 4510 species,

118 4520 285 4581 sicut
319 4518 539 4583 lumen
566 4520 919 4585 intellectus
958 4522 1185 4585 sufficit
1210 4522 1293 4585 ad
1322 4524 1533 4585 omnia
1574 4540 1687 4585 na·

118 4612 377 4683 taralis,
412 4619 629 4675 contra
667 4612 785 4675 hoc
829 4612 959 4677 scre
1005 4614 1229 4677 eodem
1270 4616 1459 4697 modo
1500 4614 1687 4696 objici

120 4711 373 4787 potest,
436 4705 585 4787 quia
619 4705 951 4785 oportebit,
1012 4706 1095 4769 ad
1146 4708 1689 4787 repraesentandae

118 4818 349 4861 omnes
376 4816 483 4861 res
514 4798 845 4878 possibiles
866 4845 885 4873 ,
914 4800 1191 4863 infinitas
1225 4804 1467 4883 species
1506 4802 1690 4865 intel-

116 4892 397 4973 ligibiles
440 4892 710 4965 infundi,
764 4893 914 4973 quia
940 4912 1069 4957 non
1116 4902 1381 4975 possunt
1424 4914 1527 4959 res
1556 4902 1687 4959 tum

118 4987 331 5060 variae,
364 4992 625 5065 tamque
652 4984 935 5061 diversae,
962 5004 1101 5067 quae
1132 5006 1261 5049 non
1306 4989 1371 5049 in
1414 5008 1545 5049 uno
1570 4988 1685 5051 ali·

120 5098 243 5159 quo
268 5080 523 5158 objecto
554 5080 886 5158 superiori,
912 5080 1025 5143 sed
1055 5082 1119 5143 iu
1148 5100 1217 5143 se
1264 5081 1417 5160 ipsis
1456 5100 1687 5161 repra>-

124 5178 477 5247 sentantur,
496 5189 611 5251 per
641 5190 829 5234 unam
852 5175 1149 5254 speciem,
1169 5192 1289 5237 nec
1312 5174 1687 5255 perfinitum

124 5282 468 5327 numerum
506 5266 861 5343 specierum
884 5267 1345 5349 repraesentari.
1379 5268 1453 5331 Et
1496 5286 1688 5348 auge-

128 5362 225 5419 tur
272 5356 617 5419 difficultas
640 5401 658 5432 ‚
712 5360 859 5437 quia
914 5359 967 5421 si
1020 5358 1299 5423 Christus
1352 5379 1467 5441 per
1525 5361 1689 5423 hanc

134 5451 457 5513 scientiam
500 5457 907 5532 cognosceret
944 5452 1079 5514 haec
1122 5454 1359 5527 omnia,
1408 5473 1694 5533 compre·

135 5544 433 5607 henderet
488 5544 830 5607 essentiam
871 5544 1005 5621 Dei,
1048 5546 1561 5625 quandoquidem
1594 5565 1693 5611 co-

448 5668 628 5715 xvlu.

3249 406 3326 467 is

1770 506 2014 585 gnoscit
2057 512 2254 569 totum
2299 506 2436 589 ejus
2471 506 2813 586 objectum,
2843 506 3120 587 illudque
3159 527 3328 573 com·

1770 600 2122 679 prehendit.
2159 600 2335 672 Quod
2363 600 2792 676 confirmatur,
2819 600 2966 679 quia
2985 602 3332 665 multisunt

1772 692 2032 755 effectus
2061 693 2389 773 possibiles
2411 738 2428 766 ,
2459 694 2567 773 qui
2597 692 2878 772 pendent
2903 711 2982 755 ex
3013 695 3147 757 sola
3195 696 3329 759 effi-

1768 788 1941 847 cacia
1967 786 2192 849 diviuoe
2223 786 2714 865 omnipotentiae,
2737 791 2800 849 et
2823 785 2892 849 in
2907 788 3212 849 creaturis
3235 788 3328 853 ni-

1772 879 1857 940 hil
1882 888 2269 959 supponunt,
2289 886 2514 960 praeter
2540 898 2668 942 non
2685 880 3195 961 repugnantiam,
3211 900 3328 945 seu

1770 973 2258 1037 obedientialem
2297 976 2662 1055 potentiam.

1847 1068 1909 1128 3.
1968 1066 2354 1130 Contrarium
2401 1068 2778 1131 sententiam
2825 1067 2984 1133 tueri
3037 1068 3328 1131 videntur

1768 1158 2088 1239 Magister,
2120 1160 2424 1223 Alexand.
2455 1161 2696 1233 Alexis„
2728 1168 2790 1225 et
2815 1163 2942 1236 alii,
2973 1163 3085 1242 qui
3113 1163 3330 1225 dicunt

1766 1252 2046 1313 enimam
2061 1253 2282 1315 Christi
2303 1254 2598 1317 habuisse
2615 1255 2938 1317 scientiam
2959 1256 3182 1317 horum
3198 1272 3328 1317 om·

1766 1344 1939 1407 nium
1973 1347 2385 1425 possibilium.
2427 1349 2564 1411 Non
2593 1350 2764 1411 enim
2793 1350 2912 1411 hoc
2940 1350 3212 1412 limitant
3247 1348 3328 1413 ed

1769 1438 2096 1501 scientiam
2129 1438 2404 1513 beatam,
2437 1448 2498 1503 et
2523 1441 2772 1505 videtur
2799 1442 2996 1506 multo
3027 1441 3332 1506 verisimi-

1767 1530 1891 1593 lius
1916 1532 1987 1593 in
2031 1532 2150 1595 hac
2181 1534 2442 1597 scientia
2489 1535 2744 1610 infusa;
2793 1537 2968 1616 quia,
3019 1536 3194 1616 quod
3219 1552 3333 1617 per

1770 1622 1933 1687 hanc
1991 1626 2316 1687 scientiam
2371 1627 2506 1689 haec
2559 1630 2766 1689 omnia
2831 1636 3332 1707 cognoscantur,

1771 1718 2008 1779 nullam
2039 1718 2296 1782 involvit
2322 1722 2842 1801 repugnantiam3
2883 1740 3008 1783 non
3041 1729 3138 1783 est
3181 1738 3332 1802 ergo

1771 1810 1907 1873 haec
1940 1812 2238 1893 perfectio
2283 1814 2514 1875 animae
2549 1814 2770 1877 Christi
2821 1816 3138 1895 neganda,
3186 1832 3331 1877 eum

1771 1905 2050 1985 alioquin
2081 1914 2504 1969 consentanea
2531 1908 2818 1969 videatur
2835 1908 2932 1969 his
2951 1908 3060 1985 qui
3088 1910 3151 1969 in
3177 1908 3338 1971 Scri·

1771 2005 1957 2079 ptura
1987 2006 2048 2063 et
2077 2000 2364 2063 Patribus
2382 2000 2677 2063 dicuntur
2693 2000 2774 2063 de
2793 1998 3334 2075 Christo,scilicet.

1772 2093 2196 2171 quod.omnia
2237 2100 2602 2175 cognoscat,
2651 2099 2714 2155 et
2761 2093 2933 2173 quod
2979 2094 3048 2155 in
3095 2113 3172 2157 co
3215 2094 3340 2157 siut

1772 2204 1972 2251 omues
2017 2188 2292 2251 thesauri
2326 2188 2642 2267 sapientior
2683 2193 2741 2251 et
2790 2188 3064 2252 scientiar
3107 2188 3240 2259 Dei,
3273 2192 3336 2247 et

1772 2280 2000 2343 similia
2013 2297 2036 2357 ;
2077 2283 2226 2362 quia
2253 2283 2372 2345 hoc
2401 2282 2588 2345 modo
2627 2288 2760 2345 tota
2801 2282 3118 2363 capacitas
3163 2282 3341 2343 intel·
3391 2328 3396 2333 .

1775 2375 1973 2437 lectus
2002 2374 2247 2451 Christi,
2278 2381 2407 2437 tem
2451 2375 2754 2437 naturalis
2795 2393 2986 2455 quum
3040 2373 3340 2437 obedien-

1776 2467 1958 2539 tialis,
1991 2468 2202 2531 verius
2230 2468 2471 2531 dicetur
2493 2470 2728 2533 habere
2757 2475 2964 2531 actum
2987 2486 3171 2531 suum
3197 2486 3340 2549 per·

1772 2562 2002 2623 tectum
2063 2568 2126 2623 et
2185 2564 2610 2641 adoequatum.
2669 2562 3066 2625 Antecedens
3123 2566 3340 2623 autem

1774 2658 2146 2731 ostenditur,
2178 2658 2324 2736 quia
2352 2656 2658 2737 imprimis
2679 2676 2758 2720 ex
2777 2656 2896 2719 hac
2919 2655 3180 2719 scientia
3207 2674 3334 2717 non

1776 2750 2054 2830 sequitur
2077 2750 2560 2829 comprehensio
2581 2750 2716 2825 Dei,
2747 2768 2860 2811 seu
2889 2750 3114 2811 divinoe
3139 2748 3342 2811 omni-

1774 2843 2096 2923 potentiae,
2131 2844 2282 2922 quia
2311 2859 2426 2921 per
2453 2841 2616 2905 hanc
2643 2843 2972 2905 scientium
3009 2860 3138 2903 non
3163 2840 3342 2903 vide-

1774 2942 1877 3001 tur
1904 2938 2094 3009 DeuS,
2129 2942 2316 3015 prout
2345 2942 2442 2997 est
2476 2936 2536 2996 in
2580 2954 2690 3009 se;
2741 2936 2856 2997 sed
2895 2936 2978 2997 ad
3025 2952 3342 2997 summum

1776 3050 1891 3111 per
1916 3030 2182 3093 effectus
2219 3048 2366 3093 suos
2395 3048 2436 3091 a
2459 3030 2788 3109 posteriori
2819 3030 3238 3110 cognoscitur,
3275 3034 3344 3091 ut

1778 3123 2064 3203 sequenti
2109 3123 2384 3185 sectione
2432 3122 2672 3197 dicam;
2729 3130 2791 3185 et
2839 3122 2981 3185 ideo
3027 3141 3142 3203 per
3171 3123 3339 3185 hanc

1776 3218 2104 3279 scientiam
2143 3215 2590 3297 comprehendi
2637 3234 2766 3278 non
2817 3216 3064 3297 poterit.
3123 3218 3338 3297 Neque

1777 3309 1968 3370 etiam
1999 3326 2112 3388 per
2129 3309 2436 3369 visionem
2453 3308 2729 3384 beatam,
2747 3308 2894 3390 quia
2914 3309 3018 3371 illa
3043 3326 3168 3371 non
3195 3326 3338 3389 per-

1772 3402 1980 3467 ficitur
2032 3402 2098 3463 in
2152 3418 2260 3477 se,
2307 3408 2565 3482 propter
2613 3402 3122 3483 conjunctionem
3151 3402 3340 3482 hujus

1772 3495 2046 3557 scientim
2066 3540 2081 3569 ,
2127 3494 2244 3557 sed
2275 3496 2772 3559 concomitanter
2799 3494 3000 3557 solum
3033 3514 3101 3558 se
3127 3496 3340 3571 habet,

1773 3594 1838 3651 et
1866 3589 1915 3649 si
1938 3606 2062 3649 una
2083 3586 2419 3667 perficeret
2442 3588 2654 3663 aliam,
2673 3589 2880 3669 potius
2895 3588 3342 3651 scientiabeata

1772 3682 2104 3763 perficeret
2121 3682 2622 3763 infusam,quam
2643 3700 2680 3745 e
2695 3682 3190 3763 contrari0,quiu
3210 3682 3340 3745 haee

1772 3783 1866 3838 est
1890 3775 2176 3837 inferior.
2212 3777 2288 3837 Et
2311 3776 2470 3838 ratio
2499 3782 2596 3837 est
2623 3776 2814 3851 clara,
2845 3776 2993 3857 quia
3035 3794 3149 3855 per
3175 3775 3341 3839 hanc

1770 3870 2098 3933 scientiam
2154 3887 2284 3932 non
2342 3869 2592 3932 videtur
2631 3868 2890 3933 effeetus
2935 3868 3044 3930 Dei
3079 3868 3144 3929 in
3185 3868 3336 3943 Deo,

1770 3962 1883 4023 sed
1930 3962 1998 4023 in
2039 3960 2298 4041 proprio
2346 3978 2618 4041 genere:
2653 3966 2718 4023 et
2769 3960 2912 4023 ideo
2960 3978 3040 4021 ex
3064 3960 3200 4021 sola
3239 3977 3340 4022 co·

1770 4056 2050 4135 gnitione
2067 4055 2348 4135 ipsorum
2373 4056 2714 4117 effectuum
2731 4072 2860 4117 non
2881 4061 3152 4133 augetur
3171 4054 3330 4117 visio

1770 4150 1879 4211 Dei
1909 4149 1972 4211 in
2009 4167 2078 4209 se
2091 4164 2112 4226 ;
2146 4156 2210 4210 et
2249 4149 2396 4210 ideo
2421 4166 2550 4211 non
2594 4148 3166 4228 comprehenditur.
3215 4148 3338 4209 De-

1772 4242 1919 4303 inde
1938 4260 2056 4305 nec
2083 4241 2164 4303 ad
2193 4244 2354 4303 hanc
2385 4241 2710 4303 scientiam
2733 4242 3072 4320 requiritur
3091 4240 3335 4303 infinita

1766 4336 2036 4397 intensio
2059 4354 2134 4395 ex
2166 4341 2341 4413 parte
2359 4334 2636 4407 luminis,
2663 4333 2777 4395 sed
2803 4334 2970 4395 idem
3001 4332 3218 4395 lumen
3237 4334 3330 4395 iu-

1765 4428 2072 4490 divisibile
2101 4446 2176 4489 ex
2204 4428 2264 4487 vi
2295 4446 2424 4488 sure
2457 4428 2688 4505 speciei
2717 4434 2924 4506 potest
2957 4426 3218 4505 intelligi
3247 4427 3330 4488 ad

1766 4522 1889 4583 hoc
1940 4521 2300 4597 sufficiens,
2337 4526 2406 4583 ut
2439 4520 2626 4593 bene,
2679 4519 3010 4583 referendo
3058 4520 3330 4599 primam

1772 4615 2135 4697 opinionem
2167 4661 2186 4689 ,
2235 4616 2608 4694 responsum
2673 4620 2792 4675 est.
2851 4614 2923 4675 Et
2973 4612 3328 4675 confirmari

1769 4714 1998 4786 potest,
2029 4725 2178 4768 nam
2205 4706 2393 4769 detur
2419 4705 2634 4767 lumen
2661 4704 2830 4785 quod
2855 4724 2931 4769 ex
2957 4705 3020 4765 vi
3051 4723 3180 4767 suae
3199 4722 3340 4786 spe·

1768 4801 1885 4863 ciei
1913 4800 1978 4861 in
2007 4818 2408 4879 quocumque
2463 4799 2664 4879 gradu
2701 4798 2968 4860 sufficiet
3009 4798 3092 4859 ad
3119 4798 3337 4859 viden-

1769 4895 1919 4955 dum
1952 4893 2154 4955 Deum
2183 4898 2370 4971 prout
2401 4893 2470 4953 in
2497 4909 2564 4953 se
2593 4898 2718 4963 est;
2750 4910 2864 4953 cur
2887 4908 3042 4972 ergo
3067 4906 3194 4953 non
3222 4910 3336 4971 po-

1768 4988 1911 5049 terit
1938 4986 2072 5049 deri
2099 4986 2414 5049 sufficiens
2441 4986 2526 5047 ad
2544 4984 2878 5047 videndam
2899 4986 3334 5047 collectionem

1772 5081 2052 5141 omnium
2099 5086 2528 5143 creaturarum
2573 5076 2984 5157 possibilium,
3027 5094 3168 5158 quoe
3193 5078 3330 5157 ipso

1769 5173 1901 5235 Deo
1935 5172 2192 5235 inferior
2221 5174 2359 5235 est?
2399 5172 2552 5233 Item
2573 5170 2759 5233 datur
2784 5171 2998 5233 lumen
3029 5188 3336 5250 superna-

1770 5265 1972 5330 turale
2001 5265 2174 5344 quod
2221 5282 2298 5327 ex
2327 5266 2385 5325 vi
2415 5282 2542 5327 suae
2573 5264 2800 5343 speciei
2831 5264 3056 5325 sufficit
3081 5262 3162 5324 ad
3197 5282 3336 5325 cre-

1770 5359 2050 5423 dendum
2071 5360 2284 5421 omnia
2303 5358 2668 5421 revelabilia
2687 5376 2724 5419 a
2745 5357 2902 5433 Dec,
2919 5364 2980 5419 et
3001 5357 3048 5417 si
3074 5355 3154 5431 de
3171 5357 3338 5421 facto

1772 5455 2204 5517 revelarentur
2231 5453 2470 5527 omnia,
2500 5470 2617 5532 per
2643 5451 2816 5515 idem
2859 5452 3076 5513 lumen
3123 5450 3338 5513 omnia

1776 5546 2221 5623 crederentur-5
2247 5564 2395 5625 ergo
2417 5548 2620 5625 potest
2645 5544 2834 5606 etiam
2851 5542 3092 5606 infundi
3120 5542 3335 5607 lumen

2975 5658 3010 5713 4
