3892 6167
1306 413 1636 469 msrmss.
1664 412 1842 467 ml.
1875 412 2047 467 snm.
2080 414 2167 467 vl.

139 524 202 581 et
225 532 358 577 non
379 520 536 595 agat
555 514 680 577 nisi
705 514 774 575 in
795 515 1028 579 virtute
1052 514 1416 595 principalis
1441 515 1711 595 agentiS,

135 630 248 693 pre
269 610 524 689 objecto
555 609 748 673 habet
769 608 1115 689 ipsummet
1151 609 1441 672 effectum
1469 610 1712 689 agentis

139 704 530 787 principalis,
587 720 666 765 ex
712 704 894 783 cujus
941 704 1170 765 virtute
1215 709 1280 765 et
1327 703 1712 783 perfectione

137 794 574 859 mensuranda
619 802 718 859 est
753 796 1054 877 perfectio
1085 796 1226 859 talis
1285 798 1546 859 effectus
1597 814 1712 859 seu

139 892 392 971 objecti,
429 897 494 953 et
541 910 676 953 non
731 909 808 953 ex
855 890 1240 971 perfectione
1287 892 1708 955 instrumenti.

143 985 310 1047 Actio
339 1003 500 1047 vero
529 986 672 1047 talis
695 984 994 1065 potentiae
1023 984 1454 1046 obedientialis
1495 992 1592 1047 est
1617 986 1714 1065 ip-

149 1086 340 1141 samet
373 1078 716 1160 productio
745 1078 1240 1159 supernaturalis
1283 1079 1564 1156 effectus,
1596 1098 1712 1159 per

147 1192 330 1252 quam
365 1174 610 1254 pendet
646 1192 684 1235 a
709 1173 819 1236 tali
873 1172 1312 1245 instrumente,
1359 1190 1498 1252 quae
1545 1174 1706 1235 actio

145 1268 366 1330 eadem
417 1274 520 1331 est
563 1286 710 1331 cum
735 1267 982 1329 actione
1027 1265 1394 1347 principalis
1441 1268 1706 1345 agentis,

141 1370 458 1443 quatenus
485 1382 606 1445 per
625 1364 754 1425 tale
779 1363 1270 1427 instrumentum
1299 1368 1618 1441 operatur,
1639 1366 1709 1425 ut

139 1458 298 1519 infra
327 1458 682 1540 explicabo.

215 1554 276 1613 9.
327 1550 716 1631 offusio.—
740 1548 1090 1631 Responsio.
1110 1582 1188 1601 -·
1211 1550 1338 1613 Sed
1388 1550 1554 1612 dicet
1603 1550 1713 1611 ali-

137 1647 276 1724 quis
305 1662 321 1705 ε
355 1661 510 1725 ergo
541 1660 940 1723 unaquaeque
963 1660 1066 1705 res
1087 1646 1296 1705 creata
1323 1643 1514 1705 habet
1547 1644 1712 1705 hanc

135 1738 490 1819 potentiam
513 1738 800 1800 innatam
821 1736 904 1799 ad
929 1737 1288 1801 efficiendas
1303 1739 1580 1799 actiones
1599 1739 1714 1799 mi-

135 1835 498 1906 raculosas;
545 1850 698 1913 ergo
729 1840 826 1897 est
854 1834 1140 1895 absolute
1169 1840 1392 1914 potens
1440 1832 1523 1893 ad
1573 1832 1714 1893 illas

137 1927 442 2007 agendae.
487 1926 927 2006 Respondetur
983 1926 1146 1987 hanc
1209 1924 1560 2006 potentiam
1615 1943 1716 1987 se-

137 2020 415 2081 cundnm
451 2038 522 2081 se
561 2038 701 2081 esse
749 2020 1007 2099 quidem
1053 2020 1356 2092 innatam,
1388 2020 1538 2099 quia
1583 2036 1714 2079 nen

137 2120 226 2175 est
251 2114 376 2174 nisi
405 2114 546 2193 ipsa
589 2113 814 2174 entitas
862 2113 988 2186 rei;
1021 2118 1261 2188 tamen,
1299 2113 1448 2193 quia
1487 2112 1715 2174 modus

139 2209 368 2287 agendi
415 2224 537 2287 per
579 2206 778 2283 illam,
824 2213 888 2268 et
929 2222 1272 2269 concursus
1319 2206 1401 2267 ad
1435 2208 1554 2268 hoc
1599 2224 1716 2269 ne·

135 2302 472 2375 cassarius,
503 2317 628 2361 nec
663 2300 968 2361 naturalis
1009 2307 1128 2376 est,
1156 2318 1276 2362 nec
1298 2300 1390 2362 rei
1421 2300 1668 2361 debitus
1688 2346 1709 2376 ,

139 2396 276 2456 ideo
317 2394 430 2455 illa
473 2394 784 2473 potentia,
815 2393 1161 2455 secundum
1199 2412 1270 2456 se
1313 2400 1584 2473 sumpta,
1617 2399 1714 2456 est

141 2495 380 2551 tantum
409 2494 696 2563 remota,
733 2504 854 2548 nec
879 2488 1199 2551 constituit
1237 2506 1375 2549 rem
1418 2504 1496 2548 ex
1533 2490 1712 2549 natu-

149 2602 218 2643 ra
259 2600 368 2642 sua
411 2580 789 2661 simpliciter
829 2586 1152 2661 potentem
1193 2580 1274 2642 ad
1312 2580 1402 2641 sic
1442 2598 1712 2659 operan-

149 2676 310 2750 dum,
345 2674 460 2736 sed
489 2675 742 2754 proprie
779 2674 1098 2737 constituit
1127 2690 1452 2753 capacem,
1479 2679 1548 2734 ut
1582 2673 1711 2735 ele-

145 2772 270 2833 rari
291 2769 551 2850 possita
579 2771 712 2831 Deo
741 2769 824 2831 ad
849 2768 1214 2849 hujusmodi
1241 2768 1544 2848 operandi
1575 2785 1712 2829 mo-

144 2866 308 2927 dum.
363 2866 446 2925 Et
493 2864 644 2927 ideo
675 2909 693 2939 ,
735 2866 896 2926 sicut
943 2863 1228 2944 potentia
1273 2862 1712 2925 obedientialis

141 2961 386 3041 passiva
413 2976 550 3020 non
589 2958 956 3021 denominat
995 2974 1134 3020 rem
1163 2957 1475 3031 absolute,
1505 2956 1620 3019 sed
1647 2955 1714 3017 in

141 3054 354 3114 ordine
377 3052 468 3115 ad
499 3054 701 3114 Deum
729 3054 883 3131 (non
910 3052 1078 3114 enim
1107 3051 1390 3113 dicemus
1419 3048 1716 3129 simplici-

143 3154 230 3208 ter
259 3146 600 3210 materiam
643 3145 788 3208 coeli
823 3164 1012 3227 posse
1061 3146 1340 3225 separari
1386 3162 1426 3205 a
1453 3162 1568 3205 sua
1593 3143 1718 3206 for-

140 3260 258 3317 ma,
297 3242 456 3303 licet
481 3242 550 3302 in
599 3241 822 3303 ordine
857 3241 939 3302 ad
986 3240 1185 3302 Deum
1215 3240 1296 3301 sit
1339 3240 1404 3301 in
1431 3238 1716 3320 potentia

141 3334 544 3397 obedientiali
589 3334 672 3396 ad
715 3333 886 3397 hunc
929 3331 1265 3413 effectum),
1295 3332 1384 3394 sic
1416 3333 1607 3394 etiam
1633 3332 1715 3393 ab

139 3428 248 3490 hac
275 3428 572 3509 potentia
599 3427 1004 3489 obedientiali
1032 3428 1234 3489 activa
1277 3443 1406 3487 non
1435 3426 1718 3487 denomi-

139 3529 318 3585 natur
335 3540 446 3585 res
472 3522 842 3601 simpliciter
869 3526 1117 3601 potenS,
1147 3518 1260 3580 sed
1297 3519 1364 3579 in
1385 3518 1606 3579 ordine
1635 3516 1718 3579 ad

143 3618 354 3677 Deum.
383 3615 574 3677 Unde
604 3615 796 3675 etiam
825 3612 1028 3675 obiter
1053 3612 1420 3691 intelligitur
1451 3626 1718 3690 quomo-

149 3709 222 3769 do
264 3708 660 3783 hnmanitas,
691 3707 792 3768 vel
833 3706 1032 3768 simile
1060 3706 1574 3779 instrumentum,
1605 3702 1718 3765 fiat

155 3808 358 3881 potens
382 3802 472 3864 ad
493 3800 870 3863 miraculose
893 3798 1286 3879 operandum
1313 3798 1448 3858 sine
1473 3796 1716 3859 suimu-

155 3898 404 3973 tatione,
451 3896 562 3959 vel
601 3895 922 3957 additione
959 3892 1089 3954 ulla
1112 3938 1128 3968 ,
1163 3892 1368 3953 solum
1415 3892 1564 3972 quia
1597 3908 1714 3970 per

149 3992 250 4052 Dei
289 3994 690 4052 voluntatem
729 3990 819 4051 ita
847 3988 929 4051 ad
955 3988 1076 4049 hoc
1105 3985 1466 4056 ordinatur,
1497 3988 1570 4045 ut
1593 3986 1712 4045 ha-

149 4084 282 4147 beat
307 4092 612 4165 paratum
654 4082 992 4162 specialem
1021 4096 1436 4155 concursum,
1471 4077 1573 4139 vel
1599 4096 1714 4139 au-

149 4179 351 4238 xilium
379 4196 502 4257 per
531 4176 706 4256 quod
737 4174 1019 4236 elevatur
1051 4176 1115 4235 et
1147 4173 1330 4251 quasi
1357 4172 1710 4251 applicatur

149 4273 222 4333 ad
249 4272 578 4353 agendum
601 4288 718 4351 per
744 4270 912 4331 hanc
941 4268 1288 4349 potentiam
1309 4312 1325 4337 ,
1365 4284 1504 4345 quse
1529 4265 1598 4326 in
1641 4282 1712 4327 re

151 4367 544 4447 supponitur.
599 4365 675 4425 Et
725 4362 1011 4443 quamvis
1056 4360 1228 4422 nude
1283 4366 1533 4438 sumpta
1582 4376 1713 4421 nou

153 4461 516 4522 denominat
555 4475 696 4519 rem
730 4461 1054 4537 potentem
1083 4454 1164 4516 ad
1188 4452 1604 4533 operandum,
1619 4458 1714 4515 ta·

152 4572 288 4615 men
321 4561 394 4615 ut
413 4554 552 4633 jam
578 4550 892 4631 applicata
919 4567 960 4611 a
986 4540 1190 4628 primo
1222 4552 1476 4627 agente,
1509 4552 1572 4608 et
1601 4546 1714 4607 ha-

153 4646 300 4709 bens
347 4652 649 4727 paratum
697 4643 1242 4725 proportionatum
1295 4658 1710 4717 concursum,

157 4741 386 4818 praebet
411 4740 652 4802 dictam
697 4736 1308 4811 denominationem,
1350 4735 1496 4813 quia
1525 4739 1596 4796 ut
1623 4734 1713 4795 sic

157 4835 275 4910 jam
305 4842 402 4896 est
429 4834 623 4897 veluti
649 4829 936 4912 potentia
964 4830 1275 4909 proxima,
1305 4826 1550 4889 habens
1580 4844 1714 4889 om·-

167 4930 260 4989 uia
285 4928 648 4993 necessaria
673 4926 757 4987 ad
779 4923 1194 5005 operandum.

769 5085 984 5139 SEcho
1018 5084 1101 5139 VI.

174 5194 238 5247 Au
279 5203 328 5251 et
369 5192 642 5268 quomodo
669 5193 732 5249 in
753 5190 916 5249 rebus
943 5190 1149 5249 creatis
1179 5189 1254 5246 sit
1281 5188 1470 5261 aliqua
1495 5187 1580 5245 vis
1610 5203 1714 5245 ac-

235 5280 336 5336 tiva
369 5278 777 5348 obedientialis,
807 5282 869 5339 ut
897 5276 1178 5335 eleventur
1203 5276 1264 5333 in
1286 5274 1476 5333 divina
1503 5275 1717 5333 instru-

239 5373 426 5425 menta.

250 5500 304 5557 1.
339 5496 666 5561 Sententia
701 5498 836 5558 haec
877 5497 958 5559 de
989 5496 1269 5578 potentia
1313 5494 1713 5573 obedientiali

181 5592 361 5654 activa
401 5592 958 5658 instrumentorum
985 5591 1092 5655 Dei
1117 5638 1134 5670 ,
1168 5608 1364 5671 quam
1405 5588 1713 5669 superiori

1793 513 2071 576 sectione
2097 514 2528 593 probavimus,
2551 522 2615 578 et
2641 532 2679 578 a
2708 516 3057 582 sufficiente
3086 538 3357 587 enumet·

1791 609 2035 671 ratione
2064 610 2422 691 eligendam
2442 610 2761 688 duximus,
2788 613 2873 673 ad
2890 613 3356 683 defendendam

1791 704 2287 765 communiorem
2354 722 2427 766 ac
2482 705 2793 767 veriorem
2856 706 3204 773 doctrinam
3274 714 3355 776 de

1792 796 2053 877 physica
2113 798 2447 860 efficientia
2503 797 2911 861 humanitatis
2956 802 3185 865 Christi
3211 852 3231 881 ,
3292 812 3357 870 et

1795 890 2065 951 aliorum
2088 890 2647 953 instrumentorum
2690 893 2803 953 Dei
2848 894 3012 955 circa
3056 914 3356 977 superna-

1791 984 2019 1045 turalia
2038 1002 2255 1063 opera,
2280 985 2599 1045 nonnullis
2622 986 3075 1064 posterioribus
3096 992 3356 1073 scripto-

1791 1080 1965 1141 ribus
2006 1098 2081 1140 ac
2114 1080 2450 1159 Theologis
2490 1080 2843 1159 displicuit,
2887 1100 3156 1165 eamque
3200 1104 3355 1149 non-

1791 1171 1979 1233 nullis
2032 1175 2423 1251 argumentis
2475 1174 2851 1254 impugnare
2908 1180 3111 1238 conati
3168 1182 3317 1242 sunt
3332 1226 3355 1257 ‚

1789 1282 1932 1345 quae
1966 1266 2088 1327 hoc
2127 1266 2265 1328 loco
2308 1284 2775 1347 proponemus,
2811 1274 2873 1330 et
2916 1268 3037 1331 alia
3093 1270 3355 1336 fortasse

1790 1358 2135 1421 difficiliora
2153 1374 2175 1437 3
2220 1366 2367 1421 ante
2415 1377 2687 1439 quorum
2738 1360 3118 1423 solutionem
3138 1410 3157 1441 ,
3203 1366 3357 1445 quid

1791 1453 1911 1535 ipsi
1933 1454 2167 1529 dicant,
2192 1457 2255 1515 et
2280 1454 2597 1533 quomodo
2626 1472 2762 1515 rem
2798 1455 2961 1517 banc
2992 1458 3351 1536 expediant,

1793 1547 2312 1623 examinabimuS,
2338 1564 2419 1609 ex
2446 1566 2571 1627 quo
2604 1549 2932 1611 sententiae
2962 1555 3192 1613 nostrae
3219 1570 3357 1614 ma-

1785 1642 1988 1723 Jorem
2020 1640 2559 1704 confirmationem
2599 1648 2661 1704 et
2701 1641 3195 1706 declarationem
3244 1647 3358 1708 eli-

1791 1736 2066 1808 ciemus;
2122 1742 2187 1797 et
2235 1734 2491 1797 tandem
2544 1734 3013 1799 difficultatibus
3064 1738 3357 1801 omnibus

1795 1832 2269 1907 satisfaciemus,
2310 1839 2374 1894 et
2404 1832 2605 1895 obiter
2626 1833 2795 1894 varia
2828 1832 3043 1910 dubia,
3078 1852 3217 1913 quae
3242 1852 3359 1916 per

1793 1927 2189 1989 occasionem
2212 1932 2565 2002 occurrent,
2586 1926 3015 2007 expediemus,
3036 1928 3207 1991 unde
3228 1948 3357 1991 non

1792 2022 2025 2101 poterit
2049 2020 2243 2083 sectio
2266 2022 2405 2083 haec
2426 2038 2553 2083 non
2577 2037 2715 2081 esse
2736 2020 3196 2101 aliquantulum
3217 2040 3358 2103 pro-

1794 2112 1996 2175 lixior.
2020 2115 2097 2177 Et
2116 2113 2283 2186 idee,
2302 2131 2387 2175 ne
2412 2112 2771 2193 legentibus
2784 2112 3103 2177 fastidium
3129 2116 3353 2195 pariet,

1795 2224 1937 2269 eam
1964 2207 2228 2269 diversis
2260 2206 2456 2271 titulis
2486 2212 2551 2269 et
2575 2208 2989 2288 paragraphis
3014 2208 3355 2272 subdistin-

1795 2318 2085 2381 guemus.

1873 2398 1934 2456 2.
1964 2393 2347 2476 Aryumenta
2368 2396 2575 2477 partis
2598 2397 2883 2477 aequatis
2908 2404 3351 2478 proponuntur.

1792 2518 1868 2537 -
1897 2488 2343 2569 Aryumcntum
2365 2488 2655 2568 primum.
2678 2490 2976 2551 -Primo
3004 2491 3215 2571 itaque
3246 2492 3356 2553 ob-

1784 2581 2047 2661 jiciunt,
2092 2582 2240 2661 qnia
2286 2582 2567 2662 potentia
2606 2582 3043 2645 obedientialis
3080 2601 3209 2645 non
3263 2592 3359 2647 est

1792 2674 2029 2755 aliquid
2050 2675 2385 2753 positivum
2410 2676 2475 2735 in
2507 2682 2830 2749 creatura;
2866 2694 3015 2757 ergo
3044 2678 3361 2757 repugnat

1794 2785 1934 2831 esse
1966 2768 2452 2831 obedientialem
2483 2770 2829 2849 potentiam
2850 2814 2869 2845 ,
2914 2776 2977 2831 et
3018 2786 3159 2831 esse
3207 2770 3358 2833 acti-

1795 2880 1959 2925 vam.
1986 2862 2165 2925 Patet
2184 2864 2660 2943 consequentia,
2685 2865 2833 2944 quia
2856 2864 3135 2943 potentia
3155 2864 3355 2926 activa

1793 2956 1896 3019 vel
1921 2955 2097 3018 nulla
2128 2959 2222 3020 est
2244 3002 2261 3031 ,
2308 2957 2410 3019 vel
2460 2974 2600 3019 esse
2644 2957 2833 3020 debet
2870 2956 3169 3037 positiva3
3206 2956 3356 3037 quia

1799 3068 1914 3129 per
1939 3050 2111 3111 illam
2140 3050 2537 3113 constituitur
2563 3068 2759 3132 agens
2786 3050 2853 3112 in
2882 3056 3026 3113 actu
3051 3050 3253 3131 primo
3276 3048 3359 3111 ad

1799 3144 2221 3223 operandum,
2272 3148 2335 3207 et
2362 3144 2443 3205 ab
2472 3144 2579 3205 illa
2624 3144 2861 3225 pendet
2892 3143 3147 3207 realiter
3172 3142 3360 3206 effec-

1796 3244 1932 3312 tus;
1967 3256 2094 3299 non
2140 3242 2348 3317 potest
2375 3242 2589 3299 autem
2628 3238 2889 3319 intelligi
2918 3238 3089 3319 quod
3123 3236 3361 3316 aliquid

1795 3332 2073 3413 pendeat
2098 3331 2183 3393 ab
2215 3348 2315 3405 eo,
2346 3331 2517 3409 quod
2552 3330 2709 3392 nihil
2740 3337 2837 3393 est
2862 3330 3221 3411 positivum,
3246 3328 3362 3391 sed

1796 3426 2049 3507 negatio
2074 3430 2347 3501 tantum,
2372 3426 2475 3487 vel
2515 3426 2801 3504 privatio.
2831 3425 3227 3487 Antecedens
3252 3442 3360 3505 pa-

1797 3524 1908 3597 tet,
1954 3520 2103 3598 quia
2137 3520 2417 3598 potentia
2448 3518 2886 3581 obedientialis
2932 3518 3182 3599 passiva
3232 3536 3359 3581 non

1799 3620 1894 3676 est
1940 3612 2221 3694 potentia
2262 3612 2529 3691 positiva
2560 3612 2935 3693 praehabens
2982 3613 3047 3674 in
3096 3630 3211 3673 sua
3252 3630 3362 3692 po-

1799 3711 2023 3769 testate
2044 3705 2555 3787 supernaturales
2581 3706 2842 3769 eflectus
2866 3706 2967 3767 vel
2990 3711 3191 3781 actus,
3212 3705 3362 3766 alio-

1795 3802 1904 3879 qui
1940 3798 2099 3861 nihil
2146 3798 2427 3861 differret
2468 3816 2507 3861 a
2548 3798 2821 3861 naturali
2862 3798 3175 3879 potentian
3208 3815 3360 3879 ergo

1793 3894 2003 3957 solum
2046 3898 2139 3955 est
2182 3909 2313 3954 non
2358 3892 2778 3972 repugnantia
2808 3896 3147 3967 creaturae,
3180 3895 3251 3952 nt
3290 3892 3355 3951 in

1795 4006 1870 4050 ea
1897 3986 2008 4049 fiat
2032 3986 2203 4066 quod
2220 3986 2390 4047 Deus
2410 3984 2713 4058 voluerit;
2742 4002 2893 4063 ergo
2920 3984 3121 4046 multo
3148 3984 3358 4045 miuus

1792 4086 1999 4163 potest
2028 4098 2167 4143 esse
2202 4082 2268 4142 in
2312 4084 2600 4141 creatura
2644 4079 2924 4159 potentia
2955 4078 3159 4140 activa
3194 4078 3363 4159 posi-

1793 4176 1918 4239 tiva
1937 4220 1956 4251 ,
1988 4173 2099 4237 sed
2144 4175 2259 4237 erit
2289 4190 2417 4235 non
2446 4172 2867 4255 repugnantia
2898 4173 2970 4233 ut
3016 4172 3295 4234 elevetur
3324 4190 3362 4233 a

1793 4272 1922 4333 Deo
1954 4270 2037 4331 ad
2064 4268 2383 4347 agendum
2401 4312 2422 4343 ,
2454 4284 2617 4346 quoe,
2645 4282 2789 4327 cum
2820 4266 2901 4327 sit
2924 4265 3057 4327 sola
3080 4264 3359 4345 negatio,

1795 4382 1924 4427 non
1964 4368 2170 4443 potest
2220 4378 2361 4425 esse
2403 4360 2687 4443 potentia
2734 4360 2934 4423 activa
2978 4357 3363 4423 obedientia-

1793 4458 1894 4520 lis.

1877 4555 1936 4616 3.
1980 4550 2349 4619 Secundum.
2374 4586 2453 4599 —
2478 4549 2793 4627 Secundo,
2832 4548 2936 4612 vel
2975 4546 3109 4611 haec
3145 4550 3365 4629 poten·

1793 4647 1880 4711 tia
1915 4646 2352 4710 obedientialis
2384 4644 2585 4708 activa
2613 4690 2630 4720 ,
2662 4650 2725 4707 et
2767 4643 3045 4707 activitas
3090 4642 3227 4720 ejus
3270 4644 3365 4703 est

1793 4742 2121 4816 naturaliS,
2153 4741 2255 4803 vel
2282 4738 2779 4819 supernaturalis
2827 4755 2841 4799 ε
2883 4734 3183 4797 naturalis
3220 4750 3361 4797 esse

1793 4852 1923 4897 nen
1952 4840 2196 4915 potest,
2228 4832 2464 4913 alioqui
2493 4838 2660 4895 esset
2691 4829 3253 4911 improportionata
3281 4826 3365 4889 ad

1799 4928 2061 4990 effectus
2089 4926 2638 5007 supernaturales,
2670 4930 2734 4987 et
2777 4928 3237 5003 consequenter
3265 4938 3367 4982 es-

1793 5028 1890 5083 set
1918 5022 2367 5102 impertinens,
2400 5026 2463 5083 et
2502 5020 2637 5082 sine
2664 5016 3102 5080 fundamento.
3142 5016 3363 5094 Neque

1797 5116 1987 5178 etiam
2036 5114 2158 5177 dici
2205 5120 2415 5195 potest
2458 5111 2989 5195 supernaturaliS,
3039 5128 3189 5173 nam
3230 5110 3365 5171 baec

1795 5209 2097 5292 potentia,
2123 5215 2195 5272 ut
2235 5208 2483 5284 dicitur,
2516 5226 2646 5269 non
2677 5212 2771 5269 est
2798 5202 3035 5285 aliquid
3064 5198 3366 5283 superad-

1798 5302 2000 5365 ditum
2024 5309 2290 5379 naturae,
2318 5302 2433 5365 sed
2453 5308 2545 5365 est
2564 5298 2899 5381 congenita
2928 5314 3073 5359 cum
3102 5296 3361 5357 entitate

1795 5398 2295 5479 uniuscujusque
2326 5396 2445 5475 rei,
2472 5396 2597 5457 imo
2626 5412 2696 5457 re
2724 5396 2861 5473 ipsa
2890 5408 3017 5453 non
3057 5394 3153 5451 est
3192 5384 3363 5448 aliud

1796 5492 2043 5572 abipsa
2090 5492 2381 5564 entitatc;
2412 5489 2703 5551 fictitium
2751 5490 2963 5547 autem
3012 5484 3107 5543 est
3154 5478 3362 5541 existi-

1794 5604 1973 5651 mare
2047 5587 2325 5666 aliquam
2378 5580 2923 5663 supernaturalem
2987 5578 3359 5657 potestatem
