3892 6167
1266 363 1587 420 nlsrms'r.
1618 363 1787 420 xmx.
1822 367 1991 422 SEGT.
2027 369 2108 423 w.

134 481 454 542 extraneam
490 474 779 550 respectu
812 465 1052 548 gratim,
1082 466 1167 528 ita
1217 465 1351 529 haec
1388 467 1537 528 unio
1564 485 1645 528 ex

132 564 527 635 benevolentia
558 562 633 624 fit
654 564 719 624 in
736 559 1127 622 humanitate
1152 577 1233 622 ex
1254 579 1322 622 se
1348 567 1645 624 extranea

132 666 380 742 respectu
426 656 570 720 talis
615 655 904 729 unionis3
963 660 1027 716 et
1073 653 1262 729 sicut,
1316 654 1483 716 tacta
1524 656 1647 718 hae

133 758 357 827 unione,
378 771 453 814 ex
478 751 539 812 vi
566 751 707 830 ejus
747 749 887 812 talis
904 754 1137 814 natura
1168 749 1461 812 deificata
1511 767 1645 810 ma-

133 858 237 922 net,
264 847 467 925 illique
488 851 745 925 propter
772 861 915 906 eam
938 861 1195 906 causam
1224 842 1491 906 debetur
1514 844 1647 904 hae—

132 943 347 1012 reditas‚
376 938 481 1014 ita,
502 937 673 1000 faeta
696 935 915 1017 gratie
938 937 1277 1010 infusione,
1312 953 1393 998 ex
1418 935 1478 998 vi
1508 935 1645 1015 ejus

134 1040 287 1100 homo
301 1035 509 1096 manet
528 1029 979 1106 sanctificatus,
1011 1033 1195 1108 eique
1224 1027 1491 1092 debetur
1518 1029 1646 1090 bse-

132 1128 323 1192 reditas
379 1124 722 1186 intrinseco
788 1121 1327 1188 connaturalitatis
1388 1121 1639 1195 debito;

134 1240 252 1303 ergo
282 1237 355 1282 ex
378 1217 485 1280 illa
512 1219 761 1280 ratione
785 1235 917 1280 nen
963 1219 1173 1298 potest
1222 1215 1431 1294 colligi
1477 1215 1647 1276 suffi-

132 1318 276 1379 ciens
312 1311 703 1390 differentia,
750 1311 833 1375 ob
862 1329 1053 1392 quam
1094 1310 1505 1374 humanitatis
1550 1327 1647 1371 as-

132 1408 357 1490 sumptio
380 1424 507 1469 non
532 1407 616 1468 sit
634 1405 915 1488 adoptio.
942 1405 1321 1470 Addendum
1350 1422 1503 1486 ergo
1524 1408 1642 1480 est,

134 1510 239 1568 esto
270 1518 478 1564 verum
501 1501 581 1564 sit
622 1501 741 1562 baa
778 1517 1003 1564 omnes
1029 1497 1469 1564 similitudines
1506 1515 1649 1560 ver-

136 1598 235 1662 sari
254 1597 407 1660 inter
422 1594 695 1676 gratiam
720 1595 975 1656 unicum
1004 1600 1068 1658 et
1094 1593 1475 1658 infusionem
1503 1609 1649 1674 gra-

136 1696 215 1754 tie
224 1692 449 1762 create,
460 1687 876 1751 nihilominus
886 1695 1099 1752 tamen
1114 1705 1413 1770 magnam
1426 1703 1649 1768 quam-

137 1787 253 1848 dam
288 1781 695 1845 differentiam
730 1782 899 1844 inter
946 1783 1066 1844 has
1102 1782 1337 1863 gratias
1378 1782 1651 1844 interce-

138 1879 273 1952 dere,
318 1874 555 1938 ratione
600 1877 789 1955 cujus
826 1893 959 1938 una
990 1882 1088 1938 est
1130 1877 1331 1956 gratia
1364 1876 1649 1956 adoptio-

138 1972 233 2046 nis,
259 1973 316 2034 et
338 1987 464 2030 non
483 1968 631 2032 alia.
664 1969 801 2042 Quo
834 1971 1021 2032 etiam
1048 1969 1123 2032 fit
1150 1976 1239 2048 ut,
1272 1970 1420 2033 licet
1444 1970 1651 2032 omnis

142 2065 345 2144 adoptio
380 2062 593 2126 divina
620 2062 705 2124 sit
732 2063 933 2144 gratia
976 2081 1057 2126 ex
1102 2065 1373 2145 gratuita
1398 2065 1511 2126 Dei
1539 2065 1653 2128 be·

144 2157 443 2224 nevolmtia
488 2157 874 2236 proveniens
884 2202 907 2234 ‚
966 2175 1094 2219 uon
1138 2169 1355 2220 tamen
1416 2175 1455 2220 e
1504 2177 1653 2222 con-

146 2273 289 2318 verso
314 2251 509 2314 omnis
532 2252 743 2332 gratia
782 2253 1249 2316 communicata
1278 2271 1357 2316 ex
1380 2255 1651 2335 gratuita

146 2346 529 2411 benovolentia
562 2345 677 2408 Dei
706 2347 789 2408 sit
830 2345 1105 2428 adoptio.
1139 2347 1501 2410 Differentia
1536 2367 1653 2410 au·-

146 2451 247 2506 tem
266 2441 415 2502 iliter
436 2440 552 2502 has
580 2440 819 2521 gratias
850 2447 967 2515 est,
994 2442 1143 2521 qnia
1174 2461 1299 2504 una
1326 2447 1425 2506 ast
1452 2446 1657 2523 gratia

148 2533 509 2610 accidentalis,
536 2535 747 2596 altera
766 2534 1232 2613 substantiali„
1264 2555 1391 2598 una
1418 2544 1651 2616 mesta,

150 2632 303 2693 altera
336 2630 645 2702 increata3
698 2646 828 2690 una
874 2645 991 2707 per
1018 2631 1655 2695 communicationem

152 2724 423 2806 nijnsdam
461 2721 963 2804 participationis
1012 2722 1201 2786 divini
1256 2739 1419 2800 esse,
1458 2725 1653 2790 altera

150 2837 237 2900 per
266 2817 883 2880 communicationem
918 2833 1135 2879 veram
1186 2823 1249 2880 et
1284 2817 1523 2881 realem
1563 2821 1655 2902 ip·

150 2913 361 2974 siusmet
379 2910 607 2975 divinas
630 2925 935 2990 ρειεοιιυ.

208 3005 260 3067 7.
292 3004 541 3068 Ueiouis
556 3005 775 3084 qratia
816 3019 999 3084 qnare
1021 3021 1143 3068 m
1176 3006 1267 3070 cit
1292 3007 1553 3090 adoptio.
1576 3029 1659 3056 -ι-

152 3099 336 3160 Exhac
360 3103 567 3160 autem
610 3097 985 3176 differentia,
1014 3117 1155 3180 quai
1192 3101 1343 3162 satis
1378 3109 1527 3166 nota
1564 3111 1657 3166 est

116 3245 119 3247 .
152 3211 209 3254 ει
231 3191 650 3272 superioribus,
682 3194 917 3274 optime
962 3194 1273 3276 colligitur
1314 3197 1475 3258 ratio
1521 3216 1654 3275 cnr,

152 3287 261 3348 licet
290 3285 474 3365 gratia
526 3286 870 3350 huln‘tnalis
914 3289 993 3350 sit
1032 3289 1234 3369 gratia
1274 3287 1649 3371 adoptionis,

152 3393 465 3442 nontamen
489 3381 697 3460 gratia
729 3381 987 3444 unionis
1012 3401 1029 3457 ;
1067 3399 1216 3444 nam
1246 3383 1499 3464 adoptio
1524 3403 1651 3446 non

152 3473 263 3536 facit
282 3475 745 3537 substantialem
767 3475 1062 3540 unionem
1092 3477 1261 3540 inter
1284 3477 1653 3559 adoptatum

152 3573 199 3626 et
228 3567 609 3649 adoptantem
628 3617 649 3648 ,
699 3571 819 3632 sed
867 3571 1317 3633 accidentalem
1356 3577 1647 3650 tantnm3

152 3662 305 3739 gratia
317 3669 520 3725 autem
531 3665 793 3727 unionis
817 3663 971 3726 facit
992 3664 1468 3730 substantialem
1481 3667 1661 3728 ιιιιὶο-

150 3771 297 3830 nem:
324 3773 443 3820 non
472 3764 571 3821 est
594 3775 749 3838 ergo
776 3757 1055 3839 adoptio,
1084 3758 1198 3820 sed
1236 3758 1475 3838 aliquid
1525 3779 1662 3823 ma-

144 3847 225 3925 jus
258 3850 604 3932 adoptione.
650 3851 767 3914 Vel
818 3852 1031 3930 aliter,
1080 3869 1199 3933 per
1250 3851 1661 3935 adoptionem

150 3959 247 4003 non
295 3947 707 4008 communicat
758 3945 1067 4025 adoptans
1126 3945 1425 4026 adoptato
1474 3965 1661 4010 suum

148 4037 421 4117 proprium
464 4039 757 4103 naturale
802 4055 969 4115 esse,
998 4039 1171 4119 quod
1198 4039 1264 4100 in
1312 4055 1381 4102 se
1422 4040 1659 4121 babet3

148 4149 235 4210 per
259 4137 503 4214 gratiam
528 4143 748 4199 autem
770 4134 1025 4198 unionis
1050 4136 1479 4198 communicat
1497 4138 1663 4200 Deus

150 4232 345 4290 naturai
381 4247 589 4294 assum
593 4237 719 4312 ptoe
759 4247 945 4291 suum
971 4229 1300 4312 proprium
1346 4247 1489 4292 esse
1516 4249 1663 4310 per-

152 4321 363 4401 sonale3
388 4339 560 4406 ergo.
594 4325 753 4388 Item
776 4324 957 4386 aliter
980 4323 1355 4400 declaratur,
1382 4341 1531 4386 nam
1563 4325 1662 4386 in·-

152 4419 223 4472 ter
258 4416 529 4484 homines
556 4425 738 4500 pater
778 4435 911 4480 non
934 4417 1195 4499 adoptat
1246 4433 1427 4480 suum
1460 4416 1659 4480 filium

151 4511 475 4588 naturalem,
508 4514 701 4576 etiam
724 4513 779 4574 si
806 4529 887 4574 ex
910 4527 1129 4573 amore
1156 4513 1223 4574 et
1246 4509 1561 4574 desiderio
1589 4511 1661 4573 il-

152 4599 249 4664 lius
268 4621 401 4666 eum
426 4611 709 4688 generet,
736 4607 889 4686 quia
904 4605 1323 4668 communicat
1343 4603 1435 4667 illi
1454 4623 1664 4668 suam-

152 4703 255 4758 met
268 4707 567 4778 naturam,
596 4699 888 4781 quamvis
904 4715 1035 4761 non
1058 4697 1347 4762 eamdem
1368 4715 1657 4774 numero,

152 4791 239 4852 sed
252 4795 519 4858 eamdem
547 4795 757 4876 specie
776 4794 1223 4867 communicen
1248 4807 1420 4873 ergo,
1453 4793 1529 4867 si,
1548 4809 1663 4873 per

150 4883 516 4969 impossibile,
544 4895 761 4972 posset
802 4907 883 4952 ex
928 4886 1158 4950 afficta
1194 4886 1665 4950 communicare

152 4984 353 5044 natum
371 4984 623 5047 alterins
652 5001 691 5044 a
719 4999 789 5044 se
804 4997 937 5043 nou
962 4979 1157 5060 geniti
1182 4985 1495 5042 suammet
1518 4997 1665 5060 per-

153 5087 333 5136 sonam
352 5079 633 5141 eamdem
654 5090 947 5151 numero,
974 5091 1105 5136 non
1130 5078 1345 5155 posset
1368 5071 1493 5136 dici
1516 5073 1665 5135 ado·-

155 5170 298 5242 ptare
320 5169 482 5232 illam
502 5178 819 5244 naturam,
842 5168 957 5230 sed
990 5166 1193 5230 altiori
1220 5165 1497 5246 quodam
1520 5167 1665 5230 vin-

154 5260 267 5321 calo
291 5261 457 5328 illam
478 5265 681 5329 tame
708 5281 913 5341 suam,
946 5269 1011 5326 et
1034 5261 1503 5342 quodammodo
1529 5279 1663 5322 ma·

3171 371 3280 435 521¹

1724 483 1899 544 nam,
1924 469 2142 549 siquis
2178 473 2390 550 posset
2440 487 2556 530 sua
2587 467 2820 532 efficaci
2867 471 3188 537 voluntate
3227 484 3291 539 et

1724 559 1954 624 affectu
1981 562 2248 624 alienam
2279 563 2695 626 substantiam
2726 579 2840 624 suo
2870 569 3113 646 corpori
3143 568 3291 632 sub-

1724 656 2096 718 stantialiter
2121 659 2329 732 unire,
2365 674 2495 718 non
2541 657 2858 719 diceretur
2891 657 3192 739 adoptare
3221 663 3292 723 il·

1724 745 1876 823 lam,
1909 750 2057 828 quia
2109 750 2266 811 illud
2297 751 2616 812 vinculum
2671 750 2870 813 multo
2917 760 3014 815 est
3055 755 3290 818 altioris

1726 840 1964 903 ordinis
2003 846 2070 906 et
2114 843 2422 918 rationis;
2479 844 2594 906 sed
2645 843 2932 908 similiter
2969 862 3086 926 per
3126 847 3292 910 hanc

1724 933 2026 1000 unionem
2057 937 2261 1018 magis
2307 938 2524 1000 unitur
2575 938 2935 1000 humanitas
2975 939 3090 1020 ipsi
3133 939 3289 1019 Deo,

1724 1045 1917 1108 quam
1942 1047 2092 1110 pars
2119 1033 2399 1112 corporis
2429 1032 2550 1114 ipsi
2585 1032 2700 1094 toti
2720 1033 3016 1110 uniatur3
3047 1040 3110 1096 et
3125 1033 3293 1096 simi-

1724 1123 1887 1198 liter,
1914 1124 1966 1184 si
1997 1124 2206 1188 anima
2235 1132 2450 1206 posset
2473 1125 2752 1188 efficacia
2793 1143 2922 1188 suoe
2957 1126 3294 1190 voluntatis

1726 1218 1909 1280 unire
1953 1217 2073 1282 sibi
2120 1235 2365 1299 corpus,
2395 1223 2460 1282 et
2489 1219 2700 1282 media
2745 1237 2823 1282 ea
2859 1218 3094 1282 unione
3137 1220 3293 1284 illud

1726 1311 1934 1374 facere
1985 1329 2244 1374 consors
2272 1331 2524 1375 suarum
2555 1313 3018 1394 operationum,
3040 1331 3171 1376 non
3199 1313 3296 1377 di-

1728 1409 1980 1467 ceretur
2005 1403 2160 1468 illud
2215 1405 2540 1486 adoptare.
2598 1407 2880 1488 Denique
2931 1425 3052 1489 per
3089 1406 3290 1470 solam

1726 1497 2130 1580 adoptionem
2153 1517 2282 1561 non
2325 1501 2824 1563 communicatur
2849 1499 3072 1564 filiatio
3107 1507 3294 1564 natu-

1727 1593 1923 1672 ralis3
1956 1611 2072 1673 per
2103 1592 2270 1654 hanc
2293 1609 2447 1656 vero
2464 1594 2764 1658 unionem
2793 1593 3298 1656 communicatur

1729 1686 1998 1768 ipsamet
2021 1685 2240 1749 filiatio
2265 1686 2570 1750 naturalis
2595 1685 2709 1748 Dei
2732 1705 2848 1767 per
2873 1705 2944 1748 se
2979 1687 3204 1768 ipsam,
3233 1693 3297 1750 et

1731 1799 1859 1844 non
1890 1785 2135 1843 tantum
2164 1797 2279 1861 per
2299 1778 2576 1862 aliquam
2601 1781 2698 1842 sui
2721 1781 3290 1861 participationem

1733 1893 1885 1955 ergo
1909 1873 2016 1937 illa
2043 1873 2198 1936 unio
2225 1891 2354 1936 non
2389 1879 2598 1956 potest
2633 1874 2756 1936 dici
2797 1873 3075 1954 adoptio.
3114 1874 3294 1938 Unde

1730 1967 1835 2030 hic
1862 1968 2054 2031 etiam
2103 1968 2566 2032 accommodari
2619 1973 2826 2050 potest
2869 1969 3054 2044 ratio,
3103 1985 3296 2049 quam

1729 2061 1838 2125 hie
1864 2064 1937 2125 D.
1965 2061 2238 2124 Thomas
2261 2063 2484 2142 tetigit,
2525 2063 2697 2143 quod
2723 2061 2976 2140 adoptio
3007 2062 3158 2126 dicit
3179 2063 3298 2123 ha·

1731 2156 2080 2220 bitudinem
2121 2155 2204 2218 ad
2249 2155 2616 2220 filiationem
2641 2156 3109 2238 participatam3
3159 2155 3295 2220 hoec

1732 2255 1943 2311 autem
1969 2249 2118 2310 unio
2151 2265 2280 2310 non
2307 2248 2455 2311 dicit
2483 2249 2674 2311 talem
2699 2247 3158 2323 habitudinem,
3183 2247 3297 2310 sed

1734 2345 1945 2428 potius
1975 2344 2058 2408 ad
2111 2345 2315 2426 ipsam
2364 2343 2732 2408 filiationem
2781 2344 3157 2421 naturalem,
3193 2344 3295 2406 cui

1734 2437 2228 2502 substantialiter
2271 2437 2522 2519 copulat
2561 2444 2852 2502 naturam
2879 2443 3291 2518 assumptam.

1738 2534 1945 2597 Potest
1987 2533 2175 2596 etiam
2203 2531 2285 2594 ad
2311 2533 2434 2594 hoc
2460 2533 2742 2594 revocari
2775 2531 2884 2596 illa
2915 2531 3099 2605 ratio,
3127 2528 3299 2610 quod

1736 2627 1992 2708 adoptio
2017 2645 2095 2690 ex
2121 2643 2236 2688 sua
2269 2625 2516 2689 ratione
2559 2626 2840 2708 postulat
2865 2624 3103 2688 versari
3133 2624 3300 2686 circa

1734 2727 2180 2803 persenam,et
2205 2737 2335 2784 non
2363 2722 2531 2784 circa
2548 2727 2840 2784 naturam
2854 2725 3102 2783 tantum
3116 2733 3138 2797 3
3161 2719 3300 2780 haec

1739 2819 1952 2878 sutem
1982 2813 2182 2896 gratia
2209 2815 2462 2876 unionis
2477 2821 2764 2878 versatur
2790 2813 2955 2876 circa
2978 2818 3293 2887 naturam,

1738 2916 1800 2974 et
1829 2909 2084 2992 prepn‘e
2105 2907 2182 2970 fit
2199 2911 2462 2984 natum,
2490 2925 2616 2972 non
2663 2922 2976 2988 personae,
2995 2907 3158 2968 utin
3188 2923 3300 2966 su·-

1736 3003 2091 3087 perioribus
2107 3007 2432 3064 ostensum
2453 3006 2570 3064 est.
2594 2999 2798 3080 Major
2815 2999 3066 3080 probari
3091 3003 3303 3081 potest

1739 3101 1989 3179 (praeter
2022 3111 2212 3176 supra
2247 3094 2412 3156 dicta
2454 3097 2672 3157 contra
2711 3091 3116 3173 Gabrielem),
3150 3092 3300 3173 quia

1738 3191 2016 3271 adoptio,
2049 3195 2118 3251 ut
2173 3188 2347 3261 dixi,
2399 3187 2604 3248 solum
2653 3186 2806 3250 facit
2843 3185 3300 3250 accidentalem

1736 3286 2061 3360 unionem,
2085 3283 2254 3344 inter
2279 3281 2646 3361 adoptatum
2671 3288 2736 3342 et
2769 3279 3200 3360 adoptantem,
3235 3285 3304 3339 et

1734 3379 1877 3440 ideo
1921 3375 2218 3456 supponit
2247 3375 2416 3437 inter
2442 3390 2558 3435 eos
2597 3373 2998 3454 personalem
3042 3371 3300 3434 distinc-

1732 3473 1994 3548 tionem,
2025 3475 2090 3534 et
2107 3475 2396 3534 versatur
2419 3469 2586 3531 circa
2607 3483 2968 3548 personam.

1812 3566 1875 3628 8.
1904 3564 1998 3626 Ob
2035 3564 2157 3625 has
2182 3579 2336 3644 ergo
2378 3579 2602 3624 causas
2646 3561 2870 3624 merito
2899 3559 3305 3640 distinguitur

1740 3659 1941 3741 gratia
1965 3659 2216 3720 unionis
2241 3675 2282 3718 a
2323 3657 2522 3737 gratia
2550 3653 2927 3735 adoptionis,
2957 3661 3027 3717 ιιι
3045 3653 3304 3735 elegan-

1742 3760 1837 3818 ter
1860 3753 2060 3834 tetigit
2086 3752 2165 3813 D.
2193 3749 2470 3814 Thomas
2487 3749 2614 3825 hic,
2633 3751 2750 3810 art.
2782 3751 2846 3820 Δ,
2867 3746 3214 3829 praesertim
3238 3746 3305 3808 in

1741 3847 2051 3911 solutione
2081 3846 2166 3908 ad
2189 3844 2568 3920 secundum,
2607 3841 2722 3904 nbi
2749 3843 2942 3904 unico
2963 3840 3096 3906 fere
3112 3841 3306 3904 verbo

1744 3941 1947 4020 attigit
1984 3946 2182 4003 totam
2217 3941 2384 4004 hanc
2435 3937 2808 4011 doctrinam,
2841 3935 3096 4012 scilicet,
3135 3934 3308 4012 quod

1742 4037 1945 4117 gratia
2007 4034 2258 4096 unionis
2303 4040 2370 4096 et.
2411 4031 2752 4094 habitualis
2799 4029 3184 4092 conveniunt
3233 4030 3304 4090 iu

1741 4128 2074 4210 principio,
2099 4127 2358 4203 scilicet,
2391 4127 2538 4206 quia
2567 4131 2716 4188 sunt
2755 4143 2832 4187 ex
2879 4124 3112 4186 affectu
3163 4140 3308 4203 gra-

1742 4224 1898 4288 tuito
1944 4223 2098 4299 Dei;
2131 4223 2428 4286 differunt
2457 4227 2670 4282 autem
2715 4221 2782 4282 in
2826 4217 3120 4293 termino,
3156 4217 3306 4296 quia

1739 4337 1855 4402 per
1886 4337 2080 4381 unam
2123 4317 2442 4380 confertur
2491 4314 2710 4378 filiatio
2757 4312 3090 4388 naturalis,
3121 4316 3186 4374 et
3213 4310 3306 4390 ip·

1742 4431 1882 4476 sum
1910 4431 2050 4475 esse
2077 4410 2408 4492 personale
2441 4409 2576 4484 Dei,
2607 4427 2722 4489 par
2749 4407 2940 4470 aliam
2973 4423 3124 4468 vero
3168 4410 3308 4466 tan·

1740 4515 1874 4571 tum
1918 4507 2206 4588 quasdam
2233 4505 2400 4568 illius
2446 4502 2864 4584 participatio.
2907 4501 2984 4562 Et
3013 4497 3302 4561 eamdem

1742 4601 1947 4681 tetigit
1967 4619 2046 4664 ex
2089 4597 2488 4680 Scholasticis
2513 4593 2978 4674 antiquioribus
3011 4589 3308 4654 Albertus

1742 4697 2036 4776 Magnus,
2065 4695 2134 4756 in
2171 4697 2238 4768 3,
2268 4693 2330 4754 d.
2365 4695 2468 4764 10,
2499 4695 2620 4752 art.
2654 4691 2753 4764 13,
2781 4689 2888 4750 ubi
2913 4689 3086 4750 recte
3102 4690 3304 4758 notat,

1744 4789 2075 4870 dupliciter
2113 4789 2478 4867 contingere
2513 4783 2754 4847 hahere
2781 4781 3152 4845 filiationem
3188 4796 3306 4858 per

1746 4901 1815 4948 se
1844 4901 1960 4946 seu
1995 4880 2384 4944 naturalem:
2408 4897 2538 4941 uno
2578 4878 2778 4940 modo.
2795 4894 2912 4957 per
2953 4876 3164 4936 actum
3189 4889 3306 4932 na-

1742 4987 1923 5056 turm,
1940 4993 2066 5058 quo
2085 4975 2276 5037 modo
2297 4973 2490 5036 Filius
2509 4977 2784 5036 aeternus
2807 4969 3000 5031 habet
3023 4986 3062 5029 a
3082 4967 3298 5039 Patr-03

1741 5073 1865 5138 alio
1882 5073 2052 5135 uodo
2079 5070 2348 5150 (inquit),
2377 5085 2490 5150 por
2511 5066 2885 5130 identitatem
2914 5069 2972 5126 et
2989 5079 3106 5143 per
3132 5061 3304 5123 usio-

1740 5185 1871 5230 nem
1902 5167 1988 5229 ad
2007 5165 2188 5228 illum
2229 5162 2338 5245 qui
2359 5180 2470 5242 per
2505 5165 2796 5224 natarum
2826 5155 3046 5228 haben
3077 5159 3138 5216 et
3181 5152 3304 5214 hoc

1740 5258 2072 5341 posteriori
2086 5256 2274 5320 modo
2285 5256 2370 5318 ait
2385 5253 2832 5316 communicari
2815 5245 3306 5312 humanitatifi·

159 5353 233 5431 gis
266 5357 372 5420 sibi
396 5361 789 5441 conjunctam
818 5373 1009 5437 quam
1036 5357 1120 5418 sit
1160 5355 1329 5418 filius
1356 5353 1661 5417 nami-alis
1736 5353 2062 5416 liationem
2075 5350 2354 5413 divinam
2369 5365 2484 5430 per
2495 5347 2762 5428 gratiam
2775 5342 3048 5417 unionis,
3067 5346 3132 5402 et
3156 5338 3302 5401 ideo

158 5461 245 5508 suo
268 5453 433 5529 patri,
462 5453 718 5534 quando
735 5453 943 5518 solum
969 5456 1065 5515 est
1090 5451 1255 5514 inter
1296 5467 1411 5513 eos
1436 5449 1661 5512 identi-

162 5543 237 5602 tas
295 5545 583 5624 specifica.
630 5549 933 5610 Praeterea
990 5543 1363 5612 'declaratur
1430 5543 1654 5618 aliter,

1738 5467 1869 5511 non
1898 5465 2041 5512 esse
2065 5447 2594 5528 adoptionem‚se
2523 5442 2646 5506 sed
2678 5441 2866 5521 longe
2913 5437 3304 5518 superiorem

1739 5543 2026 5623 gratian.
2047 5541 2122 5604 Et
2142 5557 2220 5603 ex
2241 5537 2564 5602 modernis
2576 5535 2863 5598 eamdem
2885 5529 3298 5595 differentiam
