3892 6167
1283 372 1605 428 ntsvmn.
1638 373 1839 428 ΧΧΧΙΙ.
1874 374 2044 432 W.
2081 375 2161 430 lv.

170 473 303 544 dire,
326 473 388 530 ct
410 467 698 540 nolebat:
716 472 785 530 et
807 467 909 532 hie
930 474 1027 532 est
1040 487 1267 532 sensns
1288 471 1681 546 Damasceni,

166 562 410 628 seeundo
430 561 565 624 icco
619 575 817 640 supra
860 562 1071 636 citato,
1104 568 1170 626 et
1223 565 1592 644 sophronii,
1612 566 1680 628 in

168 655 411 740 Epistula
444 653 765 735 synodali,
815 673 961 733 qum
1004 655 1277 722 refertur
1306 661 1385 722 vt
1406 659 1676 740 synod„

168 759 269 814 act.
296 754 357 811 11
384 765 402 820 ;
432 749 499 809 l).
522 748 781 810 ‘rhum
800 747 929 818 hic,
954 755 1021 811 et
1040 750 1331 814 aliorum..
1361 753 1513 825 Qum
1534 751 1679 816 doc·

164 846 303 908 trina
324 847 387 904 et
410 859 520 922 per
543 857 611 903 se
638 841 794 904 estis
812 842 1222 922 probata-est,
1254 852 1321 907 ct
1336 846 1679 908 wisirma-

168 941 441 1018 ripotest,
468 934 614 1014 quia
644 933 932 999 Christus
952 939 1295 1016 assumpsit
1325 940 1445 1001 hos
1474 939 1679 1002 defec-

164 1039 265 1106 tus,
308 1035 377 1091 ut
403 1047 510 1110 per
532 1045 639 1091 ecs
679 1045 803 1106 pro
828 1029 1011 1093 nobis
1038 1031 1425 1096 satisfaceret
1448 1052 1465 1103 ι
1500 1049 1679 1112 opor·

162 1126 263 1186 tuit
293 1139 443 1203 crgo
474 1128 545 1184 ut
568 1128 782 1184 essent
804 1123 1166 1200 voluntarii,
1188 1125 1347 1187 alias
1372 1144 1504 1188 non
1528 1127 1675 1188 fiiis·

164 1224 279 1281 sent
300 1216 381 1278 ad
402 1215 907 1281 satisfaciendum
942 1217 1179 1280 idonei.

222 1313 277 1372 Β.
320 1311 397 1371 Et
412 1327 489 1372 ex
512 1309 609 1371 his
635 1311 919 1389 seqnitur
936 1312 1163 1390 primo,
1182 1311 1548 1393 hujusmodi
1564 1313 1679 1378 de-

156 1407 326 1470 lectus
354 1420 461 1469 seu
502 1403 831 1484 passiones
878 1421 1012 1466 non
1032 1404 1227 1468 fnisse
1256 1407 1497 1469 Christo
1526 1407 1675 1470 sim-

155 1499 371 1578 pliciter
385 1501 654 1568 mactem
696 1497 871 1576 quia,
903 1497 1053 1560 lieet
1080 1506 1295 1562 essent
1320 1507 1541 1564 contra
1562 1519 1675 1582 ap-

148 1591 392 1671 petitum
430 1595 694 1666 nature,
726 1597 791 1654 et
814 1591 1151 1654 interdum
1160 1601 1381 1658 coum
1422 1602 1675 1660 namra·

144 1685 261 1746 tam
288 1683 555 1763 aliquam
579 1683 1037 1763 displicentiam
1074 1685 1437 1764 voluntatis,
1465 1694 1538 1752 ut
1564 1707 1673 1752 ua-

146 1785 278 1838 tara
300 1781 433 1850 est,
457 1775 723 1840 inerunt
734 1781 951 1840 tanen
990 1779 1393 1844 consentanei
1442 1780 1673 1846 delibe-

146 1877 281 1932 ratis
316 1877 497 1948 atque
528 1869 840 1934 abachum
879 1877 945 1932 et
979 1872 1217 1936 efficaci
1258 1873 1579 1946 voluntati.
1634 1895 1673 1938 a

144 1979 257 2043 qn
278 1963 470 2026 habet
483 1965 675 2040 actio,
702 1969 777 2026 ut
798 1965 882 2028 sit
904 1965 1259 2030 voluntaria
1284 1968 1668 2049 simpliciter,

150 2057 411 2136 quamvis
428 2057 507 2118 sit
524 2056 945 2122 involuntaria
982 2066 1103 2122 aut.
1136 2061 1411 2124 violenta
1452 2081 1671 2128 secun-

154 2151 285 2212 dnm
306 2149 475 2228 qnid,
503 2156 574 2212 nt
594 2156 841 2214 constat
880 2170 959 2214 ex
984 2155 1025 2216 3
1072 2153 1295 2228 Ethic„
1324 2173 1379 2216 c.
1415 2158 1475 2228 1,
1514 2162 1578 2218 et
1606 2159 1663 2216 1.

156 2247 207 2315 2,
232 2261 287 2324 q.
306 2247 371 2314 6.
389 2249 505 2306 art.
540 2245 605 2316 6,
634 2243 715 2306 de
748 2261 879 2324 qna
908 2245 1179 2325 repleta
1201 2247 1485 2310 dicemus
1510 2248 1669 2312 infe·

151 2336 283 2411 rins,
314 2336 649 2414 quastione
680 2338 781 2402 ¹8.
808 2337 1115 2411 Secundo.
1148 2357 1227 2402 ex
1261 2339 1365 2402 his
1404 2340 1665 2422 intelligi

152 2433 209 2490 et
228 2429 523 2492 conciliari
546 2436 809 2510 pessunt
832 2431 1007 2494 varia
1032 2432 1493 2512 Theolcgorum
1539 2435 1667 2500 dic·

154 2527 213 2580 ta
230 2537 251 2592 ς
268 2522 589 2586 affirmant.
614 2523 787 2586 enim
828 2524 1045 2603 aliqui,
1096 2526 1407 2588 Christum
1454 2529 1667 2590 Domi-

160 2631 289 2676 ιιιιιιι
308 2633 427 2678 non
444 2615 636 2680 fuisse·
656 2617 749 2680 ita
773 2618 1125 2698 eniricctum
1172 2622 1531 2684 necessitati
1558 2623 1669 2686 ha·

156 2725 273 2770 rain
298 2709 705 2784 affectionum,
736 2711 893 2790 quin
929 2710 1119 2774 tuerit
1166 2713 1231 2774 in
1281 2714 1421 2794 ejus
1449 2715 1671 2780 volan-

154 2805 261 2862 tate
280 2802 539 2880 positum
552 2803 693 2866 illas
724 2819 855 2866 non
876 2805 1137 2876 sentire.
1154 2807 1405 2872 etiamsi
1426 2815 1669 2874 contra·

158 2891 237 2952 ria
254 2895 487 2972 agentia
506 2902 719 2962 meent
742 2897 1131 2962 sufficienter
1152 2900 1482 2980 applicata,
1507 2921 1669 2982 qno-

160 2985 321 3048 modo
348 2987 607 3069 loquitur
617 2990 957 3054 ‚abulensis
980 3009 1191 3072 supra.
1224 2995 1343 3056 Alii
1370 3013 1522 3060 vero
1534 3013 1667 3060 om·

164 3093 258 3140 nes
276 3083 561 3146 centrario
588 3083 783 3148 modo
815 3084 1182 3164 loquuntur.
1220 3087 1345 3150 Sed
1392 3091 1665 3169 primum

164 3175 479 3246 estvm-um.
510 3176 917 3240 considerata
967 3177 1197 3243 Christi
1222 3181 1565 3253 voluntate,
1596 3190 1665 3245 ut

166 3261 323 3326 Verbi
366 3267 837 3335 instrumentum
896 3276 1013 3336 est.
1066 3272 1425 3338 Secundum
1463 3293 1613 3339 vero
1641 3320 1658 3351 ‚

174 3357 523 3424 ansidei-atis
536 3362 737 3426 solum
758 3364 1156 3428 naturatibus
1180 3365 1417 3428 viribus
1440 3367 1663 3434 huma·

174 3463 251 3512 aa
270 3450 591 3519 voluntatis.
620 3455 864 3520 Deinde
906 3456 1123 3524 dicunt
1159 3458 1375 3539 aliqui,
1430 3462 1659 3541 passio·

178 3556 269 3604 nes
282 3543 573 3613 hasnum
594 3547 843 3614 Christo
870 3550 1281 3626 voluntariae,
1306 3553 1513 3620 solum
1560 3573 1663 3616 vo-

180 3631 371 3702 luntate
403 3642 853 3717 concomitanti,
882 3649 958 3706 ut
989 3644 1257 3722 Bonam,
1294 3646 1563 3711 Almain.
1600 3654 1667 3714 et

187 3725 599 3812 sumuntur,
628 3736 801 3816 qnod
826 3737 1089 3815 quidem
1112 3744 1211 3804 est
1230 3757 1447 3804 verum
1470 3741 1535 3804 in
1556 3741 1664 3804 ali·

188 3821 777 3906 summasunmna,
820 3835 895 3892 et
908 3830 1305 3897 considerata
1344 3832 1663 3898 voluntate

183 3909 371 3993 Christi,
392 3920 587 3988 sotum
602 3922 794 4002 ⁴*iuxta
824 3921 993 3991 vires
1040 3924 1403 3990 uatnmles·
1383 3969 1407 4004 ,
1436 3927 1661 3990 nihilo-

176 4007 333 4076 minus
350 4015 573 4088 nmen,
616 4015 1015 4082 considerata
1060 4017 1168 4080 illa
1216 4017 1541 4087 voluntate
1592 4027 1661 4084 ut

168 4101 520 4175 instrumenta
535 4108 745 4182 Verbi,
794 4126 1019 4174 omnes
1066 4109 1347 4176 defectus
1394 4120 1661 4194 possunt

168 4193 255 4260 dici
274 4199 607 4277 voluntarii,
636 4201 825 4267 etiam
880 4203 1349 4280 antecedenter,
1392 4207 1659 4270 etmulti

162 4308 333 4356 eorum
354 4293 601 4362 fuerunt
624 4295 857 4361 eodem
873 4297 1067 4362 modo
1094 4297 1451 4374 voluntarii,
1469 4301 1657 4364 etiam

158 4392 397 4464 respectu
422 4387 761 4453 veluntatis
782 4407 896 4470 per
931 4389 1101 4454 vires
1137 4410 1285 4454 suas
1332 4393 1658 4459 namrales

154 4480 440 4558 operantia,
460 4485 537 4542 ut
555 4481 937 4561 explicatum
962 4489 1080 4546 cst.

710 4681 927 4736 SBG'HO
954 4681 1035 4736 lv.

150 4793 301 4852 Utrum
325 4797 683 4872 assumpserit
706 4793 965 4856 Christus
1004 4798 1091 4854 sui
1138 4799 1385 4872 corporis
1416 4798 1654 4854 localem

340 4881 913 4953 circumscriptionem
940 4889 993 4940 et
1020 4885 1402 4940 mutationem.

204 5051 255 5109 1.
294 5049 429 5110 linc
452 5049 715 5128 questio
748 5049 818 5110 in
843 5046 1275 5129 superioribus
1300 5053 1399 5112 est
1424 5047 1650 5110 virtute

144 5139 377 5214 definita,
406 5148 478 5202 el.
506 5141 653 5204 ideo
686 5142 955 5205 fortasse
982 5161 1021 5204 a
1046 5143 1124 5204 D.
1145 5143 1383 5204 Thomu
1422 5139 1652 5202 et-aliis

144 5233 374 5314 antiquis
416 5233 817 5298 Scholasticis
864 5235 1283 5316 praetermissa
1330 5240 1425 5296 est
1442 5277 1459 5306 ,
1504 5233 1651 5312 quia

142 5344 205 5389 ec
232 5335 497 5408 tempore
540 5347 675 5392 non
714 5335 871 5396 erat.
898 5329 967 5390 iu
1012 5328 1275 5393 dubium
1327 5333 1649 5402 revocata5

140 5439 277 5484 nunc
300 5439 439 5483 vero
462 5429 727 5504 propter
744 5439 943 5486 novos
970 5423 1173 5485 nostri
1200 5421 1499 5501 temporis
1528 5420 1653 5480 1·oe-

142 5514 327 5576 ιιιιίοοε
380 5516 735 5578 necessario
784 5514 1167 5596 disputanda
1212 5519 1339 5589 est,
1376 5512 1653 5579 breviter

416 5633 592 5681 xvnl.

3207 375 3322 438 277

1764 478 1980 536 tamen
2003 473 2186 551 juxta
2221 473 2664 541 scholasticum
2691 476 3065 544 institutum.
3096 481 3326 548 Dicunt

1762 583 1917 644 ergo
1944 566 2048 628 isti
2083 566 2376 641 haeoetici,
2407 585 2538 632 nou
2560 571 2978 650 assumpsisse
3008 573 3320 640 Christum

1758 658 2098 722 Dominum
2153 659 2432 739 corporis
2481 661 2580 724 sui
2635 662 3320 746 circumscriptionem,

1758 766 1871 814 eeu
1894 750 2330 816 definitionem
2371 753 2456 816 ad
2486 773 2680 818 unum
2711 755 2960 834 locum,
3001 760 3118 822 sed
3143 779 3222 824 ex
3260 761 3321 823 vi

1757 843 2012 910 unionis
2057 844 2147 906 illi
2191 847 2728 914 communicatum
2753 867 2936 924 esse,
2975 859 3044 914 ut
3071 853 3154 914 sit
3188 853 3322 920 ubi-

1760 953 1885 1016 que
1914 937 2080 1000 sicut
2105 938 2246 1017 ipsa
2271 938 2587 1016 diviuitas,
2617 943 2907 1019 quamvis
2939 962 3068 1006 non
3095 946 3160 1008 in
3189 963 3323 1008 om·

1761 1029 1950 1092 nibus
1971 1031 2128 1094 locis
2157 1031 2384 1096 visibili
2407 1033 2598 1095 modo
2625 1036 3008 1114 apparuerit.
3028 1039 3204 1104 Unde
3224 1039 3318 1116 fit,

1756 1131 2222 1201 consequenter
2257 1142 2368 1186 eos
2401 1143 2542 1188 esse
2571 1126 2869 1203 dicturos,
2907 1129 3064 1192 illud
3089 1147 3320 1211 corpus

1757 1231 2086 1292 nunquam
2125 1215 2320 1280 tuisse
2367 1235 2514 1280 vere
2559 1224 2623 1279 et
2657 1219 2723 1280 iu
2751 1237 2824 1282 re
2861 1219 2998 1300 ipsa
3035 1221 3322 1288 localiter

1756 1313 2038 1380 motum;
2073 1327 2438 1389 quanquam
2486 1311 2658 1374 enim
2701 1312 2766 1374 in
2811 1312 3100 1378 hocloco
3129 1316 3318 1380 inter·

1756 1400 1911 1464 dum
1959 1420 2028 1464 se
2075 1402 2448 1476 ostenderit,
2502 1410 2565 1466 et
2609 1405 2676 1466 in
2719 1404 2846 1471 alio
2891 1409 3312 1484 occultaverit,

1754 1512 2084 1575 nunquam
2125 1501 2336 1560 tamen
2363 1496 2464 1558 vel
2489 1497 2780 1577 priorem·
2795 1499 3008 1565 locum
3035 1502 3312 1582 reliquit,

1753 1587 1857 1650 vel
1894 1607 2130 1651 novum
2162 1589 2512 1669 occupavit.
2563 1591 2764 1670 nujus
2797 1591 3027 1656 erroris
3077 1595 3318 1674 primus

1753 1687 1972 1744 auctor
1999 1689 2293 1744 censetur
2323 1681 2516 1744 fuisse
2543 1682 2818 1746 Jacobus
2848 1683 3050 1748 Faber
3091 1689 3316 1768 Stupu-

1754 1770 1947 1836 lensis
1973 1819 1989 1848 ,
2040 1792 2231 1856 super
2263 1780 2293 1837 1
2335 1775 2416 1840 ad
2441 1776 2580 1841 Cur.
2617 1778 2717 1849 ¹2,
2745 1777 2852 1839 ubi
2887 1778 3056 1850 dicit,
3087 1797 3316 1862 corpus

1754 1867 1980 1930 Christi
2008 1868 2248 1948 replere
2275 1869 2503 1930 coelum
2531 1874 2594 1930 et
2627 1875 2887 1947 terram,
2918 1876 2981 1932 et
3011 1871 3177 1934 idem
3213 1875 3317 1936 ha·

1750 1959 1860 2023 het
1886 1961 1954 2022 in
1983 1979 2121 2042 cap.
2169 1965 2246 2024 14
2275 1963 2458 2025 Joan.
2492 1965 2568 2026 Et
2594 1963 2676 2026 ab
2704 1963 2826 2027 hoc
2862 1967 3136 2030 creditur
3165 1969 3318 2030 hau-

1753 2054 1909 2116 sisse
1932 2055 2103 2116 hunc
2135 2073 2412 2118 errorem
2453 2057 2798 2130 Lutherus‚
2837 2077 3028 2138 quem
3067 2071 3316 2124 secutus

1751 2153 1847 2213 est
1866 2149 2184 2223 Brennus,
2209 2151 2586 2226 KemnitiuS,
2614 2157 2676 2212 et
2701 2151 2806 2214 alii
2831 2153 3214 2232 huiusmodi,
3247 2165 3316 2220 ut

1747 2239 1941 2304 refert
1963 2243 2307 2318 Prateolus‚
2343 2242 2460 2302 sub
2499 2261 2720 2306 eorum
2753 2246 3146 2318 nominibus;
3173 2250 3314 2312 Lin-

1749 2333 1954 2398 danus
1973 2381 1994 2411 ,
2027 2335 2266 2415 Dia-leg.
2295 2339 2366 2416 2;
2409 2336 2766 2410 sanderus,
2803 2335 2908 2398 lib.
2939 2339 2977 2400 7
3005 2341 3083 2402 de
3113 2342 3284 2404 Visib

1748 2426 2071 2490 Monarch.
2095 2473 2114 2500 ‚
2151 2428 2378 2490 baeres.
2397 2431 2530 2500 205
2575 2435 2638 2490 et
2677 2431 2798 2492 655
2817 2445 2840 2506 ;
2875 2435 2940 2491 et
2979 2433 3196 2496 Claud.
3227 2435 3308 2498 de

1748 2520 2012 2596 Sainct.,
2045 2520 2106 2581 in
2137 2520 2244 2598 lib.
2278 2521 2358 2583 de
2385 2522 2782 2596 Eucharist.,
2819 2525 3193 2604 repetitione
3221 2533 3260 2592 4
3286 2544 3307 2605 ;

1750 2619 1917 2678 etex
1963 2613 2192 2675 nostris
2220 2614 2453 2694 optime
2502 2620 2567 2676 et
2612 2615 2972 2694 nuperrime
2999 2619 3310 2683 Robcrtus

1748 2707 2166 2770 Bellarminus
2187 2753 2204 2780 ‚
2248 2706 2356 2768 lib.
2391 2709 2428 2770 3
2460 2708 2537 2769 de
2567 2709 2878 2770 incarnat.
2908 2755 2924 2784 ,
2953 2729 3012 2772 c.
3058 2716 3116 2774 1.
3147 2714 3312 2776 Fun-

1748 2799 2116 2862 damentum
2145 2800 2374 2862 horum
2407 2799 2842 2864 haereticorum
2869 2803 3012 2877 fuit,
3053 2808 3204 2886 qnia
3230 2827 3308 2872 ex

1746 2893 1984 2956 unione
2025 2893 2420 2973 hypostatica
2463 2895 2766 2974 consequi
2807 2899 3164 2963 necessario
3190 2919 3308 2982 pu-

1747 2990 1909 3060 tant,
1931 2991 2002 3046 ut
2027 2986 2442 3065 proprietates
2461 2988 2648 3048 unius
2670 2993 2907 3050 naturae
2934 2989 3112 3052 alteri
3139 3009 3308 3056 com·

1744 3079 2084 3142 municatae
2113 3079 2270 3152 sint,
2313 3097 2437 3142 non
2467 3081 2673 3142 sctum
2721 3081 2784 3142 in
2830 3091 3144 3160 concreto,
3177 3103 3309 3148 res-

1746 3179 1933 3252 pectu
1979 3190 2292 3254 personae,
2319 3191 2434 3254 per
2463 3175 3096 3240 communicationem
3151 3178 3306 3242 idio-

1744 3269 2014 3344 matum,
2043 3266 2156 3328 sed
2204 3267 2391 3330 etiam
2429 3266 2496 3328 in
2523 3267 2836 3330 abstracto
2857 3314 2873 3344 ,
2903 3287 3018 3348 per
3065 3271 3302 3336 realem

1746 3360 2379 3422 communicationem
2433 3362 2886 3442 proprietatum
2935 3370 3000 3426 et
3047 3369 3304 3432 natura-

1742 3472 1885 3516 rum
1918 3453 2083 3517 inter
2111 3473 2203 3518 se.
2237 3455 2366 3516 Sed
2400 3455 2864 3518 observandum
2892 3463 3008 3533 est,
3057 3459 3307 3520 haereti-

1746 3565 1854 3609 cos
1880 3565 2014 3608 non
2041 3547 2267 3610 eodem
2291 3545 2479 3631 modo
2509 3566 2718 3628 neque
2747 3556 3106 3617 constanter
3137 3553 3302 3614 hunc

1745 3657 2024 3705 errorem
2077 3640 2424 3704 asseruisse
2457 3661 2474 3700 ι
2511 3641 2815 3723 principio
2851 3643 3018 3706 enim
3071 3644 3300 3708 dixisse

1742 3733 2058 3806 videntur,
2084 3733 2302 3795 Christi
2334 3733 2786 3796 humanitatem
2819 3733 2902 3796 ab
2933 3737 3070 3815 ipsa
3098 3739 3300 3800 incar·

1742 3827 2022 3902 natione,
2041 3834 2108 3890 et
2126 3845 2204 3888 ex
2226 3826 2286 3886 vi
2307 3826 2556 3888 unionis
2583 3826 2876 3890 hahuisse
2897 3828 3084 3901 hanc,
3107 3848 3294 3912 quam

1742 3919 2158 4000 ubiquitatem
2188 3923 2447 3993 vocant;
2491 3927 2710 3998 postea
2745 3937 2924 3994 vero,
2957 3923 3102 4002 quia
3130 3923 3298 3986 vide-

1738 4012 1927 4075 batur
1985 4013 2106 4074 hoc
2159 4011 2492 4092 Scripturis
2547 4029 2906 4092 repugnare
2935 4059 2952 4088 ‚
3005 4015 3298 4079 dixerunt

1740 4106 1905 4170 hanc
1958 4106 2368 4186 ubiquitatem
2423 4105 2754 4187 dupliciter
2803 4107 3021 4170 haberi
3077 4128 3262 4192 posse
3269 4155 3292 4186 ‚

1742 4200 1972 4280 primo,
2001 4200 2180 4280 quasi
2209 4199 2276 4260 in
2303 4198 2538 4273 radice,
2568 4199 2670 4260 vel
2697 4199 2764 4260 in
2804 4207 2950 4262 actu
2981 4201 3204 4282 primo,
3233 4209 3296 4266 et

1742 4293 1863 4354 hoc
1896 4292 2086 4356 modo
2115 4292 2408 4356 habuisse
2459 4292 2634 4357 illam
2678 4292 2760 4355 ab
2805 4293 2979 4356 initio
3014 4295 3297 4360 incarna-

1738 4387 1953 4463 tionis;
1989 4386 2160 4466 quod
2205 4386 2356 4446 nihil
2405 4383 2582 4449 aliud
2625 4403 2762 4450 esse
2813 4385 3060 4450 videtur
3099 4407 3292 4468 quam

1734 4479 1925 4542 fuisse
1953 4478 2040 4542 illi
2065 4478 2342 4541 debitam
2369 4478 2536 4540 hanc
2571 4477 3020 4558 perfectionem
3049 4482 3292 4548 ratione

1734 4573 2008 4644 unioni5‚
2039 4589 2400 4653 quanquam
2443 4576 2699 4652 propter
2744 4577 2973 4636 statum
3015 4578 3290 4656 corporis

1732 4667 2046 4749 passibilis
2099 4683 2166 4730 re
2213 4666 2350 4746 ipsa
2403 4683 2534 4728 non
2573 4667 2782 4728 statim
2830 4669 3292 4734 communicata

1732 4761 1943 4824 fuerit.
1969 4758 2258 4824 Secundo
2290 4776 2449 4865 erge
2471 4759 2659 4822 modo
2689 4759 2906 4822 haberi
2935 4767 3140 4850 potest
3161 4765 3292 4827 haec

1734 4833 2086 4935 proprietas
2129 4857 2314 4930 actu,
2343 4851 2497 4914 etin
2541 4869 2610 4914 se
2639 4853 2818 4932 ipsa,
2863 4853 3034 4935 quod
3067 4863 3291 4920 vocant

1730 4947 1871 5028 ipsi,
1899 4946 2074 5008 illam
2103 4944 2382 5011 habere
2363 4963 2434 5006 ιιι
2463 4950 2606 5008 actu
2629 4945 2930 5020 secundo;
2964 4965 3091 5008 non
3122 4949 3290 5011 enim

1728 5046 1993 5124 possunt
2027 5040 2090 5102 hi
2119 5037 2368 5102 termini
2397 5038 2462 5100 in
2491 5037 2807 5120 proposito
2833 5039 3068 5105 habere
3093 5042 3287 5104 alium

1732 5149 2026 5206 sensum;
2061 5132 2234 5210 quia,
2267 5131 2332 5192 in
2360 5129 2672 5194 attributis
2715 5149 2854 5212 quae
2890 5150 3018 5194 non
3049 5135 3290 5196 consis-

1734 5233 1873 5290 tunt
1898 5226 1962 5287 in
1995 5224 2360 5304 operatione
2382 5268 2403 5298 ,
2434 5240 2641 5302 neque
2671 5221 2738 5284 in
2767 5224 3286 5305 principioilliuS,

1734 5321 1847 5384 sed
1880 5319 1947 5382 in
1977 5318 2192 5401 aliqua
2225 5316 2472 5380 formali
2508 5315 2887 5396 perfectione
2907 5363 2924 5391 ‚
2957 5325 3026 5379 ut
3053 5325 3145 5379 est
3169 5319 3289 5379 hoc

1734 5415 1815 5478 de
1836 5431 1963 5493 quo
1991 5412 2260 5492 agimuS,
2292 5407 2546 5480 scilicet,
2579 5409 2992 5483 immensitaS,
3024 5409 3123 5472 vel
3153 5411 3291 5472 ubi·

1732 5508 1964 5590 quitaS,
1993 5510 2170 5568 actus
2197 5501 2510 5566 secundus
2539 5501 2694 5562 nihil
2720 5501 2889 5569 aliud
2917 5521 3055 5566 esse
3083 5509 3284 5584 potest
