3892 6167
1401 349 1723 405 mSPU'rAT.
1756 348 1977 405 xxxvi.
2010 349 2184 406 sEc'r.
2218 352 2283 405 ΙΙ.

3328 351 3446 414 327

221 465 332 523 est
363 453 794 531 necessarius,
817 451 1050 516 habeat
1085 456 1525 530 augmentum,
1553 469 1666 514 seu
1697 467 1808 512 ex·
1889 451 2174 530 sequitur
2194 451 2555 515 necessario
2589 451 2759 516 idem
2788 450 2907 514 dici
2944 469 3131 532 posse
3160 453 3239 520 de
3264 453 3448 519 visio-

221 554 594 619 tensionem
620 548 886 618 liberam
907 545 988 610 ad
1003 545 1453 609 secundarium.
1463 545 1801 625 objectum.

225 651 515 728 Propter·
529 647 978 723 argumentum
997 648 1208 705 autem
1235 640 1390 702 illud
1405 641 1485 702 de
1518 640 1806 702 immuta-

225 744 478 806 bilitate
504 739 678 802 illins
703 743 904 812 actus,
956 734 1174 798 dicunt
1219 735 1412 814 aliqui
1470 752 1656 816 posse
1704 751 1806 796 ac-

225 845 374 899 tum
415 851 556 898 esse
584 831 859 894 liberum
909 834 973 894 et
1005 828 1484 902 immutabilem,
1531 829 1692 892 sicut
1714 825 1806 889 vi-

1883 563 1971 606 ne
1992 545 2203 620 beata,
2237 548 2385 624 quia
2412 565 2527 627 per
2551 547 2723 608 illam
2748 547 3037 608 videntur
3060 554 3360 612 creaturae
3377 548 3445 610 in

1886 639 2015 700 Deo
2049 657 2128 702 ex
2144 640 2205 702 vi
2224 639 2482 704 visionis
2514 639 2713 721 ipsius
2740 641 2876 717 Dei,
2920 640 3091 704 unde
3136 660 3264 703 non
3298 661 3445 724 pos-

1887 740 1985 796 set
2004 733 2142 796 fieri
2168 734 2435 797 mutatio
2470 734 2537 796 in
2560 734 2699 817 ipsa
2720 735 2980 809 visione,
3014 741 3083 798 ut
3112 735 3445 802 terminata

1886 828 1969 890 ad
1992 834 2335 904 creaturae,
2372 830 2525 910 quin
2560 829 2741 892 fieret
2770 830 2841 890 in
2872 829 3096 892 eadem
3124 836 3195 891 ut
3238 831 3448 897 termi-

229 931 394 992 dere
419 928 569 990 lieet
585 927 652 990 in
680 925 1002 988 voluntate
1028 923 1164 1002 Dei,
1191 939 1334 1004 quae
1360 922 1558 986 libere
1603 939 1672 984 se
1700 920 1806 984 den
1883 927 2035 986 nata
2054 923 2137 986 ad
2164 924 2401 999 Deum3
2424 930 2600 988 actus
2627 941 2779 987 vero
2814 924 3045 986 amoris
3070 942 3200 986 non
3230 931 3445 989 exten·

227 1023 545 1086 terminat
565 1021 646 1082 ad
673 1017 932 1098 aliquod
959 1017 1304 1096 obiectum,
1327 1023 1390 1080 et
1407 1015 1474 1077 in
1495 1033 1571 1078 ea
1599 1015 1805 1078 deter-

225 1115 586 1180 minatione
615 1112 1022 1176 immutabilis
1051 1117 1170 1174 est.
1201 1111 1300 1174 Sic
1332 1109 1670 1190 (inquiunt)
1701 1110 1799 1170 in·

230 1209 438 1289 telligi
459 1213 690 1288 potest,
705 1206 982 1268 animam
1001 1204 1226 1268 Christi
1242 1206 1306 1266 in
1333 1205 1536 1284 primo
1564 1204 1798 1266 instan-

229 1305 274 1364 ti
334 1319 468 1364 suec
525 1300 858 1366 creationis
905 1300 1102 1362 libere
1154 1299 1446 1362 dilexisse
1479 1296 1799 1377 proximos

229 1396 341 1460 illo
369 1401 543 1472 actu,
587 1401 652 1456 et
679 1401 892 1458 tamen
932 1393 998 1456 in
1029 1394 1258 1456 actuali
1291 1392 1624 1454 dilectione
1677 1393 1800 1452 im-

231 1491 612 1554 mutabilem
639 1489 1060 1569 permansisse
1087 1533 1102 1564 ,
1141 1487 1345 1550 solnm
1392 1486 1542 1566 quia
1573 1492 1799 1550 natura

230 1585 396 1646 illius
425 1588 608 1646 actus
625 1582 766 1645 talis
791 1588 906 1657 est,
937 1589 1007 1644 ut
1029 1582 1110 1644 sit
1131 1581 1560 1644 immutabilis.

313 1683 375 1740 ’1.
423 1677 672 1744 Nuuus-
691 1682 866 1740 actus
889 1681 1128 1742 creatus
1170 1675 1348 1750 libor,
1392 1680 1480 1738 ert
1517 1674 1800 1738 immuta-

231 1772 402 1836 hilis.
433 1802 520 1820 --
545 1771 672 1832 Sed
693 1770 844 1832 licet
871 1769 987 1832 hoe
1023 1771 1207 1832 acute
1237 1767 1476 1830 dictum
1517 1766 1620 1842 sit,
1670 1784 1801 1828 non

227 1873 453 1930 tamen
491 1870 950 1944 consequenter
995 1863 1232 1926 dictum
1275 1863 1540 1926 videtur.
1592 1861 1798 1924 Primo

229 1961 523 2040 quidem,
559 1959 708 2038 quia
734 1959 1024 2022 voluntas
1049 1957 1276 2018 Christi
1304 1975 1434 2020 non
1492 1956 1800 2036 majorem

231 2055 686 2118 necessitatem
721 2053 942 2116 habuit
983 2053 1432 2133 perseverandi
1459 2068 1708 2130 semper
1735 2047 1800 2109 in

227 2152 338 2213 illa
369 2147 608 2214 aemuli
633 2148 970 2212 dilectione
989 2147 1274 2227 proximi,
1307 2165 1496 2227 quam
1525 2142 1802 2206 habendi

225 2247 410 2306 illam
445 2246 510 2306 in
535 2243 738 2323 primo
760 2241 1042 2318 instanti,
1064 2241 1213 2322 quia
1245 2258 1452 2321 neque
1483 2240 1566 2300 ab
1591 2239 1804 2318 objec-

227 2347 316 2412 to,
351 2355 566 2418 neque
583 2355 620 2398 a
649 2338 778 2398 Deo
793 2337 929 2416 ipso
955 2335 1396 2398 necessitatem
1419 2331 1795 2414 patiebatur3

225 2432 476 2495 referre
503 2437 716 2492 autem
733 2430 900 2492 hanc
925 2429 1366 2492 necessitatem
1383 2427 1448 2488 in
1471 2427 1670 2488 solam
1689 2444 1800 2489 na-

231 2533 451 2588 turam
475 2525 640 2586 illius
675 2531 870 2596 actus,
923 2529 1020 2586 est
1066 2522 1260 2601 gratis
1300 2521 1559 2597 dictum,
1593 2527 1654 2582 et
1705 2524 1802 2581 est

229 2619 531 2698 quaedam
558 2619 776 2698 petitio
805 2616 1094 2698 principii
1111 2631 1133 2694 3
1165 2633 1338 2689 nam,
1381 2632 1524 2676 cum
1562 2614 1664 2676 ille
1697 2631 1800 2674 ae-

229 2721 336 2776 tus
365 2713 452 2776 sit
471 2713 625 2792 quid
657 2718 960 2787 creatum,
991 2727 1070 2770 ex
1119 2709 1240 2772 hae
1291 2714 1469 2790 parte
1527 2725 1658 2770 non
1709 2713 1802 2770 est

230 2805 674 2881 immutabilis,
700 2806 914 2884 inquo
949 2803 1161 2864 differt
1203 2803 1472 2864 multum
1523 2801 1604 2862 ab
1655 2806 1800 2863 actu

235 2903 522 2964 increato
549 2900 778 2962 divinae
799 2897 1176 2972 voluntatis;
1223 2899 1286 2960 et
1319 2915 1465 2960 eum
1517 2896 1670 2958 alias
1722 2895 1800 2957 sit

233 3001 420 3058 actus
445 2993 746 3074 potentiae
778 2992 1014 3068 liberae,
1047 2998 1112 3054 et
1149 2995 1434 3054 versetur
1489 2990 1658 3052 circa
1686 2989 1798 3052 ob-

225 3089 498 3167 jectum,
533 3085 706 3166 quod
735 3103 866 3148 non
891 3085 1081 3148 infert
1119 3084 1412 3166 potentiae
1465 3083 1802 3146 necessita-

229 3189 390 3254 tem,
424 3197 634 3258 neque
684 3180 875 3242 etiam
917 3197 996 3240 ex
1051 3197 1166 3240 sua
1219 3176 1510 3258 specifica
1557 3178 1800 3240 ratione

229 3273 646 3336 immutabilis
673 3277 808 3352 est3
834 3289 964 3334 non
995 3278 1090 3334 est
1112 3290 1261 3352 ergo
1291 3278 1521 3334 natura
1551 3290 1666 3334 sua
1689 3272 1800 3334 im-

227 3369 576 3430 mutabilis.
603 3367 846 3430 Deinde
888 3368 1064 3445 quia,
1092 3367 1148 3428 si
1173 3365 1451 3432 Christus
1495 3368 1560 3427 in
1602 3367 1803 3449 primo

229 3463 498 3526 instanti
519 3462 715 3524 libere
736 3461 954 3524 dilexit
965 3462 1285 3542 proximos
1314 3462 1420 3522 illo
1451 3466 1620 3534 actu,
1652 3478 1802 3542 ergo

233 3559 439 3638 potuit
467 3574 596 3618 non
620 3556 883 3636 diligere
899 3572 918 3636 3
948 3556 1174 3619 demus
1225 3574 1376 3636 ergo
1433 3553 1802 3618 sustinuisse

237 3669 356 3730 pro
397 3650 610 3730 aliquo
639 3656 925 3729 tempore
953 3649 1132 3710 illum
1177 3655 1408 3725 ectum,
1445 3666 1560 3710 seu
1589 3655 1802 3710 exten-

235 3746 490 3808 sionem
521 3745 684 3824 ejus,
711 3759 929 3804 nonne
958 3747 1202 3824 poterat
1248 3747 1471 3822 postea
1523 3741 1801 3822 incipere

235 3840 500 3919 diligere
523 3836 843 3918 proximos
871 3837 978 3898 illo
993 3841 1136 3900 actu
1158 3841 1182 3898 ’ἐ
1208 3842 1374 3898 certe
1407 3853 1536 3897 non
1559 3834 1805 3898 videtur

235 3934 300 3996 id
317 3931 728 4013 probabiliter
741 3947 924 4012 posse
937 3929 1334 4010 negari,quia
1345 3930 1399 3990 si
1415 3929 1482 3991 in
1501 3928 1804 4010 principio

239 4027 300 4090 id
321 4027 548 4106 potuit,
568 4045 682 4088 cur
700 4043 828 4086 non
853 4031 1094 4104 postea,
1113 4041 1256 4086 cum
1281 4023 1382 4084 ille
1415 4027 1588 4084 actus
1610 4041 1805 4102 capax

239 4123 324 4184 sit
347 4121 520 4182 illius
539 4119 885 4200 augmenti,
903 4123 968 4180 et
993 4119 1130 4197 ipsa
1141 4117 1422 4198 potentia
1443 4133 1691 4196 semper
1709 4133 1807 4176 re·

239 4217 444 4278 lineat
467 4214 592 4274 vim
618 4219 682 4274 et
703 4211 1052 4272 libertatem
1077 4211 1154 4272 ad
1187 4207 1806 4272 efficiendumillum?

242 4307 422 4380 Quod
441 4307 496 4370 si
510 4306 712 4386 potuit
727 4303 1002 4366 Christus
1019 4307 1162 4386 post
1179 4302 1432 4381 aliquod
1447 4308 1695 4384 tempus
1711 4301 1802 4364 in-

241 4402 456 4482 cipere
481 4399 800 4479 proximos
811 4398 1065 4476 diligere
1081 4396 1386 4476 perillum
1409 4403 1802 4476 actum,ergo

243 4497 346 4558 ille
373 4501 554 4556 actus
576 4493 655 4556 de
681 4509 748 4553 se
777 4491 1094 4556 mutabilis
1124 4496 1220 4552 est
1247 4489 1596 4554 seeundum
1648 4489 1803 4551 illud

241 4593 698 4669 augmentum;
723 4603 894 4666 erge,
925 4585 1060 4666 pari
1079 4584 1347 4659 ratione,
1387 4584 1616 4645 mutari
1663 4601 1806 4664 pos·

243 4691 338 4746 set
361 4701 477 4763 per
509 4681 922 4744 cessationem
971 4679 1052 4739 ab
1099 4677 1328 4740 actuali
1375 4677 1805 4756 proximorum

243 4777 606 4842 dilectione.
638 4774 920 4852 Denique
949 4772 1054 4833 ille
1075 4777 1274 4846 aetus,
1294 4776 1481 4851 prout
1509 4771 1807 4833 termina-

245 4878 346 4932 tur
376 4869 458 4930 ad
488 4869 834 4948 proximos,
871 4883 998 4927 non
1051 4864 1322 4944 pertinet
1372 4861 1454 4924 ad
1506 4864 1806 4924 essentia-

245 4965 366 5026 lem
398 4962 881 5035 beatitudinem,
924 4975 1134 5038 neque
1165 4958 1356 5018 habet
1383 4957 1808 5019 necessariam

246 5058 704 5120 connexionem
737 5071 884 5116 cum
911 5051 1137 5116 actuali
1168 5067 1386 5112 amore
1414 5049 1523 5111 Dei
1550 5065 1572 5128 ;
1602 5055 1809 5130 potest

247 5151 416 5212 enim
471 5149 750 5230 perfecte
781 5147 981 5208 amari
1031 5147 1220 5221 Beue,
1271 5142 1556 5223 quamvis
1604 5143 1808 5222 proxi-

249 5265 386 5306 mus
412 5264 544 5308 non
570 5262 820 5322 semper
842 5249 989 5304 actu
1019 5243 1284 5314 ametur,
1340 5237 1450 5298 sed
1487 5237 1805 5299 interdum

251 5345 488 5402 tantum
519 5340 588 5400 in
618 5337 876 5408 habitu;
911 5353 1040 5396 non
1076 5337 1168 5394 est
1183 5349 1328 5410 ergo
1353 5330 1804 5393 inconveniens

253 5433 601 5512 (supposita
625 5430 733 5492 illa
759 5427 1094 5504 sententia)
1122 5424 1448 5490 admittere
1479 5425 1804 5504 hujusmo-

253 5526 312 5588 di
360 5525 776 5591 mutationem
823 5520 1183 5602 possibilem
1207 5519 1275 5582 in
1330 5517 1434 5580 illo
1463 5523 1626 5580 actu.
1674 5517 1802 5582 Nec

1885 1017 2057 1078 ditur
2084 1017 2166 1078 ad
2192 1022 2510 1082 creaturas
2538 1035 2618 1079 ex
2660 1017 3017 1080 necessaria
3054 1019 3443 1082 connexione

1879 1111 2297 1190 objectorum,
2332 1111 2445 1174 sed
2473 1129 2551 1174 ex
2576 1111 2779 1174 libera
2814 1111 3183 1176 efficacitate
3222 1111 3445 1178 volun-

1880 1206 2049 1279 tatis,
2077 1211 2149 1268 ut
2178 1205 2415 1268 dictum
2446 1211 2563 1268 est.

1960 1300 2021 1360 8.
2070 1298 2443 1379 ObJectio.-
2469 1300 2801 1382 Responsio
2822 1301 3141 1384 prima.-
3169 1301 3297 1366 Sed
3324 1299 3441 1364 ed-

1879 1395 2007 1454 huc
2058 1392 2247 1474 objici
2272 1399 2502 1473 potest,
2528 1395 2649 1456 hoc
2690 1413 2819 1456 non
2869 1412 3009 1457 esse
3062 1396 3209 1458 satis
3238 1401 3311 1459 ιιι
3336 1394 3440 1458 ille

1882 1495 2061 1551 actus
2084 1495 2155 1550 ut
2192 1489 2282 1550 sic
2306 1490 2386 1552 sit
2412 1490 2793 1566 meritorius„
2816 1491 2965 1571 quia
2986 1509 3113 1554 non
3146 1497 3241 1554 est
3265 1497 3441 1554 actus

1879 1582 2159 1660 viatoris„
2188 1589 2260 1644 ut
2281 1584 2483 1646 viator
2512 1590 2631 1658 eet,
2659 1601 2805 1646 cum
2824 1584 3123 1648 fundetur
3150 1585 3216 1646 in
3244 1585 3442 1648 scien-

1881 1678 1973 1740 tia
1994 1677 2217 1750 beata;
2248 1677 2327 1740 de
2350 1678 2593 1740 ration-e
2624 1679 2797 1740 enim
2842 1678 3051 1742 meriti
3103 1697 3243 1742 esse
3272 1679 3443 1742 vide-

1879 1775 2006 1847 tur,
2028 1779 2099 1834 ut
2116 1771 2463 1835 formaliter
2482 1772 2565 1835 sit
2592 1777 2769 1835 actus
2783 1773 3036 1837 viatoris
3060 1779 3131 1836 ιιι
3158 1773 3267 1838 sic.
3290 1771 3442 1836 Res-

1879 1865 2195 1947 pondetur
2216 1882 2228 1925 :
2249 1866 2371 1927 hoc
2400 1871 2773 1946 argumento
2798 1867 3196 1948 probaretur,
3218 1885 3443 1930 omnes

1882 1965 2059 2022 aetus
2082 1958 2377 2022 fundatos
2392 1959 2463 2022 in
2478 1960 2737 2022 scientia
2763 1959 2977 2023 infusa
2998 1979 3126 2022 non
3156 1979 3293 2024 esse
3317 1977 3448 2024 me-

1883 2051 2151 2130 ritorios,
2180 2069 2303 2114 nec
2323 2053 2581 2116 viatoris
2609 2059 2679 2116 ιιι
2704 2054 2817 2127 sic,
2846 2055 2994 2134 quia
3018 2056 3155 2135 ipsa
3182 2053 3444 2116 scientia

1883 2145 2093 2208 infusa
2144 2145 2357 2226 aliquo
2410 2145 2603 2208 modo
2652 2149 3059 2227 consequitur
3115 2147 3445 2210 scientiam

1881 2241 2157 2302 beatam.
2187 2240 2335 2302 Dico
2362 2239 2578 2319 igitur,
2612 2244 2683 2302 ut
2720 2246 2898 2304 actus
2948 2241 3028 2303 sit
3056 2241 3441 2319 meritoriae,

1885 2335 2035 2396 satis
2064 2351 2203 2396 esse
2250 2340 2319 2395 ut
2358 2334 2439 2394 sit
2467 2332 2697 2410 bonus,
2746 2333 2935 2412 liber,
2966 2341 3030 2398 et
3066 2335 3133 2396 in
3172 2353 3446 2416 persona

1884 2433 2065 2508 grata
2103 2428 2170 2488 in
2216 2427 2318 2488 via
2373 2425 2679 2490 existente
2701 2449 2721 2504 3
2777 2427 2973 2504 unde,
3026 2427 3441 2509 supponendo

1882 2521 2173 2584 eamdem
2197 2537 2533 2601 personam
2566 2520 2755 2582 simul
2784 2539 2924 2584 esse
2954 2522 3443 2601 comprehenso-

1879 2632 2017 2678 rem
2047 2620 2109 2676 et
2134 2613 2464 2689 viatorem,
2488 2631 2617 2675 non
2646 2620 2958 2696 repugnat
2978 2613 3201 2677 merito
3230 2621 3302 2678 ut
3328 2612 3445 2676 ali-

1881 2727 2007 2792 quo
2044 2710 2236 2772 modo
2268 2708 2571 2772 fundetur
2604 2708 2673 2771 in
2710 2709 2847 2789 ipsa
2890 2708 3129 2772 visione
3159 2727 3443 2790 eompre-

1879 2805 2189 2880 hensoriS,
2224 2803 2337 2866 sed
2383 2803 2587 2866 solum
2610 2809 2925 2886 repugnat
2946 2802 3034 2866 illi
3063 2809 3135 2866 ut
3166 2801 3443 2866 formali-

1879 2905 1978 2962 ter
2005 2917 2079 2961 ac
2106 2917 2219 2980 per
2240 2917 2307 2961 se
2335 2899 2647 2978 pertineat
2663 2897 2747 2960 ad
2771 2901 3003 2966 statum
3029 2895 3442 2977 comprehen-

1883 2991 2045 3055 soris
2082 2999 2150 3054 ut
2204 2991 2315 3055 sic.
2340 2991 2547 3069 Unde,
2583 2991 2747 3054 sicut
2774 2991 3034 3054 scientia
3060 2993 3247 3054 beata
3278 2989 3443 3052 exis·

1883 3093 2021 3148 tens
2048 3085 2117 3147 in
2143 3085 2381 3148 viatore
2410 3091 2619 3166 potest
2646 3103 2785 3148 esse
2811 3085 2971 3148 ratio
2996 3083 3439 3166 prophetandi,

1879 3179 1967 3242 ita
2008 3179 2197 3243 etiam
2242 3184 2451 3261 potest
2503 3197 2642 3240 esse
2684 3177 3061 3260 principium
3092 3177 3191 3240 vel
3216 3177 3443 3240 funda-

1883 3281 2168 3338 mentum
2196 3271 2502 3336 merendi.
2524 3271 2601 3334 Et
2626 3271 2749 3334 dici
2771 3277 2973 3354 potest
2999 3271 3101 3334 ille
3122 3279 3296 3334 actus
3315 3271 3443 3332 via·

1883 3368 2037 3432 toris
2065 3375 2134 3431 ut
2163 3369 2275 3445 sic,
2306 3367 2456 3448 quia
2488 3367 2625 3447 ipsa
2658 3365 2811 3428 visio
2852 3385 2984 3429 non
3036 3373 3241 3446 potest
3270 3365 3349 3427 ad
3375 3365 3447 3426 il-

1882 3463 2013 3526 lum
2046 3467 2277 3538 actum,
2319 3467 2388 3523 ut
2412 3459 2769 3524 meritorius
2798 3467 2915 3536 est,
2946 3459 3285 3538 deservire,
3316 3459 3443 3521 nisi

1883 3562 2071 3638 prout
2100 3561 2191 3618 est
2221 3546 2577 3616 in·viatore.

1962 3653 2023 3712 9.
2070 3649 2182 3711 Hie
2203 3647 2428 3710 modus
2462 3647 2736 3723 dicendi,
2766 3645 3089 3728 supposito
3113 3663 3241 3708 uno
3270 3642 3439 3728 prin-

1884 3743 2071 3822 cipi0‚
2096 3741 2163 3802 in
2192 3758 2316 3820 quo
2340 3739 2665 3816 fundatur,
2692 3739 2842 3802 satis
2868 3737 3277 3821 probabiliter
3298 3756 3443 3818 pro-

1886 3835 2071 3912 cedit,
2105 3836 2379 3914 satisque
2411 3837 2890 3914 consequenter,
2920 3838 3107 3914 atque
3151 3832 3239 3894 ita
3284 3831 3440 3894 mihi

1889 3928 2227 4010 aliquando
2258 3927 2513 4007 placuit.
2542 3925 2579 3990 J
2585 3945 2687 3988 am
2713 3945 2863 3990 vero
2895 3927 3179 3989 existimo
3208 3924 3445 4006 princi-

1887 4026 2063 4106 pium
2094 4021 2245 4084 illud
2271 4039 2407 4083 esse
2434 4021 2685 4099 falsum,
2704 4020 2850 4102 quia
2876 4021 2943 4082 in
2964 4021 3204 4082 actibus
3230 4019 3446 4082 volun-

1890 4121 2033 4182 tatis
2071 4117 2173 4180 vel
2216 4117 2586 4194 intellectuS,
2612 4133 2741 4178 non
2772 4123 2863 4178 est
2900 4115 3181 4178 extensio
3230 4111 3336 4175 illa
3363 4111 3445 4174 ad

1888 4215 2071 4295 plura
2102 4211 2349 4292 objecta
2379 4211 2748 4286 materialia,
2779 4227 2895 4290 per
2926 4207 3445 4289 compositionem

1885 4313 1949 4370 et
1975 4305 2323 4368 unitionem
2350 4305 2615 4368 realium
2648 4305 2923 4384 partium
2982 4301 3439 4376 distinctarum,

1884 4399 1994 4461 sed
2037 4406 2146 4461 aut
2177 4405 2353 4462 actus
2396 4398 2770 4462 terminatur
2815 4397 2897 4460 ad
2952 4413 3141 4458 unam
3199 4401 3445 4458 tantum

1883 4513 2045 4572 rem,
2074 4495 2196 4569 vel,
2230 4497 2281 4558 si
2322 4495 2699 4558 terminatur
2739 4493 2821 4555 ad
2870 4493 3107 4574 plureS,
3143 4491 3211 4554 id
3253 4489 3445 4554 habet

1888 4607 1967 4652 ex
1987 4587 2373 4667 perfectione
2406 4592 2469 4650 et
2508 4586 2849 4652 eminentia
2893 4604 3021 4648 suae
3050 4583 3443 4646 indivisibilis

1887 4681 2181 4756 entitatiS,
2221 4680 2392 4761 quod
2416 4699 2632 4764 supra,
2657 4699 2719 4761 q.
2756 4681 2856 4754 10,
2882 4678 3210 4741 tractando
3242 4676 3322 4738 de
3350 4677 3445 4738 vi-

1886 4774 2064 4836 sione
2088 4774 2273 4837 beata
2291 4773 2513 4838 Christi
2538 4773 2814 4846 Domini,
2833 4791 2869 4834 a
2897 4771 3080 4833 nobis
3107 4769 3447 4851 probatum

1887 4873 2016 4941 est;
2056 4874 2118 4929 et
2146 4868 2359 4931 omnia
2389 4867 2473 4928 ibi
2513 4867 2805 4942 adducta,
2835 4863 3057 4928 eadem
3084 4862 3186 4926 vel
3219 4861 3444 4944 majori

1887 4957 2133 5022 ratione
2168 4961 2377 5023 locum
2404 4959 2639 5022 habent
2661 4959 2726 5021 in
2764 4961 2883 5022 hoc
2908 4963 3053 5020 actu
3079 4957 3443 5032 voluntatiS,

1889 5053 2036 5134 quia
2058 5053 2180 5118 illae
2202 5053 2341 5116 duae
2368 5072 2494 5130 ree,
2522 5053 2777 5127 scilicet,
2800 5053 2972 5115 Deus
3000 5057 3062 5114 et
3094 5051 3442 5132 proximuS,

1887 5147 2097 5209 minus
2153 5147 2575 5209 necessariam
2612 5146 3069 5208 connexionem
3106 5143 3343 5205 habent
3376 5144 3445 5204 in

1887 5240 2107 5302 ordine
2134 5241 2214 5301 ad
2245 5259 2549 5315 amorem,
2578 5258 2769 5319 quam
2801 5240 2865 5301 in
2896 5238 3117 5301 ordine
3150 5237 3232 5297 ad
3258 5235 3444 5298 visio·

1885 5353 2069 5412 ne1n;
2096 5333 2290 5409 unde,
2323 5335 2373 5395 si
2396 5333 2499 5395 illa
2522 5334 2749 5396 entitas
2781 5331 3034 5408 amoris,
3060 5347 3200 5410 quae
3231 5328 3445 5389 termi-

1883 5435 2071 5490 natur
2112 5428 2188 5489 ad
2242 5429 2619 5509 proximum,
2655 5432 2750 5491 est
2802 5426 2867 5486 in
2916 5443 2983 5486 re
3029 5422 3321 5484 distincta
3358 5420 3441 5482 ab

1884 5521 2029 5598 alia,
2052 5539 2191 5600 quae
2224 5522 2595 5586 terminatur
2616 5521 2695 5583 ad
2715 5522 2941 5598 Deum,
2960 5535 3089 5579 non
3112 5519 3319 5598 potest
3346 5515 3442 5576 in-
