3892 6167
1365 325 1681 379 msPUTAT.
1717 323 1815 377 Lll.
1851 327 2021 380 SECT.
2058 327 2143 381 111.
3234 329 3355 390 569

64 415 518 488 Honorum·
543 421 804 504 quidem,
847 427 906 487 et
945 423 1040 488 ita
1077 431 1252 498 certe,
1293 433 1366 490 ut
1405 428 1476 489 in
1515 443 1718 489 eonem
1797 426 1924 492 kcec
1962 430 2183 493 oblatio
2210 429 2403 494 celati
2424 432 2697 512 quodam
2721 433 3120 515 primogeniti
3158 451 3357 498 come-

64 516 391 580 iomim
435 516 660 595 templa
697 517 826 579 Deo
853 522 1209 583 emereamur
1232 565 1251 596 ,
1295 523 1450 585 dona
1490 523 1718 602 effera-
1797 523 1993 583 cr‘atio
2032 529 2185 585 erat.
2235 523 2506 588 Alterius
2534 533 2732 590 autem
2762 541 3002 604 munuc,
3042 545 3160 589 non
3184 545 3357 592 eectte

66 622 290 677 ntes,
361 625 568 672 eorum
615 611 936 673 moriac
976 612 1242 676 colamus
1263 660 1280 686 ,
1311 619 1489 696 atque
1521 616 1590 676 ia
1631 615 1716 677 eie

64 699 568 776 epirieuatiter
591 703 964 766 oblectemur.
1003 706 1078 766 Et
1117 707 1281 768 hanc
1325 708 1520 770 fuisse
1562 727 1712 787 per-

64 799 410 868 petuam
457 804 522 856 et
548 796 965 875 Apostolicam
990 800 1430 878 traditionem,
1471 807 1712 864 constat

64 900 162 944 ex
207 886 512 966 Epiph.‚
539 887 906 962 hoere8.·69;
939 891 1258 968 AmbroS.‚
1291 895 1398 956 lib.
1434 898 1494 968 1,
1523 894 1706 974 epist.

64 981 100 1036 3
141 997 168 1050 ;
213 983 528 1062 August.
552 1027 574 1058 ,
599 982 709 1047 lib.
743 985 776 1044 1
809 983 890 1045 de
911 985 1114 1059 Civit„
1145 1005 1284 1066 cap.
1315 992 1383 1063 1;
1420 989 1706 1066 Gregor„

64 1073 101 1130 z).
145 1072 482 1152 Dialog„
509 1093 646 1154 cap.
671 1077 732 1148 8,
755 1083 820 1138 et
835 1076 946 1139 lib.
969 1080 1035 1152 3,
1060 1097 1200 1160 cap.
1223 1083 1333 1159 143
1361 1089 1422 1142 et
1437 1082 1642 1143 Leone
1658 1083 1706 1156 Ι,

64 1182 340 1228 serm.
377 1171 410 1230 1
451 1167 534 1232 de
563 1170 630 1230 Β.
672 1169 854 1232 Petro
881 1178 946 1233 et
969 1173 1196 1244 Paulm
1226 1193 1300 1236 ac
1329 1175 1602 1254 denique
1633 1193 1708 1236 ex

66 1257 224 1320 vu
267 1261 556 1341 Synod„
602 1270 722 1326 act.
757 1267 830 1334 6,
861 1272 1012 1328 tom.
1043 1271 1101 1328 1.
1141 1268 1340 1343 Quam
1373 1274 1712 1330 consuetu-

64 1349 362 1416 dinem
393 1363 644 1418 auctam
661 1364 724 1420 et
749 1358 1119 1422 illustratam
1146 1363 1540 1442 potissimum
1561 1366 1711 1427 fuis-

64 1464 160 1505 se
203 1467 264 1508 a
313 1450 708 1528 temporibus
734 1452 1030 1532 Sylvestri
1062 1459 1125 1516 et
1155 1456 1546 1520 Constantini
1574 1458 1711 1520 vul-

66 1558 290 1618 gare
329 1549 458 1617 est,
477 1547 610 1604 tum
639 1561 714 1605 ex
746 1546 820 1606 iis
842 1564 983 1625 qum
1009 1548 1076 1607 in
1103 1552 1134 1610 1
1167 1555 1320 1612 tom.
1346 1552 1605 1628 concil„
1629 1553 1709 1616 de

67 1634 470 1712 sylvestro
505 1643 568 1700 et
595 1637 1002 1702 Constantino
1038 1641 1430 1722 referuntur3
1467 1652 1600 1708 tum
1631 1665 1710 1709 ex

69 1729 447 1792 omnibus
503 1731 934 1795 ecclesiasticis
975 1733 1273 1808 historiis:
1333 1745 1460 1800 turn
1519 1740 1709 1802 etiam

77 1839 188 1880 ex
223 1823 535 1902 antiquis
562 1827 986 1888 monumentis
1025 1847 1166 1908 quae
1201 1831 1396 1892 oculis
1432 1849 1710 1893 cernun-

77 1920 260 1986 tur,
301 1933 454 1993 quae
497 1923 622 1978 tam
660 1919 858 1980 multa
905 1927 1088 1994 sunt,
1140 1926 1358 2002 totque
1390 1925 1708 1987 miraculis

83 2007 546 2084 confirmata,
573 2016 644 2072 ut
671 2029 746 2072 ex
773 2029 984 2074 errore
1011 2015 1249 2093 aliquo,
1281 2018 1378 2077 vel
1403 2018 1562 2080 falsa
1583 2027 1710 2082 tra·-

85 2099 416 2175 ditione,
440 2103 828 2181 opinionem,
853 2123 996 2183 quae
1023 2107 1102 2169 de
1119 2108 1242 2169 illis
1256 2108 1544 2184 habetur,
1571 2131 1712 2192 pro-

93 2193 380 2256 fectam
414 2213 554 2258 esse
589 2198 956 2260 incredibile
1000 2202 1100 2264 sit.
1146 2203 1326 2265 Unde
1368 2206 1709 2268 Concilium

93 2286 646 2368 carthaginense
689 2291 743 2352 V
767 2335 784 2364 ,
817 2310 955 2372 cap.
991 2297 1094 2368 14,
1137 2297 1396 2358 modum
1425 2299 1706 2379 erigendi

99 2381 255 2442 has
285 2382 618 2454 ecclesias,
647 2390 712 2446 et
738 2385 1106 2447 Sanctorum
1137 2389 1348 2451 titulos
1377 2390 1710 2454 intituendi

101 2474 518 2552 praescrihit.
541 2475 876 2538 Concilium
897 2479 1048 2540 item
1069 2480 1376 2558 Cabilon.,
1397 2502 1536 2565 cap.
1565 2485 1706 2560 ult.,

111 2575 396 2645 quanta
435 2572 786 2632 reverentia
822 2572 954 2634 haec
993 2573 1134 2636 loca
1177 2593 1356 2638 sacra
1386 2579 1708 2640 tractanda

111 2662 292 2735 sint,
342 2661 550 2724 docet.
605 2664 764 2727 Illud
811 2667 1116 2747 denique,
1173 2671 1340 2748 quod
1394 2673 1707 2747 Nazianz„

113 2762 308 2816 orat.
349 2757 424 2830 3,
453 2771 596 2834 quae
647 2765 739 2820 est
783 2759 986 2838 prima
1017 2768 1234 2824 contra
1259 2764 1532 2842 Julian„
1579 2783 1710 2827 me·-

111 2849 370 2912 moriae
393 2849 684 2928 prodidit,
715 2853 1258 2919 animadversione
1291 2857 1552 2937 dignum
1590 2863 1706 2934 est,

115 2942 324 3018 quod
359 2947 426 3004 ut
445 2945 786 3023 jucundius
813 2945 922 3008 fiat
944 2992 960 3017 ,
999 2947 1164 3010 illius
1205 2951 1412 3012 verbis
1436 2953 1715 3014 referen-

114 3035 302 3096 dum
331 3038 578 3109 censum
605 3039 845 3100 liabens
871 3041 1042 3102 enim
1065 3061 1420 3106 sermonem
1449 3045 1530 3108 de
1557 3053 1706 3109 tem·

117 3147 304 3208 pore
335 3148 466 3209 quo
487 3131 702 3194 Gallus
736 3139 798 3194 et
823 3135 1133 3210 Julianus,
1167 3137 1432 3199 diversis
1457 3141 1711 3220 quidem

121 3222 400 3298 studiis,
431 3224 654 3287 eadem
681 3233 893 3288 tamen
920 3229 1242 3308 religionis
1267 3231 1448 3308 signa
1473 3235 1712 3313 praebe·

123 3317 328 3383 bant.
356 3317 444 3379 sic
469 3318 672 3398 inquit
695 3338 709 3381 z
731 3322 786 3384 J
787 3339 886 3384 am
912 3327 1462 3403 sunzptuoeieeimie
1487 3345 1712 3410 quoque

125 3412 516 3491 Martyrum
535 3419 1038 3493 mammetem
1063 3420 1396 3482 votivorum
1424 3423 1712 3486 donorum

125 3507 584 3578 munificentiis
598 3553 621 3584 ,
656 3511 1040 3592 omnibusque
1079 3511 1233 3574 aliis
1275 3513 1452 3577 rebus
1493 3517 1712 3596 quibus

128 3598 397 3662 ditium
423 3601 608 3662 timor
633 3604 978 3682 insignim-
997 3649 1017 3679 ,
1057 3606 1379 3686 sapientia»
1411 3611 1705 3686 studium,

133 3691 504 3773 Christique
529 3712 792 3757 amorem
823 3696 1246 3769 declarabant‚·
1275 3700 1434 3764 alter
1473 3705 1708 3782 quidem

129 3803 284 3849 cere
329 3792 387 3851 et
428 3787 584 3850 serio
625 3791 910 3868 pietatem
951 3795 1240 3873 profitens
1252 3838 1273 3870 ,
1322 3794 1480 3858 alter
1507 3803 1708 3860 autem

131 3887 390 3962 tempus
411 3883 730 3958 redimens,
757 3901 830 3948 ac
867 3886 976 3948 sub
1005 3889 1484 3952 mansuetudinis
1520 3894 1710 3970 specie

133 3979 334 4054 atque
377 3975 614 4041 obtentu
636 4023 652 4047 ,
696 3995 932 4041 morum
971 3982 1338 4060 pravitatem
1381 3985 1701 4048 occultam.

137 4067 328 4142 Quod
349 4070 584 4150 quidem
605 4089 680 4134 etc
705 4089 766 4134 eo
793 4075 1082 4152 conjicere
1097 4075 1316 4145 licebit,
1346 4093 1532 4155 neque
1551 4078 1710 4140 enim

133 4163 537 4237 miraculum,
568 4167 728 4245 quod
766 4172 908 4229 tunc
941 4167 1187 4242 accidit,
1215 4168 1456 4231 silentio
1494 4176 1710 4250 proete·

135 4257 280 4317 rire
303 4274 538 4336 queam,
563 4265 765 4338 utpote
789 4263 1080 4323 moria
1105 4261 1414 4340 imprimis
1436 4263 1705 4340 dianam,

137 4353 330 4428 atque
351 4349 646 4428 ejusmodi
669 4357 740 4414 itt
772 4353 1099 4432 impiorum
1125 4354 1338 4418 ocultis
1371 4355 1710 4418 documento

139 4459 274 4504 esce
301 4444 519 4520 possit.
543 4443 940 4523 Mae-mribus
955 4443 975 4526 (
989 4451 1060 4507 ut
1090 4443 1359 4509 dicimus
1381 4447 1593 4523 >ambo
1617 4449 1712 4512 Ia·-

141 4535 462 4608 herebant,
506 4536 1034 4618 munificentiaque
1067 4543 1124 4600 et
1157 4539 1524 4602 liberalitate
1549 4559 1709 4620 prce·-

139 4629 312 4691 clare
335 4629 500 4691 inter
528 4647 593 4693 ee
619 4631 1060 4699 contendebant,
1075 4637 1206 4693 tum
1223 4632 1556 4695 multarum
1583 4652 1710 4696 ma·

138 4741 338 4786 naam
377 4741 556 4804 opera
569 4770 586 4799 ‚
631 4729 762 4788 tam
801 4725 1021 4790 maltis
1051 4725 1340 4805 impensis
1381 4729 1564 4790 oedem
1609 4747 1711 4793 ea-

143 4835 321 4880 cram
361 4825 722 4882 comentes.
781 4817 998 4884 Verum
1014 4862 1033 4892 ,
1081 4823 1360 4898 quoniam
1396 4837 1516 4882 aon
1564 4825 1712 4900 pari

143 4910 478 4986 voluntate,
525 4912 830 4993 animique
872 4911 1152 4974 instituto
1187 4911 1256 4972 iot
1301 4913 1408 4976 hoc
1441 4929 1588 4992 opus
1615 4917 1709 4976 ia-

145 5005 516 5077 cumbebaat,
551 5007 799 5079 idcirco,
829 5022 1014 5085 aeque
1032 5003 1100 5066 in
1125 5005 1388 5067 συνιεῖσα
1408 5007 1588 5084 finem
1614 5006 1709 5070 la·

149 5096 260 5157 bor
307 5100 553 5178 utrique
595 5099 1113 5178 proprediebatur.
1147 5097 1400 5160 Etenim
1447 5099 1710 5162 alteriue

145 5189 258 5252 boc
299 5195 390 5252 est
422 5193 648 5267 fratris
677 5198 830 5256 natu
857 5191 1150 5270 majoris,
1179 5207 1328 5272 opus
1359 5190 1712 5268 perficieba-

155 5291 281 5355 tw,
311 5291 488 5367 atque
515 5305 588 5349 ecc
611 5289 851 5350 ratim
876 5286 1222 5368 procedebat
1239 5330 1260 5359 ‚
1285 5285 1408 5347 Dea
1433 5285 1710 5349 videlicet

154 5396 374 5442 manue
399 5378 560 5442 illud
585 5379 837 5442 libenter
865 5378 1216 5440 admittente
1232 5420 1251 5450 ,
1295 5377 1462 5440 velut
1500 5376 1710 5442 Abelis

159 5471 556 5550 sacrificium,
577 5478 734 5537 recte
757 5478 812 5538 et
835 5471 1094 5536 oblatum
1123 5475 1180 5536 et
1207 5471 1512 5544 divisum;
1533 5474 1711 5553 atque

1795 630 1868 676 ac
1894 613 2047 678 Gaia
2072 616 2463 692 sacrificium,
2501 620 2664 682 Deae
2694 621 3053 700 Martyrum
3068 623 3355 701 repudia-

1795 707 1918 770 bat.
1960 710 2179 788 Itaque
2221 711 2327 772 ille
2368 714 2604 792 quidem
2633 714 2943 776 laborabat
2960 759 2977 787 ,
3020 715 3127 776 sed
3158 721 3349 786 terra,

1791 803 1951 882 quael
1977 804 2343 868 elaboratam
2369 809 2603 884 suerat,
2632 807 2985 870 excutiebat.
3026 807 3147 870 Ille
3185 808 3354 870 velte-

1791 898 2053 958 mentiue
2078 899 2273 961 adbuc
2300 898 2671 962 obnitebatur
2698 925 2720 961 .·
2744 900 2870 962 hoec
2896 901 3157 962 bominis
3184 917 3352 982 αμα

1784 987 2017 1066 pietate
2036 992 2291 1070 proediti
2314 995 2705 1066 fundamenta
2728 1011 2935 1072 capere
2963 995 3347 1070 detrectabat,

1789 1085 2081 1162 tanquam
2114 1091 2515 1150 terraemotum
2546 1105 2677 1148 eum
2718 1104 2887 1166 quem
2924 1087 3123 1168 ipsius
3158 1087 3352 1150 scetus

1790 1173 2123 1238 allaturum
2152 1182 2309 1246 erat.
2328 1179 2623 1250 clamans,
2646 1197 2717 1242 ac
2732 1197 2841 1258 per
2863 1179 3217 1256 impiissimi
3238 1179 3348 1242 Ito-

1788 1267 1975 1330 minie
1994 1271 2259 1340 dedecus,
2284 1272 2597 1352 Martyres
2640 1273 2855 1335 bonore
2880 1273 3176 1350 afficiens.
3199 1272 3352 1333 Ter-

1792 1360 1914 1435 tio,
1945 1361 2239 1424 coluntur
2266 1363 2477 1424 Sancti
2504 1364 2585 1424 ab
2614 1365 2891 1426 Ecclesia
2914 1364 3173 1443 jejuniis
3200 1412 3213 1438 ,
3261 1365 3349 1426 vi-

1792 1455 1980 1534 giliis,
2010 1457 2641 1534 peregrinationibus,
2674 1466 2739 1520 et
2762 1458 2901 1519 aliis
2929 1458 2993 1518 id
3018 1475 3219 1536 genus
3246 1475 3348 1519 ac·

1790 1548 2094 1621 tionibus,
2146 1557 2215 1610 ut
2257 1551 2379 1612 late
2429 1551 2883 1632 Hieronymum,
2916 1569 3093 1629 opuS.
3128 1557 3347 1612 contra

1790 1640 2088 1720 vigilam:
2120 1649 2185 1704 et
2210 1645 2335 1704 Leo
2367 1644 2556 1723 Papa,
2586 1663 2763 1706 conc.
2792 1643 2873 1706 de
2906 1643 3101 1705 Feriis
3126 1646 3165 1704 4
3187 1649 3347 1704 tem-

1790 1751 2017 1812 porum
2032 1751 2053 1812 ;
2086 1742 2151 1798 et
2176 1737 2361 1816 plura
2390 1739 2673 1815 congerit
2712 1738 2949 1799 Alanus
2973 1781 2991 1810 ,
3036 1735 3185 1796 dial.
3212 1739 3275 1807 3,
3307 1755 3347 1796 a

1788 1827 2019 1906 princ„
2052 1837 2115 1890 et
2142 1847 2198 1891 e.
2230 1831 2299 1890 21
2329 1848 2345 1903 ;
2376 1836 2441 1891 et
2478 1831 2603 1891 alia
2645 1831 2929 1892 dicemus
2979 1834 3242 1908 ugentes
3267 1829 3347 1890 de

1787 1919 2069 2000 reliquiis
2092 1923 2487 1985 Sanctorum.

1875 2017 1933 2076 5.
1980 2015 2213 2088 Tertio,
2246 2017 2391 2077 hinc
2419 2017 2625 2096 (quod
2655 2016 2736 2077 ad
2762 2016 3017 2078 modum
3045 2014 3345 2096 loquendi

1791 2111 2069 2186 spectat)
2112 2108 2337 2170 merito
2367 2109 2467 2172 hic
2515 2109 2719 2172 cultus
2746 2111 3117 2171 Sanctorum
3163 2125 3347 2170 sacer

1791 2207 1854 2261 et
1879 2200 2212 2279 religiosus
2240 2201 2500 2276 dicitur;
2544 2211 2611 2265 ut
2642 2203 2810 2265 enim
2840 2203 3165 2282 eleganter
3198 2201 3347 2262 dicit

1791 2295 2075 2366 Damas,
2112 2295 2300 2357 citato
2328 2295 2467 2356 loco
2496 2313 2516 2356 z
2546 2297 2773 2370 Quibus
2798 2297 2975 2358 rebus
3006 2296 3173 2357 Dm
3208 2293 3347 2358 coli·

1791 2390 1916 2458 tur,
1945 2387 2165 2450 eisdem
2204 2390 2361 2450 servi
2388 2389 2519 2469 ejus
2556 2389 2948 2462 oblectantur,
2986 2393 3351 2470 quapropter

1791 2480 2091 2553 Psalmis,
2138 2480 2413 2559 Hymetii·
2432 2527 2447 2552 ‚
2494 2489 2550 2544 et
2599 2484 2860 2546 canticis
2922 2479 3351 2562 spiritualibus

1795 2570 2055 2636 Sancto:
2081 2573 2335 2636 colimus
2348 2597 2375 2644 ,·
2404 2575 2549 2652 quia
2576 2593 2727 2654 ergo
2754 2575 2857 2636 hie
2880 2574 3087 2635 cultus
3116 2573 3177 2632 in
3202 2571 3349 2634 reli·-

1793 2663 1983 2742 giosis
2006 2665 2377 2740 actionibus,
2400 2674 2461 2728 et
2476 2668 2557 2728 ad
2574 2668 2867 2746 pietatem
2889 2665 3349 2747 pertinentibus

1791 2757 2033 2836 positus
2061 2765 2179 2834 est,
2211 2759 2433 2822 merito
2472 2760 2805 2839 religiosus
2826 2761 3075 2822 dicitur.
3109 2760 3347 2821 Secun-

1792 2850 1898 2924 do,
1940 2852 2087 2929 quia
2118 2852 2138 2930 (
2164 2858 2233 2914 ut
2272 2871 2351 2914 ex
2380 2855 2612 2916 sanctis
2660 2854 2943 2915 Patribus
2966 2850 3347 2932 praecedenti

1793 2946 2067 3008 sectione
2096 2947 2301 3009 citatis
2338 2947 2698 3027 colligitur)
2727 2948 2829 3010 hie
2856 2948 3061 3008 cultus
3095 2947 3349 3008 Sancto-

1791 3057 1932 3099 rum
1964 3039 2049 3100 ita
2082 3048 2175 3102 est
2199 3060 2345 3102 cum
2368 3042 2577 3104 divino
2606 3043 2999 3120 conjunctus,
3032 3047 3102 3100 nt
3129 3040 3211 3100 ab
3238 3038 3347 3099 illo

1793 3131 2031 3193 oriatur
2050 3140 2111 3194 et
2132 3135 2496 3214 imperetur,
2518 3154 2555 3194 ει
2576 3153 2703 3214 quo
2734 3143 3069 3214 propterea
3094 3132 3351 3211 religio-

1793 3243 1898 3285 sus
1919 3226 2228 3286 nominari
2256 3234 2480 3305 potest.
2504 3228 2735 3301 Tertio,
2752 3228 2903 3306 quia
2920 3228 3007 3289 ad
3024 3225 3349 3306 spirituale

1789 3317 2027 3378 bonum
2050 3319 2273 3380 animae
2293 3321 2477 3382 valde
2504 3321 2765 3396 confert,
2788 3328 2921 3383 tum
2945 3338 3059 3401 per
3080 3337 3173 3394 se,
3198 3319 3349 3398 quia

1791 3410 2189 3472 devotionem
2216 3414 2444 3476 excitat
2486 3421 2549 3476 et
2594 3421 2787 3494 auget
2836 3414 2903 3475 in
2950 3411 3135 3472 nobis
3182 3411 3348 3472 circa

1789 3521 1892 3566 res
1920 3521 2164 3582 sacras;
2212 3513 2343 3567 tum
2384 3508 2573 3568 etiam
2618 3505 2928 3568 beneficia
2980 3504 3191 3566 divina
3232 3521 3348 3583 per

1791 3597 2157 3660 Sanctorum
2179 3598 2687 3661 intercessionem
2716 3599 2897 3660 nobis
2924 3597 3342 3678 impetrando.

1791 3691 2053 3770 Propter
2070 3691 2240 3771 quod
2261 3690 2411 3753 dixit
2427 3691 2761 3772 Gregorius
2780 3692 3090 3765 Nazianz„
3110 3690 3173 3750 in
3194 3707 3348 3769 quo-

1789 3783 1934 3844 dam
1950 3785 2225 3846 carmine
2243 3785 2323 3847 de
2338 3786 2564 3848 virtute
2586 3808 2601 3846 ε
2627 3785 2974 3848 Meminisse
2992 3784 3349 3862 Martyrum

1787 3878 1979 3942 solum
2011 3877 2117 3960 (ut
2145 3877 2321 3960 reor)
2358 3882 2551 3960 affert
2588 3880 2867 3942 satutem.
2902 3876 3135 3949 Quarto
3164 3875 3348 3937 deni-

1789 3991 1939 4052 que,
1970 3973 2116 4051 quia
2142 3972 2245 4034 hic
2274 3975 2479 4035 cultus
2507 3974 2571 4035 in
2597 3992 2755 4053 pura
2780 3981 2843 4036 et
2870 3972 3143 4053 perfecta
3169 3990 3349 4032 sanc·

1791 4067 1965 4128 titate
2032 4065 2333 4130 fundatur
2379 4086 2395 4140 ;
2470 4068 2769 4128 sanctitas
2836 4083 2987 4128 vero
3058 4065 3347 4146 religioni

1792 4159 2081 4238 proxima
2122 4162 2255 4232 est;
2296 4166 2503 4238 potest
2540 4177 2695 4240 ergo
2725 4161 2825 4222 bic
2854 4161 3056 4224 cultus
3088 4159 3209 4222 dici
3244 4177 3348 4220 re-

1791 4251 2077 4330 ligiosus,
2122 4253 2343 4316 saltem
2391 4272 2505 4334 per
2544 4253 2887 4332 quamdam
2926 4254 3349 4335 participatio·

1790 4366 1962 4423 nem,
1985 4355 2266 4429 utsupra
2294 4349 2678 4412 dicebamus.

1871 4445 1930 4502 6.
1982 4441 2266 4522 Objectio.
2294 4475 2379 4490 -
2398 4443 2479 4506 At
2508 4444 2677 4504 enim
2706 4443 2855 4506 dicit
2898 4443 3163 4523 aliquis:
3194 4442 3345 4506 ado-

1789 4536 1951 4598 ratio
1993 4534 2365 4597 Sanctorum
2396 4537 2723 4599 beatorum
2760 4537 3047 4616 ejusdem
3086 4536 3345 4598 rationis

1790 4636 1886 4691 est
1935 4647 2079 4692 cum
2130 4630 2493 4692 adoratione
2543 4647 2685 4708 quie
2736 4630 3069 4692 exhibetur
3108 4628 3344 4690 homini

1790 4723 1957 4801 justo
2001 4730 2065 4784 et
2111 4730 2329 4785 sancto
2358 4723 2519 4784 inter
2554 4741 2669 4784 nos
2716 4723 2971 4794 viventi,
3021 4727 3089 4783 ut
3129 4728 3347 4800 aperte·

1791 4814 1977 4878 docet
2000 4815 2314 4876 Adrianus
2342 4817 2531 4896 Papa,
2569 4815 2750 4895 epist.
2794 4832 2985 4894 supra
3012 4813 3225 4886 citata,
3254 4813 3346 4874 di-

1794 4926 1944 4970 cens
1981 4923 1999 4968 z
2030 4909 2245 4982 Qualis
2278 4916 2367 4973 est
2404 4910 2504 4973 hic
2538 4908 2909 4972 matianis
2934 4907 3121 4970 honor
3142 4905 3348 4970 Sanc-

1793 5007 1991 5065 torum
2008 5001 2040 5062 ‚²
2062 5001 2354 5077 Profecto
2390 5019 2511 5064 aaa
2550 5003 2714 5064 alius
2764 5018 2947 5080 quam
2992 5000 3052 5063 ic
3102 5018 3213 5080 quo
3240 5017 3349 5063 noe

1790 5094 2042 5158 invicem
2082 5099 2505 5178 prosequimur
2530 5141 2545 5164 ,
2605 5095 2941 5157 salutantes
2986 5093 3347 5157 atterutrum

1783 5207 1896 5270 per
1919 5191 2329 5253 adorationem
2370 5197 2426 5252 et
2462 5188 2831 5253 dilectionem
2854 5215 2876 5260 ,·
2910 5187 3076 5248 unde
3128 5187 3348 5248 Hiero·

1790 5302 2021 5364 nymus
2048 5286 2113 5344 in
2144 5285 2271 5346 vita
2292 5283 2525 5359 Paulae,
2550 5281 2744 5344 refert
2769 5283 2966 5355 illam,
2996 5297 3139 5340 cum
3160 5281 3347 5342 Sano-

1791 5383 1886 5440 tos
1911 5378 2217 5438 Eremitas
2240 5376 2559 5448 inviseret,
2582 5375 2829 5437 solitam
2854 5391 2995 5436 esse
3024 5372 3105 5436 ad
3126 5390 3345 5435 eorum

1789 5470 1987 5554 pedes
2014 5470 2281 5548 devolvi,
2306 5489 2379 5533 ae
2408 5470 2459 5534 si
2490 5469 2553 5533 in
2576 5469 2842 5552 singulis
2864 5468 3175 5532 Clu-istum
3198 5467 3346 5532 ado-
