<?xml version="1.0" encoding="UTF-8"?>
<!DOCTYPE html PUBLIC "-//W3C//DTD XHTML 1.0 Transitional//EN"
    "http://www.w3.org/TR/xhtml1/DTD/xhtml1-transitional.dtd">
<html xmlns="http://www.w3.org/1999/xhtml" xml:lang="en" lang="en">
 <head>
  <title>
</title>
<meta http-equiv="Content-Type" content="text/html;charset=utf-8" />
  <meta name='ocr-system' content='tesseract 3.04.00' />
  <meta name='ocr-capabilities' content='ocr_page ocr_carea ocr_par ocr_line ocrx_word'/>
</head>
<body>
  <div class='ocr_page' id='page_1' title='image "./rpfranciscisuar00unkngoog_0397.png"; bbox 0 0 3892 6167; ppageno 0'>
   <div class='ocr_carea' id='block_1_1' title="bbox 1342 337 2122 394">
    <p class='ocr_par' dir='ltr' id='par_1_1' title="bbox 1342 337 2122 394">
     <span class='ocr_line' id='line_1_1' title="bbox 1342 337 2122 394; baseline -0.004 1"><span class='ocrx_word' id='word_1_1' title='bbox 1342 338 1663 394; x_wconf 67' lang='lat' dir='ltr'>msrtmir.</span> <span class='ocrx_word' id='word_1_2' title='bbox 1696 337 1843 392; x_wconf 77' lang='lat' dir='ltr'>xm.</span> <span class='ocrx_word' id='word_1_3' title='bbox 1878 339 2050 393; x_wconf 74' lang='lat' dir='ltr'>smr.</span> <span class='ocrx_word' id='word_1_4' title='bbox 2087 341 2122 392; x_wconf 93' lang='grc' dir='ltr'>Ι.</span> 
     </span>
    </p>
   </div>
   <div class='ocr_carea' id='block_1_2' title="bbox 150 438 1716 5560">
    <p class='ocr_par' dir='ltr' id='par_1_2' title="bbox 150 438 1716 5560">
     <span class='ocr_line' id='line_1_2' title="bbox 152 438 1698 524; baseline -0.006 -15"><span class='ocrx_word' id='word_1_5' title='bbox 152 455 257 510; x_wconf 79' lang='lat' dir='ltr'>art.</span> <span class='ocrx_word' id='word_1_6' title='bbox 288 450 351 522; x_wconf 77' lang='lat'><strong>5,</strong></span> <span class='ocrx_word' id='word_1_7' title='bbox 384 445 585 524; x_wconf 78' lang='lat' dir='ltr'>negat</span> <span class='ocrx_word' id='word_1_8' title='bbox 626 439 933 506; x_wconf 78' lang='lat' dir='ltr'><strong>Christum</strong></span> <span class='ocrx_word' id='word_1_9' title='bbox 956 438 1089 519; x_wconf 81' lang='lat' dir='ltr'>judi</span> <span class='ocrx_word' id='word_1_10' title='bbox 1100 444 1389 502; x_wconf 81' lang='lat' dir='ltr'>naturum</span> <span class='ocrx_word' id='word_1_11' title='bbox 1420 439 1698 520; x_wconf 80' lang='lat' dir='ltr'>Angelos</span> 
     </span>
     <span class='ocr_line' id='line_1_3' title="bbox 152 534 1699 621; baseline -0.006 -17"><span class='ocrx_word' id='word_1_12' title='bbox 152 540 349 621; x_wconf 82' lang='lat' dir='ltr'>quoad</span> <span class='ocrx_word' id='word_1_13' title='bbox 374 538 705 618; x_wconf 64' lang='lat' dir='ltr'>praemium</span> <span class='ocrx_word' id='word_1_14' title='bbox 735 534 1099 608; x_wconf 77' lang='lat' dir='ltr'><strong>essentiale,</strong></span> <span class='ocrx_word' id='word_1_15' title='bbox 1130 534 1243 595; x_wconf 89' lang='lat' dir='ltr'>sed</span> <span class='ocrx_word' id='word_1_16' title='bbox 1272 537 1517 595; x_wconf 82' lang='lat' dir='ltr'>tantum</span> <span class='ocrx_word' id='word_1_17' title='bbox 1546 551 1699 613; x_wconf 86' lang='lat' dir='ltr'>quo·-</span> 
     </span>
     <span class='ocr_line' id='line_1_4' title="bbox 150 628 1695 708; baseline -0.004 -14"><span class='ocrx_word' id='word_1_18' title='bbox 150 635 225 696; x_wconf 85' lang='lat' dir='ltr'>ad</span> <span class='ocrx_word' id='word_1_19' title='bbox 258 631 687 702; x_wconf 81' lang='lat' dir='ltr'>accidentale;</span> <span class='ocrx_word' id='word_1_20' title='bbox 724 645 1087 707; x_wconf 77' lang='lat' dir='ltr'>quanquam</span> <span class='ocrx_word' id='word_1_21' title='bbox 1124 628 1223 689; x_wconf 86' lang='lat' dir='ltr'>hic</span> <span class='ocrx_word' id='word_1_22' title='bbox 1269 628 1446 691; x_wconf 88' lang='lat' dir='ltr'>locus</span> <span class='ocrx_word' id='word_1_23' title='bbox 1473 645 1695 708; x_wconf 87' lang='lat' dir='ltr'>parum</span> 
     </span>
     <span class='ocr_line' id='line_1_5' title="bbox 154 722 1697 806; baseline -0.004 -18"><span class='ocrx_word' id='word_1_24' title='bbox 154 732 379 806; x_wconf 85' lang='lat' dir='ltr'>urgeat,</span> <span class='ocrx_word' id='word_1_25' title='bbox 408 731 479 784; x_wconf 89' lang='lat' dir='ltr'>ut</span> <span class='ocrx_word' id='word_1_26' title='bbox 500 727 677 803; x_wconf 84' lang='lat' dir='ltr'>patet</span> <span class='ocrx_word' id='word_1_27' title='bbox 701 740 779 784; x_wconf 85' lang='lat' dir='ltr'>ex</span> <span class='ocrx_word' id='word_1_28' title='bbox 804 722 1049 784; x_wconf 77' lang='lat' dir='ltr'>ratione</span> <span class='ocrx_word' id='word_1_29' title='bbox 1076 739 1269 802; x_wconf 83' lang='lat' dir='ltr'>quam</span> <span class='ocrx_word' id='word_1_30' title='bbox 1316 722 1404 786; x_wconf 85' lang='lat' dir='ltr'>ibi</span> <span class='ocrx_word' id='word_1_31' title='bbox 1433 723 1697 800; x_wconf 82' lang='lat' dir='ltr'>subjun-</span> 
     </span>
     <span class='ocr_line' id='line_1_6' title="bbox 158 815 1697 900; baseline -0.003 -20"><span class='ocrx_word' id='word_1_32' title='bbox 158 823 233 900; x_wconf 84' lang='lat' dir='ltr'>git</span> <span class='ocrx_word' id='word_1_33' title='bbox 260 822 320 880; x_wconf 89' lang='lat' dir='ltr'>in</span> <span class='ocrx_word' id='word_1_34' title='bbox 368 835 663 896; x_wconf 83' lang='lat' dir='ltr'>corpore,</span> <span class='ocrx_word' id='word_1_35' title='bbox 707 821 771 878; x_wconf 88' lang='lat' dir='ltr'>et</span> <span class='ocrx_word' id='word_1_36' title='bbox 806 816 887 876; x_wconf 86' lang='lat' dir='ltr'>ad</span> <span class='ocrx_word' id='word_1_37' title='bbox 910 815 1206 894; x_wconf 68' lang='lat' dir='ltr'>primum,</span> <span class='ocrx_word' id='word_1_38' title='bbox 1246 817 1503 888; x_wconf 85' lang='lat' dir='ltr'>scilicet,</span> <span class='ocrx_word' id='word_1_39' title='bbox 1548 815 1697 894; x_wconf 86' lang='lat' dir='ltr'>quia</span> 
     </span>
     <span class='ocr_line' id='line_1_7' title="bbox 152 910 1700 994; baseline -0.003 -20"><span class='ocrx_word' id='word_1_40' title='bbox 152 913 437 994; x_wconf 87' lang='lat' dir='ltr'>judicium</span> <span class='ocrx_word' id='word_1_41' title='bbox 464 911 627 972; x_wconf 83' lang='lat' dir='ltr'>illud</span> <span class='ocrx_word' id='word_1_42' title='bbox 656 916 1163 974; x_wconf 84' lang='lat' dir='ltr'>consummatum</span> <span class='ocrx_word' id='word_1_43' title='bbox 1189 913 1283 971; x_wconf 85' lang='lat' dir='ltr'>est</span> <span class='ocrx_word' id='word_1_44' title='bbox 1310 916 1457 971; x_wconf 89' lang='lat' dir='ltr'>ante</span> <span class='ocrx_word' id='word_1_45' title='bbox 1498 910 1700 971; x_wconf 87' lang='lat' dir='ltr'>incar-</span> 
     </span>
     <span class='ocr_line' id='line_1_8' title="bbox 158 1002 1699 1080; baseline -0.003 -12"><span class='ocrx_word' id='word_1_46' title='bbox 158 1007 495 1080; x_wconf 76' lang='lat' dir='ltr'>nationem,</span> <span class='ocrx_word' id='word_1_47' title='bbox 544 1013 613 1066; x_wconf 84' lang='lat' dir='ltr'>et</span> <span class='ocrx_word' id='word_1_48' title='bbox 656 1021 789 1066; x_wconf 85' lang='lat' dir='ltr'>non</span> <span class='ocrx_word' id='word_1_49' title='bbox 844 1007 941 1065; x_wconf 89' lang='lat' dir='ltr'>est</span> <span class='ocrx_word' id='word_1_50' title='bbox 974 1002 1367 1072; x_wconf 84' lang='lat' dir='ltr'>iterandum;</span> <span class='ocrx_word' id='word_1_51' title='bbox 1412 1003 1581 1064; x_wconf 85' lang='lat' dir='ltr'>unde</span> <span class='ocrx_word' id='word_1_52' title='bbox 1618 1002 1699 1064; x_wconf 87' lang='lat' dir='ltr'>ad</span> 
     </span>
     <span class='ocr_line' id='line_1_9' title="bbox 158 1096 1703 1176; baseline -0.004 -14"><span class='ocrx_word' id='word_1_53' title='bbox 158 1099 429 1162; x_wconf 85' lang='lat' dir='ltr'>eumdem</span> <span class='ocrx_word' id='word_1_54' title='bbox 458 1097 725 1158; x_wconf 86' lang='lat' dir='ltr'>modum</span> <span class='ocrx_word' id='word_1_55' title='bbox 750 1097 1029 1176; x_wconf 85' lang='lat' dir='ltr'>loquitur</span> <span class='ocrx_word' id='word_1_56' title='bbox 1053 1097 1133 1158; x_wconf 91' lang='lat' dir='ltr'>de</span> <span class='ocrx_word' id='word_1_57' title='bbox 1157 1096 1407 1175; x_wconf 84' lang='lat' dir='ltr'>judiciis</span> <span class='ocrx_word' id='word_1_58' title='bbox 1428 1098 1703 1176; x_wconf 86' lang='lat' dir='ltr'>particu-</span> 
     </span>
     <span class='ocr_line' id='line_1_10' title="bbox 158 1190 1696 1265; baseline -0.001 -13"><span class='ocrx_word' id='word_1_59' title='bbox 158 1193 371 1254; x_wconf 84' lang='lat' dir='ltr'>laribus</span> <span class='ocrx_word' id='word_1_60' title='bbox 400 1190 732 1254; x_wconf 83' lang='lat' dir='ltr'>hominum</span> <span class='ocrx_word' id='word_1_61' title='bbox 766 1190 949 1252; x_wconf 80' lang='lat' dir='ltr'>factis</span> <span class='ocrx_word' id='word_1_62' title='bbox 986 1197 1133 1251; x_wconf 85' lang='lat' dir='ltr'>ante</span> <span class='ocrx_word' id='word_1_63' title='bbox 1176 1190 1696 1265; x_wconf 85' lang='lat' dir='ltr'>incarnationem,</span> 
     </span>
     <span class='ocr_line' id='line_1_11' title="bbox 158 1283 1695 1362; baseline -0.001 -16"><span class='ocrx_word' id='word_1_64' title='bbox 158 1285 242 1346; x_wconf 81' lang='lat' dir='ltr'>vel</span> <span class='ocrx_word' id='word_1_65' title='bbox 272 1289 413 1346; x_wconf 84' lang='lat' dir='ltr'>ante</span> <span class='ocrx_word' id='word_1_66' title='bbox 438 1283 615 1346; x_wconf 88' lang='lat' dir='ltr'>diem</span> <span class='ocrx_word' id='word_1_67' title='bbox 636 1283 881 1362; x_wconf 80' lang='lat' dir='ltr'>judicii,</span> <span class='ocrx_word' id='word_1_68' title='bbox 907 1285 977 1344; x_wconf 88' lang='lat' dir='ltr'>ut</span> <span class='ocrx_word' id='word_1_69' title='bbox 1000 1283 1235 1344; x_wconf 83' lang='lat' dir='ltr'><strong>ibidem</strong></span> <span class='ocrx_word' id='word_1_70' title='bbox 1266 1287 1463 1362; x_wconf 84' lang='lat' dir='ltr'>patet,</span> <span class='ocrx_word' id='word_1_71' title='bbox 1496 1290 1615 1345; x_wconf 88' lang='lat' dir='ltr'>art.</span> <span class='ocrx_word' id='word_1_72' title='bbox 1634 1287 1695 1359; x_wconf 69' lang='grc'>4,</span> 
     </span>
     <span class='ocr_line' id='line_1_12' title="bbox 158 1376 1697 1456; baseline -0.001 -16"><span class='ocrx_word' id='word_1_73' title='bbox 158 1379 229 1440; x_wconf 82' lang='lat' dir='ltr'>ad</span> <span class='ocrx_word' id='word_1_74' title='bbox 250 1381 305 1449; x_wconf 88' lang='lat'><strong>3,</strong></span> <span class='ocrx_word' id='word_1_75' title='bbox 334 1383 394 1440; x_wconf 86' lang='lat' dir='ltr'>et</span> <span class='ocrx_word' id='word_1_76' title='bbox 414 1383 535 1438; x_wconf 89' lang='lat' dir='ltr'>art.</span> <span class='ocrx_word' id='word_1_77' title='bbox 570 1381 631 1448; x_wconf 81' lang='lat'><strong>5,</strong></span> <span class='ocrx_word' id='word_1_78' title='bbox 664 1376 750 1438; x_wconf 83' lang='lat' dir='ltr'>ad</span> <span class='ocrx_word' id='word_1_79' title='bbox 772 1381 803 1438; x_wconf 88' lang='grc'><strong>1</strong></span> <span class='ocrx_word' id='word_1_80' title='bbox 833 1382 895 1440; x_wconf 87' lang='lat' dir='ltr'>et</span> <span class='ocrx_word' id='word_1_81' title='bbox 915 1379 977 1438; x_wconf 74' lang='lat'>2.</span> <span class='ocrx_word' id='word_1_82' title='bbox 1004 1377 1373 1456; x_wconf 85' lang='lat' dir='ltr'>Expressius</span> <span class='ocrx_word' id='word_1_83' title='bbox 1396 1381 1611 1440; x_wconf 84' lang='lat' dir='ltr'>temen</span> <span class='ocrx_word' id='word_1_84' title='bbox 1632 1379 1697 1438; x_wconf 90' lang='lat' dir='ltr'>in</span> 
     </span>
     <span class='ocr_line' id='line_1_13' title="bbox 156 1470 1703 1548; baseline -0.001 -14"><span class='ocrx_word' id='word_1_85' title='bbox 156 1475 211 1544; x_wconf 87' lang='lat'>3,</span> <span class='ocrx_word' id='word_1_86' title='bbox 254 1471 387 1532; x_wconf 82' lang='lat' dir='ltr'>dist.</span> <span class='ocrx_word' id='word_1_87' title='bbox 426 1472 527 1543; x_wconf 90' lang='grc'>13,</span> <span class='ocrx_word' id='word_1_88' title='bbox 563 1487 627 1548; x_wconf 84' lang='lat' dir='ltr'>q.</span> <span class='ocrx_word' id='word_1_89' title='bbox 661 1474 724 1539; x_wconf 77' lang='lat'><strong>2,</strong></span> <span class='ocrx_word' id='word_1_90' title='bbox 768 1475 886 1532; x_wconf 88' lang='lat' dir='ltr'>art.</span> <span class='ocrx_word' id='word_1_91' title='bbox 920 1471 983 1545; x_wconf 76' lang='lat'><strong>2,</strong></span> <span class='ocrx_word' id='word_1_92' title='bbox 1012 1470 1178 1532; x_wconf 80' lang='lat' dir='ltr'>hanc</span> <span class='ocrx_word' id='word_1_93' title='bbox 1218 1475 1395 1532; x_wconf 89' lang='lat' dir='ltr'>tenet</span> <span class='ocrx_word' id='word_1_94' title='bbox 1448 1478 1703 1532; x_wconf 81' lang='lat' dir='ltr'><strong>senten-</strong></span> 
     </span>
     <span class='ocr_line' id='line_1_14' title="bbox 160 1563 1695 1640; baseline 0.001 -16"><span class='ocrx_word' id='word_1_95' title='bbox 160 1565 313 1638; x_wconf 83' lang='lat' dir='ltr'>tiam,</span> <span class='ocrx_word' id='word_1_96' title='bbox 346 1569 407 1624; x_wconf 87' lang='lat' dir='ltr'>et</span> <span class='ocrx_word' id='word_1_97' title='bbox 434 1579 497 1640; x_wconf 87' lang='lat' dir='ltr'>q.</span> <span class='ocrx_word' id='word_1_98' title='bbox 527 1564 613 1626; x_wconf 75' lang='lat'>29</span> <span class='ocrx_word' id='word_1_99' title='bbox 639 1563 719 1624; x_wconf 90' lang='lat' dir='ltr'>de</span> <span class='ocrx_word' id='word_1_100' title='bbox 746 1563 971 1638; x_wconf 64' lang='lat' dir='ltr'>verit„</span> <span class='ocrx_word' id='word_1_101' title='bbox 1002 1570 1119 1624; x_wconf 85' lang='lat' dir='ltr'>art.</span> <span class='ocrx_word' id='word_1_102' title='bbox 1150 1567 1213 1639; x_wconf 74' lang='lat'><strong>4,</strong></span> <span class='ocrx_word' id='word_1_103' title='bbox 1266 1564 1351 1624; x_wconf 89' lang='lat' dir='ltr'>ad</span> <span class='ocrx_word' id='word_1_104' title='bbox 1392 1567 1451 1638; x_wconf 80' lang='lat'><strong>5,</strong></span> <span class='ocrx_word' id='word_1_105' title='bbox 1486 1571 1550 1626; x_wconf 93' lang='lat' dir='ltr'>et</span> <span class='ocrx_word' id='word_1_106' title='bbox 1578 1569 1695 1626; x_wconf 86' lang='lat' dir='ltr'>art.</span> 
     </span>
     <span class='ocr_line' id='line_1_15' title="bbox 158 1657 1701 1732; baseline 0.001 -14"><span class='ocrx_word' id='word_1_107' title='bbox 158 1662 211 1732; x_wconf 81' lang='lat'><strong>7,</strong></span> <span class='ocrx_word' id='word_1_108' title='bbox 242 1657 319 1716; x_wconf 86' lang='lat' dir='ltr'>ad</span> <span class='ocrx_word' id='word_1_109' title='bbox 341 1659 415 1718; x_wconf 85' lang='lat'>5:</span> <span class='ocrx_word' id='word_1_110' title='bbox 464 1661 533 1718; x_wconf 85' lang='lat' dir='ltr'>et</span> <span class='ocrx_word' id='word_1_111' title='bbox 561 1657 631 1716; x_wconf 88' lang='lat' dir='ltr'>in</span> <span class='ocrx_word' id='word_1_112' title='bbox 680 1657 971 1720; x_wconf 85' lang='lat' dir='ltr'>eamdem</span> <span class='ocrx_word' id='word_1_113' title='bbox 1025 1657 1399 1720; x_wconf 84' lang='lat' dir='ltr'>sententiam</span> <span class='ocrx_word' id='word_1_114' title='bbox 1446 1658 1701 1720; x_wconf 86' lang='lat' dir='ltr'>inclinat</span> 
     </span>
     <span class='ocr_line' id='line_1_16' title="bbox 158 1750 1696 1831; baseline 0.001 -19"><span class='ocrx_word' id='word_1_115' title='bbox 158 1750 375 1824; x_wconf 85' lang='lat' dir='ltr'>Dried.,</span> <span class='ocrx_word' id='word_1_116' title='bbox 402 1755 587 1814; x_wconf 85' lang='lat' dir='ltr'>tract.</span> <span class='ocrx_word' id='word_1_117' title='bbox 611 1753 651 1812; x_wconf 78' lang='lat'><strong>2</strong></span> <span class='ocrx_word' id='word_1_118' title='bbox 666 1750 745 1812; x_wconf 86' lang='lat' dir='ltr'>de</span> <span class='ocrx_word' id='word_1_119' title='bbox 760 1750 1043 1830; x_wconf 82' lang='lat' dir='ltr'>Captivit.</span> <span class='ocrx_word' id='word_1_120' title='bbox 1062 1757 1125 1812; x_wconf 86' lang='lat' dir='ltr'>et</span> <span class='ocrx_word' id='word_1_121' title='bbox 1143 1751 1452 1830; x_wconf 79' lang='lat' dir='ltr'><strong>redempt.</strong></span> <span class='ocrx_word' id='word_1_122' title='bbox 1479 1769 1696 1831; x_wconf 87' lang='lat' dir='ltr'>gener.</span> 
     </span>
     <span class='ocr_line' id='line_1_17' title="bbox 162 1845 1705 1925; baseline 0.002 -20"><span class='ocrx_word' id='word_1_123' title='bbox 162 1848 421 1916; x_wconf 69' lang='lat' dir='ltr'>human„</span> <span class='ocrx_word' id='word_1_124' title='bbox 468 1863 529 1908; x_wconf 89' lang='lat' dir='ltr'>c.</span> <span class='ocrx_word' id='word_1_125' title='bbox 556 1849 621 1920; x_wconf 80' lang='lat'><strong>2,</strong></span> <span class='ocrx_word' id='word_1_126' title='bbox 665 1850 827 1924; x_wconf 84' lang='lat' dir='ltr'>pert.</span> <span class='ocrx_word' id='word_1_127' title='bbox 854 1848 915 1917; x_wconf 87' lang='lat'><strong>3,</strong></span> <span class='ocrx_word' id='word_1_128' title='bbox 948 1851 1066 1908; x_wconf 83' lang='lat' dir='ltr'>art.</span> <span class='ocrx_word' id='word_1_129' title='bbox 1099 1849 1161 1924; x_wconf 82' lang='lat'><strong>5,</strong></span> <span class='ocrx_word' id='word_1_130' title='bbox 1188 1845 1299 1907; x_wconf 85' lang='lat' dir='ltr'>fol.</span> <span class='ocrx_word' id='word_1_131' title='bbox 1336 1849 1443 1920; x_wconf 80' lang='lat'><strong>51,</strong></span> <span class='ocrx_word' id='word_1_132' title='bbox 1484 1863 1705 1925; x_wconf 85' lang='lat' dir='ltr'>quam-</span> 
     </span>
     <span class='ocr_line' id='line_1_18' title="bbox 161 1937 1701 2020; baseline 0 -20"><span class='ocrx_word' id='word_1_133' title='bbox 161 1940 239 2000; x_wconf 80' lang='lat' dir='ltr'>vis</span> <span class='ocrx_word' id='word_1_134' title='bbox 262 1939 443 2001; x_wconf 82' lang='lat' dir='ltr'>addat</span> <span class='ocrx_word' id='word_1_135' title='bbox 464 1937 785 2003; x_wconf 80' lang='lat' dir='ltr'>Christum</span> <span class='ocrx_word' id='word_1_136' title='bbox 802 1957 933 2001; x_wconf 90' lang='lat' dir='ltr'>non</span> <span class='ocrx_word' id='word_1_137' title='bbox 961 1940 1265 2002; x_wconf 87' lang='lat' dir='ltr'>meruisse</span> <span class='ocrx_word' id='word_1_138' title='bbox 1290 1941 1556 2020; x_wconf 76' lang='lat' dir='ltr'>gratiam</span> <span class='ocrx_word' id='word_1_139' title='bbox 1583 1943 1701 2001; x_wconf 89' lang='lat' dir='ltr'>An-</span> 
     </span>
     <span class='ocr_line' id='line_1_19' title="bbox 162 2031 1701 2112; baseline -0.001 -18"><span class='ocrx_word' id='word_1_140' title='bbox 162 2032 299 2110; x_wconf 85' lang='lat' dir='ltr'>gelis</span> <span class='ocrx_word' id='word_1_141' title='bbox 320 2031 711 2096; x_wconf 83' lang='lat' dir='ltr'>removendo</span> <span class='ocrx_word' id='word_1_142' title='bbox 742 2031 827 2093; x_wconf 85' lang='lat' dir='ltr'>ab</span> <span class='ocrx_word' id='word_1_143' title='bbox 874 2031 997 2093; x_wconf 86' lang='lat' dir='ltr'>illis</span> <span class='ocrx_word' id='word_1_144' title='bbox 1042 2039 1399 2110; x_wconf 77' lang='lat' dir='ltr'>peceatum.</span> <span class='ocrx_word' id='word_1_145' title='bbox 1436 2033 1513 2094; x_wconf 87' lang='lat' dir='ltr'>Et</span> <span class='ocrx_word' id='word_1_146' title='bbox 1551 2051 1701 2112; x_wconf 85' lang='lat' dir='ltr'>pro-</span> 
     </span>
     <span class='ocr_line' id='line_1_20' title="bbox 162 2125 1699 2206; baseline 0.001 -20"><span class='ocrx_word' id='word_1_147' title='bbox 162 2125 323 2186; x_wconf 83' lang='lat' dir='ltr'>hatnr</span> <span class='ocrx_word' id='word_1_148' title='bbox 344 2127 573 2205; x_wconf 84' lang='lat' dir='ltr'>primo,</span> <span class='ocrx_word' id='word_1_149' title='bbox 606 2128 761 2205; x_wconf 81' lang='lat' dir='ltr'>quia</span> <span class='ocrx_word' id='word_1_150' title='bbox 802 2127 1120 2205; x_wconf 83' lang='lat' dir='ltr'>Scriptura</span> <span class='ocrx_word' id='word_1_151' title='bbox 1160 2143 1338 2188; x_wconf 84' lang='lat' dir='ltr'>sacra</span> <span class='ocrx_word' id='word_1_152' title='bbox 1372 2143 1699 2206; x_wconf 85' lang='lat' dir='ltr'>nunquam</span> 
     </span>
     <span class='ocr_line' id='line_1_21' title="bbox 162 2219 1702 2299; baseline -0.001 -19"><span class='ocrx_word' id='word_1_153' title='bbox 162 2219 291 2280; x_wconf 87' lang='lat' dir='ltr'>dicit</span> <span class='ocrx_word' id='word_1_154' title='bbox 313 2219 627 2282; x_wconf 80' lang='lat' dir='ltr'>Christum</span> <span class='ocrx_word' id='word_1_155' title='bbox 651 2220 901 2284; x_wconf 82' lang='lat' dir='ltr'>venisse</span> <span class='ocrx_word' id='word_1_156' title='bbox 918 2225 1175 2299; x_wconf 86' lang='lat' dir='ltr'>propter</span> <span class='ocrx_word' id='word_1_157' title='bbox 1200 2219 1495 2299; x_wconf 79' lang='lat' dir='ltr'><strong>Angelos,</strong></span> <span class='ocrx_word' id='word_1_158' title='bbox 1520 2226 1591 2282; x_wconf 90' lang='lat' dir='ltr'>ut</span> <span class='ocrx_word' id='word_1_159' title='bbox 1611 2219 1702 2281; x_wconf 87' lang='lat' dir='ltr'>eis</span> 
     </span>
     <span class='ocr_line' id='line_1_22' title="bbox 166 2313 1699 2392; baseline 0.001 -21"><span class='ocrx_word' id='word_1_160' title='bbox 166 2313 401 2390; x_wconf 79' lang='lat' dir='ltr'>gratiam</span> <span class='ocrx_word' id='word_1_161' title='bbox 430 2319 495 2374; x_wconf 83' lang='lat' dir='ltr'>et</span> <span class='ocrx_word' id='word_1_162' title='bbox 542 2314 815 2392; x_wconf 79' lang='lat' dir='ltr'>gloriam</span> <span class='ocrx_word' id='word_1_163' title='bbox 858 2319 1247 2388; x_wconf 63' lang='lat' dir='ltr'>merei-etun</span> <span class='ocrx_word' id='word_1_164' title='bbox 1280 2313 1447 2391; x_wconf 74' lang='lat' dir='ltr'>,quin</span> <span class='ocrx_word' id='word_1_165' title='bbox 1490 2313 1699 2391; x_wconf 88' lang='lat' dir='ltr'>potius</span> 
     </span>
     <span class='ocr_line' id='line_1_23' title="bbox 165 2403 1699 2485; baseline 0.003 -24"><span class='ocrx_word' id='word_1_166' title='bbox 165 2403 399 2482; x_wconf 86' lang='lat' dir='ltr'>ipsemet</span> <span class='ocrx_word' id='word_1_167' title='bbox 428 2403 713 2478; x_wconf 83' lang='lat' dir='ltr'>Christus</span> <span class='ocrx_word' id='word_1_168' title='bbox 734 2405 885 2468; x_wconf 82' lang='lat' dir='ltr'>dicit</span> <span class='ocrx_word' id='word_1_169' title='bbox 905 2423 973 2468; x_wconf 86' lang='lat' dir='ltr'>se</span> <span class='ocrx_word' id='word_1_170' title='bbox 1000 2405 1331 2485; x_wconf 82' lang='lat' dir='ltr'>reliquisse</span> <span class='ocrx_word' id='word_1_171' title='bbox 1354 2405 1699 2483; x_wconf 77' lang='lat' dir='ltr'>nonaginta</span> 
     </span>
     <span class='ocr_line' id='line_1_24' title="bbox 166 2499 1699 2580; baseline 0.003 -23"><span class='ocrx_word' id='word_1_172' title='bbox 166 2516 367 2560; x_wconf 78' lang='lat' dir='ltr'>novem</span> <span class='ocrx_word' id='word_1_173' title='bbox 395 2519 567 2574; x_wconf 77' lang='lat' dir='ltr'>oveS,</span> <span class='ocrx_word' id='word_1_174' title='bbox 604 2506 671 2561; x_wconf 89' lang='lat' dir='ltr'>et</span> <span class='ocrx_word' id='word_1_175' title='bbox 694 2500 941 2562; x_wconf 84' lang='lat' dir='ltr'>venisse</span> <span class='ocrx_word' id='word_1_176' title='bbox 970 2501 1051 2562; x_wconf 86' lang='lat' dir='ltr'>ad</span> <span class='ocrx_word' id='word_1_177' title='bbox 1080 2499 1487 2580; x_wconf 72' lang='lat' dir='ltr'>quaerendam</span> <span class='ocrx_word' id='word_1_178' title='bbox 1510 2517 1699 2561; x_wconf 84' lang='lat' dir='ltr'>unam</span> 
     </span>
     <span class='ocr_line' id='line_1_25' title="bbox 168 2594 1701 2672; baseline 0.003 -22"><span class='ocrx_word' id='word_1_179' title='bbox 168 2609 319 2652; x_wconf 83' lang='lat' dir='ltr'>ovem</span> <span class='ocrx_word' id='word_1_180' title='bbox 348 2594 682 2672; x_wconf 81' lang='lat' dir='ltr'><strong>perditam,</strong></span> <span class='ocrx_word' id='word_1_181' title='bbox 722 2594 939 2658; x_wconf 70' lang='lat' dir='ltr'>matth.</span> <span class='ocrx_word' id='word_1_182' title='bbox 972 2595 1076 2670; x_wconf 76' lang='lat'><strong>28,</strong></span> <span class='ocrx_word' id='word_1_183' title='bbox 1122 2597 1191 2656; x_wconf 83' lang='lat' dir='ltr'>et</span> <span class='ocrx_word' id='word_1_184' title='bbox 1216 2596 1371 2656; x_wconf 86' lang='lat' dir='ltr'>Luc.</span> <span class='ocrx_word' id='word_1_185' title='bbox 1404 2597 1481 2656; x_wconf 85' lang='grc'>15</span> <span class='ocrx_word' id='word_1_186' title='bbox 1498 2609 1518 2672; x_wconf 83' lang='grc'>;</span> <span class='ocrx_word' id='word_1_187' title='bbox 1564 2595 1701 2672; x_wconf 84' lang='lat' dir='ltr'>qui-</span> 
     </span>
     <span class='ocr_line' id='line_1_26' title="bbox 166 2685 1696 2770; baseline 0.003 -25"><span class='ocrx_word' id='word_1_188' title='bbox 166 2685 266 2746; x_wconf 89' lang='lat' dir='ltr'>bus</span> <span class='ocrx_word' id='word_1_189' title='bbox 276 2685 423 2748; x_wconf 88' lang='lat' dir='ltr'>locis</span> <span class='ocrx_word' id='word_1_190' title='bbox 441 2689 733 2750; x_wconf 81' lang='lat' dir='ltr'>Ambros.</span> <span class='ocrx_word' id='word_1_191' title='bbox 746 2735 762 2763; x_wconf 95' lang='lat'><strong>,</strong></span> <span class='ocrx_word' id='word_1_192' title='bbox 780 2690 1081 2764; x_wconf 65' lang='lat' dir='ltr'>Anselm„</span> <span class='ocrx_word' id='word_1_193' title='bbox 1111 2689 1305 2764; x_wconf 85' lang='lat' dir='ltr'>Beda,</span> <span class='ocrx_word' id='word_1_194' title='bbox 1320 2689 1665 2770; x_wconf 85' lang='lat' dir='ltr'>Theophyl.</span> <span class='ocrx_word' id='word_1_195' title='bbox 1676 2735 1696 2766; x_wconf 91' lang='lat'><strong>,</strong></span> 
     </span>
     <span class='ocr_line' id='line_1_27' title="bbox 170 2780 1699 2862; baseline 0.003 -24"><span class='ocrx_word' id='word_1_196' title='bbox 170 2780 372 2857; x_wconf 85' lang='lat' dir='ltr'>etalii,</span> <span class='ocrx_word' id='word_1_197' title='bbox 411 2788 475 2843; x_wconf 87' lang='lat' dir='ltr'>et</span> <span class='ocrx_word' id='word_1_198' title='bbox 510 2781 803 2861; x_wconf 68' lang='lat' dir='ltr'>Gregor„</span> <span class='ocrx_word' id='word_1_199' title='bbox 848 2781 1067 2844; x_wconf 89' lang='lat' dir='ltr'>homil.</span> <span class='ocrx_word' id='word_1_200' title='bbox 1106 2784 1185 2845; x_wconf 75' lang='lat'>34</span> <span class='ocrx_word' id='word_1_201' title='bbox 1229 2783 1297 2844; x_wconf 88' lang='lat' dir='ltr'>in</span> <span class='ocrx_word' id='word_1_202' title='bbox 1334 2783 1699 2862; x_wconf 85' lang='lat' dir='ltr'>Evangelia,</span> 
     </span>
     <span class='ocr_line' id='line_1_28' title="bbox 171 2874 1701 2956; baseline 0.004 -27"><span class='ocrx_word' id='word_1_203' title='bbox 171 2879 457 2948; x_wconf 82' lang='lat' dir='ltr'>exponunt</span> <span class='ocrx_word' id='word_1_204' title='bbox 484 2875 567 2936; x_wconf 88' lang='lat' dir='ltr'>de</span> <span class='ocrx_word' id='word_1_205' title='bbox 610 2874 819 2936; x_wconf 83' lang='lat' dir='ltr'>divino</span> <span class='ocrx_word' id='word_1_206' title='bbox 850 2875 1077 2952; x_wconf 83' lang='lat' dir='ltr'>Verbo,</span> <span class='ocrx_word' id='word_1_207' title='bbox 1122 2875 1315 2956; x_wconf 83' lang='lat' dir='ltr'>quod,</span> <span class='ocrx_word' id='word_1_208' title='bbox 1366 2875 1604 2938; x_wconf 84' lang='lat' dir='ltr'>relictis</span> <span class='ocrx_word' id='word_1_209' title='bbox 1637 2875 1701 2936; x_wconf 90' lang='lat' dir='ltr'>in</span> 
     </span>
     <span class='ocr_line' id='line_1_29' title="bbox 171 2963 1705 3048; baseline 0.005 -26"><span class='ocrx_word' id='word_1_210' title='bbox 171 2963 305 3024; x_wconf 84' lang='lat' dir='ltr'>coelo</span> <span class='ocrx_word' id='word_1_211' title='bbox 332 2967 611 3048; x_wconf 83' lang='lat' dir='ltr'>Angelis,</span> <span class='ocrx_word' id='word_1_212' title='bbox 640 2968 724 3029; x_wconf 86' lang='lat' dir='ltr'>ad</span> <span class='ocrx_word' id='word_1_213' title='bbox 756 2970 1165 3046; x_wconf 71' lang='lat' dir='ltr'>quaerendam</span> <span class='ocrx_word' id='word_1_214' title='bbox 1200 2971 1543 3032; x_wconf 81' lang='lat' dir='ltr'>humanam</span> <span class='ocrx_word' id='word_1_215' title='bbox 1588 2987 1705 3030; x_wconf 85' lang='lat' dir='ltr'>na·</span> 
     </span>
     <span class='ocr_line' id='line_1_30' title="bbox 170 3061 1702 3143; baseline 0.007 -28"><span class='ocrx_word' id='word_1_216' title='bbox 170 3063 346 3120; x_wconf 85' lang='lat' dir='ltr'>turam</span> <span class='ocrx_word' id='word_1_217' title='bbox 372 3061 617 3140; x_wconf 82' lang='lat' dir='ltr'>lapsam</span> <span class='ocrx_word' id='word_1_218' title='bbox 644 3063 995 3140; x_wconf 79' lang='lat' dir='ltr'>descendit3</span> <span class='ocrx_word' id='word_1_219' title='bbox 1055 3083 1187 3126; x_wconf 88' lang='lat' dir='ltr'>non</span> <span class='ocrx_word' id='word_1_220' title='bbox 1214 3082 1367 3143; x_wconf 86' lang='lat' dir='ltr'>ergo</span> <span class='ocrx_word' id='word_1_221' title='bbox 1408 3061 1581 3126; x_wconf 83' lang='lat' dir='ltr'>venit</span> <span class='ocrx_word' id='word_1_222' title='bbox 1630 3071 1702 3126; x_wconf 89' lang='lat' dir='ltr'>ut</span> 
     </span>
     <span class='ocr_line' id='line_1_31' title="bbox 175 3151 1703 3238; baseline 0.005 -28"><span class='ocrx_word' id='word_1_223' title='bbox 175 3151 395 3232; x_wconf 77' lang='lat' dir='ltr'>Angelis</span> <span class='ocrx_word' id='word_1_224' title='bbox 438 3163 816 3228; x_wconf 85' lang='lat' dir='ltr'>mereretur,</span> <span class='ocrx_word' id='word_1_225' title='bbox 864 3175 1075 3238; x_wconf 88' lang='lat' dir='ltr'>neque</span> <span class='ocrx_word' id='word_1_226' title='bbox 1110 3165 1179 3220; x_wconf 90' lang='lat' dir='ltr'>ut</span> <span class='ocrx_word' id='word_1_227' title='bbox 1226 3175 1337 3220; x_wconf 87' lang='lat' dir='ltr'>eos</span> <span class='ocrx_word' id='word_1_228' title='bbox 1378 3157 1463 3220; x_wconf 86' lang='lat' dir='ltr'>ad</span> <span class='ocrx_word' id='word_1_229' title='bbox 1516 3175 1703 3219; x_wconf 88' lang='lat' dir='ltr'>suum</span> 
     </span>
     <span class='ocr_line' id='line_1_32' title="bbox 174 3245 1703 3330; baseline 0.007 -28"><span class='ocrx_word' id='word_1_230' title='bbox 174 3245 307 3308; x_wconf 84' lang='lat' dir='ltr'>ovile</span> <span class='ocrx_word' id='word_1_231' title='bbox 325 3253 721 3330; x_wconf 81' lang='lat' dir='ltr'>aggregaret.</span> <span class='ocrx_word' id='word_1_232' title='bbox 755 3251 957 3324; x_wconf 85' lang='lat' dir='ltr'><strong>Unde,</strong></span> <span class='ocrx_word' id='word_1_233' title='bbox 984 3253 1119 3313; x_wconf 85' lang='lat' dir='ltr'>Act.</span> <span class='ocrx_word' id='word_1_234' title='bbox 1148 3255 1211 3327; x_wconf 79' lang='lat'><strong>4,</strong></span> <span class='ocrx_word' id='word_1_235' title='bbox 1234 3251 1313 3312; x_wconf 86' lang='lat' dir='ltr'>de</span> <span class='ocrx_word' id='word_1_236' title='bbox 1342 3251 1703 3312; x_wconf 88' lang='lat' dir='ltr'>hominibus</span> 
     </span>
     <span class='ocr_line' id='line_1_33' title="bbox 174 3336 1702 3424; baseline 0.007 -29"><span class='ocrx_word' id='word_1_237' title='bbox 174 3336 299 3400; x_wconf 83' lang='lat' dir='ltr'>dicit</span> <span class='ocrx_word' id='word_1_238' title='bbox 330 3339 559 3417; x_wconf 83' lang='lat' dir='ltr'>Petrus,</span> <span class='ocrx_word' id='word_1_239' title='bbox 596 3349 659 3406; x_wconf 86' lang='lat' dir='ltr'>et</span> <span class='ocrx_word' id='word_1_240' title='bbox 686 3359 817 3405; x_wconf 86' lang='lat' dir='ltr'>non</span> <span class='ocrx_word' id='word_1_241' title='bbox 856 3343 937 3406; x_wconf 90' lang='lat' dir='ltr'>de</span> <span class='ocrx_word' id='word_1_242' title='bbox 964 3345 1243 3424; x_wconf 83' lang='lat' dir='ltr'>Angelis,</span> <span class='ocrx_word' id='word_1_243' title='bbox 1274 3362 1401 3406; x_wconf 90' lang='lat' dir='ltr'>non</span> <span class='ocrx_word' id='word_1_244' title='bbox 1432 3363 1571 3406; x_wconf 89' lang='lat' dir='ltr'>esse</span> <span class='ocrx_word' id='word_1_245' title='bbox 1593 3345 1702 3406; x_wconf 75' lang='lat' dir='ltr'>sub</span> 
     </span>
     <span class='ocr_line' id='line_1_34' title="bbox 176 3432 1705 3520; baseline 0.007 -30"><span class='ocrx_word' id='word_1_246' title='bbox 176 3432 293 3492; x_wconf 78' lang='lat' dir='ltr'>calo</span> <span class='ocrx_word' id='word_1_247' title='bbox 318 3435 486 3500; x_wconf 73' lang='lat' dir='ltr'>aliud</span> <span class='ocrx_word' id='word_1_248' title='bbox 510 3455 727 3502; x_wconf 75' lang='lat' dir='ltr'>nomm</span> <span class='ocrx_word' id='word_1_249' title='bbox 750 3439 923 3500; x_wconf 70' lang='lat' dir='ltr'>nobie</span> <span class='ocrx_word' id='word_1_250' title='bbox 950 3439 1181 3513; x_wconf 62' lang='lat' dir='ltr'>datiane,</span> <span class='ocrx_word' id='word_1_251' title='bbox 1205 3437 1271 3499; x_wconf 79' lang='lat' dir='ltr'>in</span> <span class='ocrx_word' id='word_1_252' title='bbox 1298 3455 1413 3520; x_wconf 82' lang='lat' dir='ltr'>quo</span> <span class='ocrx_word' id='word_1_253' title='bbox 1436 3443 1705 3518; x_wconf 75' lang='lat' dir='ltr'>oporteat</span> 
     </span>
     <span class='ocr_line' id='line_1_35' title="bbox 176 3529 1703 3609; baseline 0.007 -28"><span class='ocrx_word' id='word_1_254' title='bbox 176 3539 265 3585; x_wconf 60' lang='grc' dir='ltr'><strong><em>Μ</em></strong></span> <span class='ocrx_word' id='word_1_255' title='bbox 290 3529 479 3596; x_wconf 69' lang='lat' dir='ltr'>salvos</span> <span class='ocrx_word' id='word_1_256' title='bbox 518 3531 667 3609; x_wconf 59' lang='lat' dir='ltr'>fieti</span> <span class='ocrx_word' id='word_1_257' title='bbox 680 3557 711 3605; x_wconf 85' lang='lat'><strong>,·</strong></span> <span class='ocrx_word' id='word_1_258' title='bbox 756 3533 787 3592; x_wconf 89' lang='grc'><strong>1</strong></span> <span class='ocrx_word' id='word_1_259' title='bbox 822 3531 906 3594; x_wconf 87' lang='lat' dir='ltr'>ad</span> <span class='ocrx_word' id='word_1_260' title='bbox 934 3532 1160 3592; x_wconf 85' lang='lat' dir='ltr'>Timot.</span> <span class='ocrx_word' id='word_1_261' title='bbox 1190 3534 1255 3606; x_wconf 75' lang='lat'><strong>4,</strong></span> <span class='ocrx_word' id='word_1_262' title='bbox 1296 3530 1445 3593; x_wconf 89' lang='lat' dir='ltr'>dicit</span> <span class='ocrx_word' id='word_1_263' title='bbox 1476 3529 1703 3592; x_wconf 88' lang='lat' dir='ltr'>Paulus</span> 
     </span>
     <span class='ocr_line' id='line_1_36' title="bbox 178 3612 1698 3696; baseline 0.005 -22"><span class='ocrx_word' id='word_1_264' title='bbox 178 3612 451 3684; x_wconf 79' lang='lat' dir='ltr'>Christum</span> <span class='ocrx_word' id='word_1_265' title='bbox 464 3640 611 3686; x_wconf 88' lang='lat' dir='ltr'>esse</span> <span class='ocrx_word' id='word_1_266' title='bbox 640 3623 1019 3686; x_wconf 82' lang='lat' dir='ltr'>salvatorem</span> <span class='ocrx_word' id='word_1_267' title='bbox 1044 3623 1325 3685; x_wconf 88' lang='lat' dir='ltr'>omnium</span> <span class='ocrx_word' id='word_1_268' title='bbox 1349 3623 1698 3696; x_wconf 87' lang='lat' dir='ltr'>hominum,</span> 
     </span>
     <span class='ocr_line' id='line_1_37' title="bbox 179 3713 1701 3798; baseline 0.007 -31"><span class='ocrx_word' id='word_1_269' title='bbox 179 3713 415 3776; x_wconf 80' lang='lat' dir='ltr'>maxime</span> <span class='ocrx_word' id='word_1_270' title='bbox 434 3715 753 3792; x_wconf 78' lang='lat' dir='ltr'>fidelium3</span> <span class='ocrx_word' id='word_1_271' title='bbox 786 3718 867 3780; x_wconf 86' lang='lat' dir='ltr'>de</span> <span class='ocrx_word' id='word_1_272' title='bbox 893 3717 1152 3798; x_wconf 83' lang='lat' dir='ltr'>Angelis</span> <span class='ocrx_word' id='word_1_273' title='bbox 1170 3735 1319 3779; x_wconf 80' lang='lat' dir='ltr'>vero</span> <span class='ocrx_word' id='word_1_274' title='bbox 1348 3718 1501 3779; x_wconf 84' lang='lat' dir='ltr'>nihil</span> <span class='ocrx_word' id='word_1_275' title='bbox 1528 3717 1701 3780; x_wconf 88' lang='lat' dir='ltr'>dicit.</span> 
     </span>
     <span class='ocr_line' id='line_1_38' title="bbox 180 3799 1707 3886; baseline 0.006 -23"><span class='ocrx_word' id='word_1_276' title='bbox 180 3799 559 3874; x_wconf 78' lang='lat' dir='ltr'>confirmatur</span> <span class='ocrx_word' id='word_1_277' title='bbox 590 3829 669 3874; x_wconf 83' lang='lat' dir='ltr'>ex</span> <span class='ocrx_word' id='word_1_278' title='bbox 698 3811 803 3873; x_wconf 90' lang='lat' dir='ltr'>illo</span> <span class='ocrx_word' id='word_1_279' title='bbox 832 3811 915 3872; x_wconf 83' lang='lat' dir='ltr'>ad</span> <span class='ocrx_word' id='word_1_280' title='bbox 942 3811 1131 3873; x_wconf 84' lang='lat' dir='ltr'>Hebr.</span> <span class='ocrx_word' id='word_1_281' title='bbox 1162 3815 1201 3873; x_wconf 83' lang='lat'><strong>2</strong></span> <span class='ocrx_word' id='word_1_282' title='bbox 1229 3831 1245 3871; x_wconf 74' lang='grc' dir='ltr'><strong><em>ε</em></strong></span> <span class='ocrx_word' id='word_1_283' title='bbox 1282 3811 1403 3885; x_wconf 75' lang='lat' dir='ltr'>Qui</span> <span class='ocrx_word' id='word_1_284' title='bbox 1430 3811 1707 3886; x_wconf 67' lang='lat' dir='ltr'>sanctifi-</span> 
     </span>
     <span class='ocr_line' id='line_1_39' title="bbox 182 3902 1707 3985; baseline -0.003 -15"><span class='ocrx_word' id='word_1_285' title='bbox 182 3902 278 3970; x_wconf 63' lang='lat' dir='ltr'>cat,</span> <span class='ocrx_word' id='word_1_286' title='bbox 306 3905 357 3960; x_wconf 76' lang='lat' dir='ltr'>et</span> <span class='ocrx_word' id='word_1_287' title='bbox 390 3905 494 3982; x_wconf 77' lang='lat' dir='ltr'>qui</span> <span class='ocrx_word' id='word_1_288' title='bbox 519 3905 1018 3982; x_wconf 75' lang='lat' dir='ltr'>sanctificantur,</span> <span class='ocrx_word' id='word_1_289' title='bbox 1050 3921 1123 3966; x_wconf 75' lang='lat' dir='ltr'>ece</span> <span class='ocrx_word' id='word_1_290' title='bbox 1148 3922 1264 3967; x_wconf 78' lang='lat' dir='ltr'>uno</span> <span class='ocrx_word' id='word_1_291' title='bbox 1295 3921 1493 3967; x_wconf 74' lang='lat' dir='ltr'>omnes</span> <span class='ocrx_word' id='word_1_292' title='bbox 1516 3929 1541 3977; x_wconf 91' lang='lat'><strong>,·</strong></span> <span class='ocrx_word' id='word_1_293' title='bbox 1564 3923 1707 3985; x_wconf 80' lang='lat' dir='ltr'>pro·</span> 
     </span>
     <span class='ocr_line' id='line_1_40' title="bbox 180 3995 1708 4076; baseline -0.002 -13"><span class='ocrx_word' id='word_1_294' title='bbox 180 3995 291 4063; x_wconf 78' lang='lat' dir='ltr'>pter</span> <span class='ocrx_word' id='word_1_295' title='bbox 313 4011 479 4072; x_wconf 80' lang='lat' dir='ltr'>quam</span> <span class='ocrx_word' id='word_1_296' title='bbox 510 4015 756 4060; x_wconf 72' lang='lat' dir='ltr'>causam</span> <span class='ocrx_word' id='word_1_297' title='bbox 782 4015 903 4061; x_wconf 74' lang='lat' dir='ltr'>noa</span> <span class='ocrx_word' id='word_1_298' title='bbox 928 3995 1317 4073; x_wconf 71' lang='lat' dir='ltr'>confunditur</span> <span class='ocrx_word' id='word_1_299' title='bbox 1350 4013 1443 4060; x_wconf 74' lang='lat' dir='ltr'>eos</span> <span class='ocrx_word' id='word_1_300' title='bbox 1480 4001 1708 4076; x_wconf 76' lang='lat' dir='ltr'>fratres</span> 
     </span>
     <span class='ocr_line' id='line_1_41' title="bbox 181 4089 1709 4172; baseline 0.009 -33"><span class='ocrx_word' id='word_1_301' title='bbox 181 4096 357 4146; x_wconf 77' lang='lat' dir='ltr'>vocare</span> <span class='ocrx_word' id='word_1_302' title='bbox 370 4111 395 4156; x_wconf 83' lang='lat'><strong>,·</strong></span> <span class='ocrx_word' id='word_1_303' title='bbox 420 4097 479 4151; x_wconf 90' lang='lat' dir='ltr'>et</span> <span class='ocrx_word' id='word_1_304' title='bbox 518 4089 728 4152; x_wconf 84' lang='lat' dir='ltr'>infra:</span> <span class='ocrx_word' id='word_1_305' title='bbox 778 4089 937 4164; x_wconf 76' lang='lat' dir='ltr'>Quia</span> <span class='ocrx_word' id='word_1_306' title='bbox 976 4107 1117 4170; x_wconf 68' lang='lat' dir='ltr'>erqo</span> <span class='ocrx_word' id='word_1_307' title='bbox 1153 4089 1335 4172; x_wconf 76' lang='lat' dir='ltr'>pueri</span> <span class='ocrx_word' id='word_1_308' title='bbox 1387 4089 1709 4152; x_wconf 75' lang='lat' dir='ltr'>communi-</span> 
     </span>
     <span class='ocr_line' id='line_1_42' title="bbox 184 4182 1710 4261; baseline 0.009 -32"><span class='ocrx_word' id='word_1_309' title='bbox 184 4185 430 4243; x_wconf 78' lang='lat' dir='ltr'>caverunt</span> <span class='ocrx_word' id='word_1_310' title='bbox 473 4184 653 4245; x_wconf 75' lang='lat' dir='ltr'>carni</span> <span class='ocrx_word' id='word_1_311' title='bbox 682 4188 743 4245; x_wconf 87' lang='lat' dir='ltr'>et</span> <span class='ocrx_word' id='word_1_312' title='bbox 784 4183 1113 4261; x_wconf 63' lang='lat' dir='ltr'>cumputat,</span> <span class='ocrx_word' id='word_1_313' title='bbox 1159 4188 1215 4245; x_wconf 89' lang='lat' dir='ltr'>et</span> <span class='ocrx_word' id='word_1_314' title='bbox 1255 4184 1382 4261; x_wconf 73' lang='lat' dir='ltr'>ipse</span> <span class='ocrx_word' id='word_1_315' title='bbox 1422 4182 1710 4246; x_wconf 73' lang='lat' dir='ltr'>similiter</span> 
     </span>
     <span class='ocr_line' id='line_1_43' title="bbox 182 4271 1708 4356; baseline -0.001 -17"><span class='ocrx_word' id='word_1_316' title='bbox 182 4271 535 4353; x_wconf 65' lang='lat' dir='ltr'>participavit</span> <span class='ocrx_word' id='word_1_317' title='bbox 595 4277 833 4339; x_wconf 78' lang='lat' dir='ltr'>eisdem.</span> <span class='ocrx_word' id='word_1_318' title='bbox 892 4275 1129 4347; x_wconf 85' lang='lat' dir='ltr'>Quibus</span> <span class='ocrx_word' id='word_1_319' title='bbox 1184 4275 1396 4336; x_wconf 86' lang='lat' dir='ltr'>verbis</span> <span class='ocrx_word' id='word_1_320' title='bbox 1448 4277 1708 4356; x_wconf 87' lang='lat' dir='ltr'><strong>requirit</strong></span> 
     </span>
     <span class='ocr_line' id='line_1_44' title="bbox 185 4355 1703 4438; baseline 0.011 -24"><span class='ocrx_word' id='word_1_321' title='bbox 185 4355 378 4424; x_wconf 82' lang='lat' dir='ltr'>Paulus</span> <span class='ocrx_word' id='word_1_322' title='bbox 417 4367 585 4430; x_wconf 85' lang='lat' dir='ltr'>inter</span> <span class='ocrx_word' id='word_1_323' title='bbox 620 4368 1117 4430; x_wconf 81' lang='lat' dir='ltr'>sanctificantem</span> <span class='ocrx_word' id='word_1_324' title='bbox 1158 4375 1223 4431; x_wconf 86' lang='lat' dir='ltr'>et</span> <span class='ocrx_word' id='word_1_325' title='bbox 1262 4367 1703 4438; x_wconf 81' lang='lat' dir='ltr'>sanctificatos,</span> 
     </span>
     <span class='ocr_line' id='line_1_45' title="bbox 182 4451 1707 4542; baseline 0.009 -33"><span class='ocrx_word' id='word_1_326' title='bbox 182 4451 263 4510; x_wconf 76' lang='lat' dir='ltr'>vel</span> <span class='ocrx_word' id='word_1_327' title='bbox 286 4457 578 4538; x_wconf 81' lang='lat' dir='ltr'>originem</span> <span class='ocrx_word' id='word_1_328' title='bbox 614 4461 698 4522; x_wconf 87' lang='lat' dir='ltr'>ab</span> <span class='ocrx_word' id='word_1_329' title='bbox 728 4461 951 4524; x_wconf 87' lang='lat' dir='ltr'>eodem</span> <span class='ocrx_word' id='word_1_330' title='bbox 1002 4468 1265 4542; x_wconf 87' lang='lat' dir='ltr'>parente</span> <span class='ocrx_word' id='word_1_331' title='bbox 1300 4461 1569 4530; x_wconf 79' lang='lat' dir='ltr'>Adamo,</span> <span class='ocrx_word' id='word_1_332' title='bbox 1601 4461 1707 4524; x_wconf 83' lang='lat' dir='ltr'>vel</span> 
     </span>
     <span class='ocr_line' id='line_1_46' title="bbox 188 4543 1705 4633; baseline 0.008 -29"><span class='ocrx_word' id='word_1_333' title='bbox 188 4543 346 4622; x_wconf 88' lang='lat' dir='ltr'>(quod</span> <span class='ocrx_word' id='word_1_334' title='bbox 380 4553 545 4616; x_wconf 86' lang='lat' dir='ltr'>idem</span> <span class='ocrx_word' id='word_1_335' title='bbox 572 4559 689 4633; x_wconf 89' lang='lat' dir='ltr'>est)</span> <span class='ocrx_word' id='word_1_336' title='bbox 717 4555 1352 4619; x_wconf 81' lang='lat' dir='ltr'>communicationem</span> <span class='ocrx_word' id='word_1_337' title='bbox 1381 4556 1445 4616; x_wconf 91' lang='lat' dir='ltr'>in</span> <span class='ocrx_word' id='word_1_338' title='bbox 1480 4555 1705 4617; x_wconf 88' lang='lat' dir='ltr'>eadem</span> 
     </span>
     <span class='ocr_line' id='line_1_47' title="bbox 186 4645 1707 4728; baseline 0.011 -35"><span class='ocrx_word' id='word_1_339' title='bbox 186 4645 395 4716; x_wconf 73' lang='lat' dir='ltr'>natura,</span> <span class='ocrx_word' id='word_1_340' title='bbox 434 4655 501 4712; x_wconf 86' lang='lat' dir='ltr'>ut</span> <span class='ocrx_word' id='word_1_341' title='bbox 530 4649 785 4728; x_wconf 81' lang='lat' dir='ltr'><strong>exponit</strong></span> <span class='ocrx_word' id='word_1_342' title='bbox 812 4648 1137 4722; x_wconf 77' lang='lat' dir='ltr'>Adamus;</span> <span class='ocrx_word' id='word_1_343' title='bbox 1179 4655 1243 4711; x_wconf 90' lang='lat' dir='ltr'>et</span> <span class='ocrx_word' id='word_1_344' title='bbox 1282 4649 1567 4712; x_wconf 88' lang='lat' dir='ltr'>similiter</span> <span class='ocrx_word' id='word_1_345' title='bbox 1612 4649 1707 4710; x_wconf 87' lang='lat' dir='ltr'>in-</span> 
     </span>
     <span class='ocr_line' id='line_1_48' title="bbox 189 4731 1709 4822; baseline -0.001 -17"><span class='ocrx_word' id='word_1_346' title='bbox 189 4731 297 4805; x_wconf 74' lang='lat' dir='ltr'>quit</span> <span class='ocrx_word' id='word_1_347' title='bbox 315 4735 445 4802; x_wconf 87' lang='lat' dir='ltr'>ideo</span> <span class='ocrx_word' id='word_1_348' title='bbox 480 4742 760 4804; x_wconf 86' lang='lat' dir='ltr'>induisse</span> <span class='ocrx_word' id='word_1_349' title='bbox 784 4749 1067 4806; x_wconf 82' lang='lat' dir='ltr'>nostram</span> <span class='ocrx_word' id='word_1_350' title='bbox 1097 4752 1411 4818; x_wconf 83' lang='lat' dir='ltr'>naturam,</span> <span class='ocrx_word' id='word_1_351' title='bbox 1440 4743 1587 4822; x_wconf 78' lang='lat' dir='ltr'>quia</span> <span class='ocrx_word' id='word_1_352' title='bbox 1612 4745 1709 4804; x_wconf 84' lang='lat' dir='ltr'>fu-</span> 
     </span>
     <span class='ocr_line' id='line_1_49' title="bbox 188 4824 1701 4920; baseline 0.013 -43"><span class='ocrx_word' id='word_1_353' title='bbox 188 4824 286 4882; x_wconf 83' lang='lat' dir='ltr'>turi</span> <span class='ocrx_word' id='word_1_354' title='bbox 310 4845 547 4895; x_wconf 81' lang='lat' dir='ltr'>eramus</span> <span class='ocrx_word' id='word_1_355' title='bbox 572 4835 799 4898; x_wconf 81' lang='lat' dir='ltr'>fratres</span> <span class='ocrx_word' id='word_1_356' title='bbox 828 4837 1017 4920; x_wconf 57' lang='lat' dir='ltr'>ejus,„</span> <span class='ocrx_word' id='word_1_357' title='bbox 1050 4839 1113 4898; x_wconf 83' lang='lat' dir='ltr'>et</span> <span class='ocrx_word' id='word_1_358' title='bbox 1138 4835 1499 4916; x_wconf 81' lang='lat' dir='ltr'>spirituales</span> <span class='ocrx_word' id='word_1_359' title='bbox 1544 4835 1655 4896; x_wconf 90' lang='lat' dir='ltr'>filii</span> <span class='ocrx_word' id='word_1_360' title='bbox 1684 4855 1701 4908; x_wconf 88' lang='grc'>;</span> 
     </span>
     <span class='ocr_line' id='line_1_50' title="bbox 191 4909 1711 5010; baseline 0.013 -39"><span class='ocrx_word' id='word_1_361' title='bbox 191 4909 284 4976; x_wconf 89' lang='lat' dir='ltr'>hoc</span> <span class='ocrx_word' id='word_1_362' title='bbox 316 4925 471 4987; x_wconf 86' lang='lat' dir='ltr'>enim</span> <span class='ocrx_word' id='word_1_363' title='bbox 504 4933 597 4989; x_wconf 85' lang='lat' dir='ltr'>est</span> <span class='ocrx_word' id='word_1_364' title='bbox 629 4928 800 5008; x_wconf 86' lang='lat' dir='ltr'>quod</span> <span class='ocrx_word' id='word_1_365' title='bbox 825 4929 915 4990; x_wconf 84' lang='lat' dir='ltr'>ait</span> <span class='ocrx_word' id='word_1_366' title='bbox 942 4947 956 4988; x_wconf 76' lang='grc' dir='ltr'>ε</span> <span class='ocrx_word' id='word_1_367' title='bbox 994 4925 1153 5003; x_wconf 71' lang='lat' dir='ltr'>Quia</span> <span class='ocrx_word' id='word_1_368' title='bbox 1176 4929 1359 5010; x_wconf 73' lang='lat' dir='ltr'>pueri</span> <span class='ocrx_word' id='word_1_369' title='bbox 1390 4927 1711 4991; x_wconf 68' lang='lat' dir='ltr'>commmi-</span> 
     </span>
     <span class='ocr_line' id='line_1_51' title="bbox 191 5021 1709 5102; baseline 0.013 -38"><span class='ocrx_word' id='word_1_370' title='bbox 191 5021 431 5082; x_wconf 72' lang='lat' dir='ltr'>caverunt</span> <span class='ocrx_word' id='word_1_371' title='bbox 460 5024 641 5084; x_wconf 76' lang='lat' dir='ltr'>carm·</span> <span class='ocrx_word' id='word_1_372' title='bbox 685 5025 743 5086; x_wconf 83' lang='lat' dir='ltr'>et</span> <span class='ocrx_word' id='word_1_373' title='bbox 786 5023 1103 5102; x_wconf 60' lang='lat' dir='ltr'>sanguini,</span> <span class='ocrx_word' id='word_1_374' title='bbox 1134 5027 1259 5084; x_wconf 89' lang='lat' dir='ltr'>etc.</span> <span class='ocrx_word' id='word_1_375' title='bbox 1287 5022 1467 5087; x_wconf 89' lang='lat' dir='ltr'>Unde</span> <span class='ocrx_word' id='word_1_376' title='bbox 1500 5025 1709 5084; x_wconf 83' lang='lat' dir='ltr'>statim</span> 
     </span>
     <span class='ocr_line' id='line_1_52' title="bbox 194 5099 1716 5196; baseline 0.016 -42"><span class='ocrx_word' id='word_1_377' title='bbox 194 5099 473 5188; x_wconf 85' lang='lat' dir='ltr'>subjungit</span> <span class='ocrx_word' id='word_1_378' title='bbox 498 5133 513 5174; x_wconf 74' lang='grc' dir='ltr'><strong><em>ι</em></strong></span> <span class='ocrx_word' id='word_1_379' title='bbox 534 5115 865 5194; x_wconf 70' lang='lat' dir='ltr'>Nusquam</span> <span class='ocrx_word' id='word_1_380' title='bbox 883 5115 1151 5196; x_wconf 68' lang='lat' dir='ltr'>Anyezos</span> <span class='ocrx_word' id='word_1_381' title='bbox 1168 5115 1582 5194; x_wconf 69' lang='lat' dir='ltr'>apprehendit,</span> <span class='ocrx_word' id='word_1_382' title='bbox 1606 5117 1716 5179; x_wconf 75' lang='lat' dir='ltr'>sed</span> 
     </span>
     <span class='ocr_line' id='line_1_53' title="bbox 192 5203 1709 5290; baseline 0.01 -37"><span class='ocrx_word' id='word_1_383' title='bbox 192 5207 353 5290; x_wconf 56' lang='lat' dir='ltr'>femen</span> <span class='ocrx_word' id='word_1_384' title='bbox 368 5203 619 5272; x_wconf 58' lang='lat' dir='ltr'>Abi-ana</span> <span class='ocrx_word' id='word_1_385' title='bbox 642 5209 1056 5290; x_wconf 66' lang='lat' dir='ltr'><strong>apprehendit.</strong></span> <span class='ocrx_word' id='word_1_386' title='bbox 1081 5208 1172 5268; x_wconf 85' lang='lat' dir='ltr'>Ex</span> <span class='ocrx_word' id='word_1_387' title='bbox 1194 5225 1321 5287; x_wconf 86' lang='lat' dir='ltr'>quo</span> <span class='ocrx_word' id='word_1_388' title='bbox 1352 5208 1709 5269; x_wconf 88' lang='lat' dir='ltr'>testimonio</span> 
     </span>
     <span class='ocr_line' id='line_1_54' title="bbox 196 5287 1713 5381; baseline 0.015 -43"><span class='ocrx_word' id='word_1_389' title='bbox 196 5287 264 5343; x_wconf 76' lang='lat' dir='ltr'>ite</span> <span class='ocrx_word' id='word_1_390' title='bbox 290 5297 551 5360; x_wconf 84' lang='lat' dir='ltr'>concludi</span> <span class='ocrx_word' id='word_1_391' title='bbox 588 5306 794 5379; x_wconf 84' lang='lat' dir='ltr'>potest</span> <span class='ocrx_word' id='word_1_392' title='bbox 842 5301 1041 5362; x_wconf 82' lang='lat' dir='ltr'>ratio:</span> <span class='ocrx_word' id='word_1_393' title='bbox 1084 5315 1235 5362; x_wconf 84' lang='lat' dir='ltr'>nam</span> <span class='ocrx_word' id='word_1_394' title='bbox 1276 5301 1383 5381; x_wconf 90' lang='lat' dir='ltr'>qui</span> <span class='ocrx_word' id='word_1_395' title='bbox 1432 5299 1713 5362; x_wconf 84' lang='lat' dir='ltr'>sanctifi—-</span> 
     </span>
     <span class='ocr_line' id='line_1_55' title="bbox 197 5385 1711 5472; baseline 0.011 -36"><span class='ocrx_word' id='word_1_396' title='bbox 197 5385 380 5444; x_wconf 79' lang='lat' dir='ltr'>cantur</span> <span class='ocrx_word' id='word_1_397' title='bbox 418 5407 523 5466; x_wconf 87' lang='lat' dir='ltr'>per</span> <span class='ocrx_word' id='word_1_398' title='bbox 550 5393 779 5454; x_wconf 79' lang='lat' dir='ltr'>merita</span> <span class='ocrx_word' id='word_1_399' title='bbox 812 5391 1063 5470; x_wconf 81' lang='lat' dir='ltr'><strong>Christi,</strong></span> <span class='ocrx_word' id='word_1_400' title='bbox 1094 5399 1243 5456; x_wconf 88' lang='lat' dir='ltr'>sunt</span> <span class='ocrx_word' id='word_1_401' title='bbox 1267 5393 1447 5472; x_wconf 88' lang='lat' dir='ltr'>pueri</span> <span class='ocrx_word' id='word_1_402' title='bbox 1497 5397 1559 5454; x_wconf 91' lang='lat' dir='ltr'>et</span> <span class='ocrx_word' id='word_1_403' title='bbox 1589 5392 1711 5453; x_wconf 82' lang='lat' dir='ltr'>fra-</span> 
     </span>
     <span class='ocr_line' id='line_1_56' title="bbox 200 5467 1709 5560; baseline 0.004 -18"><span class='ocrx_word' id='word_1_404' title='bbox 200 5467 299 5530; x_wconf 78' lang='lat' dir='ltr'>tres</span> <span class='ocrx_word' id='word_1_405' title='bbox 320 5472 539 5560; x_wconf 80' lang='lat' dir='ltr'><strong>Christi,</strong></span> <span class='ocrx_word' id='word_1_406' title='bbox 562 5491 623 5548; x_wconf 87' lang='lat' dir='ltr'>et</span> <span class='ocrx_word' id='word_1_407' title='bbox 651 5489 1119 5548; x_wconf 80' lang='lat' dir='ltr'>communicant</span> <span class='ocrx_word' id='word_1_408' title='bbox 1138 5505 1282 5548; x_wconf 83' lang='lat' dir='ltr'>cum</span> <span class='ocrx_word' id='word_1_409' title='bbox 1302 5486 1408 5548; x_wconf 92' lang='lat' dir='ltr'>illo</span> <span class='ocrx_word' id='word_1_410' title='bbox 1434 5486 1497 5546; x_wconf 90' lang='lat' dir='ltr'>in</span> <span class='ocrx_word' id='word_1_411' title='bbox 1521 5503 1709 5548; x_wconf 86' lang='lat' dir='ltr'>carne</span> 
     </span>
    </p>
   </div>
   <div class='ocr_carea' id='block_1_3' title="bbox 3219 339 3338 402">
    <p class='ocr_par' dir='ltr' id='par_1_3' title="bbox 3219 339 3338 402">
     <span class='ocr_line' id='line_1_57' title="bbox 3219 339 3338 402; baseline 0.017 -3"><span class='ocrx_word' id='word_1_412' title='bbox 3219 339 3338 402; x_wconf 81' lang='lat'>379</span> 
     </span>
    </p>
   </div>
   <div class='ocr_carea' id='block_1_4' title="bbox 1776 439 3360 5564">
    <p class='ocr_par' dir='ltr' id='par_1_4' title="bbox 1776 439 3340 1086">
     <span class='ocr_line' id='line_1_58' title="bbox 1780 439 3336 524; baseline 0.004 -24"><span class='ocrx_word' id='word_1_413' title='bbox 1780 444 1843 500; x_wconf 93' lang='lat' dir='ltr'>et</span> <span class='ocrx_word' id='word_1_414' title='bbox 1872 441 2202 519; x_wconf 83' lang='lat' dir='ltr'>sanguine,</span> <span class='ocrx_word' id='word_1_415' title='bbox 2245 445 2314 503; x_wconf 90' lang='lat' dir='ltr'>ut</span> <span class='ocrx_word' id='word_1_416' title='bbox 2343 440 2570 503; x_wconf 86' lang='lat' dir='ltr'>Paulus</span> <span class='ocrx_word' id='word_1_417' title='bbox 2591 439 2771 516; x_wconf 86' lang='lat' dir='ltr'>dicit3</span> <span class='ocrx_word' id='word_1_418' title='bbox 2811 439 2924 504; x_wconf 87' lang='lat' dir='ltr'>sed</span> <span class='ocrx_word' id='word_1_419' title='bbox 2951 441 3178 524; x_wconf 85' lang='lat' dir='ltr'>Angeli</span> <span class='ocrx_word' id='word_1_420' title='bbox 3207 459 3336 506; x_wconf 88' lang='lat' dir='ltr'>non</span> 
     </span>
     <span class='ocr_line' id='line_1_59' title="bbox 1780 533 3339 610; baseline 0.004 -16"><span class='ocrx_word' id='word_1_421' title='bbox 1780 541 1925 596; x_wconf 87' lang='lat' dir='ltr'>sunt</span> <span class='ocrx_word' id='word_1_422' title='bbox 1969 533 2088 594; x_wconf 90' lang='lat' dir='ltr'>hoc</span> <span class='ocrx_word' id='word_1_423' title='bbox 2115 534 2304 596; x_wconf 87' lang='lat' dir='ltr'>modo</span> <span class='ocrx_word' id='word_1_424' title='bbox 2339 535 2566 597; x_wconf 80' lang='lat' dir='ltr'>fratres</span> <span class='ocrx_word' id='word_1_425' title='bbox 2596 533 2842 610; x_wconf 80' lang='lat' dir='ltr'>Christi,</span> <span class='ocrx_word' id='word_1_426' title='bbox 2871 553 3000 596; x_wconf 89' lang='lat' dir='ltr'>non</span> <span class='ocrx_word' id='word_1_427' title='bbox 3033 538 3199 598; x_wconf 88' lang='lat' dir='ltr'>enim</span> <span class='ocrx_word' id='word_1_428' title='bbox 3228 537 3339 602; x_wconf 83' lang='lat' dir='ltr'>ha·</span> 
     </span>
     <span class='ocr_line' id='line_1_60' title="bbox 1777 627 3340 710; baseline 0.003 -22"><span class='ocrx_word' id='word_1_429' title='bbox 1777 627 1930 689; x_wconf 88' lang='lat' dir='ltr'>bent</span> <span class='ocrx_word' id='word_1_430' title='bbox 1957 646 2210 688; x_wconf 77' lang='lat' dir='ltr'>carnem</span> <span class='ocrx_word' id='word_1_431' title='bbox 2239 635 2302 690; x_wconf 90' lang='lat' dir='ltr'>et</span> <span class='ocrx_word' id='word_1_432' title='bbox 2331 631 2726 710; x_wconf 85' lang='lat' dir='ltr'>sanguinem,</span> <span class='ocrx_word' id='word_1_433' title='bbox 2767 645 2973 706; x_wconf 90' lang='lat' dir='ltr'>neque</span> <span class='ocrx_word' id='word_1_434' title='bbox 3025 629 3144 691; x_wconf 89' lang='lat' dir='ltr'>illis</span> <span class='ocrx_word' id='word_1_435' title='bbox 3181 631 3340 692; x_wconf 81' lang='lat' dir='ltr'>assi-</span> 
     </span>
     <span class='ocr_line' id='line_1_61' title="bbox 1778 720 3334 803; baseline 0.003 -23"><span class='ocrx_word' id='word_1_436' title='bbox 1778 720 2032 782; x_wconf 84' lang='lat' dir='ltr'>milatus</span> <span class='ocrx_word' id='word_1_437' title='bbox 2057 729 2146 784; x_wconf 82' lang='lat' dir='ltr'>est</span> <span class='ocrx_word' id='word_1_438' title='bbox 2165 721 2476 797; x_wconf 86' lang='lat' dir='ltr'>Christus;</span> <span class='ocrx_word' id='word_1_439' title='bbox 2501 741 2654 803; x_wconf 86' lang='lat' dir='ltr'>ergo</span> <span class='ocrx_word' id='word_1_440' title='bbox 2683 739 2810 782; x_wconf 91' lang='lat' dir='ltr'>non</span> <span class='ocrx_word' id='word_1_441' title='bbox 2842 729 2987 784; x_wconf 87' lang='lat' dir='ltr'>suut</span> <span class='ocrx_word' id='word_1_442' title='bbox 3013 723 3178 784; x_wconf 88' lang='lat' dir='ltr'>illius</span> <span class='ocrx_word' id='word_1_443' title='bbox 3205 741 3334 784; x_wconf 87' lang='lat' dir='ltr'>me·</span> 
     </span>
     <span class='ocr_line' id='line_1_62' title="bbox 1776 815 3333 896; baseline 0.001 -21"><span class='ocrx_word' id='word_1_444' title='bbox 1776 815 1897 876; x_wconf 87' lang='lat' dir='ltr'>rito</span> <span class='ocrx_word' id='word_1_445' title='bbox 1929 816 2324 889; x_wconf 85' lang='lat' dir='ltr'>sanctificati;</span> <span class='ocrx_word' id='word_1_446' title='bbox 2367 821 2432 879; x_wconf 91' lang='lat' dir='ltr'>et</span> <span class='ocrx_word' id='word_1_447' title='bbox 2465 818 2553 878; x_wconf 84' lang='lat' dir='ltr'>ita</span> <span class='ocrx_word' id='word_1_448' title='bbox 2595 815 2936 895; x_wconf 63' lang='lat' dir='ltr'>chrysost„</span> <span class='ocrx_word' id='word_1_449' title='bbox 2961 815 3333 896; x_wconf 67' lang='lat' dir='ltr'>Theophyl„</span> 
     </span>
     <span class='ocr_line' id='line_1_63' title="bbox 1780 908 3340 990; baseline 0 -20"><span class='ocrx_word' id='word_1_450' title='bbox 1780 915 1844 970; x_wconf 89' lang='lat' dir='ltr'>et</span> <span class='ocrx_word' id='word_1_451' title='bbox 1870 909 2002 985; x_wconf 88' lang='lat' dir='ltr'>alii,</span> <span class='ocrx_word' id='word_1_452' title='bbox 2034 911 2117 971; x_wconf 85' lang='lat' dir='ltr'>ibi</span> <span class='ocrx_word' id='word_1_453' title='bbox 2138 928 2254 990; x_wconf 89' lang='lat' dir='ltr'>per</span> <span class='ocrx_word' id='word_1_454' title='bbox 2275 911 2694 974; x_wconf 76' lang='lat' dir='ltr'>sanctificatos</span> <span class='ocrx_word' id='word_1_455' title='bbox 2715 929 2752 972; x_wconf 85' lang='lat' dir='ltr'>a</span> <span class='ocrx_word' id='word_1_456' title='bbox 2771 908 3014 972; x_wconf 85' lang='lat' dir='ltr'>Christo</span> <span class='ocrx_word' id='word_1_457' title='bbox 3041 909 3206 973; x_wconf 90' lang='lat' dir='ltr'>solos</span> <span class='ocrx_word' id='word_1_458' title='bbox 3227 910 3340 970; x_wconf 90' lang='lat' dir='ltr'>ho-</span> 
     </span>
     <span class='ocr_line' id='line_1_64' title="bbox 1780 1003 2400 1086; baseline 0.006 -24"><span class='ocrx_word' id='word_1_459' title='bbox 1780 1003 1986 1064; x_wconf 84' lang='lat' dir='ltr'>mines</span> <span class='ocrx_word' id='word_1_460' title='bbox 2019 1005 2400 1086; x_wconf 87' lang='lat' dir='ltr'>intelligunt.</span> 
     </span>
    </p>

    <p class='ocr_par' dir='ltr' id='par_1_5' title="bbox 1778 1099 3357 4620">
     <span class='ocr_line' id='line_1_65' title="bbox 1863 1099 3338 1179; baseline -0.001 -19"><span class='ocrx_word' id='word_1_461' title='bbox 1863 1101 1923 1160; x_wconf 76' lang='lat'>2.</span> <span class='ocrx_word' id='word_1_462' title='bbox 1958 1099 2270 1173; x_wconf 87' lang='lat' dir='ltr'>Secundo,</span> <span class='ocrx_word' id='word_1_463' title='bbox 2321 1101 2570 1162; x_wconf 86' lang='lat' dir='ltr'>videtur</span> <span class='ocrx_word' id='word_1_464' title='bbox 2611 1100 2820 1179; x_wconf 86' lang='lat' dir='ltr'>colligi</span> <span class='ocrx_word' id='word_1_465' title='bbox 2853 1101 2988 1162; x_wconf 82' lang='lat' dir='ltr'>haec</span> <span class='ocrx_word' id='word_1_466' title='bbox 3027 1099 3338 1162; x_wconf 85' lang='lat' dir='ltr'>sententia</span> 
     </span>
     <span class='ocr_line' id='line_1_66' title="bbox 1784 1191 3339 1273; baseline -0.001 -21"><span class='ocrx_word' id='word_1_467' title='bbox 1784 1209 1861 1252; x_wconf 81' lang='lat' dir='ltr'>ex</span> <span class='ocrx_word' id='word_1_468' title='bbox 1899 1191 2088 1254; x_wconf 90' lang='lat' dir='ltr'>modo</span> <span class='ocrx_word' id='word_1_469' title='bbox 2117 1193 2422 1273; x_wconf 86' lang='lat' dir='ltr'>loquendi</span> <span class='ocrx_word' id='word_1_470' title='bbox 2451 1195 2705 1255; x_wconf 80' lang='lat' dir='ltr'>Petrum</span> <span class='ocrx_word' id='word_1_471' title='bbox 2730 1209 2750 1271; x_wconf 90' lang='lat'>;</span> <span class='ocrx_word' id='word_1_472' title='bbox 2781 1193 3144 1273; x_wconf 83' lang='lat' dir='ltr'>ubicunque</span> <span class='ocrx_word' id='word_1_473' title='bbox 3172 1191 3339 1254; x_wconf 88' lang='lat' dir='ltr'>enim</span> 
     </span>
     <span class='ocr_line' id='line_1_67' title="bbox 1782 1285 3342 1366; baseline 0.001 -21"><span class='ocrx_word' id='word_1_474' title='bbox 1782 1285 2100 1364; x_wconf 80' lang='lat' dir='ltr'>explicant</span> <span class='ocrx_word' id='word_1_475' title='bbox 2145 1287 2296 1366; x_wconf 90' lang='lat' dir='ltr'>quid</span> <span class='ocrx_word' id='word_1_476' title='bbox 2339 1287 2640 1366; x_wconf 83' lang='lat' dir='ltr'><strong>profuerit</strong></span> <span class='ocrx_word' id='word_1_477' title='bbox 2668 1287 2921 1366; x_wconf 84' lang='lat' dir='ltr'>Angelis</span> <span class='ocrx_word' id='word_1_478' title='bbox 2977 1285 3200 1350; x_wconf 79' lang='lat' dir='ltr'>Christi</span> <span class='ocrx_word' id='word_1_479' title='bbox 3231 1285 3342 1346; x_wconf 79' lang='lat' dir='ltr'>ad-</span> 
     </span>
     <span class='ocr_line' id='line_1_68' title="bbox 1781 1377 3341 1460; baseline 0 -20"><span class='ocrx_word' id='word_1_480' title='bbox 1781 1387 2029 1453; x_wconf 77' lang='lat' dir='ltr'>ventus&#39;,</span> <span class='ocrx_word' id='word_1_481' title='bbox 2063 1381 2217 1442; x_wconf 89' lang='lat' dir='ltr'>nihil</span> <span class='ocrx_word' id='word_1_482' title='bbox 2264 1381 2436 1444; x_wconf 78' lang='lat' dir='ltr'>aliud</span> <span class='ocrx_word' id='word_1_483' title='bbox 2483 1383 2698 1444; x_wconf 84' lang='lat' dir='ltr'>dicunt</span> <span class='ocrx_word' id='word_1_484' title='bbox 2730 1381 2850 1442; x_wconf 88' lang='lat' dir='ltr'>nisi</span> <span class='ocrx_word' id='word_1_485' title='bbox 2885 1397 3002 1460; x_wconf 88' lang='lat' dir='ltr'>per</span> <span class='ocrx_word' id='word_1_486' title='bbox 3029 1377 3341 1443; x_wconf 87' lang='lat' dir='ltr'>Christum</span> 
     </span>
     <span class='ocr_line' id='line_1_69' title="bbox 1783 1473 3340 1555; baseline -0.001 -21"><span class='ocrx_word' id='word_1_487' title='bbox 1783 1489 1920 1534; x_wconf 87' lang='lat' dir='ltr'>esse</span> <span class='ocrx_word' id='word_1_488' title='bbox 1957 1479 2284 1552; x_wconf 84' lang='lat' dir='ltr'>reparatas</span> <span class='ocrx_word' id='word_1_489' title='bbox 2329 1475 2512 1536; x_wconf 89' lang='lat' dir='ltr'>sedes</span> <span class='ocrx_word' id='word_1_490' title='bbox 2541 1475 2948 1555; x_wconf 84' lang='lat' dir='ltr'>Angelorum,</span> <span class='ocrx_word' id='word_1_491' title='bbox 2979 1473 3340 1534; x_wconf 86' lang='lat' dir='ltr'>hominihus</span> 
     </span>
     <span class='ocr_line' id='line_1_70' title="bbox 1782 1565 3342 1650; baseline -0.001 -22"><span class='ocrx_word' id='word_1_492' title='bbox 1782 1567 1865 1628; x_wconf 87' lang='lat' dir='ltr'>ad</span> <span class='ocrx_word' id='word_1_493' title='bbox 1892 1567 2032 1629; x_wconf 90' lang='lat' dir='ltr'>illas</span> <span class='ocrx_word' id='word_1_494' title='bbox 2057 1568 2410 1650; x_wconf 86' lang='lat' dir='ltr'>implendas</span> <span class='ocrx_word' id='word_1_495' title='bbox 2439 1569 2798 1648; x_wconf 76' lang='lat' dir='ltr'>assumptis,</span> <span class='ocrx_word' id='word_1_496' title='bbox 2833 1587 2914 1629; x_wconf 80' lang='lat' dir='ltr'>ex</span> <span class='ocrx_word' id='word_1_497' title='bbox 2942 1585 3067 1647; x_wconf 89' lang='lat' dir='ltr'>quo</span> <span class='ocrx_word' id='word_1_498' title='bbox 3115 1565 3342 1628; x_wconf 80' lang='lat' dir='ltr'>effectu</span> 
     </span>
     <span class='ocr_line' id='line_1_71' title="bbox 1784 1659 3342 1743; baseline -0.003 -20"><span class='ocrx_word' id='word_1_499' title='bbox 1784 1679 2088 1742; x_wconf 87' lang='lat' dir='ltr'>magnum</span> <span class='ocrx_word' id='word_1_500' title='bbox 2127 1663 2426 1743; x_wconf 87' lang='lat' dir='ltr'>gaudium</span> <span class='ocrx_word' id='word_1_501' title='bbox 2457 1661 2940 1724; x_wconf 86' lang='lat' dir='ltr'>accidentarium</span> <span class='ocrx_word' id='word_1_502' title='bbox 2987 1659 3070 1722; x_wconf 86' lang='lat' dir='ltr'>ad</span> <span class='ocrx_word' id='word_1_503' title='bbox 3096 1663 3342 1721; x_wconf 83' lang='lat' dir='ltr'>sanctos</span> 
     </span>
     <span class='ocr_line' id='line_1_72' title="bbox 1782 1753 3342 1834; baseline -0.001 -19"><span class='ocrx_word' id='word_1_504' title='bbox 1782 1754 2057 1834; x_wconf 85' lang='lat' dir='ltr'>Angelos</span> <span class='ocrx_word' id='word_1_505' title='bbox 2097 1755 2494 1830; x_wconf 84' lang='lat' dir='ltr'>redundavit,</span> <span class='ocrx_word' id='word_1_506' title='bbox 2527 1763 2590 1818; x_wconf 91' lang='lat' dir='ltr'>et</span> <span class='ocrx_word' id='word_1_507' title='bbox 2623 1773 2851 1816; x_wconf 75' lang='lat' dir='ltr'>novam</span> <span class='ocrx_word' id='word_1_508' title='bbox 2879 1753 3220 1834; x_wconf 83' lang='lat' dir='ltr'>quamdam</span> <span class='ocrx_word' id='word_1_509' title='bbox 3266 1769 3342 1814; x_wconf 84' lang='lat' dir='ltr'>ac</span> 
     </span>
     <span class='ocr_line' id='line_1_73' title="bbox 1783 1845 3344 1927; baseline 0 -20"><span class='ocrx_word' id='word_1_510' title='bbox 1783 1847 2166 1927; x_wconf 87' lang='lat' dir='ltr'>singularem</span> <span class='ocrx_word' id='word_1_511' title='bbox 2221 1849 2560 1911; x_wconf 83' lang='lat' dir='ltr'>amicitiam</span> <span class='ocrx_word' id='word_1_512' title='bbox 2609 1866 2754 1910; x_wconf 90' lang='lat' dir='ltr'>cum</span> <span class='ocrx_word' id='word_1_513' title='bbox 2805 1845 3166 1909; x_wconf 86' lang='lat' dir='ltr'>hominibus</span> <span class='ocrx_word' id='word_1_514' title='bbox 3194 1861 3344 1908; x_wconf 86' lang='lat' dir='ltr'>eon-</span> 
     </span>
     <span class='ocr_line' id='line_1_74' title="bbox 1780 1939 3344 2022; baseline -0.003 -18"><span class='ocrx_word' id='word_1_515' title='bbox 1780 1947 2127 2004; x_wconf 82' lang='lat' dir='ltr'>traxerunt.</span> <span class='ocrx_word' id='word_1_516' title='bbox 2163 1944 2252 2004; x_wconf 88' lang='lat' dir='ltr'>De</span> <span class='ocrx_word' id='word_1_517' title='bbox 2280 1943 2506 2004; x_wconf 84' lang='lat' dir='ltr'>merito</span> <span class='ocrx_word' id='word_1_518' title='bbox 2537 1949 2750 2003; x_wconf 87' lang='lat' dir='ltr'>autem</span> <span class='ocrx_word' id='word_1_519' title='bbox 2785 1942 3000 2022; x_wconf 81' lang='lat' dir='ltr'>gratiae</span> <span class='ocrx_word' id='word_1_520' title='bbox 3023 1947 3086 2002; x_wconf 88' lang='lat' dir='ltr'>et</span> <span class='ocrx_word' id='word_1_521' title='bbox 3129 1939 3344 2020; x_wconf 79' lang='lat' dir='ltr'>gloriae</span> 
     </span>
     <span class='ocr_line' id='line_1_75' title="bbox 1783 2032 3345 2114; baseline 0.001 -19"><span class='ocrx_word' id='word_1_522' title='bbox 1783 2035 1937 2096; x_wconf 89' lang='lat' dir='ltr'>nihil</span> <span class='ocrx_word' id='word_1_523' title='bbox 1968 2035 2226 2097; x_wconf 88' lang='lat' dir='ltr'>omnino</span> <span class='ocrx_word' id='word_1_524' title='bbox 2256 2036 2494 2112; x_wconf 85' lang='lat' dir='ltr'>dicunt,</span> <span class='ocrx_word' id='word_1_525' title='bbox 2525 2040 2594 2098; x_wconf 89' lang='lat' dir='ltr'>ut</span> <span class='ocrx_word' id='word_1_526' title='bbox 2637 2036 2850 2097; x_wconf 85' lang='lat' dir='ltr'>videre</span> <span class='ocrx_word' id='word_1_527' title='bbox 2882 2035 3026 2097; x_wconf 89' lang='lat' dir='ltr'>licet</span> <span class='ocrx_word' id='word_1_528' title='bbox 3057 2035 3125 2096; x_wconf 89' lang='lat' dir='ltr'>in</span> <span class='ocrx_word' id='word_1_529' title='bbox 3154 2032 3345 2114; x_wconf 82' lang='lat' dir='ltr'>Chry—</span> 
     </span>
     <span class='ocr_line' id='line_1_76' title="bbox 1784 2127 3340 2208; baseline -0.002 -18"><span class='ocrx_word' id='word_1_530' title='bbox 1784 2135 1966 2204; x_wconf 67' lang='lat' dir='ltr'>sost„</span> <span class='ocrx_word' id='word_1_531' title='bbox 2017 2129 2393 2192; x_wconf 85' lang='lat' dir='ltr'>Theodoret.</span> <span class='ocrx_word' id='word_1_532' title='bbox 2429 2178 2444 2204; x_wconf 92' lang='lat'><strong>,</strong></span> <span class='ocrx_word' id='word_1_533' title='bbox 2499 2135 2564 2190; x_wconf 88' lang='lat' dir='ltr'>et</span> <span class='ocrx_word' id='word_1_534' title='bbox 2608 2127 2988 2208; x_wconf 66' lang='lat' dir='ltr'>Theophyl„</span> <span class='ocrx_word' id='word_1_535' title='bbox 3034 2127 3340 2200; x_wconf 86' lang='lat' dir='ltr'>Anselm.,</span> 
     </span>
     <span class='ocr_line' id='line_1_77' title="bbox 1784 2219 3344 2304; baseline -0.001 -22"><span class='ocrx_word' id='word_1_536' title='bbox 1784 2221 1956 2283; x_wconf 84' lang='lat' dir='ltr'>Beda</span> <span class='ocrx_word' id='word_1_537' title='bbox 1977 2267 1993 2298; x_wconf 95' lang='lat'><strong>,</strong></span> <span class='ocrx_word' id='word_1_538' title='bbox 2053 2229 2120 2284; x_wconf 90' lang='lat' dir='ltr'>et</span> <span class='ocrx_word' id='word_1_539' title='bbox 2151 2222 2306 2284; x_wconf 77' lang='lat' dir='ltr'>aliis</span> <span class='ocrx_word' id='word_1_540' title='bbox 2359 2223 2816 2304; x_wconf 85' lang='lat' dir='ltr'>exponentibus</span> <span class='ocrx_word' id='word_1_541' title='bbox 2869 2225 3060 2284; x_wconf 80' lang='lat' dir='ltr'>verba</span> <span class='ocrx_word' id='word_1_542' title='bbox 3109 2220 3214 2284; x_wconf 81' lang='lat' dir='ltr'>illa</span> <span class='ocrx_word' id='word_1_543' title='bbox 3261 2219 3344 2280; x_wconf 88' lang='lat' dir='ltr'>ad</span> 
     </span>
     <span class='ocr_line' id='line_1_78' title="bbox 1782 2311 3344 2394; baseline 0.001 -20"><span class='ocrx_word' id='word_1_544' title='bbox 1782 2313 2013 2392; x_wconf 87' lang='lat' dir='ltr'>Ephes.</span> <span class='ocrx_word' id='word_1_545' title='bbox 2067 2317 2098 2376; x_wconf 88' lang='grc'><strong>1</strong></span> <span class='ocrx_word' id='word_1_546' title='bbox 2124 2333 2141 2375; x_wconf 91' lang='lat'><strong>:</strong></span> <span class='ocrx_word' id='word_1_547' title='bbox 2175 2317 2544 2380; x_wconf 74' lang='lat' dir='ltr'>Iustam-are</span> <span class='ocrx_word' id='word_1_548' title='bbox 2565 2317 2766 2380; x_wconf 68' lang='lat' dir='ltr'>omnia</span> <span class='ocrx_word' id='word_1_549' title='bbox 2797 2317 2867 2378; x_wconf 72' lang='lat' dir='ltr'>ia</span> <span class='ocrx_word' id='word_1_550' title='bbox 2897 2311 3166 2390; x_wconf 72' lang='lat' dir='ltr'>Christo,</span> <span class='ocrx_word' id='word_1_551' title='bbox 3209 2329 3344 2394; x_wconf 72' lang='lat' dir='ltr'>qua·</span> 
     </span>
     <span class='ocr_line' id='line_1_79' title="bbox 1779 2401 3346 2491; baseline -0.003 -21"><span class='ocrx_word' id='word_1_552' title='bbox 1779 2409 1849 2470; x_wconf 73' lang='lat' dir='ltr'>in</span> <span class='ocrx_word' id='word_1_553' title='bbox 1874 2409 2067 2485; x_wconf 73' lang='lat' dir='ltr'>omlis,</span> <span class='ocrx_word' id='word_1_554' title='bbox 2095 2413 2154 2472; x_wconf 89' lang='lat' dir='ltr'>et</span> <span class='ocrx_word' id='word_1_555' title='bbox 2192 2427 2326 2491; x_wconf 77' lang='lat' dir='ltr'>quoe</span> <span class='ocrx_word' id='word_1_556' title='bbox 2363 2409 2432 2471; x_wconf 76' lang='lat' dir='ltr'>in</span> <span class='ocrx_word' id='word_1_557' title='bbox 2459 2415 2630 2475; x_wconf 65' lang='lat' dir='ltr'>terra</span> <span class='ocrx_word' id='word_1_558' title='bbox 2655 2413 2800 2472; x_wconf 76' lang='lat' dir='ltr'>sunt</span> <span class='ocrx_word' id='word_1_559' title='bbox 2821 2433 2845 2480; x_wconf 91' lang='lat'><strong>,·</strong></span> <span class='ocrx_word' id='word_1_560' title='bbox 2887 2414 2948 2468; x_wconf 88' lang='lat' dir='ltr'>ct</span> <span class='ocrx_word' id='word_1_561' title='bbox 2976 2406 3081 2467; x_wconf 87' lang='lat' dir='ltr'>illa</span> <span class='ocrx_word' id='word_1_562' title='bbox 3109 2405 3190 2468; x_wconf 89' lang='lat' dir='ltr'>ad</span> <span class='ocrx_word' id='word_1_563' title='bbox 3229 2401 3346 2468; x_wconf 91' lang='lat' dir='ltr'>Co·</span> 
     </span>
     <span class='ocr_line' id='line_1_80' title="bbox 1779 2495 3347 2584; baseline -0.001 -23"><span class='ocrx_word' id='word_1_564' title='bbox 1779 2501 1929 2562; x_wconf 88' lang='lat' dir='ltr'>loss.</span> <span class='ocrx_word' id='word_1_565' title='bbox 1967 2505 1992 2562; x_wconf 90' lang='grc'><strong>1</strong></span> <span class='ocrx_word' id='word_1_566' title='bbox 2026 2521 2044 2565; x_wconf 75' lang='lat' dir='ltr'><em>z</em></span> <span class='ocrx_word' id='word_1_567' title='bbox 2077 2503 2162 2564; x_wconf 73' lang='lat' dir='ltr'>Ia</span> <span class='ocrx_word' id='word_1_568' title='bbox 2187 2503 2324 2582; x_wconf 72' lang='lat' dir='ltr'>ipso</span> <span class='ocrx_word' id='word_1_569' title='bbox 2367 2502 2728 2584; x_wconf 77' lang='lat' dir='ltr'>complacuit</span> <span class='ocrx_word' id='word_1_570' title='bbox 2755 2517 2977 2562; x_wconf 67' lang='lat' dir='ltr'>omum</span> <span class='ocrx_word' id='word_1_571' title='bbox 3015 2495 3347 2582; x_wconf 76' lang='lat' dir='ltr'>plenitudi-</span> 
     </span>
     <span class='ocr_line' id='line_1_81' title="bbox 1778 2590 3346 2677; baseline 0 -21"><span class='ocrx_word' id='word_1_572' title='bbox 1778 2611 1911 2659; x_wconf 73' lang='lat' dir='ltr'>nem</span> <span class='ocrx_word' id='word_1_573' title='bbox 1934 2594 2300 2670; x_wconf 68' lang='lat' dir='ltr'>inhabitare,</span> <span class='ocrx_word' id='word_1_574' title='bbox 2348 2599 2406 2658; x_wconf 86' lang='lat' dir='ltr'>et</span> <span class='ocrx_word' id='word_1_575' title='bbox 2431 2613 2544 2677; x_wconf 75' lang='lat' dir='ltr'>per</span> <span class='ocrx_word' id='word_1_576' title='bbox 2571 2613 2702 2659; x_wconf 76' lang='lat' dir='ltr'>eam</span> <span class='ocrx_word' id='word_1_577' title='bbox 2727 2592 3112 2656; x_wconf 74' lang='lat' dir='ltr'>reconciliare</span> <span class='ocrx_word' id='word_1_578' title='bbox 3145 2590 3346 2656; x_wconf 72' lang='lat' dir='ltr'>omnia</span> 
     </span>
     <span class='ocr_line' id='line_1_82' title="bbox 1780 2683 3343 2772; baseline -0.003 -20"><span class='ocrx_word' id='word_1_579' title='bbox 1780 2689 1851 2752; x_wconf 70' lang='lat' dir='ltr'>in</span> <span class='ocrx_word' id='word_1_580' title='bbox 1868 2690 2092 2772; x_wconf 73' lang='lat' dir='ltr'>ipsum,</span> <span class='ocrx_word' id='word_1_581' title='bbox 2110 2691 2442 2769; x_wconf 76' lang='lat' dir='ltr'>pacificans</span> <span class='ocrx_word' id='word_1_582' title='bbox 2463 2705 2572 2770; x_wconf 77' lang='lat' dir='ltr'>per</span> <span class='ocrx_word' id='word_1_583' title='bbox 2599 2686 2952 2767; x_wconf 70' lang='lat' dir='ltr'>sanquinem</span> <span class='ocrx_word' id='word_1_584' title='bbox 2973 2685 3172 2749; x_wconf 74' lang='lat' dir='ltr'>erucis</span> <span class='ocrx_word' id='word_1_585' title='bbox 3189 2683 3343 2763; x_wconf 71' lang='lat' dir='ltr'>ejece,</span> 
     </span>
     <span class='ocr_line' id='line_1_83' title="bbox 1782 2777 3350 2863; baseline -0.004 -19"><span class='ocrx_word' id='word_1_586' title='bbox 1782 2782 1907 2845; x_wconf 74' lang='lat' dir='ltr'>sive</span> <span class='ocrx_word' id='word_1_587' title='bbox 1934 2799 2072 2862; x_wconf 80' lang='lat' dir='ltr'>quoe</span> <span class='ocrx_word' id='word_1_588' title='bbox 2097 2783 2166 2845; x_wconf 78' lang='lat' dir='ltr'>in</span> <span class='ocrx_word' id='word_1_589' title='bbox 2196 2781 2399 2858; x_wconf 78' lang='lat' dir='ltr'>terris,</span> <span class='ocrx_word' id='word_1_590' title='bbox 2431 2781 2554 2845; x_wconf 75' lang='lat' dir='ltr'>eive</span> <span class='ocrx_word' id='word_1_591' title='bbox 2579 2799 2712 2863; x_wconf 77' lang='lat' dir='ltr'>qaoe</span> <span class='ocrx_word' id='word_1_592' title='bbox 2754 2780 2820 2843; x_wconf 76' lang='lat' dir='ltr'>in</span> <span class='ocrx_word' id='word_1_593' title='bbox 2861 2777 3028 2844; x_wconf 76' lang='lat' dir='ltr'>eoelie</span> <span class='ocrx_word' id='word_1_594' title='bbox 3061 2783 3226 2842; x_wconf 69' lang='lat' dir='ltr'>sant.</span> <span class='ocrx_word' id='word_1_595' title='bbox 3271 2777 3350 2838; x_wconf 77' lang='lat' dir='ltr'>Et</span> 
     </span>
     <span class='ocr_line' id='line_1_84' title="bbox 1784 2870 3348 2955; baseline -0.004 -18"><span class='ocrx_word' id='word_1_596' title='bbox 1784 2876 1865 2938; x_wconf 81' lang='lat' dir='ltr'>ad</span> <span class='ocrx_word' id='word_1_597' title='bbox 1894 2876 2190 2937; x_wconf 86' lang='lat' dir='ltr'>eumdem</span> <span class='ocrx_word' id='word_1_598' title='bbox 2219 2876 2479 2938; x_wconf 87' lang='lat' dir='ltr'>modum</span> <span class='ocrx_word' id='word_1_599' title='bbox 2501 2873 2779 2955; x_wconf 86' lang='lat' dir='ltr'>loquitur</span> <span class='ocrx_word' id='word_1_600' title='bbox 2809 2875 3071 2953; x_wconf 85' lang='lat' dir='ltr'>August.</span> <span class='ocrx_word' id='word_1_601' title='bbox 3080 2918 3102 2949; x_wconf 91' lang='lat'><strong>,</strong></span> <span class='ocrx_word' id='word_1_602' title='bbox 3133 2870 3200 2932; x_wconf 88' lang='lat' dir='ltr'>in</span> <span class='ocrx_word' id='word_1_603' title='bbox 3227 2871 3348 2932; x_wconf 82' lang='lat' dir='ltr'>En·</span> 
     </span>
     <span class='ocr_line' id='line_1_85' title="bbox 1784 2965 3349 3048; baseline -0.003 -17"><span class='ocrx_word' id='word_1_604' title='bbox 1784 2969 1968 3044; x_wconf 66' lang='lat' dir='ltr'>chin,</span> <span class='ocrx_word' id='word_1_605' title='bbox 2001 2987 2057 3032; x_wconf 88' lang='lat' dir='ltr'>c.</span> <span class='ocrx_word' id='word_1_606' title='bbox 2089 2971 2195 3046; x_wconf 82' lang='grc'>61,</span> <span class='ocrx_word' id='word_1_607' title='bbox 2237 2971 2342 3045; x_wconf 72' lang='lat'><strong>62,</strong></span> <span class='ocrx_word' id='word_1_608' title='bbox 2383 2973 2462 3033; x_wconf 87' lang='grc'>63</span> <span class='ocrx_word' id='word_1_609' title='bbox 2489 2977 2552 3031; x_wconf 91' lang='lat' dir='ltr'>et</span> <span class='ocrx_word' id='word_1_610' title='bbox 2595 2972 2706 3042; x_wconf 73' lang='lat'>643</span> <span class='ocrx_word' id='word_1_611' title='bbox 2751 2973 2815 3030; x_wconf 87' lang='lat' dir='ltr'>et</span> <span class='ocrx_word' id='word_1_612' title='bbox 2859 2965 3150 3048; x_wconf 85' lang='lat' dir='ltr'>Gregor.,</span> <span class='ocrx_word' id='word_1_613' title='bbox 3194 2965 3236 3027; x_wconf 92' lang='lat' dir='ltr'>l.</span> <span class='ocrx_word' id='word_1_614' title='bbox 3269 2965 3349 3028; x_wconf 80' lang='lat'>28</span> 
     </span>
     <span class='ocr_line' id='line_1_86' title="bbox 1782 3061 3346 3140; baseline -0.004 -14"><span class='ocrx_word' id='word_1_615' title='bbox 1782 3065 2028 3140; x_wconf 68' lang='lat' dir='ltr'>Mor-al„</span> <span class='ocrx_word' id='word_1_616' title='bbox 2063 3083 2117 3125; x_wconf 91' lang='lat' dir='ltr'>c.</span> <span class='ocrx_word' id='word_1_617' title='bbox 2161 3067 2202 3126; x_wconf 82' lang='lat'>6</span> <span class='ocrx_word' id='word_1_618' title='bbox 2232 3070 2294 3127; x_wconf 90' lang='lat' dir='ltr'>et</span> <span class='ocrx_word' id='word_1_619' title='bbox 2339 3069 2401 3139; x_wconf 81' lang='lat'><strong>7,</strong></span> <span class='ocrx_word' id='word_1_620' title='bbox 2439 3066 2592 3127; x_wconf 86' lang='lat' dir='ltr'>alias</span> <span class='ocrx_word' id='word_1_621' title='bbox 2633 3083 2689 3127; x_wconf 90' lang='lat' dir='ltr'>c.</span> <span class='ocrx_word' id='word_1_622' title='bbox 2725 3065 2834 3140; x_wconf 71' lang='lat'>143</span> <span class='ocrx_word' id='word_1_623' title='bbox 2865 3069 2926 3124; x_wconf 89' lang='lat' dir='ltr'>et</span> <span class='ocrx_word' id='word_1_624' title='bbox 2955 3061 3346 3136; x_wconf 83' lang='lat' dir='ltr'>Ambrosius,</span> 
     </span>
     <span class='ocr_line' id='line_1_87' title="bbox 1784 3153 3351 3238; baseline -0.003 -19"><span class='ocrx_word' id='word_1_625' title='bbox 1784 3176 1974 3220; x_wconf 90' lang='lat' dir='ltr'>serm.</span> <span class='ocrx_word' id='word_1_626' title='bbox 2013 3161 2088 3220; x_wconf 87' lang='grc'>10</span> <span class='ocrx_word' id='word_1_627' title='bbox 2115 3159 2182 3219; x_wconf 92' lang='lat' dir='ltr'>in</span> <span class='ocrx_word' id='word_1_628' title='bbox 2209 3160 2372 3220; x_wconf 84' lang='lat' dir='ltr'>Psal.</span> <span class='ocrx_word' id='word_1_629' title='bbox 2407 3161 2546 3235; x_wconf 86' lang='grc'><strong>118,</strong></span> <span class='ocrx_word' id='word_1_630' title='bbox 2571 3177 2635 3238; x_wconf 89' lang='lat' dir='ltr'>p.</span> <span class='ocrx_word' id='word_1_631' title='bbox 2665 3161 2724 3232; x_wconf 90' lang='lat'><strong>3,</strong></span> <span class='ocrx_word' id='word_1_632' title='bbox 2753 3157 2860 3236; x_wconf 86' lang='lat' dir='ltr'>qui</span> <span class='ocrx_word' id='word_1_633' title='bbox 2881 3155 3150 3218; x_wconf 87' lang='lat' dir='ltr'>multum</span> <span class='ocrx_word' id='word_1_634' title='bbox 3175 3153 3351 3216; x_wconf 75' lang='lat' dir='ltr'>vide·</span> 
     </span>
     <span class='ocr_line' id='line_1_88' title="bbox 1784 3248 3352 3325; baseline -0.003 -13"><span class='ocrx_word' id='word_1_635' title='bbox 1784 3257 1887 3314; x_wconf 89' lang='lat' dir='ltr'>tur</span> <span class='ocrx_word' id='word_1_636' title='bbox 1924 3253 2136 3316; x_wconf 76' lang='lat' dir='ltr'>favere</span> <span class='ocrx_word' id='word_1_637' title='bbox 2165 3252 2312 3314; x_wconf 90' lang='lat' dir='ltr'>huic</span> <span class='ocrx_word' id='word_1_638' title='bbox 2347 3251 2698 3325; x_wconf 68' lang='lat' dir='ltr'>sententiae,</span> <span class='ocrx_word' id='word_1_639' title='bbox 2731 3250 2948 3312; x_wconf 88' lang='lat' dir='ltr'>dicens</span> <span class='ocrx_word' id='word_1_640' title='bbox 2977 3268 2994 3312; x_wconf 73' lang='grc' dir='ltr'><strong><em>ε</em></strong></span> <span class='ocrx_word' id='word_1_641' title='bbox 3039 3248 3352 3312; x_wconf 71' lang='lat' dir='ltr'>Habemus</span> 
     </span>
     <span class='ocr_line' id='line_1_89' title="bbox 1783 3337 3354 3426; baseline -0.004 -18"><span class='ocrx_word' id='word_1_642' title='bbox 1783 3347 2022 3426; x_wconf 76' lang='lat' dir='ltr'>aliquid</span> <span class='ocrx_word' id='word_1_643' title='bbox 2051 3347 2208 3426; x_wconf 78' lang='lat' dir='ltr'>qaod</span> <span class='ocrx_word' id='word_1_644' title='bbox 2227 3348 2500 3422; x_wconf 72' lang='lat' dir='ltr'>fortasse</span> <span class='ocrx_word' id='word_1_645' title='bbox 2523 3345 2744 3426; x_wconf 71' lang='lat' dir='ltr'>Aayeli</span> <span class='ocrx_word' id='word_1_646' title='bbox 2769 3361 2890 3405; x_wconf 71' lang='lat' dir='ltr'>aon</span> <span class='ocrx_word' id='word_1_647' title='bbox 2931 3341 3184 3406; x_wconf 73' lang='lat' dir='ltr'>habeant</span> <span class='ocrx_word' id='word_1_648' title='bbox 3207 3363 3234 3411; x_wconf 84' lang='lat'><strong>,·</strong></span> <span class='ocrx_word' id='word_1_649' title='bbox 3249 3337 3354 3402; x_wconf 76' lang='lat' dir='ltr'>abi</span> 
     </span>
     <span class='ocr_line' id='line_1_90' title="bbox 1784 3431 3355 3518; baseline -0.004 -16"><span class='ocrx_word' id='word_1_650' title='bbox 1784 3443 1940 3502; x_wconf 71' lang='lat' dir='ltr'>enim</span> <span class='ocrx_word' id='word_1_651' title='bbox 1995 3439 2323 3503; x_wconf 71' lang='lat' dir='ltr'>abundavit</span> <span class='ocrx_word' id='word_1_652' title='bbox 2357 3443 2696 3518; x_wconf 69' lang='lat' dir='ltr'>peceatum,</span> <span class='ocrx_word' id='word_1_653' title='bbox 2747 3431 3256 3515; x_wconf 69' lang='lat' dir='ltr'>superabandavit</span> <span class='ocrx_word' id='word_1_654' title='bbox 3296 3436 3355 3495; x_wconf 86' lang='lat' dir='ltr'>et</span> 
     </span>
     <span class='ocr_line' id='line_1_91' title="bbox 1783 3524 3352 3610; baseline -0.003 -18"><span class='ocrx_word' id='word_1_655' title='bbox 1783 3531 1994 3610; x_wconf 69' lang='lat' dir='ltr'>qratia</span> <span class='ocrx_word' id='word_1_656' title='bbox 2014 3553 2042 3602; x_wconf 89' lang='lat'><em>;</em></span> <span class='ocrx_word' id='word_1_657' title='bbox 2063 3532 2231 3594; x_wconf 76' lang='lat' dir='ltr'>nobis</span> <span class='ocrx_word' id='word_1_658' title='bbox 2263 3535 2354 3596; x_wconf 73' lang='lat' dir='ltr'>eet</span> <span class='ocrx_word' id='word_1_659' title='bbox 2393 3534 2582 3592; x_wconf 75' lang='lat' dir='ltr'>natae</span> <span class='ocrx_word' id='word_1_660' title='bbox 2627 3528 2916 3594; x_wconf 72' lang='lat' dir='ltr'>Christus</span> <span class='ocrx_word' id='word_1_661' title='bbox 2955 3545 3032 3591; x_wconf 71' lang='lat' dir='ltr'>eze</span> <span class='ocrx_word' id='word_1_662' title='bbox 3057 3524 3308 3608; x_wconf 64' lang='lat' dir='ltr'>Vimine</span> <span class='ocrx_word' id='word_1_663' title='bbox 3326 3549 3352 3597; x_wconf 89' lang='lat'><strong>,-</strong></span> 
     </span>
     <span class='ocr_line' id='line_1_92' title="bbox 1786 3617 3354 3702; baseline -0.003 -17"><span class='ocrx_word' id='word_1_664' title='bbox 1786 3624 2042 3702; x_wconf 62' lang='lat' dir='ltr'>aqimus</span> <span class='ocrx_word' id='word_1_665' title='bbox 2064 3625 2224 3687; x_wconf 79' lang='lat' dir='ltr'>enim</span> <span class='ocrx_word' id='word_1_666' title='bbox 2249 3651 2270 3686; x_wconf 93' lang='lat'>.·</span> <span class='ocrx_word' id='word_1_667' title='bbox 2311 3623 2478 3687; x_wconf 74' lang='lat' dir='ltr'>Puer</span> <span class='ocrx_word' id='word_1_668' title='bbox 2501 3628 2685 3687; x_wconf 74' lang='lat' dir='ltr'>natae</span> <span class='ocrx_word' id='word_1_669' title='bbox 2729 3627 2820 3685; x_wconf 76' lang='lat' dir='ltr'>eet</span> <span class='ocrx_word' id='word_1_670' title='bbox 2845 3622 3035 3693; x_wconf 74' lang='lat' dir='ltr'>nobie,</span> <span class='ocrx_word' id='word_1_671' title='bbox 3067 3625 3122 3683; x_wconf 84' lang='lat' dir='ltr'>et</span> <span class='ocrx_word' id='word_1_672' title='bbox 3149 3617 3354 3681; x_wconf 76' lang='lat' dir='ltr'>Filias</span> 
     </span>
     <span class='ocr_line' id='line_1_93' title="bbox 1786 3707 3354 3799; baseline -0.005 -19"><span class='ocrx_word' id='word_1_673' title='bbox 1786 3718 1966 3781; x_wconf 73' lang='lat' dir='ltr'>datus</span> <span class='ocrx_word' id='word_1_674' title='bbox 2000 3723 2092 3781; x_wconf 76' lang='lat' dir='ltr'>eet</span> <span class='ocrx_word' id='word_1_675' title='bbox 2129 3717 2300 3780; x_wconf 74' lang='lat' dir='ltr'>nobis</span> <span class='ocrx_word' id='word_1_676' title='bbox 2320 3741 2348 3788; x_wconf 90' lang='lat'><strong>,·</strong></span> <span class='ocrx_word' id='word_1_677' title='bbox 2365 3716 2532 3780; x_wconf 74' lang='lat' dir='ltr'>nobie</span> <span class='ocrx_word' id='word_1_678' title='bbox 2552 3732 2792 3780; x_wconf 67' lang='lat' dir='ltr'>earnem</span> <span class='ocrx_word' id='word_1_679' title='bbox 2814 3712 3094 3799; x_wconf 73' lang='lat' dir='ltr'>suscepit,</span> <span class='ocrx_word' id='word_1_680' title='bbox 3117 3707 3234 3774; x_wconf 73' lang='lat' dir='ltr'>imo</span> <span class='ocrx_word' id='word_1_681' title='bbox 3247 3727 3354 3793; x_wconf 82' lang='lat' dir='ltr'>po-</span> 
     </span>
     <span class='ocr_line' id='line_1_94' title="bbox 1788 3803 3352 3888; baseline -0.006 -14"><span class='ocrx_word' id='word_1_682' title='bbox 1788 3811 1911 3874; x_wconf 77' lang='lat' dir='ltr'>tius</span> <span class='ocrx_word' id='word_1_683' title='bbox 1939 3829 2050 3874; x_wconf 76' lang='lat' dir='ltr'>noe</span> <span class='ocrx_word' id='word_1_684' title='bbox 2065 3814 2131 3874; x_wconf 77' lang='lat' dir='ltr'>in</span> <span class='ocrx_word' id='word_1_685' title='bbox 2151 3811 2268 3873; x_wconf 77' lang='lat' dir='ltr'>illa</span> <span class='ocrx_word' id='word_1_686' title='bbox 2295 3827 2475 3874; x_wconf 65' lang='lat' dir='ltr'>earne</span> <span class='ocrx_word' id='word_1_687' title='bbox 2499 3809 2782 3888; x_wconf 66' lang='lat' dir='ltr'>suscepit,</span> <span class='ocrx_word' id='word_1_688' title='bbox 2833 3809 3070 3888; x_wconf 76' lang='lat' dir='ltr'>quando</span> <span class='ocrx_word' id='word_1_689' title='bbox 3115 3803 3352 3867; x_wconf 76' lang='lat' dir='ltr'>Filiam</span> 
     </span>
     <span class='ocr_line' id='line_1_95' title="bbox 1787 3897 3353 3980; baseline -0.004 -14"><span class='ocrx_word' id='word_1_690' title='bbox 1787 3904 2048 3968; x_wconf 69' lang='lat' dir='ltr'>hominis</span> <span class='ocrx_word' id='word_1_691' title='bbox 2071 3905 2137 3967; x_wconf 83' lang='lat' dir='ltr'>in</span> <span class='ocrx_word' id='word_1_692' title='bbox 2167 3903 2282 3967; x_wconf 75' lang='lat' dir='ltr'>Det</span> <span class='ocrx_word' id='word_1_693' title='bbox 2307 3905 2441 3968; x_wconf 72' lang='lat' dir='ltr'>sede</span> <span class='ocrx_word' id='word_1_694' title='bbox 2463 3903 2823 3974; x_wconf 74' lang='lat' dir='ltr'>eonstituit;</span> <span class='ocrx_word' id='word_1_695' title='bbox 2847 3917 2970 3961; x_wconf 73' lang='lat' dir='ltr'>aon</span> <span class='ocrx_word' id='word_1_696' title='bbox 2987 3899 3118 3980; x_wconf 74' lang='lat' dir='ltr'>leyo</span> <span class='ocrx_word' id='word_1_697' title='bbox 3147 3897 3353 3978; x_wconf 66' lang='lat' dir='ltr'>Anys-</span> 
     </span>
     <span class='ocr_line' id='line_1_96' title="bbox 1789 3991 3354 4068; baseline -0.006 -9"><span class='ocrx_word' id='word_1_698' title='bbox 1789 3997 1879 4059; x_wconf 73' lang='lat' dir='ltr'>los</span> <span class='ocrx_word' id='word_1_699' title='bbox 1921 3999 1994 4058; x_wconf 73' lang='lat' dir='ltr'>in</span> <span class='ocrx_word' id='word_1_700' title='bbox 2031 3996 2145 4061; x_wconf 79' lang='lat' dir='ltr'>Dei</span> <span class='ocrx_word' id='word_1_701' title='bbox 2188 3997 2319 4060; x_wconf 74' lang='lat' dir='ltr'>sede</span> <span class='ocrx_word' id='word_1_702' title='bbox 2355 3995 2484 4060; x_wconf 75' lang='lat' dir='ltr'>aiei</span> <span class='ocrx_word' id='word_1_703' title='bbox 2507 3999 2764 4068; x_wconf 74' lang='lat' dir='ltr'>stantes,</span> <span class='ocrx_word' id='word_1_704' title='bbox 2795 3993 2924 4054; x_wconf 76' lang='lat' dir='ltr'>nisi</span> <span class='ocrx_word' id='word_1_705' title='bbox 2951 3991 3354 4054; x_wconf 55' lang='lat' dir='ltr'>minster-iam</span> 
     </span>
     <span class='ocr_line' id='line_1_97' title="bbox 1790 4085 3355 4170; baseline -0.007 -15"><span class='ocrx_word' id='word_1_706' title='bbox 1790 4093 2120 4170; x_wconf 73' lang='lat' dir='ltr'>deferentes</span> <span class='ocrx_word' id='word_1_707' title='bbox 2132 4112 2158 4161; x_wconf 92' lang='lat'><strong>,·</strong></span> <span class='ocrx_word' id='word_1_708' title='bbox 2176 4107 2294 4153; x_wconf 75' lang='lat' dir='ltr'>non</span> <span class='ocrx_word' id='word_1_709' title='bbox 2317 4089 2450 4168; x_wconf 69' lang='lat' dir='ltr'>leqo</span> <span class='ocrx_word' id='word_1_710' title='bbox 2481 4089 2768 4167; x_wconf 61' lang='lat' dir='ltr'>Ampelos,</span> <span class='ocrx_word' id='word_1_711' title='bbox 2783 4141 2787 4146; x_wconf 88' lang='lat'><strong>.</strong></span> <span class='ocrx_word' id='word_1_712' title='bbox 2802 4087 2907 4148; x_wconf 82' lang='lat' dir='ltr'>eed</span> <span class='ocrx_word' id='word_1_713' title='bbox 2929 4085 3193 4147; x_wconf 66' lang='lat' dir='ltr'>homines</span> <span class='ocrx_word' id='word_1_714' title='bbox 3219 4101 3355 4145; x_wconf 74' lang='lat' dir='ltr'>oon·-</span> 
     </span>
     <span class='ocr_line' id='line_1_98' title="bbox 1788 4177 3355 4263; baseline -0.004 -17"><span class='ocrx_word' id='word_1_715' title='bbox 1788 4185 2052 4263; x_wconf 70' lang='lat' dir='ltr'>eepultoe</span> <span class='ocrx_word' id='word_1_716' title='bbox 2075 4183 2342 4257; x_wconf 69' lang='lat' dir='ltr'>Christo,</span> <span class='ocrx_word' id='word_1_717' title='bbox 2371 4187 2426 4246; x_wconf 89' lang='lat' dir='ltr'>et</span> <span class='ocrx_word' id='word_1_718' title='bbox 2450 4183 2518 4244; x_wconf 78' lang='lat' dir='ltr'>in</span> <span class='ocrx_word' id='word_1_719' title='bbox 2541 4179 2784 4244; x_wconf 69' lang='lat' dir='ltr'>Christo</span> <span class='ocrx_word' id='word_1_720' title='bbox 2807 4179 3218 4241; x_wconf 71' lang='lat' dir='ltr'>remeitatoe.</span> <span class='ocrx_word' id='word_1_721' title='bbox 3241 4177 3355 4239; x_wconf 80' lang='lat' dir='ltr'>De·</span> 
     </span>
     <span class='ocr_line' id='line_1_99' title="bbox 1787 4271 3357 4358; baseline -0.006 -18"><span class='ocrx_word' id='word_1_722' title='bbox 1787 4279 1967 4358; x_wconf 77' lang='lat' dir='ltr'>nique</span> <span class='ocrx_word' id='word_1_723' title='bbox 1995 4278 2088 4340; x_wconf 80' lang='lat' dir='ltr'>ait</span> <span class='ocrx_word' id='word_1_724' title='bbox 2125 4275 2476 4356; x_wconf 74' lang='lat' dir='ltr'>Apostolus,</span> <span class='ocrx_word' id='word_1_725' title='bbox 2501 4273 2654 4356; x_wconf 72' lang='lat' dir='ltr'>qaia</span> <span class='ocrx_word' id='word_1_726' title='bbox 2680 4271 3118 4352; x_wconf 72' lang='lat' dir='ltr'>convivificavit</span> <span class='ocrx_word' id='word_1_727' title='bbox 3151 4287 3260 4332; x_wconf 72' lang='lat' dir='ltr'>nos</span> <span class='ocrx_word' id='word_1_728' title='bbox 3287 4271 3357 4332; x_wconf 77' lang='lat' dir='ltr'>ia</span> 
     </span>
     <span class='ocr_line' id='line_1_100' title="bbox 1793 4365 3356 4450; baseline -0.005 -17"><span class='ocrx_word' id='word_1_729' title='bbox 1793 4367 2059 4446; x_wconf 70' lang='lat' dir='ltr'>Christo,</span> <span class='ocrx_word' id='word_1_730' title='bbox 2092 4369 2270 4449; x_wconf 78' lang='lat' dir='ltr'>eujus</span> <span class='ocrx_word' id='word_1_731' title='bbox 2295 4367 2502 4450; x_wconf 73' lang='lat' dir='ltr'>qratia</span> <span class='ocrx_word' id='word_1_732' title='bbox 2525 4365 2669 4430; x_wconf 75' lang='lat' dir='ltr'>estis</span> <span class='ocrx_word' id='word_1_733' title='bbox 2697 4366 3049 4446; x_wconf 70' lang='lat' dir='ltr'>salvificati,</span> <span class='ocrx_word' id='word_1_734' title='bbox 3081 4369 3138 4428; x_wconf 89' lang='lat' dir='ltr'>et</span> <span class='ocrx_word' id='word_1_735' title='bbox 3164 4365 3356 4427; x_wconf 66' lang='lat' dir='ltr'>simul</span> 
     </span>
     <span class='ocr_line' id='line_1_101' title="bbox 1786 4455 3357 4542; baseline -0.005 -16"><span class='ocrx_word' id='word_1_736' title='bbox 1786 4463 2130 4537; x_wconf 71' lang='lat' dir='ltr'>suscitavit,</span> <span class='ocrx_word' id='word_1_737' title='bbox 2173 4461 2468 4542; x_wconf 69' lang='lat' dir='ltr'>simulque</span> <span class='ocrx_word' id='word_1_738' title='bbox 2513 4459 2714 4524; x_wconf 71' lang='lat' dir='ltr'>sedere</span> <span class='ocrx_word' id='word_1_739' title='bbox 2750 4461 2896 4539; x_wconf 76' lang='lat' dir='ltr'>feeit</span> <span class='ocrx_word' id='word_1_740' title='bbox 2917 4460 2987 4521; x_wconf 77' lang='lat' dir='ltr'>ia</span> <span class='ocrx_word' id='word_1_741' title='bbox 3029 4455 3357 4520; x_wconf 75' lang='lat' dir='ltr'>eoeleste‘lme</span> 
     </span>
     <span class='ocr_line' id='line_1_102' title="bbox 1788 4554 2410 4620; baseline -0.006 0"><span class='ocrx_word' id='word_1_742' title='bbox 1788 4571 1921 4620; x_wconf 70' lang='lat' dir='ltr'>oum</span> <span class='ocrx_word' id='word_1_743' title='bbox 1953 4554 2201 4619; x_wconf 70' lang='lat' dir='ltr'>Christo</span> <span class='ocrx_word' id='word_1_744' title='bbox 2227 4555 2281 4617; x_wconf 93' lang='lat' dir='ltr'><em>J</em></span> <span class='ocrx_word' id='word_1_745' title='bbox 2283 4570 2410 4617; x_wconf 75' lang='lat' dir='ltr'>eeu.</span> 
     </span>
    </p>

    <p class='ocr_par' dir='ltr' id='par_1_6' title="bbox 1786 4644 3360 5564">
     <span class='ocr_line' id='line_1_103' title="bbox 1868 4644 3356 4726; baseline -0.003 -18"><span class='ocrx_word' id='word_1_746' title='bbox 1868 4649 1929 4709; x_wconf 84' lang='lat'>3.</span> <span class='ocrx_word' id='word_1_747' title='bbox 1975 4648 2187 4708; x_wconf 86' lang='lat' dir='ltr'>Tertio</span> <span class='ocrx_word' id='word_1_748' title='bbox 2214 4691 2230 4720; x_wconf 95' lang='lat'><strong>,</strong></span> <span class='ocrx_word' id='word_1_749' title='bbox 2286 4663 2622 4725; x_wconf 82' lang='lat' dir='ltr'>possemus</span> <span class='ocrx_word' id='word_1_750' title='bbox 2651 4645 3082 4726; x_wconf 86' lang='lat' dir='ltr'>argumentari</span> <span class='ocrx_word' id='word_1_751' title='bbox 3109 4644 3356 4705; x_wconf 83' lang='lat' dir='ltr'>ratione</span> 
     </span>
     <span class='ocr_line' id='line_1_104' title="bbox 1786 4738 3356 4819; baseline -0.004 -17"><span class='ocrx_word' id='word_1_752' title='bbox 1786 4743 2038 4819; x_wconf 84' lang='lat' dir='ltr'>sumpta</span> <span class='ocrx_word' id='word_1_753' title='bbox 2070 4757 2144 4800; x_wconf 80' lang='lat' dir='ltr'>ex</span> <span class='ocrx_word' id='word_1_754' title='bbox 2178 4739 2396 4801; x_wconf 86' lang='lat' dir='ltr'>ordine</span> <span class='ocrx_word' id='word_1_755' title='bbox 2424 4739 3009 4818; x_wconf 71' lang='lat' dir='ltr'>praedestinationis,</span> <span class='ocrx_word' id='word_1_756' title='bbox 3053 4738 3110 4798; x_wconf 91' lang='lat' dir='ltr'>si</span> <span class='ocrx_word' id='word_1_757' title='bbox 3135 4751 3356 4797; x_wconf 82' lang='lat' dir='ltr'>verum</span> 
     </span>
     <span class='ocr_line' id='line_1_105' title="bbox 1788 4828 3358 4909; baseline -0.004 -15"><span class='ocrx_word' id='word_1_758' title='bbox 1788 4839 1956 4894; x_wconf 86' lang='lat' dir='ltr'>esset</span> <span class='ocrx_word' id='word_1_759' title='bbox 1991 4832 2214 4894; x_wconf 87' lang='lat' dir='ltr'>Christi</span> <span class='ocrx_word' id='word_1_760' title='bbox 2255 4832 2550 4894; x_wconf 87' lang='lat' dir='ltr'>meritum</span> <span class='ocrx_word' id='word_1_761' title='bbox 2597 4833 2801 4894; x_wconf 87' lang='lat' dir='ltr'>solum</span> <span class='ocrx_word' id='word_1_762' title='bbox 2837 4830 3032 4892; x_wconf 87' lang='lat' dir='ltr'>fuisse</span> <span class='ocrx_word' id='word_1_763' title='bbox 3064 4828 3358 4909; x_wconf 80' lang='lat' dir='ltr'>proeordi-</span> 
     </span>
     <span class='ocr_line' id='line_1_106' title="bbox 1787 4921 3358 5005; baseline -0.004 -17"><span class='ocrx_word' id='word_1_764' title='bbox 1787 4931 2010 4988; x_wconf 85' lang='lat' dir='ltr'>natum</span> <span class='ocrx_word' id='word_1_765' title='bbox 2043 4933 2108 4987; x_wconf 84' lang='lat' dir='ltr'>et</span> <span class='ocrx_word' id='word_1_766' title='bbox 2134 4926 2470 5005; x_wconf 81' lang='lat' dir='ltr'>praevisum</span> <span class='ocrx_word' id='word_1_767' title='bbox 2499 4931 2642 5004; x_wconf 88' lang='lat' dir='ltr'>post</span> <span class='ocrx_word' id='word_1_768' title='bbox 2665 4923 3024 5005; x_wconf 77' lang='lat' dir='ltr'>praescitum</span> <span class='ocrx_word' id='word_1_769' title='bbox 3053 4921 3358 5002; x_wconf 86' lang='lat' dir='ltr'>originale</span> 
     </span>
     <span class='ocr_line' id='line_1_107' title="bbox 1788 5015 3357 5102; baseline -0.005 -19"><span class='ocrx_word' id='word_1_770' title='bbox 1788 5026 2152 5102; x_wconf 84' lang='lat' dir='ltr'>peccatum,</span> <span class='ocrx_word' id='word_1_771' title='bbox 2195 5020 2346 5099; x_wconf 86' lang='lat' dir='ltr'>quia</span> <span class='ocrx_word' id='word_1_772' title='bbox 2371 5025 2574 5082; x_wconf 88' lang='lat' dir='ltr'>toturn</span> <span class='ocrx_word' id='word_1_773' title='bbox 2613 5017 2938 5098; x_wconf 86' lang='lat' dir='ltr'>negotium</span> <span class='ocrx_word' id='word_1_774' title='bbox 2969 5015 3357 5096; x_wconf 86' lang='lat' dir='ltr'>Angelorum</span> 
     </span>
     <span class='ocr_line' id='line_1_108' title="bbox 1788 5114 3358 5193; baseline -0.006 -16"><span class='ocrx_word' id='word_1_775' title='bbox 1788 5114 2163 5193; x_wconf 81' lang='lat' dir='ltr'>intelligitur</span> <span class='ocrx_word' id='word_1_776' title='bbox 2231 5117 2736 5174; x_wconf 84' lang='lat' dir='ltr'>consummatum</span> <span class='ocrx_word' id='word_1_777' title='bbox 2811 5117 2961 5171; x_wconf 87' lang='lat' dir='ltr'>ente</span> <span class='ocrx_word' id='word_1_778' title='bbox 3033 5114 3358 5190; x_wconf 82' lang='lat' dir='ltr'>peccatum</span> 
     </span>
     <span class='ocr_line' id='line_1_109' title="bbox 1793 5203 3360 5287; baseline -0.007 -17"><span class='ocrx_word' id='word_1_779' title='bbox 1793 5208 1942 5271; x_wconf 76' lang='lat' dir='ltr'>Adae</span> <span class='ocrx_word' id='word_1_780' title='bbox 1993 5207 2345 5287; x_wconf 76' lang='lat' dir='ltr'>praevisum.</span> <span class='ocrx_word' id='word_1_781' title='bbox 2399 5207 2556 5266; x_wconf 86' lang='lat' dir='ltr'>Nam</span> <span class='ocrx_word' id='word_1_782' title='bbox 2593 5206 2764 5284; x_wconf 87' lang='lat' dir='ltr'>prius</span> <span class='ocrx_word' id='word_1_783' title='bbox 2793 5203 3163 5282; x_wconf 85' lang='lat' dir='ltr'>intelligitur</span> <span class='ocrx_word' id='word_1_784' title='bbox 3199 5215 3360 5280; x_wconf 78' lang='lat' dir='ltr'>prse-</span> 
     </span>
     <span class='ocr_line' id='line_1_110' title="bbox 1788 5292 3360 5380; baseline -0.008 -17"><span class='ocrx_word' id='word_1_785' title='bbox 1788 5303 1990 5363; x_wconf 83' lang='lat' dir='ltr'>visum</span> <span class='ocrx_word' id='word_1_786' title='bbox 2021 5307 2346 5380; x_wconf 82' lang='lat' dir='ltr'>peccatum</span> <span class='ocrx_word' id='word_1_787' title='bbox 2375 5297 2758 5378; x_wconf 83' lang='lat' dir='ltr'>Angelorum</span> <span class='ocrx_word' id='word_1_788' title='bbox 2785 5312 2975 5375; x_wconf 86' lang='lat' dir='ltr'>quam</span> <span class='ocrx_word' id='word_1_789' title='bbox 3007 5295 3178 5368; x_wconf 81' lang='lat' dir='ltr'>Ades,</span> <span class='ocrx_word' id='word_1_790' title='bbox 3211 5292 3360 5370; x_wconf 85' lang='lat' dir='ltr'>quia</span> 
     </span>
     <span class='ocr_line' id='line_1_111' title="bbox 1788 5384 3360 5470; baseline -0.007 -16"><span class='ocrx_word' id='word_1_791' title='bbox 1788 5393 1905 5454; x_wconf 87' lang='lat' dir='ltr'>fuit</span> <span class='ocrx_word' id='word_1_792' title='bbox 1933 5393 2144 5470; x_wconf 86' lang='lat' dir='ltr'>aliquo</span> <span class='ocrx_word' id='word_1_793' title='bbox 2175 5392 2366 5453; x_wconf 88' lang='lat' dir='ltr'>modo</span> <span class='ocrx_word' id='word_1_794' title='bbox 2399 5409 2590 5452; x_wconf 85' lang='lat' dir='ltr'>causa</span> <span class='ocrx_word' id='word_1_795' title='bbox 2617 5391 2805 5450; x_wconf 88' lang='lat' dir='ltr'>illius.</span> <span class='ocrx_word' id='word_1_796' title='bbox 2825 5389 3129 5468; x_wconf 29' lang='lat' dir='ltr'>§Denique</span> <span class='ocrx_word' id='word_1_797' title='bbox 3159 5384 3360 5464; x_wconf 86' lang='lat' dir='ltr'>gratia</span> 
     </span>
     <span class='ocr_line' id='line_1_112' title="bbox 1792 5479 3360 5564; baseline -0.006 -17"><span class='ocrx_word' id='word_1_798' title='bbox 1792 5493 1855 5548; x_wconf 89' lang='lat' dir='ltr'>et</span> <span class='ocrx_word' id='word_1_799' title='bbox 1881 5485 2078 5564; x_wconf 86' lang='lat' dir='ltr'>gloria</span> <span class='ocrx_word' id='word_1_800' title='bbox 2112 5485 2498 5561; x_wconf 83' lang='lat' dir='ltr'>Angelorum</span> <span class='ocrx_word' id='word_1_801' title='bbox 2539 5481 2976 5561; x_wconf 82' lang='lat' dir='ltr'>independens</span> <span class='ocrx_word' id='word_1_802' title='bbox 3001 5479 3117 5539; x_wconf 83' lang='lat' dir='ltr'>fuit</span> <span class='ocrx_word' id='word_1_803' title='bbox 3147 5497 3184 5538; x_wconf 81' lang='lat' dir='ltr'>a</span> <span class='ocrx_word' id='word_1_804' title='bbox 3215 5491 3360 5556; x_wconf 85' lang='lat' dir='ltr'>pee-</span> 
     </span>
    </p>
   </div>
  </div>
 </body>
</html>
