3892 6167
585 494 739 571 guat
764 486 1038 549 animam
1068 482 1290 549 Christi
1317 486 1609 548 habuisse
1634 485 1799 547 hanc
1819 484 2142 565 perfectio-

584 600 753 655 nem,
786 585 851 643 et
872 579 1105 659 alioqui
1132 581 1221 641 illi
1242 581 1455 643 debita
1480 586 1615 643 erat
1630 580 1871 641 ratione
1886 577 2142 639 unionis

584 684 647 739 et
671 674 1099 749 beatitudinis,
1132 680 1195 737 et
1222 674 1391 736 illius
1418 674 1695 737 carentia
1712 687 1839 735 non
1866 676 2002 735 erat
2029 689 2142 733 no·

584 772 681 837 bis
704 768 1085 843 necessaria;
1120 786 1292 849 ergo.

665 873 730 933 5.
777 862 1063 945 objectio.
1084 861 1379 938 -Dices,
1400 862 1598 925 videri
1624 880 1740 923 nos
1760 859 2142 924 confundere

587 959 913 1023 scientiam
936 973 1052 1035 per
1074 974 1141 1019 se
1170 954 1443 1018 infusam
1476 974 1621 1019 cum
1658 956 1776 1017 hac
1816 953 2140 1034 acquisita,

586 1072 737 1116 nam
760 1070 1135 1133 cognoscere
1172 1050 1551 1114 substantias
1578 1054 1926 1129 separatae,
1958 1053 2145 1129 prout

586 1148 653 1211 in
694 1167 763 1211 se
790 1148 943 1229 ipsis
971 1152 1138 1223 sunt,
1168 1151 1230 1208 et
1273 1146 1523 1225 operari
1570 1146 1705 1207 3188
1736 1144 2144 1207 conversione

586 1243 669 1305 ad
696 1243 1158 1322 phantasmata,
1174 1238 1423 1301 videtur
1442 1258 1581 1302 8338
1598 1238 1921 1319 proprium
1944 1238 2146 1299 scieu-

586 1337 687 1399 1181
715 1354 827 1416 per
854 1354 923 1397 38
948 1334 1196 1396 infusae.
1224 1333 1659 1414 Respondetur
1686 1352 1817 1395 non
1840 1330 2145 1395 confundi

586 1431 702 1493 has
746 1430 1061 1506 scientias,
1100 1430 1387 1513 quamvis
1432 1428 1498 1489 in
1545 1428 1757 1507 aliqua
1785 1426 2144 1489 conditione

585 1526 793 1603 aliquo
822 1523 1011 1586 modo
1030 1524 1363 1585 convenire
1386 1524 1656 1603 possint;
1686 1522 1947 1586 scientia
1975 1520 2142 1582 enim

585 1636 699 1699 per
726 1636 793 1681 se
820 1618 1026 1679 infusa
1048 1617 1213 1679 dicta
1242 1622 1335 1679 est
1364 1634 1403 1677 a
1428 1616 1612 1679 nobis
1632 1616 1919 1697 quaedam
1944 1614 2146 1677 scien·

586 1716 673 1777 tia
699 1713 895 1776 divini
922 1718 985 1773 et
1008 1710 1501 1791 supernaturalis
1528 1711 1783 1783 ordinis,
1804 1727 1921 1791 per
1950 1726 2142 1790 quam

586 1826 717 1871 1108
746 1806 951 1870 solum
976 1824 1075 1867 res
1102 1806 1646 1885 supernaturales,
1676 1804 1786 1866 sed
1812 1804 2000 1866 etiam
2033 1820 2144 1864 na-

588 1901 843 1973 turales,
892 1898 1353 1978 supernaturali
1402 1897 1591 1960 modo
1636 1903 2140 1977 cognoscuntur-3

586 1996 757 2058 unde
784 1996 889 2057 illa
938 1994 1195 2055 scientia
1230 1992 1459 2055 dicitur
1493 2010 1609 2071 per
1638 2009 1705 2053 se
1750 1991 1981 2065 infusa,
2011 2008 2141 2053 non

587 2091 792 2153 solum
818 2088 1057 2151 ratione
1098 2086 1467 2168 specierum,
1510 2084 1623 2148 sed
1670 2085 1856 2148 etiam
1899 2086 2144 2147 ratione

584 2184 863 2259 luminis,
892 2188 953 2244 et
981 2183 1129 2263 quia
1157 2182 1413 2244 omnino
1462 2185 1555 2245 est
1602 2200 1791 2263 supra
1842 2179 2146 2243 conditio-

584 2295 733 2339 nem
766 2276 991 2338 animae
1022 2276 1334 2352 1111188888,
1380 2281 1512 2338 tam
1556 2277 1909 2355 conjunctae
1951 2288 2146 2353 quam

586 2374 909 2450 separatas.
944 2371 1025 2432 At
1044 2388 1197 2432 vero
1226 2370 1359 2431 11ωο
1389 2369 1665 2443 scientia,
1698 2368 1776 2431 de
1800 2386 1925 2447 qua
1951 2366 2142 2428 modo

582 2464 853 2545 agimus,
885 2468 983 2526 est
1008 2463 1431 2526 connaturalis
1454 2464 1749 2525 humanae
1774 2465 2044 2537 naturai,
2079 2465 2144 2521 et

582 2555 729 2618 iicet
751 2556 1015 2637 attingat
1039 2574 1141 2619 res
1168 2557 1523 2637 spirituales
1542 2574 1619 2618 eo
1638 2554 1829 2617 modo
1856 2572 1982 2634 quo
2009 2554 2146 2616 ani·

584 2664 691 2709 ma
720 2650 1001 2711 humana
1018 2655 1221 2730 potest
1240 2652 1379 2712 illas
1410 2650 1777 2713 naturaliter
1802 2664 2146 2727 cognosce-

584 2760 676 2818 re,
702 2748 942 2819 tamen,
970 2743 1157 2805 etiam
1187 2744 1397 2821 quoad
1428 2746 1571 2819 hoc,
1586 2748 1683 2805 est
1710 2741 2018 2803 inferioris
2041 2758 2144 2801 ra·

586 2836 767 2898 tionis
795 2854 989 2915 quam
1016 2838 1271 2899 scientia
1298 2856 1415 2919 per
1462 2854 1529 2899 se
1575 2834 1813 2909 infusa3
1844 2834 2016 2895 unde
2061 2834 2145 2895 ad

584 2928 747 2990 hanc
772 2928 1189 3008 coguitionem
1205 2948 1332 2992 non
1352 2930 1691 3011 requiritur
1709 2928 1881 2989 aliud
1899 2928 2140 3003 lumen,

586 3027 811 3102 111-18181·
834 3021 991 3082 illud
1016 3022 1188 3101 quod
1212 3024 1499 3085 naturale
1526 3028 1619 3086 est
1671 3022 1897 3084 animm
1923 3022 2145 3081 huma-

585 3132 703 3175 nae.
726 3114 1155 3193 Requiruntur
1172 3123 1384 3178 autem
1406 3116 1649 3197 species
1671 3132 1789 3196 per
1807 3132 1875 3176 se
1891 3114 2145 3194 quidem

586 3207 830 3285 int'usae,
854 3214 1069 3271 tamen
1088 3210 1325 3271 ordinis
1352 3210 1676 3284 naturalis,
1701 3207 1921 3288 quales
1941 3208 2147 3269 infun-

581 3301 819 3363 duntur
844 3302 1067 3363 animae
1092 3308 1397 3383 separatae
1416 3303 1597 3383 juxta
1621 3302 1974 3365 naturalem
2000 3320 2146 3363 con·

580 3394 881 3457 ditionem
910 3396 1069 3476 ejuS,
1105 3414 1245 3475 quae
1298 3398 1554 3458 omnino
1600 3396 1857 3459 diversae
1886 3400 2034 3458 sunt
2063 3396 2145 3458 ab

582 3490 907 3569 speciebus
937 3490 1195 3551 alterius
1218 3490 1520 3565 scientiae,
1544 3496 1617 3553 ut
1640 3510 1716 3553 ex
1751 3508 1939 3570 supra
1963 3490 2143 3552 dictis

586 3581 771 3643 facile
802 3588 1063 3645 constat.
1094 3582 1169 3644 Et
1194 3581 1343 3645 111110
1372 3584 1561 3645 811818
1590 3590 1855 3665 possunt
1871 3584 1970 3646 hae
1999 3584 2140 3646 duae

582 3674 860 3736 scientioe
889 3674 953 3734 in
978 3674 1099 3736 hoc
1128 3676 1491 3753 convenire,
1518 3678 1688 3757 quod
1722 3678 2001 3739 Christus
2029 3694 2142 3757 po-

580 3766 699 3828 tuit
727 3770 995 3847 utraque
1021 3768 1111 3840 uti
1136 3768 1273 3831 sine
1297 3770 1705 3832 conversione
1730 3770 1813 3831 ad
1840 3771 2072 3850 phanto
2083 3789 2145 3831 s·

580 3866 779 3933 mata;
810 3860 959 3939 quia
980 3860 1115 3924 haec
1157 3862 1431 3924 conditio
1460 3882 1591 3924 non
1620 3864 1827 3925 solum
1854 3863 2005 3924 oriri
2032 3882 2142 3945 po·

579 3956 703 4015 test
730 3972 808 4015 ex
841 3956 1093 4035 propria
1122 3962 1185 4017 et
1214 3957 1505 4036 specifica
1536 3956 1893 4019 conditione
1941 3958 2142 4019 scien·

580 4048 679 4109 tice
708 4047 931 4110 infusae
968 4054 1034 4110 et
1080 4051 1605 4129 supernaturalis,
1652 4050 1767 4112 sed
1814 4052 2005 4112 etiam
2062 4068 2140 4112 ex

580 4139 937 4203 conditione
976 4158 1091 4203 scu
1129 4148 1295 4204 statu
1324 4144 1520 4223 ipsius
1549 4142 1835 4223 subjecti,
1862 4160 1976 4206 seu
2005 4144 2142 4205 ani-

579 4250 697 4295 mae
716 4233 937 4309 beate,
963 4233 1239 4312 perfecte
1288 4235 1669 4298 dominantis
1718 4237 1966 4316 corpori
1997 4254 2134 4314 suo,

582 4330 654 4387 ut
682 4344 760 4387 ex
790 4326 1073 4387 doctrina
1102 4326 1291 4389 etiam
1332 4330 1406 4391 D.
1438 4330 1695 4392 Thomae
1752 4330 1901 4393 satis
1932 4329 2138 4393 decla-

581 4424 789 4483 ratum
822 4426 941 4481 est.

1198 4592 1419 4647 snc'rlo
1452 4596 1515 4649 11.

588 4714 777 4775 Utrum
823 4717 1013 4775 anima
1074 4714 1281 4775 christi
1332 4719 1589 4777 habuerit
1632 4720 1773 4779 hanc
1826 4724 2140 4780 naturalem

652 4802 946 4859 scientiam
966 4802 1213 4875 ianuam
1246 4819 1283 4859 a
1318 4802 1431 4860 Deo
1456 4820 1493 4860 a
1524 4806 1705 4877 primo
1729 4807 1962 4863 instanti
1981 4822 2142 4867 crea-

656 4886 821 4944 tionis
850 4902 985 4945 suoe.

664 5082 723 5143 1.
770 5076 975 5142 Prima
996 5079 1307 5143 sententia
1330 5086 1525 5161 negat
1551 5082 1847 5146 habuisse
1863 5085 2140 5147 animam

576 5172 799 5236 Christi
834 5172 1001 5233 11880
1042 5174 1373 5236 scientiam
1406 5192 1445 5235 a
1472 5175 1806 5258 principio,
1837 5178 2142 5241 3811111111-

579 5282 739 5337 sam,
771 5264 884 5327 sed
928 5264 1217 5328 discursu
1242 5268 1543 5348 temporis
1570 5286 1713 5331 8818
1749 5272 2004 5351 propria
2045 5272 2140 5333 in-

576 5358 876 5423 ventione
909 5359 1315 5438 acquisivisse
1344 5360 1583 5442 absque
1611 5364 1882 5426 hominis
1910 5366 2142 5447 magis-

580 5452 758 5529 terio,
788 5470 904 5515 seu
938 5452 1259 5528 doctrinm
1294 5460 1389 5518 est
1424 5456 1593 5518 enim
1643 5456 1809 5519 inter
1836 5457 1954 5520 1103
1981 5459 2142 5522 duos

580 5544 802 5613 modos
830 5544 1205 5625 differentia,
1226 5547 1377 5633 quia
1407 5549 1472 5611 in
1498 5548 1859 5617 inventione
1895 5552 2144 5635 objecta

1810 382 2046 447 QuAEs'r.
2079 382 2188 439 Xss.
2223 382 2425 440 anne.
2461 384 2544 441 lv,

2223 486 2428 547 solum
2491 485 2850 549 ministrant
2907 485 3150 566 species
3176 532 3197 564 ,
3259 486 3477 568 quibus
3525 496 3690 566 habitis

2222 579 2416 641 homo
2469 598 2588 662 per
2639 598 2708 643 se
2763 580 3075 657 discurrit,
3117 584 3181 643 et
3229 586 3525 661 propriam
3556 593 3692 656 virtu.
3789 621 3791 661 ι

2221 681 2352 737 tem
2395 680 2670 752 exercet,
2701 681 2764 737 81
2811 694 2880 737 38
2922 675 3132 755 ipsum
3172 676 3450 755 perficit,
3478 686 3530 743 et
3567 692 3690 764 quasi
3789 668 3791 743 ἰ

2221 768 2406 831 docet
2435 774 2498 831 et
2525 768 2878 843 illumiuat;
2913 774 2978 831 at
3003 768 3242 831 veroin
3275 769 3572 853 disciplina
3595 780 3692 841 illu·
3789 770 3791 847 ἶ

2221 862 2498 925 minatur
2525 863 2718 924 homo
2751 864 2834 924 ab
2862 862 3011 940 alio,
3043 868 3108 925 et
3149 864 3330 943 quasi
3377 864 3626 947 dirigitur
3653 874 3692 937 in
3789 854 3791 861 ¹

2225 956 2531 1032 discursu,
2561 974 2676 1019 seu
2705 956 3086 1037 cognitione,
3117 955 3290 1036 quod
3317 961 3617 1037 quamdam
3634 966 3697 1027 di·

2225 1050 2308 1112 cit
2325 1048 2889 1131 imperfectionem,
2917 1068 3062 1113 cum
3089 1054 3304 1112 tamen
3327 1051 3474 1113 illud
3497 1056 3695 1135 primum

2225 1144 2306 1207 ad
2357 1145 2810 1225 perfectionem
2849 1151 3110 1226 spectet.
3143 1146 3292 1207 Haec
3336 1152 3424 1207 est
3463 1154 3696 1215 sententia

2223 1241 2296 1301 D.
2325 1238 2582 1301 Thomoe
2639 1258 2852 1319 supra,
2901 1256 2966 1319 q.
3009 1242 3072 1313 9,
3123 1245 3240 1301 811.
3276 1244 3339 1313 4,
3371 1246 3433 1301 81
3463 1246 3574 1304 tota
3610 1244 3698 1309 haec

2225 1334 2600 1415 quaestione3
2627 1334 2852 1414 quibus
2877 1333 3030 1395 10013
3055 1332 3389 1413 cajetanus
3415 1336 3700 1401 8181111110-

2225 1429 2424 1489 mistae
2449 1428 2614 1489 hanc
2631 1427 3006 1489 sententiam
3035 1426 3416 1505 defendunt3
3437 1436 3494 1489 et
3511 1430 3700 1510 Capreo-

2223 1520 2345 1594 lus,
2381 1520 2449 1582 in
2477 1525 2539 1597 3,
2571 1521 2714 1584 dist.
2771 1523 2870 1583 14.
2904 1520 3188 1582 Citantur
3233 1519 3423 1581 etiam
3461 1522 3638 1602 Major,
3660 1528 3699 1586 in

2224 1632 2288 1695 q.
2311 1617 2385 1689 ὃς
2424 1615 2756 1693 Marsilius,
2793 1633 2856 1695 q.
2905 1618 3014 1689 10;
3050 1614 3166 1677 sed
3195 1614 3531 1693 loquuntur
3551 1622 3700 1696 aperte

2224 1710 2306 1772 de
2330 1708 2586 1772 scientia
2613 1709 3112 1790 experimentali,
3145 1708 3227 1771 de
3263 1726 3388 1787 qua
3415 1716 3504 1771 est
3527 1710 3701 1773 diversa

2224 1804 2408 1879 ratio,
2429 1806 2502 1865 ut
2527 1803 2731 1865 statim
2755 1803 2982 1865 dicam.
3007 1802 3506 1864 Fundamentum
3521 1804 3580 1863 D.
3593 1804 3704 1865 Tho·
3793 1868 3795 1871 ⁴

2224 1916 2344 1959 mae
2393 1902 2508 1973 est,
2541 1896 2689 1977 quia
2743 1896 2897 1958 alias
2943 1896 3300 1958 intellectus
3341 1910 3520 1975 agens
3541 1895 3703 1959 frustra
3793 1898 3795 1935 ³

2223 1991 2445 2053 fuisset
2485 1990 2550 2052 in
2573 1989 2796 2053 Christi
2824 1990 3054 2067 anima,
3097 1990 3407 2053 caruisset
3431 1990 3578 2051 enim
3613 2009 3704 2069 pro·

2225 2086 2362 2166 pria
2391 2084 2779 2164 operatione,
2813 2084 3068 2160 scilicet,
3096 2082 3512 2146 abstractione
3535 2084 3702 2162 specie-

2224 2196 2391 2253 rum,
2423 2178 2476 2240 si
2495 2178 2705 2240 anima
2735 2178 2955 2240 Christi
2985 2196 3023 2239 a
3059 2176 3368 2259 principio
3391 2176 3520 2237 illas
3541 2176 3704 2237 iniusas

2223 2272 2570 2334 habuisset.
2598 2272 2676 2334 Et
2721 2272 3078 2334 confirmari
3132 2277 3344 2350 potest
3377 2271 3581 2351 primo,
3605 2272 3704 2349 quia

2223 2366 2560 2448 perfectius
2593 2372 2688 2429 est
2728 2384 2766 2428 8
2807 2384 2874 2428 38
2903 2366 3037 2446 ipso
3067 2371 3132 2427 et
3171 2382 3292 2446 per
3317 2364 3606 2445 propriam
3638 2382 3706 2425 ac-

2223 2462 2458 2524 tionem
2483 2460 2720 2523 habere
2745 2460 3194 2541 perfectionem
3227 2458 3555 2540 propriam,
3575 2476 3706 2537 quam

2224 2555 2306 2617 ab
2357 2554 2480 2616 alio
2535 2572 2678 2615 eam
2731 2554 3034 2633 recipere.
3095 2552 3280 2615 Unde
3316 2552 3702 2621 Aristoteles!

2223 2648 2452 2724 Ethic.,
2485 2666 2624 2729 cap.
2659 2652 2726 2723 4,
2763 2664 2843 2709 ex
2882 2636 3153 2719 Hesiodo
3206 2646 3336 2709 ait:
3371 2644 3614 2727 Optimus
3641 2644 3708 2705 ille

2203 2744 2458 2825 ’quidem
2499 2748 2612 2819 est,
2657 2758 2732 2805 σω
2782 2756 2910 2805 sese
2953 2741 3062 2821 qm·
3097 2739 3304 2803 omnia
3343 2738 3524 2802 novit.
3549 2738 3706 2797 Dicunt

2226 2836 2416 2915 aliqui
2441 2834 2720 2917 potuisse
2745 2834 3102 2914 aprincipio
3131 2832 3374 2894 habere
3405 2833 3556 2893 hauc
3571 2831 3708 2891 scien·

2223 2928 2399 3003 tiam,
2423 2934 2487 2990 et
2502 2947 2616 3009 per
2637 2928 2924 3009 proprios
2949 2932 3144 2988 881113.
3173 2926 3300 2989 Sed
3317 2926 3438 2988 hoc
3449 2923 3707 2987 verisimile

2225 3042 2354 3085 non
2397 3029 2512 3099 est,
2545 3028 2614 3083 ut
2662 3040 2874 3102 supra,
2901 3022 2968 3083 18
3001 3020 3209 3096 simili,
3239 3018 3510 3081 diximus
3534 3016 3598 3079 de
3631 3016 3707 3076 vir-

2226 3116 2464 3178 tutibus
2479 3114 2822 3177 moralibus
2843 3114 3184 3195 acquisitis.
3203 3114 3576 3195 oportuisset
3594 3110 3706 3171 enim

2223 3208 2432 3272 statim
2473 3210 2540 3271 in
2581 3210 2786 3289 primo
2811 3208 3071 3271 instanti
3096 3207 3518 3289 conceptionis
3537 3203 3710 3265 habere

2225 3310 2404 3367 actus
2445 3304 2848 3367 scientiarum
2883 3304 3192 3379 omnium,
3235 3308 3300 3364 et
3347 3302 3505 3363 circa
3532 3298 3710 3377 ohJ'ecta

2227 3398 2437 3460 omnia
2478 3416 2619 3479 quae
2655 3398 2736 3459 ad
2769 3396 3219 3479 perfectionem
3251 3396 3503 3458 habitus
3534 3392 3712 3453 suffice-

2224 3500 2402 3567 rent;
2435 3492 2555 3554 hoc
2597 3498 2808 3553 autem
2837 3490 2974 3553 sine
3002 3490 3217 3553 multis
3247 3496 3313 3553 et
3341 3506 3466 3550 non
3491 3502 3713 3547 necessa-

2221 3586 2328 3647 riis
2349 3584 2668 3647 miraculis
2693 3584 3036 3666 excogitari
3053 3601 3183 3646 non
3205 3588 3436 3663 potest.
3462 3582 3532 3643 Et
3555 3582 3714 3659 praete·

2223 3698 2329 3742 rea
2369 3680 2692 3760 interrogo
2718 3697 2800 3741 an
2837 3678 3133 3740 habuerit
3159 3676 3440 3740 Christus
3465 3674 3524 3735 18
3545 3690 3608 3737 80
3629 3672 3714 3730 ins-

2223 3774 2376 3835 tanti
2405 3771 2644 3833 int'usas
2673 3772 2918 3853 species
2959 3770 3240 3833 omnium
3279 3771 3524 3832 illorum
3563 3764 3716 3843 objec-

2221 3870 2452 3941 torum,
2476 3866 2578 3928 vel
2613 3864 2750 3927 illas
2795 3882 2832 3925 a
2871 3863 3422 3945 phantasmatibus
3465 3861 3714 3923 abstraxe-

2222 3960 2323 4021 rit.
2363 3960 2427 4021 Si
2454 3960 2701 4021 dicatur
2727 3958 3028 4039 primum,
3062 3976 3174 4020 cur
3193 3976 3325 4020 non
3363 3957 3576 4019 dicitur
3597 3950 3713 4012 idem

2218 4053 2300 4115 de
2341 4052 2683 4129 habitibus,
2721 4070 2866 4115 cum
2921 4052 3002 4115 sit
3051 4050 3276 4114 eadem
3313 4050 3510 4112 ratio?
3533 4046 3588 4108 Si
3611 4060 3716 4105 vero

2217 4146 2570 4207 secundum
2593 4152 2934 4221 asseratur,
2964 4144 3283 4223 quomodo
3311 4144 3377 4205 id
3409 4139 3538 4204 fieri
3569 4134 3716 4218 potuit

2217 4240 2285 4300 in
2329 4256 2405 4301 ea
2441 4244 2648 4315 aetate,
2680 4245 2744 4300 et
2791 4236 3200 4321 dispositione
3247 4252 3565 4307 sensuum,
3588 4237 3638 4292 et
3671 4228 3716 4288 in
3798 4282 3801 4323 ³

2217 4338 2398 4394 utero
2428 4332 2665 4409 matris,
2707 4338 2772 4394 et
2799 4333 2986 4395 unico
3028 4334 3400 4395 momento?
3439 4330 3602 4392 Certe
3641 4338 3720 4382 ne·
3799 4326 3801 4417 j

2220 4426 2562 4489 cessarium
2613 4434 2707 4490 est
2757 4426 2958 4489 muita
2999 4424 3364 4507 confingere
3421 4424 3549 4486 sine
3575 4432 3718 4480 causa

2217 4519 2560 4601 prohabili;
2591 4540 2723 4583 non
2771 4526 3109 4601 potuerunt
3155 4536 3305 4600 ergo
3355 4519 3454 4579 hae
3497 4510 3718 4577 scientia
3799 4508 3801 4513 ’

2220 4615 2483 4697 acquiri,
2511 4618 2575 4679 et
2601 4616 2666 4677 iu
2691 4616 2894 4696 primo
2923 4614 3176 4676 instanti
3201 4614 3439 4677 haberi.
3463 4606 3718 4674 confirmo

2221 4708 2523 4786 secundo,
2540 4709 2688 4789 quia
2706 4707 2861 4769 alias
2887 4708 3170 4770 Christus
3197 4706 3424 4780 infans,
3447 4720 3566 4765 non
3589 4712 3718 4768 vere,
3799 4704 3801 4709 “

2222 4802 2336 4865 sed
2376 4802 2664 4865 simulate
2709 4808 3008 4881 operatus
3049 4807 3216 4863 esset
3241 4806 3312 4862 ut
3347 4798 3544 4862 infans
3583 4798 3636 4854 et
3673 4794 3720 4847 nt

2221 4912 2405 4978 puer,
2429 4896 2601 4975 quod
2631 4902 2726 4959 est
2753 4900 2972 4957 contra
3009 4894 3200 4975 hujus
3241 4892 3518 4975 mysterii
3543 4884 3720 4949 verita-

2221 4994 2375 5053 tem.
2421 4988 2840 5052 Confirmatur
2861 4988 3068 5066 tertio,
3101 4988 3456 5050 testimonio
3484 4982 3580 5044 illo
3603 4980 3714 5039 Luc.

2225 5088 2285 5161 1,
2313 5082 2424 5146 ubi
2461 5083 2737 5145 Christus
2789 5080 3015 5143 dicitur
3063 5080 3398 5163 profecisse
3440 5070 3717 5157 sapientia,

2221 5177 2393 5258 quod
2440 5196 2584 5240 cum
2639 5194 2769 5239 non
2817 5175 3092 5257 potuerit
3134 5194 3284 5238 vere
3337 5172 3455 5235 dici
3515 5166 3716 5231 ratione

2221 5271 2498 5335 scientiae
2539 5270 2742 5333 beatae
2785 5270 2888 5331 vel
2925 5269 3172 5344 infusae,
3201 5264 3548 5331 necessario
3579 5254 3718 5321 vide·

2219 5372 2324 5430 tur
2349 5362 2698 5427 secundum
2727 5364 2894 5426 hanc
2921 5362 3248 5426 scientiam
3271 5350 3713 5439 intelligendum·

2222 5459 2593 5537 Proesertim,
2609 5476 2754 5521 cum
2771 5458 2862 5520 ita
2877 5456 3212 5521 videantur
3229 5468 3529 5539 exponere
3549 5436 3717 5549 Sancti

2227 5552 2465 5633 Patres,
2513 5550 2904 5630 Ambrosius,
2963 5550 3072 5617 lib.
3113 5550 3196 5618 de
3236 5552 3472 5617 Incaru.
3513 5544 3712 5609 Domm·

3235 5832 3250 5863 t
