3892 6167
1321 397 1642 454 mspurn.
1675 395 1846 452 xxvi.
1881 399 2053 452 SEGT.
2086 399 2171 452 111.

133 502 290 564 clare
315 501 563 572 videre,
603 499 715 562 sed
731 495 934 562 veluti
960 499 1122 562 intra
1153 515 1220 561 se
1247 517 1476 579 capere
1505 507 1704 562 totam

131 597 296 658 illam
324 595 848 668 immensitatem,
877 597 1206 672 totamque
1235 594 1372 672 ejus
1391 595 1570 673 quasi
1595 612 1704 656 ex-

131 691 486 753 tensionem
501 691 570 751 in
587 708 656 750 se
683 687 1043 768 complecti.
1061 689 1134 748 Et
1161 689 1460 766 Theologi
1481 706 1702 750 omnes

129 802 254 845 uon
270 784 396 844 alia
411 783 656 844 ratione
669 781 966 862 probant,
985 785 1338 842 creaturam
1363 799 1488 841 non
1511 797 1698 860 posse

131 877 674 956 comprehendere
698 877 927 950 Deum,
953 874 1072 935 uisi
1103 874 1248 952 quia
1277 873 1452 935 finita
1479 881 1598 948 est,
1631 879 1700 935 ut

131 977 374 1032 constat
400 988 482 1031 ex
510 971 580 1031 D.
613 971 880 1042 Thema,
910 971 940 1030 1
975 987 1064 1047 p.‚
1097 986 1159 1046 q.
1195 969 1296 1041 12,
1325 974 1442 1029 art.
1474 972 1550 1042 ⁷3
1583 969 1700 1029 Bo-

135 1081 300 1136 nav„
331 1064 404 1124 in
435 1066 496 1136 3,
531 1063 674 1124 dist.
729 1065 826 1136 14,
871 1067 988 1122 art.
1042 1063 1098 1133 1,
1151 1078 1212 1139 q.
1245 1065 1316 1134 23
1377 1059 1693 1136 Richard.,

133 1163 243 1218 art.
275 1162 338 1228 1,
368 1175 432 1236 q.
465 1158 770 1230 1;8601..,
794 1173 856 1234 q.
887 1158 948 1228 1,
979 1154 1060 1214 ad
1088 1157 1159 1225 1;
1205 1153 1508 1228 Durand.,
1537 1172 1597 1232 q.
1635 1157 1696 1226 1,

125 1255 244 1312 art.
279 1253 394 1320 1ος
421 1249 682 1328 Majore‚
707 1251 772 1324 4,
803 1249 866 1308 d.
894 1251 998 1320 49,
1043 1265 1104 1325 q.
1141 1249 1238 1322 15,
1271 1253 1334 1308 et
1372 1247 1508 1308 aliis
1539 1247 1698 1308 infra

125 1343 421 1406 citandis.
474 1343 656 1405 Ratio
701 1361 858 1422 ergo
883 1361 960 1403 ex
1007 1339 1158 1420 ipsis
1213 1341 1495 1402 terminis
1529 1341 1700 1401 colli-

125 1437 338 1518 genda
365 1443 486 1512 est,
511 1437 660 1516 quia
683 1437 850 1497 inter
869 1435 1116 1495 finitum
1145 1441 1206 1495 et
1231 1433 1540 1495 infinitum
1568 1453 1698 1496 non

123 1541 336 1614 potest
381 1551 524 1596 esse
554 1531 948 1610 adaequatio;
985 1531 1088 1592 illa
1141 1535 1354 1591 autem
1402 1531 1557 1592 visio
1605 1537 1702 1594 est

125 1627 506 1708 simpliciter
548 1625 763 1703 finita3
809 1624 1306 1705 cognoscibilitas
1353 1641 1505 1686 vero
1559 1626 1694 1700 Dei,

127 1729 210 1794 et,
251 1726 324 1783 ut
361 1721 454 1782 sic
479 1720 738 1799 loquar,
770 1718 1362 1799 reptaesentabilitas
1409 1723 1504 1779 est
1555 1719 1700 1780 sim-

123 1816 380 1896 pliciter
408 1813 656 1874 infinita
667 1829 686 1892 ;
719 1811 1038 1893 quomodo
1085 1829 1236 1891 ergo
1270 1817 1476 1890 potest
1523 1811 1700 1874 intel·

123 1910 234 1988 ligi
275 1908 458 1988 quod
487 1907 772 1986 adaeqnet
799 1905 1270 1986 repraesentatio
1313 1905 1570 1966 visionis
1611 1911 1698 1966 to·

121 2009 254 2064 tum
287 2001 454 2062 illud
503 2000 848 2080 objectum,
881 2005 946 2062 et
987 1998 1478 2078 comprehendat
1517 1998 1694 2072 illud,

121 2099 320 2160 etiam
351 2096 726 2158 extensive?
754 2094 1174 2158 confirmatur
1209 2112 1284 2154 ac
1317 2092 1694 2165 declaratur,

117 2209 268 2253 nam
301 2189 456 2270 plns
497 2189 684 2250 distat
711 2189 918 2250 omnis
945 2189 1099 2248 visio
1130 2193 1334 2248 creata
1385 2184 1700 2265 possibilis

119 2305 157 2346 a
181 2283 586 2365 perfectione
615 2281 782 2342 illins
811 2281 1060 2362 objecti,
1099 2297 1290 2359 quam
1335 2279 1520 2340 distet
1545 2277 1700 2338 visio

119 2397 316 2459 quam
343 2377 616 2438 inferior
643 2375 924 2454 Angelus
951 2373 1140 2435 habet
1170 2373 1248 2435 de
1281 2370 1608 2451 superiori,
1661 2389 1700 2430 a

123 2473 524 2553 perfectione
551 2471 750 2549 ipsius
778 2469 1002 2549 Angeli
1033 2467 1407 2548 superioris;
1437 2465 1549 2527 sed
1577 2467 1701 2526 An-

129 2567 310 2646 gelus
335 2564 606 2626 inferior
619 2581 752 2624 non
770 2569 978 2642 potest
1005 2561 1391 2642 superiorem
1419 2577 1702 2638 compre-

127 2657 416 2718 bendere
445 2657 562 2718 tali
607 2656 872 2730 visione,
911 2671 1038 2718 non
1083 2655 1286 2716 solum
1325 2672 1402 2716 ex
1453 2652 1700 2714 defectu

129 2751 514 2813 intensionis
543 2751 644 2811 vel
673 2749 992 2820 claritati3‚
1041 2747 1154 2810 sed
1181 2748 1368 2808 etiam
1401 2747 1548 2825 quia
1577 2763 1704 2808 non

129 2850 344 2926 potest
369 2851 581 2906 totum
601 2845 754 2906 illud
773 2843 1088 2922 objectum
1113 2842 1398 2904 distincte
1429 2860 1504 2903 ex
1525 2846 1704 2920 parte

135 2939 365 3018 objecti
395 2939 572 3000 intra
607 2957 672 3000 se
701 2954 956 3016 capere,
1003 2953 1078 2998 eo
1121 2935 1292 3016 quod
1319 2933 1704 3014 cognoscibi-

131 3033 274 3094 litas
317 3033 558 3112 objecti
583 3035 840 3111 superet
868 3030 1277 3108 capacitatem
1321 3045 1704 3108 cognoscen-

137 3127 250 3200 tis3
284 3145 442 3206 ergo
477 3125 674 3186 multo
709 3125 912 3202 magis
943 3124 1264 3203 superabit
1291 3121 1561 3184 essentia
1611 3121 1706 3182 di-

141 3220 282 3280 vina
327 3236 784 3298 quamcunque
833 3217 1134 3280 visionem
1183 3223 1459 3278 creatam
1506 3215 1705 3296 possi-

141 3313 352 3373 bilem.

221 3409 320 3468 26.
373 3405 740 3469 Occurritur
789 3405 1116 3484 objectioni.
1145 3437 1226 3451 --
1247 3406 1428 3466 Dices
1448 3450 1463 3478 ‚
1517 3423 1706 3484 argu-—

149 3505 426 3560 mentum
455 3496 858 3570 concludere,
889 3515 1014 3559 non
1054 3515 1240 3576 posse
1263 3499 1488 3558 virtute
1523 3503 1708 3556 natu-

147 3592 290 3664 rali,
332 3590 652 3670 quomodo
697 3590 958 3650 inferior
998 3589 1273 3668 Angelus
1325 3609 1450 3650 non
1501 3593 1709 3670 potest

147 3683 324 3760 plene
371 3701 604 3762 capere
635 3683 1024 3762 superiorem
1049 3727 1065 3756 ‚
1114 3701 1295 3744 secus
1326 3689 1536 3744 autem
1567 3701 1705 3743 esse

147 3775 362 3837 virtute
389 3776 882 3853 supernaturali,
917 3793 1026 3837 sen
1061 3794 1175 3855 per
1203 3777 1478 3836 divinam
1505 3774 1707 3838 eleva·

147 3869 396 3930 tionem.
443 3869 886 3948 Respondetur
913 3869 1218 3949 imprimis
1262 3876 1708 3949 argumentum

145 3983 277 4025 esse
309 3964 810 4044 proportionale,
826 3967 888 4025 et
915 3964 1000 4025 ita
1017 3963 1360 4044 procedere
1390 3963 1467 4024 de
1489 3969 1704 4042 poten·

147 4059 224 4118 tia
241 4059 382 4136 jam
411 4057 682 4119 elevata.
703 4059 922 4135 Itaque
949 4057 1153 4136 magis
1174 4056 1361 4119 distat
1378 4057 1581 4118 omnis
1598 4075 1706 4136 po-

147 4153 336 4214 tentia
365 4156 607 4224 creata,
627 4151 1028 4231 quantumvis
1045 4151 1306 4225 elevata,
1331 4151 1412 4212 ab
1437 4151 1708 4212 essentia

147 4244 374 4321 divina,
395 4245 464 4306 in
485 4245 730 4306 ratione
761 4246 1238 4324 etproportione
1261 4245 1490 4322 objecti
1511 4251 1574 4304 et
1601 4263 1710 4323 po-

147 4341 378 4412 tentiae,
425 4355 624 4416 quam
651 4337 838 4400 distet
865 4337 1122 4399 inferior
1154 4338 1429 4418 Angelus
1457 4357 1494 4398 a
1523 4355 1707 4416 supe·

145 4432 308 4506 riori,
343 4432 501 4512 quia
537 4431 644 4492 illa
673 4437 769 4492 est
797 4431 1090 4492 distantia
1116 4431 1362 4492 infinita
1393 4436 1455 4492 et
1481 4429 1708 4492 diversi

144 4524 402 4598 ordinis,
435 4523 574 4588 haec
601 4531 817 4586 autem
843 4523 1040 4586 finita.
1079 4525 1318 4586 Deinde
1348 4523 1571 4586 dicitnr
1606 4523 1708 4584 hie

145 4639 265 4680 non
299 4617 550 4680 habere
581 4618 794 4679 locum
844 4617 1282 4694 elevationem,
1313 4618 1461 4697 quia
1507 4615 1710 4696 loqui·

143 4731 280 4775 mur
299 4713 386 4774 de
404 4711 650 4774 visione
669 4711 830 4792 ipsa,
860 4729 1000 4792 qnae
1031 4730 1158 4774 non
1179 4717 1276 4772 est
1299 4710 1570 4792 amplius
1590 4710 1714 4774 ele-

148 4809 366 4870 vahilis
399 4807 482 4868 ad
538 4807 1144 4886 repraesentandum‚
1177 4805 1328 4884 quia
1373 4825 1452 4866 ex
1489 4811 1713 4867 natura

149 4921 254 4962 sua
275 4901 633 4962 formaliter
649 4907 1082 4980 repraesentat.
1105 4899 1544 4980 Comparando
1565 4917 1714 4980 ergo

151 4999 353 5056 actum
385 4993 472 5056 ad
521 5002 762 5068 actum,
792 5001 1078 5074 respectu
1139 5011 1397 5054 suorum
1445 4992 1718 5071 objecto·

153 5105 280 5150 rum
305 5134 322 5164 ,
351 5107 499 5168 quae
528 5086 903 5149 naturaliter
931 5091 1406 5166 repraesentant,
1437 5084 1718 5163 procedit

155 5183 300 5244 ratio
323 5183 494 5248 facta
513 5200 534 5260 ς
568 5189 634 5244 et
679 5181 1026 5244 secundum
1057 5199 1196 5242 eam
1227 5181 1536 5242 rationem
1582 5195 1715 5239 ma-

159 5277 240 5354 gis
263 5277 574 5338 limitatus
603 5279 670 5336 et
693 5274 1288 5356 improportionatus
1309 5279 1401 5336 est
1431 5277 1608 5334 actus
1629 5271 1715 5332 vi-

163 5370 332 5432 sionis
363 5377 598 5434 creatae
643 5369 728 5430 ad
773 5368 1348 5448 repraesentandum
1388 5365 1712 5446 adaequate

167 5463 364 5540 Deum,
398 5481 600 5548 quam
629 5461 972 5525 intellectio
1009 5461 1316 5525 inferioris
1360 5459 1580 5540 Angeli
1635 5458 1716 5521 ad

169 5557 744 5636 repraesentandum
769 5557 1176 5634 superiorem.

3270 397 3341 462 31

1867 503 1969 562 27.
2018 501 2229 562 Altera
2255 517 2408 560 vero
2458 516 2605 577 pars
2657 499 2945 578 superius
3000 509 3345 582 assumpta,

1785 595 2045 666 scilicet,
2077 593 2251 654 illam
2277 593 2582 654 visionem
2610 609 2736 652 non
2766 611 2951 672 posse
2974 612 3113 656 esse
3143 595 3347 658 infini-

1783 693 1936 761 tam,
1966 706 2043 749 ex
2074 687 2363 764 superius
2410 686 2589 746 dictis
2626 686 2793 748 clara
2837 693 2959 759 est;
3010 696 3119 750 aut
3176 691 3347 752 enim

1786 788 1953 842 esset
2000 779 2241 842 infinita
2274 779 2593 840 extensive
2624 797 2699 840 ex
2729 786 2911 860 parte
2941 781 3141 860 ipsius
3166 783 3347 844 visio-

1778 873 1915 948 nis,
1947 873 2014 934 id
2056 879 2185 948 est,
2232 891 2344 952 per
2372 891 2589 934 verum
2628 883 3045 950 augmentum
3084 881 3145 936 et
3174 876 3346 938 addi-

1779 969 2015 1029 tionem
2046 968 2302 1029 realem.
2336 969 2413 1028 Et
2438 968 2557 1028 hoc
2592 986 2743 1037 non,
2778 973 2911 1028 tum
2964 969 3111 1048 quia
3158 988 3345 1050 repu-

1780 1069 1930 1141 gnat
1943 1061 2082 1121 dari
2098 1061 2353 1142 aliquod
2370 1059 2683 1121 infinitum
2704 1061 2765 1120 in
2788 1067 2930 1122 actu
2955 1063 3313 1140 hujusmodi
3324 1079 3343 1138 3

1777 1157 1912 1214 tum
1943 1156 2134 1216 etiam
2179 1155 2325 1232 quia
2352 1155 2631 1216 extensio
2674 1161 2847 1216 actus
2890 1155 2973 1216 ad
3020 1156 3201 1235 plura
3232 1157 3343 1218 oh·

1771 1247 1938 1326 jecta
1970 1266 2095 1309 non
2126 1248 2197 1310 fit
2218 1249 2339 1308 hoc
2367 1267 2599 1328 genere
2648 1249 2993 1328 augmenti,
3028 1256 3095 1310 ut
3138 1251 3343 1312 decla·

1779 1347 1987 1402 ratum
2042 1347 2157 1402 est.
2204 1342 2319 1403 Vel
2378 1349 2541 1404 esset
2598 1344 2838 1403 infinita
2898 1343 3203 1405 intensive
3252 1345 3345 1405 in-

1781 1437 2073 1498 tensione
2098 1437 2405 1517 graduali,
2438 1445 2499 1498 ct
2524 1438 2643 1496 hoc
2668 1455 2819 1510 non,
2838 1439 2985 1516 quia
3016 1439 3203 1500 etiam
3230 1439 3343 1500 hu·-

1773 1531 2053 1610 jusmodi
2081 1530 2393 1592 infinitum
2420 1530 2483 1591 in
2530 1537 2673 1592 actu
2702 1539 3013 1612 repugnat
3062 1551 3222 1602 esse.
3280 1541 3343 1596 et

1781 1626 1969 1688 etiam
2000 1625 2143 1704 quia
2174 1625 2309 1686 haec
2332 1625 2605 1686 intensio
2630 1625 2787 1685 nihil
2826 1643 2943 1704 per
2964 1645 3032 1687 se
3076 1629 3338 1700 confert,

1782 1729 1847 1780 ut
1873 1723 2047 1780 actus
2064 1717 2436 1780 extendatur
2462 1718 2541 1779 ad
2560 1719 2739 1796 plura
2768 1719 3035 1797 objecta,
3062 1725 3129 1782 ut
3150 1722 3340 1782 etiam

1777 1815 2112 1896 probatum
2140 1819 2253 1874 est.
2304 1814 2419 1875 Vel
2452 1820 2617 1874 esset
2642 1815 2883 1874 infinita
2914 1815 3221 1876 intensive
3254 1817 3341 1876 in·

1779 1909 2063 1970 tensione
2090 1906 2485 1986 perfectionis
2514 1911 2577 1968 et
2602 1908 2911 1970 essentias.
2934 1909 3007 1968 Et
3036 1909 3153 1970 hoc
3184 1929 3336 1986 non,

1780 2000 1928 2080 quia
1958 2000 2095 2061 haec
2138 2000 2409 2060 intensio
2450 2019 2577 2060 non
2622 2007 2715 2062 est
2760 2000 2881 2061 alia
2910 2019 3100 2080 quam
3132 2021 3343 2063 essen·

1785 2094 1950 2156 tialis
1988 2093 2289 2174 perfectio
2318 2094 2446 2166 rei;
2480 2099 2541 2156 et
2568 2093 2709 2154 ideo
2740 2093 2913 2154 nulla
2952 2101 3159 2173 potest
3204 2111 3343 2156 esse

1783 2188 1940 2250 visio
1970 2187 2059 2248 sic
2084 2186 2327 2247 infinita
2360 2187 2687 2256 intensive,
2710 2187 2831 2247 nisi
2852 2205 2991 2266 qua}
3020 2195 3111 2249 est
3134 2205 3342 2250 essen-

1780 2281 2013 2342 tialiter
2039 2279 2315 2352 infinita3
2346 2281 2709 2359 hujusmodi
2733 2287 2947 2342 autem
2974 2289 3067 2343 est
3096 2282 3223 2342 sola
3250 2283 3341 2342 in-

1781 2377 1990 2436 creata
2016 2375 2192 2436 visio.
2225 2374 2403 2446 Quod
2423 2375 2473 2434 si
2502 2375 2675 2436 dicas
2702 2375 2823 2436 hoc
2852 2391 2993 2436 esse
3026 2393 3243 2438 verum
3264 2377 3342 2438 de

1779 2469 2019 2532 visione
2048 2467 2137 2528 sic
2162 2467 2407 2529 infinita
2430 2468 2813 2548 simpliciter,
2862 2475 3071 2530 tamen
3122 2489 3345 2532 sccun-

1781 2564 1932 2625 dum
1956 2563 2108 2642 quid
2138 2569 2199 2624 et
2228 2561 2532 2641 objective
2552 2579 2735 2642 posse
2767 2561 2903 2622 dari
2930 2563 3233 2625 visionem
3254 2564 3345 2625 sic

1784 2657 2115 2731 infinitam,
2144 2656 2559 2736 respondetur
2598 2657 2759 2716 hanc
2790 2675 2929 2717 esse
2974 2658 3342 2736 petitionem

1787 2751 2113 2830 principii;
2166 2751 2313 2828 quia
2341 2768 2478 2810 esse
2532 2749 2653 2810 hoc
2682 2749 2871 2810 modo
2902 2750 3207 2810 infinitam
3246 2769 3345 2812 se·-

1786 2844 2065 2904 cundum
2089 2844 2263 2922 quid,
2298 2843 2451 2905 nihil
2478 2843 2649 2903 alind
2678 2851 2771 2904 est
2798 2861 2990 2924 quam
3018 2863 3153 2905 esse
3184 2845 3246 2906 in
3276 2863 3343 2908 se

1785 2937 2149 3016 simpliciter
2174 2936 2437 3011 finitam,
2462 2944 2913 3016 repraesentare
2944 2943 3153 2998 autem
3182 2939 3346 3000 111116-

1785 3035 1975 3108 quate
2004 3049 2135 3092 rem
2166 3030 2507 3102 infinitam3
2544 3036 2605 3090 et
2632 3030 2753 3091 hoe
2780 3037 2878 3092 est
2898 3031 3067 3110 quod
3087 3031 3147 3092 in
3181 3033 3343 3111 prio-

1783 3124 1838 3184 ri
1867 3130 2045 3204 parte
2076 3123 2479 3206 probavimus
2515 3141 2651 3186 esse
2693 3123 3095 3204 impossibile.
3142 3125 3343 3202 Atque

1785 3219 1906 3280 hoc
1939 3237 2129 3280 sensu
2168 3218 2323 3280 dixit
2352 3237 2599 3298 semper
2628 3221 2695 3279 D.
2728 3221 2979 3294 Thom.,
3015 3219 3095 3280 ad
3138 3219 3345 3280 viden-

1787 3312 1938 3374 dum
1969 3311 2179 3373 omnia
2232 3312 2549 3390 possibilia
2597 3312 2657 3371 in
2708 3312 2837 3372 Deo
2859 3359 2873 3384 ‚
2926 3314 3343 3374 necessariam

1788 3423 1926 3468 esse
1956 3405 2258 3466 visionem
2289 3405 2891 3484 comprehensivam,
2931 3413 2991 3466 ct
3034 3407 3339 3468 infinitam

1790 3499 2122 3573 intensive,
2166 3516 2295 3559 non
2320 3499 2671 3560 intensione
2719 3501 3025 3578 graduum
3074 3507 3135 3562 et
3187 3501 3345 3564 acci-

1788 3593 2045 3666 dentali,
2097 3591 2209 3653 sed
2253 3591 2649 3671 perfectionis
2680 3599 2743 3652 ct
2790 3593 3119 3654 essentiali.
3156 3595 3227 3653 Et
3266 3594 3344 3652 si·

1787 3687 1920 3748 mili
1950 3685 2139 3746 modo
2170 3684 2320 3747 dixit
2342 3686 2646 3762 Cajetan.,
2682 3685 2744 3744 d.
2780 3702 2841 3762 q.
2882 3689 2975 3760 12,
3018 3692 3134 3746 art.
3165 3689 3225 3758 8,
3262 3687 3343 3746 vi-

1791 3779 1941 3842 dere
1972 3780 2037 3839 in
2063 3779 2192 3840 Deo
2222 3779 2433 3838 omnia
2458 3777 2796 3855 possibilia,
2832 3783 2892 3840 et
2911 3777 3121 3838 videre
3146 3779 3345 3838 Deum

1791 3873 2059 3946 infinite,
2092 3889 2229 3932 sese
2254 3877 2473 3932 mutuo
2496 3871 2834 3948 consequi3
2868 3871 2957 3932 sic
2978 3872 3163 3930 etiam
3196 3872 3347 3932 dixit

1789 3967 2034 4028 Ferrar.
2048 4011 2061 4038 ‚
2081 3967 2117 4026 3
2132 3971 2297 4026 cont.
2316 3965 2524 4039 Gent„
2542 3983 2678 4042 cap.
2705 3967 2803 4038 56,
2823 3965 2859 4044 §
2876 3967 2990 4024 Pro
3013 3965 3343 4042 solutione,

1787 4075 2169 4138 cognoscere
2198 4058 2409 4118 omnia
2438 4057 2501 4116 in
2528 4075 2739 4130 causa,
2772 4075 2909 4118 esse
2936 4061 3345 4137 eomprehen-

1788 4153 1938 4214 dere
1974 4165 2263 4229 causam3
2298 4157 2359 4211 et
2392 4151 2563 4223 Soto,
2598 4150 2661 4209 in
2691 4151 2752 4223 4,
2786 4150 2849 4210 d.
2896 4153 2995 4222 49,
3031 4171 3091 4230 q.
3133 4154 3191 4227 3,
3226 4158 3343 4213 art.

1793 4249 1851 4319 3,
1885 4245 2083 4307 concl.
2114 4247 2175 4318 5,
2210 4244 2293 4305 ad
2320 4249 2381 4321 2,
2414 4243 2592 4318 dixit,
2624 4243 2923 4304 visionem
2958 4246 3239 4306 omnium
3284 4247 3345 4306 in

1787 4341 1942 4416 Dec,
1975 4339 2329 4402 necessario
2361 4339 2651 4399 connecti
2699 4355 2842 4400 cum
2885 4339 3128 4401 infinita
3172 4341 3350 4401 clari-

1787 4439 1951 4506 tate;
1984 4433 2105 4494 hoc
2134 4432 2300 4495 enim
2332 4435 2425 4493 est
2468 4449 2713 4506 verum,
2744 4447 2891 4509 {non
2936 4433 3015 4494 de
3045 4433 3347 4494 infinitate

1788 4527 2103 4608 graduali,
2126 4527 2240 4588 sed
2268 4525 2345 4588 de
2374 4527 2710 4602 essentiali,
2741 4533 2811 4588 ut
2840 4545 2877 4588 a
2910 4527 3093 4588 nobis
3134 4527 3349 4588 decla·

1790 4627 1999 4684 ratum
2028 4627 2141 4684 est.
2174 4623 2403 4700 Atque·
2428 4621 2565 4680 hoec
2608 4620 2769 4680 ratio
2800 4619 2888 4681 sic
2917 4621 3233 4682 declarata
3266 4620 3349 4680 vi-

1793 4714 1979 4776 detur
2002 4714 2155 4775 mihi
2181 4713 2707 4776 sufficientissima
2734 4731 2847 4792 pro
2864 4715 3141 4776 materiae
3168 4729 3349 4792 capa-

1797 4808 1980 4870 citate
2010 4813 2073 4868 et
2092 4805 2439 4869 altitudine.

1875 4901 1977 4961 28.
2022 4900 2171 4960 Dico
2207 4901 2486 4960 secundo
2517 4920 2531 4961 ε
2565 4901 2775 4962 anima
2800 4901 3017 4962 Christi
3050 4917 3255 4978 neque
3282 4900 3349 4960 in

1799 5000 1942 5054 actu
1974 4993 2177 5073 primo
2206 5011 2321 5056 seu
2356 4995 2573 5055 habitu
2600 4995 2768 5056 videt
2797 4995 3007 5055 omnia
3034 4993 3349 5072 possibilia

1795 5087 1860 5150 in
1886 5087 2041 5148 Dec.
2079 5089 2221 5147 Haec
2246 5088 2565 5150 conclusio
2593 5088 2841 5149 videtur
2880 5087 3030 5147 mihi
3064 5105 3350 5147 necessa-

1793 5182 1888 5242 rio
1918 5181 2097 5259 sequi
2152 5198 2230 5242 ex
2278 5181 2653 5260 praecedenti
2678 5227 2691 5254 ‚
2728 5181 3047 5261 supposita
3076 5180 3349 5258 perlecta

1793 5282 2017 5335 natura
2043 5273 2233 5352 hujus
2254 5275 2527 5336 scientim
2554 5277 2773 5349 beatae,
2802 5274 2879 5335 de
2901 5275 3079 5352 cnjus
3107 5275 3349 5332 ratione

1796 5377 1890 5430 est
1928 5375 1996 5430 ut
2038 5385 2287 5449 semper
2314 5369 2390 5430 sit
2434 5369 2497 5429 in
2547 5375 2691 5430 actu
2736 5368 3045 5440 secundo,
3080 5367 3226 5445 quia
3258 5371 3351 5425 est

1795 5462 2249 5542 perfectissima
2274 5461 2532 5524 scientia
2562 5469 2623 5530 et
2654 5461 3075 5522 immutabilis..
3104 5462 3179 5522 Et
3204 5477 3352 5520 con-

1796 5555 2085 5618 firmatur
2125 5574 2237 5618 seu
2278 5555 2629 5617 declaratur
2669 5553 2787 5614 hoc
2816 5553 3002 5614 modo
3029 5597 3043 5626 ,
3078 5552 3221 5629 quia
3254 5551 3350 5611 vel
