3892 6167
1379 327 1699 384 msrtmr.
1733 327 1906 386 κως.
1938 329 2109 386 sacr.
2142 331 2203 386 ιι.
3268 331 3386 401 487

110 430 298 492 bere.
335 429 548 504 Nam,
588 429 768 510 qood
795 427 988 509 aliqui
1017 429 1219 505 aiunt,
1249 427 1502 493 fundari
1523 431 1590 494 in
1617 431 1741 496 hoe

112 521 294 606 quod
339 522 588 585 eidem
639 523 962 605 supposito
997 521 1234 602 duplex
1259 523 1480 588 filiatio
1511 541 1741 590 conve-

111 621 258 679 nire
287 633 439 679 non
469 623 730 699 potest,
749 616 1170 698 improbabile
1199 625 1334 693 est;
1358 637 1532 695 nam,
1549 619 1604 682 si
1631 618 1742 682 ab-

115 709 329 774 solute
355 712 808 792 intelligatur,
829 710 1018 791 plane
1037 717 1132 774 est
1153 710 1408 790 falsum,
1431 719 1494 776 et
1521 719 1739 778 contra

119 805 442 868 eumdem
493 807 582 868 D.
635 805 890 868 'rhomae
939 804 1124 882 infra,
1169 823 1232 886 q.
1267 808 1372 883 35,
1407 812 1530 869 art.
1564 810 1626 880 5,
1668 812 1738 874 ut

117 901 299 979 patet
334 899 409 960 in
439 897 777 962 filiatione.
813 897 1026 960 divina
1055 905 1118 962 et
1149 900 1430 962 humana
1455 899 1738 980 ejusdem

117 993 403 1066 Christi3
437 993 593 1054 imo
645 994 710 1056 in
735 993 874 1074 ipsa
921 993 1228 1056 relatione
1277 993 1388 1056 filii
1432 993 1738 1058 naturalis

117 1086 292 1148 idem
317 1093 634 1164 constat,
661 1092 732 1150 ut
759 1087 1026 1166 amplius
1052 1085 1218 1148 infra.
1239 1087 1500 1167 patebit.
1543 1088 1606 1150 Si
1635 1105 1738 1150 ve-

119 1195 192 1242 ro
207 1197 352 1242 non
381 1179 730 1254 absolute,
757 1181 871 1244 sed
893 1181 974 1243 de
997 1179 1227 1261 duplici
1249 1181 1552 1244 relatione
1577 1182 1738 1246 reali

119 1273 574 1352 intelligatur,
602 1283 698 1340 est
715 1275 1160 1356 impertinens3
1179 1275 1334 1338 nihil
1355 1276 1526 1338 enim
1543 1277 1736 1340 refert

122 1368 203 1428 ad
231 1367 646 1434 filiationem
675 1369 1032 1450 adoptivam
1055 1389 1074 1444 ;
1112 1369 1340 1432 sufficit
1367 1369 1537 1432 enim
1561 1369 1734 1450 quod

117 1462 192 1523 sit
231 1462 485 1524 relatio
524 1465 848 1537 'rationis3
889 1463 1020 1526 imo
1067 1461 1151 1524 ad
1185 1463 1462 1544 aliquam
1491 1463 1736 1528 filiatio·

121 1574 272 1618 nem
299 1560 697 1623 naturalem
723 1558 789 1621 id
813 1558 1060 1635 sufficit,
1091 1559 1311 1638 utiam
1334 1559 1564 1624 dicam.
1595 1561 1736 1624 Non

121 1667 278 1732 ergo
325 1669 419 1713 ex·
475 1651 634 1714 sola
686 1653 924 1716 unitate
971 1651 1276 1733 suppositi
1331 1651 1604 1716 excludit

122 1745 412 1808 Thomas
467 1746 804 1828 duplicem
845 1746 1019 1808 illam
1064 1745 1456 1820 filiationem,
1499 1745 1612 1808 sed
1653 1765 1734 1811 ex

126 1840 397 1918 speciali
423 1841 930 1922 imperfectione
957 1845 1021 1902 et
1046 1840 1406 1919 negatione,
1437 1859 1631 1921 quam
1657 1840 1736 1904 fi·-

128 1933 306 1996 liatio
335 1935 659 2016 adoptiva
681 1933 984 2011 includit,
1029 1939 1214 2014 prout
1241 1952 1282 1994 a
1313 1934 1496 1998 nobis
1523 1934 1734 1998 decla-

133 2033 348 2088 ratum
377 2035 512 2092 est.

215 2125 318 2186 lo.
350 2123 664 2188 Aliorum
689 2122 1008 2206 expositio.
1033 2155 1118 2174 -·
1144 2124 1266 2187 Alii
1291 2141 1440 2187 vero
1465 2124 1728 2200 addunt,

137 2217 333 2295 quod,
375 2218 540 2280 licet
574 2217 796 2280 relatio
825 2218 1142 2280 filiationis
1171 2221 1370 2299 possit
1395 2219 1732 2282 convenire

139 2311 500 2389 supposito,
559 2311 884 2374 mediante
931 2319 1159 2374 natura
1205 2319 1551 2393 assumpta,
1599 2331 1730 2376 non

137 2410 356 2466 tamen
411 2405 660 2468 relatio
708 2405 1026 2469 filiationis
1075 2406 1296 2470 divinoe
1355 2407 1614 2470 fundata
1665 2407 1730 2468 in

148 2497 346 2576 gratia
377 2500 868 2574 sanctificante,
902 2501 1049 2580 quia
1079 2501 1278 2582 gratia
1306 2508 1400 2563 est
1428 2508 1732 2581 tanquam

147 2607 310 2654 nova
361 2599 612 2657 natura
662 2593 1010 2657 adveniens
1043 2594 1465 2676 praeexistenti
1503 2611 1731 2675 suppo·

149 2686 303 2761 sito,
343 2693 414 2749 et
435 2689 530 2750 ab
565 2689 956 2752 humanitate
983 2689 1318 2762 distincta;
1359 2705 1510 2767 ergo
1537 2689 1592 2752 si
1617 2688 1732 2750 ali

151 2797 273 2857 qna
295 2783 540 2846 relatio
565 2783 884 2845 filiationis
907 2802 986 2845 ex
1008 2783 1121 2845 tali
1149 2783 1350 2863 gratia
1373 2783 1728 2861 resultaret,

147 2889 272 2936 non
315 2883 556 2958 posset
595 2878 930 2940 convenire
960 2878 1166 2941 Verbo
1201 2878 1407 2940 media
1439 2878 1734 2940 humani-

149 2970 308 3044 tate:
343 2989 506 3053 ergo
544 2971 731 3036 debet
759 2971 1096 3034 convenire
1123 2972 1246 3052 ipsi
1274 2971 1478 3034 Verbo
1507 2972 1730 3034 imme-

151 3061 316 3126 diate
345 3071 414 3126 et
441 3065 806 3130 secundnm
833 3083 926 3140 se,
967 3065 1138 3145 quod
1165 3073 1496 3148 repugnat.
1529 3066 1731 3128 Prima

157 3159 620 3240 consequentia
642 3160 1018 3236 declaratur,
1047 3161 1218 3240 quia,
1247 3160 1502 3239 quando
1525 3160 1731 3224 eidem

159 3255 486 3333 supposito
543 3253 926 3318 conveniunt
973 3255 1114 3318 duee
1157 3262 1402 3317 naturae
1423 3299 1444 3330 ,
1501 3260 1562 3316 et
1603 3271 1731 3316 una

161 3349 675 3429 praesupponitur
697 3349 762 3410 in
791 3350 954 3429 ipse,
985 3354 1048 3414 et
1069 3348 1192 3411 alia
1212 3349 1291 3411 de
1314 3366 1480 3410 novo
1503 3347 1561 3409 ei
1595 3348 1734 3408 uni·-

159 3443 258 3501 tm·
283 3459 399 3524 per
419 3459 664 3505 novam
691 3443 1006 3506 actionem
1025 3444 1124 3506 vel
1153 3441 1654 3525 generationem,
1679 3443 1732 3504 si

164 3533 370 3615 aliqua
395 3537 632 3599 relatio
651 3536 972 3600 filiationis
992 3538 1142 3600 inde
1163 3537 1446 3613 resultat,
1459 3554 1602 3600 non
1625 3554 1735 3617 po·

161 3632 276 3690 test
317 3631 666 3694 convenire
711 3631 818 3694 tali
865 3632 1184 3712 supposito
1229 3631 1438 3694 media
1483 3637 1731 3708 natura,

164 3737 296 3801 quae
324 3723 392 3784 in
421 3743 510 3788 eo
537 3725 1012 3806 supponebatur
1032 3772 1049 3801 ,
1081 3725 1194 3788 sed
1223 3725 1432 3787 media
1457 3724 1563 3788 illa
1591 3743 1734 3805 quai

165 3813 238 3876 de
261 3833 428 3879 novo
449 3818 520 3880 ei
541 3818 818 3898 advenit,
846 3825 916 3882 ut
939 3820 988 3880 si
1015 3819 1291 3900 Angelus
1314 3819 1499 3882 fieret
1518 3817 1732 3894 home,

169 3917 228 3965 et
253 3913 628 3972 nasceretur
661 3927 742 3973 ex
785 3910 1088 3986 muliere,
1125 3909 1342 3972 filiatio
1369 3927 1498 3971 non
1523 3907 1738 3989 posset

170 4000 225 4058 ei
241 4004 582 4066 convenire
603 4004 812 4066 media
833 4011 1062 4066 natura
1082 4021 1222 4084 quae
1237 4004 1304 4066 in
1325 4021 1399 4064 ee
1423 4021 1736 4083 suppone-

169 4091 349 4156 batur
369 4144 386 4170 ,
429 4095 549 4160 sed
575 4098 780 4178 media
812 4099 1092 4160 humana
1113 4142 1134 4174 ,
1175 4115 1314 4176 quae
1343 4097 1432 4159 illi
1459 4096 1538 4158 de
1569 4115 1732 4158 novo

175 4187 441 4254 advenit.
497 4191 598 4254 Sic
642 4209 819 4271 ergo,
861 4209 1006 4253 eum
1043 4190 1402 4255 humanitas
1441 4193 1505 4253 et
1531 4190 1734 4270 gratia

178 4279 292 4343 sint
323 4284 510 4362 quasi
555 4284 697 4348 dum
739 4290 980 4348 naturae
1003 4331 1025 4360 ,
1077 4289 1140 4346 et
1177 4281 1542 4346 humanitas
1580 4301 1732 4362 sup·-

176 4383 440 4451 ponatur
475 4379 542 4440 in
569 4396 844 4458 persona
870 4377 1083 4454 Verbi,
1124 4377 1346 4439 relatio
1387 4375 1728 4452 filiationis,

177 4482 306 4544 quae
327 4489 406 4536 ex
441 4472 642 4552 gratia
671 4473 1024 4547 resultaret,
1059 4489 1190 4534 non
1217 4476 1430 4551 posset
1455 4471 1544 4532 illi
1575 4487 1732 4532 con-

177 4563 378 4628 venire
405 4566 619 4630 media
648 4566 1060 4629 humanitate.
1091 4565 1218 4628 Sed
1243 4567 1373 4628 haec
1394 4565 1554 4628 ratio
1571 4563 1730 4626 inei*-

177 4653 326 4718 ticax
365 4663 486 4734 est,
526 4661 676 4739 quia
711 4659 868 4721 illud
894 4659 1289 4740 principium,
1331 4659 1404 4720 in
1437 4677 1562 4739 quo
1587 4657 1730 4720 fun·-

180 4744 373 4827 datur,
410 4771 630 4816 verum
657 4753 852 4816 habet
875 4753 942 4815 in
969 4754 1231 4826 naturis,
1263 4769 1408 4833 quae
1435 4770 1566 4816 non
1586 4757 1734 4816 sunt

178 4855 284 4916 per
323 4863 390 4910 se
431 4847 896 4923 subordinatae,
945 4846 1032 4910 ita
1057 4853 1126 4910 ut
1155 4864 1280 4908 una
1311 4864 1437 4908 non
1465 4846 1606 4925 conj
1617 4865 1730 4908 un·-

181 4941 352 5011 gatur
391 4941 742 5022 supposito,
785 4941 1102 5008 mediante
1129 4941 1287 5016 alia,
1323 4941 1439 5004 sed
1464 4946 1734 5022 utraque

181 5025 528 5099 immediate
546 5081 570 5113 ,
616 5040 688 5097 nt
723 5042 870 5098 sunt
897 5041 1120 5099 natura
1147 5035 1426 5096 humana
1453 5041 1516 5096 et
1543 5052 1736 5116 ange·

184 5117 290 5184 lioa
317 5125 380 5190 lu
407 5128 572 5193 dioto
606 5130 923 5212 exemplo,
950 5129 1050 5192 vel
1075 5129 1126 5192 si
1151 5135 1418 5209 utraque
1444 5129 1732 5192 uniretur

189 5213 414 5299 Verb03
447 5228 512 5285 at
535 5241 684 5286 vero
710 5221 910 5304 gratia
941 5228 1005 5286 et
1028 5222 1385 5286 humanitas
1414 5239 1544 5285 non
1583 5228 1732 5283 sunt

189 5304 530 5389 hujusmodi
576 5363 592 5392 ,
663 5315 815 5380 n‘am
867 5318 1070 5397 gratia
1117 5333 1252 5380 non
1306 5318 1513 5396 potest
1567 5316 1730 5378 uniri

188 5411 488 5486 supposito
511 5456 528 5486 ,
575 5411 699 5476 nisi
749 5410 1068 5474 mediante
1114 5410 1506 5474 humanitate
1531 5428 1548 5488 ;
1601 5409 1730 5474 imo

190 5509 376 5578 neque
405 5503 830 5570 immediatius
865 5521 1074 5584 neque
1109 5506 1232 5568 alia
1260 5505 1506 5569 ratione
1540 5504 1726 5567 estin

1819 432 2055 511 Verbo,
2084 433 2205 498 nisi
2235 433 2389 514 quia
2413 438 2510 500 est
2534 433 2601 498 in
2630 433 3023 502 humanitate
3048 435 3386 516 conjuncta

1818 527 2067 603 Verb03
2112 545 2265 608 ergo
2294 527 2577 607 quamvis
2612 546 2691 590 ex
2717 528 3030 594 infusione
3070 529 3215 596 talio
3241 550 3385 614 gra·

1819 621 1922 686 tiae
1946 622 2284 686 resultaret
2308 621 2521 701 aliqua
2548 621 2771 688 relatio
2790 669 2807 698 ,
2850 623 2957 688 illa
2992 639 3119 688 non
3156 642 3386 692 conve-

1817 715 1984 778 niret
2012 716 2219 780 Verbo
2250 715 2601 780 secuudum
2632 733 2726 794 se,
2767 716 2882 782 ‚sed
2926 717 3137 782 media
3164 717 3385 784 huma·

1817 808 2047 884 nitate,
2078 811 2153 872 ut
2198 809 2401 888 gratia
2441 809 2711 883 affecta;
2760 827 2913 890 ergo
2951 827 3029 874 ex
3056 809 3178 876 hac
3201 817 3383 892 parte

1817 919 1950 964 non
1975 903 2359 982 repugnaret
2386 919 2529 966 esse
2558 902 2703 966 talis
2732 903 2977 968 relatio.

1901 995 2002 1058 11.
2022 1042 2027 1050 .
2046 995 2453 1076 Respondent
2474 995 2672 1076 quod,
2701 996 2847 1061 licet
2862 997 3099 1078 -gratia,
3134 1003 3203 1062 ut
3224 998 3385 1064 acci-

1817 1087 1981 1152 dens
2004 1095 2116 1165 est,
2148 1107 2279 1152 non
2302 1090 2499 1170 possit
2520 1107 2658 1153 esse
2684 1090 2751 1152 in
2776 1090 3010 1167 Verbo,
3024 1091 3144 1156 nisi
3172 1091 3383 1158 media

1817 1182 2226 1258 humanitate,
2246 1191 2481 1260 tamen,
2504 1191 2819 1264 quatenus
2835 1184 3025 1250 habet
3044 1186 3383 1264 quemdam

1814 1277 2077 1340 modum
2094 1276 2311 1342 formae
2332 1278 2779 1354 substantialis,
2810 1280 2959 1359 quia
2976 1279 3215 1344 confert
3236 1280 3383 1344 suh-

1809 1370 2003 1451 jecto,
2028 1371 2097 1434 in
2120 1389 2246 1450 quo
2271 1372 2589 1452 recipitur,
2618 1373 2845 1436 divium
2870 1379 3109 1438 nature
3132 1375 3381 1455 partici-

1813 1465 2171 1546 pationem,
2208 1471 2277 1528 ut
2308 1465 2399 1528 sic
2427 1466 2787 1530 immediate
2814 1467 3083 1530 refertur
3108 1467 3193 1530 ad
3222 1485 3383 1549 sup·

1813 1560 2127 1640 positum;
2172 1565 2236 1622 et
2266 1559 2405 1622 ideo
2436 1560 2627 1622 etiam
2654 1560 2723 1622 in
2762 1560 3003 1624 Christo
3030 1561 3149 1625 sub
3180 1579 3255 1624 ea
3282 1579 3380 1626 ra„

1655 1656 1727 1716 D.
1813 1653 1985 1716 tione
2014 1652 2373 1716 immediate
2396 1653 2667 1716 refertur
2695 1653 2778 1716 ad
2804 1655 3203 1735 suppositum
3223 1655 3381 1720 Ver·-

1812 1747 1918 1822 hi;
1958 1747 2179 1810 relatio
2220 1752 2431 1810 autem
2464 1747 2783 1812 filiationis
2810 1749 3119 1828 adoptiva
3156 1766 3381 1814 conse·

1813 1843 2025 1922 quitur
2059 1842 2329 1922 gratiam
2352 1843 2471 1904 suh
2496 1841 2618 1906 hac
2644 1843 2975 1922 posteriori
2999 1843 3242 1906 ratione
3264 1890 3284 1920 ,
3318 1851 3382 1907 et

1811 1953 1944 2001 non
1984 1937 2107 2000 sub
2150 1935 2385 2017 priori;
2432 1941 2497 1998 et.
2538 1936 2683 1998 ideo
2722 1936 2791 1998 in
2821 1936 3067 2000 Christo
3098 1954 3241 2002 esse
3268 1944 3383 2002 aut

1813 2029 2117 2094 resultare
2161 2047 2291 2092 non
2326 2035 2554 2110 potest,
2592 2027 2743 2110 quia
2792 2037 3113 2110 oporteret
3154 2029 3381 2096 imme-

1812 2124 1983 2188 diate
2013 2123 2349 2188 convenire
2378 2122 2703 2203 supposito
2737 2122 3089 2186 secundum
3124 2141 3216 2187 se.
3256 2121 3381 2188 Sed

1811 2237 1944 2282 non
1970 2222 2068 2282 est
2096 2215 2479 2298 probabilior
2502 2217 2609 2280 hic
2632 2216 2957 2281 discursus
2989 2235 3183 2298 quam
3214 2235 3379 2298 prm-

1812 2311 2069 2374 cedens.
2112 2311 2321 2374 Primo
2349 2309 2635 2390 quidem,
2664 2311 2813 2390 quia
2839 2310 2949 2374 illa
2976 2311 3209 2393 duplex
3234 2329 3381 2374 con-

1811 2405 2109 2470 sideratio
2136 2405 2351 2482 gratias
2374 2408 2469 2466 est
2496 2402 2783 2480 conficta,
2816 2404 2967 2484 quia
2994 2423 3122 2468 uon
3152 2411 3381 2468 tracta·-

1811 2517 1953 2564 mus
1994 2499 2117 2562 nisi
2162 2498 2241 2560 de
2282 2498 2403 2560 hac
2446 2499 2647 2579 gratia
2683 2498 2749 2560 in
2796 2499 3006 2579 specie
3044 2517 3171 2581 qua
3208 2516 3379 2574 nunc

1811 2591 2315 2666 sanctificamur,
2352 2590 2546 2656 attilii
2576 2591 2691 2654 Dei
2720 2592 3060 2666 efficimur3
3105 2593 3239 2656 haeo
3267 2610 3386 2656 au·

1813 2693 1940 2752 tem
1968 2685 2380 2752 essentialiter
2406 2688 2505 2748 est
2532 2684 2850 2760 accidens,
2876 2692 2943 2750 et
2969 2686 3380 2750 essentialiter

1813 2781 2111 2862 supponit
2136 2785 2431 2842 naturam
2460 2778 2949 2844 intellectualem
2979 2785 3281 2856 creatam,
3310 2781 3379 2842 in

1812 2891 1938 2956 qua
1962 2872 2321 2954 recipiatur.
2348 2874 2505 2948 Imo,
2533 2873 2654 2936 hoc
2672 2873 2807 2954 ipso
2830 2872 3000 2954 quod
3023 2875 3155 2936 hoec
3176 2875 3381 2955 gratia

1814 2973 1909 3030 est
1930 2966 2322 3049 participatio
2346 2965 2571 3030 divinae
2592 2972 2853 3042 naturae,
2880 2972 2943 3030 et
2966 2966 3385 3050 quodammo-

1811 3062 1902 3126 do
1919 3061 2205 3144 ejusdem
2236 3079 2351 3124 seu
2378 3060 2573 3124 divini
2604 3061 2879 3141 ordinis,
2916 3062 3005 3126 ita
3034 3061 3381 3128 essentiali-

1811 3164 1912 3220 ter
1939 3157 2217 3238 postulat
2242 3173 2383 3218 esse
2410 3155 2729 3232 accidens,
2766 3162 2837 3219 ut
2864 3174 2995 3220 non
3023 3159 3220 3238 possit
3240 3173 3381 3222 esse

1813 3249 2237 3314 substantialis
2276 3254 2523 3312 natura.
2567 3249 2887 3326 Secundo,
2928 3252 3077 3330 quia
3119 3251 3225 3314 illa
3256 3251 3381 3314 for·

1813 3363 1919 3408 ma
1945 3343 2191 3424 gratim,
2232 3348 2549 3422 quatenus
2576 3341 2945 3418 sanctificat,
2986 3349 3051 3408 et
3072 3344 3379 3424 quodam-

1814 3437 2007 3503 modo
2059 3435 2359 3512 deificat,
2403 3434 2600 3498 hahet
2646 3453 3009 3516 supremam
3067 3437 3381 3502 rationem

1815 3531 2053 3609 formae,
2074 3549 2219 3610 qum
2244 3530 2312 3592 in
2346 3547 2423 3592 ea
2446 3528 2831 3594 considerari
2853 3532 3083 3610 potest,
3116 3531 3247 3594 sive
3273 3550 3382 3594 vo·

1817 3633 1997 3690 cetur
2024 3623 2449 3700 accidentalis,
2480 3623 2615 3687 sive
2634 3623 2847 3704 aliquo
2874 3623 3065 3690 modo
3094 3625 3383 3688 substan·

1815 3721 2006 3796 tialis,
2054 3725 2119 3782 et
2162 3722 2495 3793 tamen,ut
2532 3716 2647 3794 sic,
2696 3734 2827 3780 non
2866 3723 3077 3800 potest
3126 3737 3267 3782 esse
3311 3717 3380 3782 in

1817 3814 2057 3878 Christo
2094 3810 2215 3874 nisi
2246 3811 2457 3874 media
2494 3811 2929 3886 humanitate3
2979 3830 3157 3892 ergo,
3186 3811 3383 3876 etiam

1817 3909 1871 3970 si
1893 3907 2043 3972 inde
2068 3905 2399 3969 resultaret
2422 3904 2671 3981 relatio,
2690 3923 2823 3967 non
2840 3906 3207 3972 conveniret
3227 3907 3381 3967 Ver-

1815 4003 1897 4064 bo
1917 4045 1938 4078 ,
1976 3999 2095 4062 nisi
2124 3998 2335 4062 media
2364 3999 2779 4062 humanitate.
2819 3999 3030 4062 Tertio
3048 4045 3070 4078 ,
3104 4001 3297 4062 etiam
3326 3999 3382 4062 si

1813 4101 1981 4158 totus
2013 4094 2117 4156 ille
2152 4092 2471 4156 discursus
2496 4090 2888 4168 admittatur,
2916 4110 3047 4156 non
3074 4099 3279 4174 potest
3303 4109 3381 4158 ex

1816 4207 1892 4252 eo
1920 4187 2233 4262 concludi,
2258 4187 2435 4250 illam
2454 4186 2827 4250 relationem
2849 4187 3209 4250 immediate
3234 4204 3356 4250 con

1811 4283 2029 4346 venire
2080 4281 2291 4344 Verbo
2343 4279 2695 4362 secundum
2732 4298 2802 4346 se
2827 4326 2844 4357 ,
2900 4279 3013 4344 sed
3058 4280 3379 4344 mediante

1810 4377 2084 4458 ipsamet
2110 4373 2349 4457 gratia3
2374 4392 2527 4438 uam
2562 4375 2771 4464 pmnis
2806 4374 3032 4438 relatio
3059 4373 3379 4438 filiationis

1813 4470 1893 4533 de
1935 4487 2099 4534 novo
2148 4468 2533 4533 conveniens
2574 4469 2899 4552 supposito
2948 4469 3244 4532 convenit
3286 4468 3379 4532 illi

1813 4564 2025 4628 media
2048 4569 2273 4626 natura
2298 4608 2321 4641 ,
2361 4581 2507 4644 quae
2544 4563 2626 4628 de
2662 4581 2823 4636 novo
2856 4563 2949 4628 illi
2980 4562 3267 4639 advenit,
3310 4568 3383 4627 ut

1811 4663 1985 4738 patet
2011 4658 2075 4719 in
2106 4658 2395 4738 exemplo
2425 4657 2505 4720 de
2542 4658 2784 4738 Aug-elo
2816 4675 3011 4738 supra
3038 4658 3242 4739 posito
3260 4701 3283 4736 ,
3316 4662 3381 4719 et

1810 4752 1878 4814 iu
1901 4740 2207 4815 filiatione
2246 4751 2527 4815 humana
2565 4751 2755 4815 Verbi
2797 4751 2943 4830 Dei;
2972 4749 3087 4814 sed
3122 4751 3187 4812 in
3216 4765 3381 4830 prm-

1812 4853 2017 4924 sente,
2056 4848 2281 4928 gratia,
2310 4852 2381 4908 ut
2416 4852 2513 4910 est
2554 4845 2843 4926 quaedam
2882 4851 3107 4908 natura
3135 4844 3381 4908 habens

1819 4941 1906 5022 (ut
1946 4940 2066 5020 ipsi
2108 4941 2308 5021 aiunt)
2350 4939 2611 5005 modum
2648 4939 3034 5016 substantiae,
3084 4937 3165 5002 de
3214 4953 3380 5000 novo

1813 5034 2071 5098 advenit
2101 5033 2341 5114 Verb03
2378 5051 2552 5116 ergo,
2584 5034 2733 5098 licet
2760 5032 2907 5096 inde
2934 5032 3196 5096 resultet
3223 5032 3381 5095 rela-

1810 5128 1925 5204 tio,
1960 5128 2069 5192 illa
2100 5147 2228 5191 non
2252 5126 2584 5192 conveniet
2610 5127 2971 5192 immediate
2999 5127 3231 5201 Verbo,
3264 5123 3381 5190 sed

1809 5222 2131 5288 mediante
2162 5223 2433 5305 ipsamet
2459 5222 2685 5304 gratia.
2727 5223 2803 5286 Et
2843 5223 2995 5304 quia
3036 5221 3243 5304 gratia
3280 5237 3382 5284 ra·

1815 5318 1983 5382 tione
2036 5336 2168 5382 suaa
2222 5317 2498 5383 entitatis
2549 5318 2953 5382 accidentalis
2994 5333 3125 5378 non
3170 5319 3382 5397 potest

1808 5413 2113 5494 conjungi
2149 5413 2357 5476 Verbo
2398 5413 2520 5480 nisi
2550 5413 2765 5478 media
2810 5411 3234 5488 humanitate,
3278 5408 3377 5473 vel

1809 5505 1932 5567 alia
1952 5511 2176 5570 natura
2203 5505 2639 5586 intellectuali,
2665 5506 2811 5570 ideo
2834 5521 2952 5568 nec
2974 5501 3243 5568 fundare
3266 5518 3379 5582 po·
