<?xml version="1.0" encoding="UTF-8"?>
<!DOCTYPE html PUBLIC "-//W3C//DTD XHTML 1.0 Transitional//EN"
    "http://www.w3.org/TR/xhtml1/DTD/xhtml1-transitional.dtd">
<html xmlns="http://www.w3.org/1999/xhtml" xml:lang="en" lang="en">
 <head>
  <title>
</title>
<meta http-equiv="Content-Type" content="text/html;charset=utf-8" />
  <meta name='ocr-system' content='tesseract 3.04.00' />
  <meta name='ocr-capabilities' content='ocr_page ocr_carea ocr_par ocr_line ocrx_word'/>
</head>
<body>
  <div class='ocr_page' id='page_1' title='image "./rpfranciscisuar00unkngoog_0582.png"; bbox 0 0 3892 6167; ppageno 0'>
   <div class='ocr_carea' id='block_1_1' title="bbox 528 332 2094 1438">
    <p class='ocr_par' dir='ltr' id='par_1_1' title="bbox 528 332 2094 1438">
     <span class='ocr_line' id='line_1_1' title="bbox 536 332 650 390; baseline -0.018 0"><span class='ocrx_word' id='word_1_1' title='bbox 536 332 650 390; x_wconf 70' lang='lat'>564</span> 
     </span>
     <span class='ocr_line' id='line_1_2' title="bbox 531 422 2088 503; baseline -0.002 -18"><span class='ocrx_word' id='word_1_2' title='bbox 531 430 650 489; x_wconf 84' lang='lat' dir='ltr'>elta</span> <span class='ocrx_word' id='word_1_3' title='bbox 680 428 776 487; x_wconf 89' lang='lat' dir='ltr'>sit.</span> <span class='ocrx_word' id='word_1_4' title='bbox 804 426 1185 497; x_wconf 83' lang='lat' dir='ltr'>Secundum,</span> <span class='ocrx_word' id='word_1_5' title='bbox 1212 424 1417 503; x_wconf 85' lang='lat' dir='ltr'>qualis</span> <span class='ocrx_word' id='word_1_6' title='bbox 1448 424 1553 483; x_wconf 80' lang='lat' dir='ltr'>illa</span> <span class='ocrx_word' id='word_1_7' title='bbox 1584 422 1661 484; x_wconf 85' lang='lat' dir='ltr'>sit</span> <span class='ocrx_word' id='word_1_8' title='bbox 1688 424 1784 483; x_wconf 75' lang='lat' dir='ltr'>vel</span> <span class='ocrx_word' id='word_1_9' title='bbox 1815 442 1958 483; x_wconf 85' lang='lat' dir='ltr'>esse</span> <span class='ocrx_word' id='word_1_10' title='bbox 1986 422 2088 483; x_wconf 83' lang='lat' dir='ltr'>de·</span> 
     </span>
     <span class='ocr_line' id='line_1_3' title="bbox 528 518 2090 599; baseline -0.004 -18"><span class='ocrx_word' id='word_1_11' title='bbox 528 522 698 582; x_wconf 82' lang='lat' dir='ltr'>beat.</span> <span class='ocrx_word' id='word_1_12' title='bbox 736 523 1078 599; x_wconf 86' lang='lat' dir='ltr'>Loquimur</span> <span class='ocrx_word' id='word_1_13' title='bbox 1106 526 1317 579; x_wconf 86' lang='lat' dir='ltr'>autem</span> <span class='ocrx_word' id='word_1_14' title='bbox 1349 520 1429 579; x_wconf 89' lang='lat' dir='ltr'>de</span> <span class='ocrx_word' id='word_1_15' title='bbox 1460 519 1701 581; x_wconf 82' lang='lat' dir='ltr'>Sanctis</span> <span class='ocrx_word' id='word_1_16' title='bbox 1744 520 1871 579; x_wconf 86' lang='lat' dir='ltr'>vita</span> <span class='ocrx_word' id='word_1_17' title='bbox 1914 518 2090 577; x_wconf 81' lang='lat' dir='ltr'>func-</span> 
     </span>
     <span class='ocr_line' id='line_1_4' title="bbox 532 610 2088 693; baseline -0.006 -15"><span class='ocrx_word' id='word_1_18' title='bbox 532 632 637 687; x_wconf 83' lang='lat' dir='ltr'>tis,</span> <span class='ocrx_word' id='word_1_19' title='bbox 679 634 839 693; x_wconf 90' lang='lat' dir='ltr'>quos</span> <span class='ocrx_word' id='word_1_20' title='bbox 888 612 1301 692; x_wconf 82' lang='lat' dir='ltr'>supponimus</span> <span class='ocrx_word' id='word_1_21' title='bbox 1346 610 1566 673; x_wconf 88' lang='lat' dir='ltr'>beatos</span> <span class='ocrx_word' id='word_1_22' title='bbox 1613 630 1789 683; x_wconf 88' lang='lat' dir='ltr'>esse,</span> <span class='ocrx_word' id='word_1_23' title='bbox 1832 617 1895 671; x_wconf 88' lang='lat' dir='ltr'>et</span> <span class='ocrx_word' id='word_1_24' title='bbox 1946 628 2088 671; x_wconf 90' lang='lat' dir='ltr'>cum</span> 
     </span>
     <span class='ocr_line' id='line_1_5' title="bbox 531 704 2092 786; baseline -0.004 -17"><span class='ocrx_word' id='word_1_25' title='bbox 531 709 773 769; x_wconf 85' lang='lat' dir='ltr'>Christo</span> <span class='ocrx_word' id='word_1_26' title='bbox 803 724 1097 786; x_wconf 83' lang='lat' dir='ltr'>regnare,</span> <span class='ocrx_word' id='word_1_27' title='bbox 1138 711 1205 765; x_wconf 89' lang='lat' dir='ltr'>ut</span> <span class='ocrx_word' id='word_1_28' title='bbox 1248 705 1311 765; x_wconf 89' lang='lat' dir='ltr'>in</span> <span class='ocrx_word' id='word_1_29' title='bbox 1361 709 1417 766; x_wconf 98' lang='grc'><strong>1.</strong></span> <span class='ocrx_word' id='word_1_30' title='bbox 1460 708 1521 780; x_wconf 89' lang='grc'>2,</span> <span class='ocrx_word' id='word_1_31' title='bbox 1564 711 1785 783; x_wconf 82' lang='lat' dir='ltr'>quaest.</span> <span class='ocrx_word' id='word_1_32' title='bbox 1816 708 1879 771; x_wconf 70' lang='lat'>4.</span> <span class='ocrx_word' id='word_1_33' title='bbox 1905 704 2092 765; x_wconf 85' lang='lat' dir='ltr'>latius</span> 
     </span>
     <span class='ocr_line' id='line_1_6' title="bbox 533 796 2094 880; baseline -0.004 -17"><span class='ocrx_word' id='word_1_34' title='bbox 533 802 869 880; x_wconf 83' lang='lat' dir='ltr'>probatum</span> <span class='ocrx_word' id='word_1_35' title='bbox 900 808 1015 861; x_wconf 90' lang='lat' dir='ltr'>est.</span> <span class='ocrx_word' id='word_1_36' title='bbox 1040 798 1337 870; x_wconf 86' lang='lat' dir='ltr'>Quamvis</span> <span class='ocrx_word' id='word_1_37' title='bbox 1364 816 1512 859; x_wconf 86' lang='lat' dir='ltr'>vero</span> <span class='ocrx_word' id='word_1_38' title='bbox 1544 798 1740 861; x_wconf 86' lang='lat' dir='ltr'>oratio</span> <span class='ocrx_word' id='word_1_39' title='bbox 1780 816 1893 859; x_wconf 88' lang='lat' dir='ltr'>seu</span> <span class='ocrx_word' id='word_1_40' title='bbox 1934 796 2094 877; x_wconf 84' lang='lat' dir='ltr'>peti-</span> 
     </span>
     <span class='ocr_line' id='line_1_7' title="bbox 536 889 2094 971; baseline -0.003 -16"><span class='ocrx_word' id='word_1_41' title='bbox 536 896 620 955; x_wconf 90' lang='lat' dir='ltr'>tio</span> <span class='ocrx_word' id='word_1_42' title='bbox 648 895 990 971; x_wconf 82' lang='lat' dir='ltr'>quemdam</span> <span class='ocrx_word' id='word_1_43' title='bbox 1017 892 1251 953; x_wconf 88' lang='lat' dir='ltr'>cultum</span> <span class='ocrx_word' id='word_1_44' title='bbox 1280 892 1615 967; x_wconf 84' lang='lat' dir='ltr'>contineat,</span> <span class='ocrx_word' id='word_1_45' title='bbox 1641 890 1787 971; x_wconf 87' lang='lat' dir='ltr'>quia</span> <span class='ocrx_word' id='word_1_46' title='bbox 1812 908 1962 951; x_wconf 85' lang='lat' dir='ltr'>vero</span> <span class='ocrx_word' id='word_1_47' title='bbox 1988 889 2094 951; x_wconf 83' lang='lat' dir='ltr'>liic</span> 
     </span>
     <span class='ocr_line' id='line_1_8' title="bbox 538 984 2089 1063; baseline -0.004 -14"><span class='ocrx_word' id='word_1_48' title='bbox 538 988 741 1049; x_wconf 87' lang='lat' dir='ltr'>solum</span> <span class='ocrx_word' id='word_1_49' title='bbox 798 988 863 1047; x_wconf 88' lang='lat' dir='ltr'>in</span> <span class='ocrx_word' id='word_1_50' title='bbox 908 984 1226 1049; x_wconf 90' lang='lat' dir='ltr'>communi</span> <span class='ocrx_word' id='word_1_51' title='bbox 1278 984 1357 1045; x_wconf 91' lang='lat' dir='ltr'>de</span> <span class='ocrx_word' id='word_1_52' title='bbox 1410 985 1777 1047; x_wconf 83' lang='lat' dir='ltr'>adoratione</span> <span class='ocrx_word' id='word_1_53' title='bbox 1820 984 2089 1063; x_wconf 74' lang='lat' dir='ltr'>agimuS,</span> 
     </span>
     <span class='ocr_line' id='line_1_9' title="bbox 533 1076 2091 1159; baseline -0.003 -18"><span class='ocrx_word' id='word_1_54' title='bbox 533 1082 675 1143; x_wconf 88' lang='lat' dir='ltr'>ideo</span> <span class='ocrx_word' id='word_1_55' title='bbox 724 1081 1133 1159; x_wconf 79' lang='lat' dir='ltr'>quaestionem</span> <span class='ocrx_word' id='word_1_56' title='bbox 1164 1077 1241 1139; x_wconf 90' lang='lat' dir='ltr'>de</span> <span class='ocrx_word' id='word_1_57' title='bbox 1277 1079 1651 1139; x_wconf 86' lang='lat' dir='ltr'>Sanctorum</span> <span class='ocrx_word' id='word_1_58' title='bbox 1696 1076 2091 1138; x_wconf 87' lang='lat' dir='ltr'>invocatione</span> 
     </span>
     <span class='ocr_line' id='line_1_10' title="bbox 531 1171 2093 1253; baseline -0.004 -19"><span class='ocrx_word' id='word_1_59' title='bbox 531 1176 597 1234; x_wconf 88' lang='lat' dir='ltr'>iu</span> <span class='ocrx_word' id='word_1_60' title='bbox 628 1174 924 1253; x_wconf 81' lang='lat' dir='ltr'>praesenti</span> <span class='ocrx_word' id='word_1_61' title='bbox 946 1173 1340 1233; x_wconf 80' lang='lat' dir='ltr'><strong>remittemus</strong></span> <span class='ocrx_word' id='word_1_62' title='bbox 1369 1171 1431 1231; x_wconf 91' lang='lat' dir='ltr'>in</span> <span class='ocrx_word' id='word_1_63' title='bbox 1460 1176 1521 1231; x_wconf 91' lang='grc'>2.</span> <span class='ocrx_word' id='word_1_64' title='bbox 1562 1172 1623 1241; x_wconf 89' lang='grc'>2,</span> <span class='ocrx_word' id='word_1_65' title='bbox 1656 1187 1719 1249; x_wconf 88' lang='lat' dir='ltr'>q.</span> <span class='ocrx_word' id='word_1_66' title='bbox 1752 1174 1829 1232; x_wconf 89' lang='lat'>83</span> <span class='ocrx_word' id='word_1_67' title='bbox 1864 1189 1879 1245; x_wconf 89' lang='lat'>;</span> <span class='ocrx_word' id='word_1_68' title='bbox 1909 1174 2093 1230; x_wconf 80' lang='lat' dir='ltr'>attin-</span> 
     </span>
     <span class='ocr_line' id='line_1_11' title="bbox 530 1264 2092 1344; baseline -0.004 -15"><span class='ocrx_word' id='word_1_69' title='bbox 530 1285 753 1344; x_wconf 81' lang='lat' dir='ltr'>gemus</span> <span class='ocrx_word' id='word_1_70' title='bbox 782 1284 925 1327; x_wconf 85' lang='lat' dir='ltr'>vero</span> <span class='ocrx_word' id='word_1_71' title='bbox 955 1265 1255 1327; x_wconf 85' lang='lat' dir='ltr'>nonnulla</span> <span class='ocrx_word' id='word_1_72' title='bbox 1289 1264 1573 1339; x_wconf 77' lang='lat' dir='ltr'>inferiuS,</span> <span class='ocrx_word' id='word_1_73' title='bbox 1615 1264 1693 1325; x_wconf 90' lang='lat' dir='ltr'>de</span> <span class='ocrx_word' id='word_1_74' title='bbox 1722 1264 2092 1325; x_wconf 81' lang='lat' dir='ltr'>Beatissimu</span> 
     </span>
     <span class='ocr_line' id='line_1_12' title="bbox 532 1359 1237 1438; baseline 0 -19"><span class='ocrx_word' id='word_1_75' title='bbox 532 1359 785 1438; x_wconf 81' lang='lat' dir='ltr'>Virgine</span> <span class='ocrx_word' id='word_1_76' title='bbox 817 1360 1237 1437; x_wconf 60' lang='lat' dir='ltr'>disputantes</span> 
     </span>
    </p>
   </div>
   <div class='ocr_carea' id='block_1_2' title="bbox 1156 1550 1443 1603">
    <p class='ocr_par' dir='ltr' id='par_1_2' title="bbox 1156 1550 1443 1603">
     <span class='ocr_line' id='line_1_13' title="bbox 1156 1550 1443 1603; baseline 0 -2"><span class='ocrx_word' id='word_1_77' title='bbox 1156 1550 1371 1601; x_wconf 79' lang='lat' dir='ltr'>SEc&#39;rlo</span> <span class='ocrx_word' id='word_1_78' title='bbox 1406 1552 1443 1603; x_wconf 89' lang='grc' dir='ltr'>Ι.</span> 
     </span>
    </p>
   </div>
   <div class='ocr_carea' id='block_1_3' title="bbox 580 1672 2048 1813">
    <p class='ocr_par' dir='ltr' id='par_1_3' title="bbox 580 1672 2048 1813">
     <span class='ocr_line' id='line_1_14' title="bbox 580 1672 2048 1744; baseline -0.001 -17"><span class='ocrx_word' id='word_1_79' title='bbox 580 1672 768 1727; x_wconf 77' lang='lat' dir='ltr'>Utrum</span> <span class='ocrx_word' id='word_1_80' title='bbox 796 1672 1004 1740; x_wconf 75' lang='lat' dir='ltr'>Sancti,</span> <span class='ocrx_word' id='word_1_81' title='bbox 1035 1678 1089 1727; x_wconf 80' lang='lat' dir='ltr'>et</span> <span class='ocrx_word' id='word_1_82' title='bbox 1114 1673 1261 1729; x_wconf 77' lang='lat' dir='ltr'>beati</span> <span class='ocrx_word' id='word_1_83' title='bbox 1288 1672 1495 1744; x_wconf 67' lang='grc' dir='ltr'>Αηρεὶί,</span> <span class='ocrx_word' id='word_1_84' title='bbox 1527 1672 1613 1729; x_wconf 77' lang='lat' dir='ltr'>vel</span> <span class='ocrx_word' id='word_1_85' title='bbox 1638 1672 1907 1741; x_wconf 75' lang='lat' dir='ltr'>homine-5,</span> <span class='ocrx_word' id='word_1_86' title='bbox 1934 1673 2048 1727; x_wconf 75' lang='lat' dir='ltr'>sinc</span> 
     </span>
     <span class='ocr_line' id='line_1_15' title="bbox 1160 1756 1449 1813; baseline -0.007 0"><span class='ocrx_word' id='word_1_87' title='bbox 1160 1756 1449 1813; x_wconf 80' lang='lat' dir='ltr'>adorandi.</span> 
     </span>
    </p>
   </div>
   <div class='ocr_carea' id='block_1_4' title="bbox 503 1921 2080 5540">
    <p class='ocr_par' dir='ltr' id='par_1_4' title="bbox 503 1921 2080 5540">
     <span class='ocr_line' id='line_1_16' title="bbox 607 1921 2078 1999; baseline 0 -16"><span class='ocrx_word' id='word_1_88' title='bbox 607 1926 635 1983; x_wconf 87' lang='grc'><strong>1</strong></span> <span class='ocrx_word' id='word_1_89' title='bbox 652 1966 665 1981; x_wconf 91' lang='grc'><strong>.</strong></span> <span class='ocrx_word' id='word_1_90' title='bbox 683 1922 965 1985; x_wconf 72' lang='lat' dir='ltr'>Hoeresis</span> <span class='ocrx_word' id='word_1_91' title='bbox 990 1923 1401 1985; x_wconf 73' lang='lat' dir='ltr'>adorationem</span> <span class='ocrx_word' id='word_1_92' title='bbox 1429 1921 1683 1985; x_wconf 71' lang='lat' dir='ltr'>Sanctis</span> <span class='ocrx_word' id='word_1_93' title='bbox 1708 1921 2078 1999; x_wconf 63' lang='lat' dir='ltr'>rimantium.</span> 
     </span>
     <span class='ocr_line' id='line_1_17' title="bbox 521 2015 2080 2095; baseline -0.001 -18"><span class='ocrx_word' id='word_1_94' title='bbox 521 2016 763 2077; x_wconf 76' lang='lat' dir='ltr'>-Fuu</span> <span class='ocrx_word' id='word_1_95' title='bbox 793 2018 1045 2095; x_wconf 81' lang='lat' dir='ltr'>antiqua</span> <span class='ocrx_word' id='word_1_96' title='bbox 1078 2017 1356 2090; x_wconf 85' lang='lat' dir='ltr'>haeresis,</span> <span class='ocrx_word' id='word_1_97' title='bbox 1394 2032 1535 2093; x_wconf 69' lang='lat' dir='ltr'>quae</span> <span class='ocrx_word' id='word_1_98' title='bbox 1578 2015 1943 2093; x_wconf 83' lang='lat' dir='ltr'>simpliciter</span> <span class='ocrx_word' id='word_1_99' title='bbox 1970 2034 2080 2077; x_wconf 82' lang='lat' dir='ltr'>ne·</span> 
     </span>
     <span class='ocr_line' id='line_1_18' title="bbox 523 2108 2074 2189; baseline -0.001 -20"><span class='ocrx_word' id='word_1_100' title='bbox 523 2109 689 2189; x_wconf 82' lang='lat' dir='ltr'>gavit</span> <span class='ocrx_word' id='word_1_101' title='bbox 714 2111 957 2171; x_wconf 86' lang='lat' dir='ltr'>Sanctis</span> <span class='ocrx_word' id='word_1_102' title='bbox 996 2128 1135 2171; x_wconf 88' lang='lat' dir='ltr'>esse</span> <span class='ocrx_word' id='word_1_103' title='bbox 1183 2108 1613 2170; x_wconf 86' lang='lat' dir='ltr'>adorationem</span> <span class='ocrx_word' id='word_1_104' title='bbox 1656 2109 2074 2181; x_wconf 75' lang='lat' dir='ltr'>tribuendam,</span> 
     </span>
     <span class='ocr_line' id='line_1_19' title="bbox 522 2201 2076 2283; baseline -0.002 -20"><span class='ocrx_word' id='word_1_105' title='bbox 522 2204 701 2282; x_wconf 87' lang='lat' dir='ltr'>cujus</span> <span class='ocrx_word' id='word_1_106' title='bbox 726 2204 1077 2283; x_wconf 80' lang='lat' dir='ltr'>praecipuus</span> <span class='ocrx_word' id='word_1_107' title='bbox 1104 2209 1322 2263; x_wconf 84' lang='lat' dir='ltr'>auctor</span> <span class='ocrx_word' id='word_1_108' title='bbox 1349 2201 1575 2263; x_wconf 88' lang='lat' dir='ltr'>dicitur</span> <span class='ocrx_word' id='word_1_109' title='bbox 1600 2201 1789 2263; x_wconf 87' lang='lat' dir='ltr'>fuisse</span> <span class='ocrx_word' id='word_1_110' title='bbox 1820 2201 2076 2281; x_wconf 88' lang='lat' dir='ltr'>quidam</span> 
     </span>
     <span class='ocr_line' id='line_1_20' title="bbox 519 2295 2079 2375; baseline -0.001 -20"><span class='ocrx_word' id='word_1_111' title='bbox 519 2295 913 2367; x_wconf 80' lang='lat' dir='ltr'>EustathiuS,</span> <span class='ocrx_word' id='word_1_112' title='bbox 956 2296 1253 2358; x_wconf 83' lang='lat' dir='ltr'>Sebastiae</span> <span class='ocrx_word' id='word_1_113' title='bbox 1301 2296 1667 2375; x_wconf 78' lang='lat' dir='ltr'>EpiscopuS‚</span> <span class='ocrx_word' id='word_1_114' title='bbox 1713 2313 2079 2373; x_wconf 81' lang='lat' dir='ltr'><strong>quanquam</strong></span> 
     </span>
     <span class='ocr_line' id='line_1_21' title="bbox 520 2388 2077 2469; baseline 0.001 -22"><span class='ocrx_word' id='word_1_115' title='bbox 520 2388 879 2466; x_wconf 87' lang='lat' dir='ltr'>Nicephor.,</span> <span class='ocrx_word' id='word_1_116' title='bbox 910 2389 1019 2450; x_wconf 81' lang='lat' dir='ltr'>lib.</span> <span class='ocrx_word' id='word_1_117' title='bbox 1043 2393 1080 2451; x_wconf 84' lang='lat'>9</span> <span class='ocrx_word' id='word_1_118' title='bbox 1110 2390 1362 2459; x_wconf 86' lang='lat' dir='ltr'>Histor.‚</span> <span class='ocrx_word' id='word_1_119' title='bbox 1381 2407 1519 2469; x_wconf 87' lang='lat' dir='ltr'>cap.</span> <span class='ocrx_word' id='word_1_120' title='bbox 1549 2392 1627 2451; x_wconf 87' lang='grc'><strong>16</strong></span> <span class='ocrx_word' id='word_1_121' title='bbox 1649 2396 1709 2449; x_wconf 84' lang='lat' dir='ltr'>et</span> <span class='ocrx_word' id='word_1_122' title='bbox 1732 2391 1810 2449; x_wconf 76' lang='lat'>45</span> <span class='ocrx_word' id='word_1_123' title='bbox 1834 2434 1849 2459; x_wconf 88' lang='lat'>‚</span> <span class='ocrx_word' id='word_1_124' title='bbox 1882 2392 1944 2449; x_wconf 87' lang='lat' dir='ltr'>et</span> <span class='ocrx_word' id='word_1_125' title='bbox 1964 2390 2077 2449; x_wconf 91' lang='lat' dir='ltr'>So-</span> 
     </span>
     <span class='ocr_line' id='line_1_22' title="bbox 520 2481 2080 2560; baseline -0.001 -19"><span class='ocrx_word' id='word_1_126' title='bbox 520 2486 737 2551; x_wconf 79' lang='lat' dir='ltr'>crateS,</span> <span class='ocrx_word' id='word_1_127' title='bbox 766 2482 873 2542; x_wconf 85' lang='lat' dir='ltr'>lib.</span> <span class='ocrx_word' id='word_1_128' title='bbox 906 2484 981 2551; x_wconf 87' lang='grc'>2,</span> <span class='ocrx_word' id='word_1_129' title='bbox 1010 2500 1148 2560; x_wconf 88' lang='lat' dir='ltr'>cap.</span> <span class='ocrx_word' id='word_1_130' title='bbox 1178 2484 1257 2541; x_wconf 89' lang='lat'>33</span> <span class='ocrx_word' id='word_1_131' title='bbox 1278 2526 1292 2553; x_wconf 87' lang='lat'>‚</span> <span class='ocrx_word' id='word_1_132' title='bbox 1324 2481 1463 2559; x_wconf 82' lang='lat' dir='ltr'>ejus</span> <span class='ocrx_word' id='word_1_133' title='bbox 1508 2499 1751 2543; x_wconf 85' lang='lat' dir='ltr'>errores</span> <span class='ocrx_word' id='word_1_134' title='bbox 1798 2481 2080 2541; x_wconf 88' lang='lat' dir='ltr'>referen-</span> 
     </span>
     <span class='ocr_line' id='line_1_23' title="bbox 518 2572 2078 2651; baseline -0.001 -17"><span class='ocrx_word' id='word_1_135' title='bbox 518 2576 633 2647; x_wconf 77' lang='lat' dir='ltr'>teS‚</span> <span class='ocrx_word' id='word_1_136' title='bbox 662 2574 851 2651; x_wconf 89' lang='lat' dir='ltr'>hujus</span> <span class='ocrx_word' id='word_1_137' title='bbox 881 2578 1269 2634; x_wconf 72' lang='lat' dir='ltr'>mentionem</span> <span class='ocrx_word' id='word_1_138' title='bbox 1302 2592 1431 2633; x_wconf 91' lang='lat' dir='ltr'>non</span> <span class='ocrx_word' id='word_1_139' title='bbox 1462 2572 1767 2635; x_wconf 81' lang='lat' dir='ltr'>fecerunt.</span> <span class='ocrx_word' id='word_1_140' title='bbox 1811 2574 1879 2635; x_wconf 91' lang='lat' dir='ltr'>In</span> <span class='ocrx_word' id='word_1_141' title='bbox 1918 2572 2078 2635; x_wconf 90' lang='lat' dir='ltr'>Con-</span> 
     </span>
     <span class='ocr_line' id='line_1_24' title="bbox 518 2664 2076 2747; baseline 0 -20"><span class='ocrx_word' id='word_1_142' title='bbox 518 2666 661 2727; x_wconf 82' lang='lat' dir='ltr'>cilio</span> <span class='ocrx_word' id='word_1_143' title='bbox 702 2675 915 2727; x_wconf 82' lang='lat' dir='ltr'>tamen</span> <span class='ocrx_word' id='word_1_144' title='bbox 956 2666 1326 2747; x_wconf 83' lang='lat' dir='ltr'>Gangrensi,</span> <span class='ocrx_word' id='word_1_145' title='bbox 1361 2668 1533 2745; x_wconf 90' lang='lat' dir='ltr'>quod</span> <span class='ocrx_word' id='word_1_146' title='bbox 1558 2667 1861 2727; x_wconf 83' lang='lat' dir='ltr'>adversus</span> <span class='ocrx_word' id='word_1_147' title='bbox 1902 2664 2076 2727; x_wconf 90' lang='lat' dir='ltr'>illum</span> 
     </span>
     <span class='ocr_line' id='line_1_25' title="bbox 519 2760 2078 2837; baseline -0.002 -15"><span class='ocrx_word' id='word_1_148' title='bbox 519 2766 970 2837; x_wconf 78' lang='lat' dir='ltr'>congregatum</span> <span class='ocrx_word' id='word_1_149' title='bbox 1003 2768 1121 2835; x_wconf 90' lang='lat' dir='ltr'>est,</span> <span class='ocrx_word' id='word_1_150' title='bbox 1148 2760 1293 2821; x_wconf 85' lang='lat' dir='ltr'>licet</span> <span class='ocrx_word' id='word_1_151' title='bbox 1322 2777 1449 2821; x_wconf 87' lang='lat' dir='ltr'>non</span> <span class='ocrx_word' id='word_1_152' title='bbox 1499 2778 1792 2837; x_wconf 82' lang='lat' dir='ltr'>expresse</span> <span class='ocrx_word' id='word_1_153' title='bbox 1830 2777 2078 2819; x_wconf 85' lang='lat' dir='ltr'>assera-</span> 
     </span>
     <span class='ocr_line' id='line_1_26' title="bbox 522 2853 2076 2923; baseline -0.001 -9"><span class='ocrx_word' id='word_1_154' title='bbox 522 2860 642 2923; x_wconf 88' lang='lat' dir='ltr'>tur,</span> <span class='ocrx_word' id='word_1_155' title='bbox 674 2853 989 2915; x_wconf 85' lang='lat' dir='ltr'>indicatur</span> <span class='ocrx_word' id='word_1_156' title='bbox 1017 2862 1227 2915; x_wconf 84' lang='lat' dir='ltr'>tamen</span> <span class='ocrx_word' id='word_1_157' title='bbox 1256 2853 1435 2913; x_wconf 90' lang='lat' dir='ltr'>illum</span> <span class='ocrx_word' id='word_1_158' title='bbox 1464 2854 1659 2913; x_wconf 82' lang='lat' dir='ltr'>fuisse</span> <span class='ocrx_word' id='word_1_159' title='bbox 1701 2854 1763 2913; x_wconf 87' lang='lat' dir='ltr'>in</span> <span class='ocrx_word' id='word_1_160' title='bbox 1804 2853 1923 2913; x_wconf 90' lang='lat' dir='ltr'>hoc</span> <span class='ocrx_word' id='word_1_161' title='bbox 1978 2872 2076 2913; x_wconf 80' lang='lat' dir='ltr'>et·-</span> 
     </span>
     <span class='ocr_line' id='line_1_27' title="bbox 518 2945 2066 3020; baseline -0.001 -15"><span class='ocrx_word' id='word_1_162' title='bbox 518 2963 661 3006; x_wconf 88' lang='lat' dir='ltr'>rore</span> <span class='ocrx_word' id='word_1_163' title='bbox 703 2954 1037 3020; x_wconf 83' lang='lat' dir='ltr'>versatum,</span> <span class='ocrx_word' id='word_1_164' title='bbox 1068 2965 1215 3007; x_wconf 87' lang='lat' dir='ltr'>nam</span> <span class='ocrx_word' id='word_1_165' title='bbox 1248 2964 1473 3007; x_wconf 84' lang='lat' dir='ltr'>canon.</span> <span class='ocrx_word' id='word_1_166' title='bbox 1501 2949 1581 3008; x_wconf 84' lang='grc'>20</span> <span class='ocrx_word' id='word_1_167' title='bbox 1608 2946 1693 3007; x_wconf 88' lang='lat' dir='ltr'>ita</span> <span class='ocrx_word' id='word_1_168' title='bbox 1728 2945 2066 3006; x_wconf 84' lang='lat' dir='ltr'>definitur:</span> 
     </span>
     <span class='ocr_line' id='line_1_28' title="bbox 518 3038 2072 3118; baseline -0.001 -15"><span class='ocrx_word' id='word_1_169' title='bbox 518 3039 601 3103; x_wconf 79' lang='lat' dir='ltr'>Si</span> <span class='ocrx_word' id='word_1_170' title='bbox 648 3038 781 3118; x_wconf 71' lang='lat' dir='ltr'>quic</span> <span class='ocrx_word' id='word_1_171' title='bbox 834 3039 1207 3101; x_wconf 79' lang='lat' dir='ltr'>Sanctorum</span> <span class='ocrx_word' id='word_1_172' title='bbox 1258 3056 1577 3099; x_wconf 73' lang='lat' dir='ltr'>memorias</span> <span class='ocrx_word' id='word_1_173' title='bbox 1624 3040 2072 3101; x_wconf 73' lang='lat' dir='ltr'>contemnendas</span> 
     </span>
     <span class='ocr_line' id='line_1_29' title="bbox 510 3130 2070 3211; baseline -0.003 -18"><span class='ocrx_word' id='word_1_174' title='bbox 510 3134 841 3211; x_wconf 77' lang='lat' dir='ltr'>putaverit,</span> <span class='ocrx_word' id='word_1_175' title='bbox 860 3132 1179 3195; x_wconf 75' lang='lat' dir='ltr'>anathema</span> <span class='ocrx_word' id='word_1_176' title='bbox 1198 3136 1302 3195; x_wconf 77' lang='lat' dir='ltr'>sit.</span> <span class='ocrx_word' id='word_1_177' title='bbox 1328 3130 1467 3193; x_wconf 84' lang='lat' dir='ltr'>Fuit</span> <span class='ocrx_word' id='word_1_178' title='bbox 1495 3136 1707 3191; x_wconf 85' lang='lat' dir='ltr'>autem</span> <span class='ocrx_word' id='word_1_179' title='bbox 1738 3131 1935 3191; x_wconf 88' lang='lat' dir='ltr'>multo</span> <span class='ocrx_word' id='word_1_180' title='bbox 1961 3149 2070 3190; x_wconf 92' lang='lat' dir='ltr'>an-</span> 
     </span>
     <span class='ocr_line' id='line_1_30' title="bbox 517 3224 2067 3301; baseline -0.001 -14"><span class='ocrx_word' id='word_1_181' title='bbox 517 3225 747 3301; x_wconf 87' lang='lat' dir='ltr'>tiquior</span> <span class='ocrx_word' id='word_1_182' title='bbox 776 3226 877 3285; x_wconf 90' lang='lat' dir='ltr'>hic</span> <span class='ocrx_word' id='word_1_183' title='bbox 906 3243 1102 3299; x_wconf 84' lang='lat' dir='ltr'>error,</span> <span class='ocrx_word' id='word_1_184' title='bbox 1141 3225 1317 3285; x_wconf 90' lang='lat' dir='ltr'>illum</span> <span class='ocrx_word' id='word_1_185' title='bbox 1345 3224 1513 3287; x_wconf 89' lang='lat' dir='ltr'>enim</span> <span class='ocrx_word' id='word_1_186' title='bbox 1541 3226 1608 3285; x_wconf 93' lang='lat' dir='ltr'>in</span> <span class='ocrx_word' id='word_1_187' title='bbox 1637 3224 1940 3285; x_wconf 88' lang='lat' dir='ltr'>Gnosticis</span> <span class='ocrx_word' id='word_1_188' title='bbox 1969 3242 2067 3285; x_wconf 89' lang='lat' dir='ltr'>re-</span> 
     </span>
     <span class='ocr_line' id='line_1_31' title="bbox 514 3317 2072 3397; baseline 0 -18"><span class='ocrx_word' id='word_1_189' title='bbox 514 3317 845 3397; x_wconf 73' lang='lat' dir='ltr'>prehendit</span> <span class='ocrx_word' id='word_1_190' title='bbox 874 3319 1123 3387; x_wconf 83' lang='lat' dir='ltr'>lrenae.‚</span> <span class='ocrx_word' id='word_1_191' title='bbox 1156 3318 1265 3377; x_wconf 85' lang='lat' dir='ltr'>lib.</span> <span class='ocrx_word' id='word_1_192' title='bbox 1293 3322 1353 3393; x_wconf 85' lang='lat'>3,</span> <span class='ocrx_word' id='word_1_193' title='bbox 1392 3336 1529 3397; x_wconf 88' lang='lat' dir='ltr'>cap.</span> <span class='ocrx_word' id='word_1_194' title='bbox 1557 3321 1659 3389; x_wconf 83' lang='grc'>20,</span> <span class='ocrx_word' id='word_1_195' title='bbox 1687 3325 1749 3379; x_wconf 90' lang='lat' dir='ltr'>et</span> <span class='ocrx_word' id='word_1_196' title='bbox 1776 3318 2072 3379; x_wconf 89' lang='lat' dir='ltr'>eumdem</span> 
     </span>
     <span class='ocr_line' id='line_1_32' title="bbox 512 3409 2074 3490; baseline 0 -20"><span class='ocrx_word' id='word_1_197' title='bbox 512 3409 705 3471; x_wconf 86' lang='lat' dir='ltr'>fuisse</span> <span class='ocrx_word' id='word_1_198' title='bbox 732 3417 1015 3473; x_wconf 86' lang='lat' dir='ltr'>secutum</span> <span class='ocrx_word' id='word_1_199' title='bbox 1042 3412 1415 3473; x_wconf 86' lang='lat' dir='ltr'>Eunomium</span> <span class='ocrx_word' id='word_1_200' title='bbox 1448 3420 1509 3473; x_wconf 85' lang='lat' dir='ltr'>et</span> <span class='ocrx_word' id='word_1_201' title='bbox 1539 3410 1950 3490; x_wconf 78' lang='lat' dir='ltr'>Porphyrium</span> <span class='ocrx_word' id='word_1_202' title='bbox 1977 3428 2074 3470; x_wconf 90' lang='lat' dir='ltr'>re-</span> 
     </span>
     <span class='ocr_line' id='line_1_33' title="bbox 515 3502 2075 3583; baseline 0.001 -20"><span class='ocrx_word' id='word_1_203' title='bbox 515 3503 639 3565; x_wconf 82' lang='lat' dir='ltr'>fert</span> <span class='ocrx_word' id='word_1_204' title='bbox 671 3503 1011 3575; x_wconf 81' lang='lat' dir='ltr'>LindanuS,</span> <span class='ocrx_word' id='word_1_205' title='bbox 1038 3503 1268 3583; x_wconf 83' lang='lat' dir='ltr'>dialog.</span> <span class='ocrx_word' id='word_1_206' title='bbox 1296 3506 1373 3577; x_wconf 82' lang='grc'>2;</span> <span class='ocrx_word' id='word_1_207' title='bbox 1404 3510 1467 3565; x_wconf 89' lang='lat' dir='ltr'>et</span> <span class='ocrx_word' id='word_1_208' title='bbox 1496 3510 1717 3583; x_wconf 83' lang='lat' dir='ltr'>postea</span> <span class='ocrx_word' id='word_1_209' title='bbox 1744 3502 1947 3583; x_wconf 89' lang='lat' dir='ltr'>ipsum</span> <span class='ocrx_word' id='word_1_210' title='bbox 1980 3522 2075 3565; x_wconf 87' lang='lat' dir='ltr'>se-</span> 
     </span>
     <span class='ocr_line' id='line_1_34' title="bbox 513 3596 2076 3677; baseline 0.001 -20"><span class='ocrx_word' id='word_1_211' title='bbox 513 3602 697 3658; x_wconf 91' lang='lat' dir='ltr'>cutus</span> <span class='ocrx_word' id='word_1_212' title='bbox 750 3603 845 3657; x_wconf 89' lang='lat' dir='ltr'>est</span> <span class='ocrx_word' id='word_1_213' title='bbox 897 3596 1262 3677; x_wconf 88' lang='lat' dir='ltr'>Vigilantius</span> <span class='ocrx_word' id='word_1_214' title='bbox 1282 3640 1297 3669; x_wconf 86' lang='lat'><strong>‚</strong></span> <span class='ocrx_word' id='word_1_215' title='bbox 1336 3603 1495 3659; x_wconf 89' lang='lat' dir='ltr'>teste</span> <span class='ocrx_word' id='word_1_216' title='bbox 1550 3598 1958 3677; x_wconf 84' lang='lat' dir='ltr'>Hieronymo,</span> <span class='ocrx_word' id='word_1_217' title='bbox 2001 3616 2076 3659; x_wconf 86' lang='lat' dir='ltr'>ac</span> 
     </span>
     <span class='ocr_line' id='line_1_35' title="bbox 515 3688 2075 3769; baseline 0 -18"><span class='ocrx_word' id='word_1_218' title='bbox 515 3688 747 3751; x_wconf 88' lang='lat' dir='ltr'>deinde</span> <span class='ocrx_word' id='word_1_219' title='bbox 790 3690 1157 3769; x_wconf 89' lang='lat' dir='ltr'>Wichleph,</span> <span class='ocrx_word' id='word_1_220' title='bbox 1193 3694 1350 3751; x_wconf 84' lang='lat' dir='ltr'>teste</span> <span class='ocrx_word' id='word_1_221' title='bbox 1404 3691 1719 3764; x_wconf 83' lang='lat' dir='ltr'>Walden.,</span> <span class='ocrx_word' id='word_1_222' title='bbox 1772 3691 1878 3751; x_wconf 88' lang='lat' dir='ltr'>lib.</span> <span class='ocrx_word' id='word_1_223' title='bbox 1914 3694 1952 3752; x_wconf 87' lang='grc'><strong>3</strong></span> <span class='ocrx_word' id='word_1_224' title='bbox 1995 3690 2075 3751; x_wconf 90' lang='lat' dir='ltr'>de</span> 
     </span>
     <span class='ocr_line' id='line_1_36' title="bbox 516 3784 2078 3863; baseline 0 -18"><span class='ocrx_word' id='word_1_225' title='bbox 516 3784 1119 3860; x_wconf 69' lang='lat' dir='ltr'>Sacramentalibus,</span> <span class='ocrx_word' id='word_1_226' title='bbox 1162 3784 1321 3846; x_wconf 88' lang='lat' dir='ltr'>titul.</span> <span class='ocrx_word' id='word_1_227' title='bbox 1370 3786 1469 3845; x_wconf 84' lang='lat'>13.</span> <span class='ocrx_word' id='word_1_228' title='bbox 1514 3786 1604 3847; x_wconf 79' lang='lat' dir='ltr'>Ac</span> <span class='ocrx_word' id='word_1_229' title='bbox 1646 3784 1917 3863; x_wconf 88' lang='lat' dir='ltr'>denique</span> <span class='ocrx_word' id='word_1_230' title='bbox 1958 3786 2078 3845; x_wconf 91' lang='lat' dir='ltr'>Lu-</span> 
     </span>
     <span class='ocr_line' id='line_1_37' title="bbox 515 3877 2074 3957; baseline 0.001 -19"><span class='ocrx_word' id='word_1_231' title='bbox 515 3878 731 3938; x_wconf 83' lang='lat' dir='ltr'>therus</span> <span class='ocrx_word' id='word_1_232' title='bbox 760 3922 775 3948; x_wconf 90' lang='lat'>‚</span> <span class='ocrx_word' id='word_1_233' title='bbox 808 3877 1097 3937; x_wconf 82' lang='lat' dir='ltr'>Calvinus</span> <span class='ocrx_word' id='word_1_234' title='bbox 1123 3922 1139 3947; x_wconf 81' lang='grc'><strong>,</strong></span> <span class='ocrx_word' id='word_1_235' title='bbox 1170 3878 1517 3957; x_wconf 83' lang='lat' dir='ltr'>Zuinglius,</span> <span class='ocrx_word' id='word_1_236' title='bbox 1550 3886 1614 3939; x_wconf 89' lang='lat' dir='ltr'>ut</span> <span class='ocrx_word' id='word_1_237' title='bbox 1664 3897 1738 3938; x_wconf 80' lang='lat' dir='ltr'>ex</span> <span class='ocrx_word' id='word_1_238' title='bbox 1792 3878 2074 3939; x_wconf 81' lang='lat' dir='ltr'>Prateolo</span> 
     </span>
     <span class='ocr_line' id='line_1_38' title="bbox 514 3971 2073 4051; baseline 0 -18"><span class='ocrx_word' id='word_1_239' title='bbox 514 3977 781 4045; x_wconf 84' lang='lat' dir='ltr'>constat,</span> <span class='ocrx_word' id='word_1_240' title='bbox 826 3977 887 4033; x_wconf 86' lang='lat' dir='ltr'>et</span> <span class='ocrx_word' id='word_1_241' title='bbox 929 3971 1059 4031; x_wconf 87' lang='lat' dir='ltr'>fere</span> <span class='ocrx_word' id='word_1_242' title='bbox 1106 3972 1333 4051; x_wconf 82' lang='lat' dir='ltr'>reliqui</span> <span class='ocrx_word' id='word_1_243' title='bbox 1374 3973 1756 4035; x_wconf 83' lang='lat' dir='ltr'>recentiores</span> <span class='ocrx_word' id='word_1_244' title='bbox 1800 3972 2073 4034; x_wconf 73' lang='lat' dir='ltr'>haeretici</span> 
     </span>
     <span class='ocr_line' id='line_1_39' title="bbox 512 4063 2076 4129; baseline 0.003 -6"><span class='ocrx_word' id='word_1_245' title='bbox 512 4065 678 4125; x_wconf 86' lang='lat' dir='ltr'>banc</span> <span class='ocrx_word' id='word_1_246' title='bbox 713 4063 997 4125; x_wconf 78' lang='lat' dir='ltr'>haeresim</span> <span class='ocrx_word' id='word_1_247' title='bbox 1030 4065 1397 4126; x_wconf 85' lang='lat' dir='ltr'>excitarunt.</span> <span class='ocrx_word' id='word_1_248' title='bbox 1431 4068 1558 4127; x_wconf 76' lang='lat' dir='ltr'>Nec</span> <span class='ocrx_word' id='word_1_249' title='bbox 1590 4066 1788 4129; x_wconf 90' lang='lat' dir='ltr'>solum</span> <span class='ocrx_word' id='word_1_250' title='bbox 1828 4066 2076 4129; x_wconf 78' lang='lat' dir='ltr'>haereti-</span> 
     </span>
     <span class='ocr_line' id='line_1_40' title="bbox 515 4156 2068 4237; baseline 0 -18"><span class='ocrx_word' id='word_1_251' title='bbox 515 4158 595 4232; x_wconf 83' lang='lat' dir='ltr'>ci,</span> <span class='ocrx_word' id='word_1_252' title='bbox 624 4157 737 4219; x_wconf 89' lang='lat' dir='ltr'>scd</span> <span class='ocrx_word' id='word_1_253' title='bbox 762 4156 949 4217; x_wconf 88' lang='lat' dir='ltr'>etiam</span> <span class='ocrx_word' id='word_1_254' title='bbox 975 4158 1254 4219; x_wconf 77' lang='lat' dir='ltr'>Gentiles</span> <span class='ocrx_word' id='word_1_255' title='bbox 1282 4159 1647 4220; x_wconf 85' lang='lat' dir='ltr'>Christianis</span> <span class='ocrx_word' id='word_1_256' title='bbox 1672 4160 2068 4237; x_wconf 86' lang='lat' dir='ltr'>objiciebant,</span> 
     </span>
     <span class='ocr_line' id='line_1_41' title="bbox 517 4250 2073 4330; baseline 0.003 -21"><span class='ocrx_word' id='word_1_257' title='bbox 517 4250 688 4329; x_wconf 89' lang='lat' dir='ltr'>quod</span> <span class='ocrx_word' id='word_1_258' title='bbox 715 4256 1019 4328; x_wconf 80' lang='lat' dir='ltr'>martyres</span> <span class='ocrx_word' id='word_1_259' title='bbox 1047 4258 1347 4330; x_wconf 85' lang='lat' dir='ltr'>tanquam</span> <span class='ocrx_word' id='word_1_260' title='bbox 1378 4254 1535 4313; x_wconf 86' lang='lat' dir='ltr'>Deos</span> <span class='ocrx_word' id='word_1_261' title='bbox 1563 4252 1865 4323; x_wconf 89' lang='lat' dir='ltr'>colerent,</span> <span class='ocrx_word' id='word_1_262' title='bbox 1892 4256 1958 4313; x_wconf 85' lang='lat' dir='ltr'>ut</span> <span class='ocrx_word' id='word_1_263' title='bbox 1980 4259 2073 4315; x_wconf 84' lang='lat' dir='ltr'>est</span> 
     </span>
     <span class='ocr_line' id='line_1_42' title="bbox 517 4343 2070 4423; baseline 0.002 -21"><span class='ocrx_word' id='word_1_264' title='bbox 517 4344 683 4421; x_wconf 87' lang='lat' dir='ltr'>apud</span> <span class='ocrx_word' id='word_1_265' title='bbox 715 4343 971 4417; x_wconf 67' lang='lat' dir='ltr'>Euseb„</span> <span class='ocrx_word' id='word_1_266' title='bbox 997 4344 1106 4405; x_wconf 85' lang='lat' dir='ltr'>lib.</span> <span class='ocrx_word' id='word_1_267' title='bbox 1141 4350 1179 4405; x_wconf 87' lang='lat'>8</span> <span class='ocrx_word' id='word_1_268' title='bbox 1210 4347 1393 4419; x_wconf 71' lang='lat' dir='ltr'>flist„</span> <span class='ocrx_word' id='word_1_269' title='bbox 1436 4364 1489 4406; x_wconf 92' lang='lat' dir='ltr'>c.</span> <span class='ocrx_word' id='word_1_270' title='bbox 1522 4350 1601 4421; x_wconf 79' lang='lat'>(53</span> <span class='ocrx_word' id='word_1_271' title='bbox 1632 4352 1695 4407; x_wconf 89' lang='lat' dir='ltr'>ct</span> <span class='ocrx_word' id='word_1_272' title='bbox 1717 4346 1929 4422; x_wconf 66' lang='lat' dir='ltr'>cyril„</span> <span class='ocrx_word' id='word_1_273' title='bbox 1963 4344 2070 4423; x_wconf 88' lang='lat' dir='ltr'>qui</span> 
     </span>
     <span class='ocr_line' id='line_1_43' title="bbox 514 4436 2070 4515; baseline 0.001 -20"><span class='ocrx_word' id='word_1_274' title='bbox 514 4436 633 4495; x_wconf 88' lang='lat' dir='ltr'>hoc</span> <span class='ocrx_word' id='word_1_275' title='bbox 666 4436 745 4495; x_wconf 85' lang='lat' dir='ltr'>de</span> <span class='ocrx_word' id='word_1_276' title='bbox 772 4436 803 4495; x_wconf 88' lang='lat' dir='ltr'><strong>J</strong></span> <span class='ocrx_word' id='word_1_277' title='bbox 813 4436 1024 4495; x_wconf 85' lang='lat' dir='ltr'>uliano</span> <span class='ocrx_word' id='word_1_278' title='bbox 1056 4440 1355 4515; x_wconf 80' lang='lat' dir='ltr'>Apostuta</span> <span class='ocrx_word' id='word_1_279' title='bbox 1394 4439 1605 4511; x_wconf 83' lang='lat' dir='ltr'>refert,</span> <span class='ocrx_word' id='word_1_280' title='bbox 1636 4438 1742 4498; x_wconf 87' lang='lat' dir='ltr'>lib.</span> <span class='ocrx_word' id='word_1_281' title='bbox 1772 4440 1810 4496; x_wconf 80' lang='lat'><strong>6</strong></span> <span class='ocrx_word' id='word_1_282' title='bbox 1850 4445 2070 4499; x_wconf 84' lang='lat' dir='ltr'>contra</span> 
     </span>
     <span class='ocr_line' id='line_1_44' title="bbox 514 4528 2072 4607; baseline 0.004 -20"><span class='ocrx_word' id='word_1_283' title='bbox 514 4528 717 4602; x_wconf 74' lang='lat' dir='ltr'>illum,</span> <span class='ocrx_word' id='word_1_284' title='bbox 760 4533 901 4606; x_wconf 86' lang='lat' dir='ltr'>post</span> <span class='ocrx_word' id='word_1_285' title='bbox 955 4529 1152 4604; x_wconf 68' lang='lat' dir='ltr'>med„</span> <span class='ocrx_word' id='word_1_286' title='bbox 1194 4530 1605 4607; x_wconf 67' lang='lat' dir='ltr'>respondem,</span> <span class='ocrx_word' id='word_1_287' title='bbox 1643 4546 1749 4591; x_wconf 75' lang='lat' dir='ltr'>nos</span> <span class='ocrx_word' id='word_1_288' title='bbox 1778 4548 1897 4591; x_wconf 77' lang='lat' dir='ltr'>non</span> <span class='ocrx_word' id='word_1_289' title='bbox 1934 4531 2072 4593; x_wconf 83' lang='lat' dir='ltr'>ado-</span> 
     </span>
     <span class='ocr_line' id='line_1_45' title="bbox 514 4620 2075 4702; baseline 0.003 -21"><span class='ocrx_word' id='word_1_290' title='bbox 514 4638 657 4683; x_wconf 74' lang='lat' dir='ltr'>rare</span> <span class='ocrx_word' id='word_1_291' title='bbox 684 4620 951 4684; x_wconf 72' lang='lat' dir='ltr'>Samios</span> <span class='ocrx_word' id='word_1_292' title='bbox 984 4628 1055 4683; x_wconf 73' lang='lat' dir='ltr'>ut</span> <span class='ocrx_word' id='word_1_293' title='bbox 1098 4623 1273 4695; x_wconf 75' lang='lat' dir='ltr'>Deos,</span> <span class='ocrx_word' id='word_1_294' title='bbox 1296 4624 1406 4685; x_wconf 74' lang='lat' dir='ltr'>sed</span> <span class='ocrx_word' id='word_1_295' title='bbox 1428 4623 1716 4685; x_wconf 69' lang='lat' dir='ltr'>honorare</span> <span class='ocrx_word' id='word_1_296' title='bbox 1742 4628 1813 4685; x_wconf 69' lang='lat' dir='ltr'>‘ut</span> <span class='ocrx_word' id='word_1_297' title='bbox 1838 4625 2075 4702; x_wconf 79' lang='lat' dir='ltr'>prima-</span> 
     </span>
     <span class='ocr_line' id='line_1_46' title="bbox 513 4714 2073 4779; baseline 0.003 -4"><span class='ocrx_word' id='word_1_298' title='bbox 513 4716 643 4777; x_wconf 70' lang='lat' dir='ltr'>rios</span> <span class='ocrx_word' id='word_1_299' title='bbox 673 4718 859 4777; x_wconf 72' lang='lat' dir='ltr'>viros.</span> <span class='ocrx_word' id='word_1_300' title='bbox 892 4714 1067 4775; x_wconf 91' lang='lat' dir='ltr'>Idem</span> <span class='ocrx_word' id='word_1_301' title='bbox 1100 4714 1329 4777; x_wconf 82' lang='lat' dir='ltr'>indicat</span> <span class='ocrx_word' id='word_1_302' title='bbox 1372 4714 1449 4777; x_wconf 89' lang='lat' dir='ltr'>de</span> <span class='ocrx_word' id='word_1_303' title='bbox 1505 4717 1619 4777; x_wconf 90' lang='lat' dir='ltr'>hoc</span> <span class='ocrx_word' id='word_1_304' title='bbox 1665 4717 1912 4779; x_wconf 87' lang='lat' dir='ltr'>Juliano</span> <span class='ocrx_word' id='word_1_305' title='bbox 1959 4718 2073 4779; x_wconf 85' lang='lat' dir='ltr'>Na·</span> 
     </span>
     <span class='ocr_line' id='line_1_47' title="bbox 513 4807 2068 4887; baseline 0.003 -18"><span class='ocrx_word' id='word_1_306' title='bbox 513 4807 736 4881; x_wconf 87' lang='lat' dir='ltr'>zianz.‚</span> <span class='ocrx_word' id='word_1_307' title='bbox 756 4813 915 4869; x_wconf 85' lang='lat' dir='ltr'>orat.</span> <span class='ocrx_word' id='word_1_308' title='bbox 938 4810 997 4883; x_wconf 88' lang='lat'>3,</span> <span class='ocrx_word' id='word_1_309' title='bbox 1027 4826 1165 4887; x_wconf 82' lang='lat' dir='ltr'>quae</span> <span class='ocrx_word' id='word_1_310' title='bbox 1192 4814 1285 4870; x_wconf 89' lang='lat' dir='ltr'>est</span> <span class='ocrx_word' id='word_1_311' title='bbox 1318 4812 1343 4869; x_wconf 85' lang='grc'><strong>1</strong></span> <span class='ocrx_word' id='word_1_312' title='bbox 1374 4816 1588 4870; x_wconf 88' lang='lat' dir='ltr'>contra</span> <span class='ocrx_word' id='word_1_313' title='bbox 1609 4809 1809 4887; x_wconf 89' lang='lat' dir='ltr'>illum,</span> <span class='ocrx_word' id='word_1_314' title='bbox 1836 4829 1871 4871; x_wconf 87' lang='lat' dir='ltr'>a</span> <span class='ocrx_word' id='word_1_315' title='bbox 1893 4829 2068 4873; x_wconf 88' lang='lat' dir='ltr'>num.</span> 
     </span>
     <span class='ocr_line' id='line_1_48' title="bbox 512 4901 2070 4981; baseline 0.003 -20"><span class='ocrx_word' id='word_1_316' title='bbox 512 4904 616 4975; x_wconf 80' lang='grc'>27,</span> <span class='ocrx_word' id='word_1_317' title='bbox 649 4906 709 4961; x_wconf 87' lang='lat' dir='ltr'>et</span> <span class='ocrx_word' id='word_1_318' title='bbox 739 4907 895 4963; x_wconf 82' lang='lat' dir='ltr'>orat.</span> <span class='ocrx_word' id='word_1_319' title='bbox 932 4905 1031 4978; x_wconf 85' lang='grc'><strong>10,</strong></span> <span class='ocrx_word' id='word_1_320' title='bbox 1064 4920 1257 4981; x_wconf 89' lang='lat' dir='ltr'>prope</span> <span class='ocrx_word' id='word_1_321' title='bbox 1305 4901 1385 4961; x_wconf 86' lang='lat' dir='ltr'>ab</span> <span class='ocrx_word' id='word_1_322' title='bbox 1429 4901 1628 4963; x_wconf 88' lang='lat' dir='ltr'>initio.</span> <span class='ocrx_word' id='word_1_323' title='bbox 1670 4903 1839 4964; x_wconf 88' lang='lat' dir='ltr'>Idem</span> <span class='ocrx_word' id='word_1_324' title='bbox 1888 4904 2070 4965; x_wconf 87' lang='lat' dir='ltr'>nobis</span> 
     </span>
     <span class='ocr_line' id='line_1_49' title="bbox 513 4995 2065 5077; baseline 0.003 -22"><span class='ocrx_word' id='word_1_325' title='bbox 513 4995 745 5073; x_wconf 83' lang='lat' dir='ltr'>objecit</span> <span class='ocrx_word' id='word_1_326' title='bbox 786 4996 1093 5057; x_wconf 76' lang='lat' dir='ltr'>Maximus</span> <span class='ocrx_word' id='word_1_327' title='bbox 1138 4996 1618 5072; x_wconf 80' lang='lat' dir='ltr'>Grammaticus,</span> <span class='ocrx_word' id='word_1_328' title='bbox 1659 4998 1829 5075; x_wconf 88' lang='lat' dir='ltr'>apud</span> <span class='ocrx_word' id='word_1_329' title='bbox 1876 5000 2065 5077; x_wconf 66' lang='lat' dir='ltr'>Aug„</span> 
     </span>
     <span class='ocr_line' id='line_1_50' title="bbox 512 5088 2068 5167; baseline 0.003 -18"><span class='ocrx_word' id='word_1_330' title='bbox 512 5088 691 5167; x_wconf 87' lang='lat' dir='ltr'>epist.</span> <span class='ocrx_word' id='word_1_331' title='bbox 713 5090 829 5160; x_wconf 78' lang='grc' dir='ltr'>43ς</span> <span class='ocrx_word' id='word_1_332' title='bbox 860 5096 921 5149; x_wconf 92' lang='lat' dir='ltr'>et</span> <span class='ocrx_word' id='word_1_333' title='bbox 949 5088 1211 5149; x_wconf 80' lang='lat' dir='ltr'>Faustus</span> <span class='ocrx_word' id='word_1_334' title='bbox 1245 5088 1543 5164; x_wconf 66' lang='lat' dir='ltr'>Manich„</span> <span class='ocrx_word' id='word_1_335' title='bbox 1573 5088 1744 5167; x_wconf 88' lang='lat' dir='ltr'>apud</span> <span class='ocrx_word' id='word_1_336' title='bbox 1770 5092 2068 5153; x_wconf 89' lang='lat' dir='ltr'>eumdem</span> 
     </span>
     <span class='ocr_line' id='line_1_51' title="bbox 505 5180 2064 5261; baseline 0.003 -20"><span class='ocrx_word' id='word_1_337' title='bbox 505 5180 614 5241; x_wconf 91' lang='lat' dir='ltr'>lib.</span> <span class='ocrx_word' id='word_1_338' title='bbox 660 5184 739 5243; x_wconf 87' lang='grc'>20</span> <span class='ocrx_word' id='word_1_339' title='bbox 790 5189 1007 5241; x_wconf 86' lang='lat' dir='ltr'>contra</span> <span class='ocrx_word' id='word_1_340' title='bbox 1042 5182 1372 5255; x_wconf 83' lang='lat' dir='ltr'>Faustum,</span> <span class='ocrx_word' id='word_1_341' title='bbox 1418 5200 1556 5261; x_wconf 88' lang='lat' dir='ltr'>cap.</span> <span class='ocrx_word' id='word_1_342' title='bbox 1596 5184 1695 5251; x_wconf 89' lang='grc'><strong>21,</strong></span> <span class='ocrx_word' id='word_1_343' title='bbox 1730 5185 1907 5261; x_wconf 88' lang='lat' dir='ltr'>cujus</span> <span class='ocrx_word' id='word_1_344' title='bbox 1957 5183 2064 5245; x_wconf 81' lang='lat' dir='ltr'>illa</span> 
     </span>
     <span class='ocr_line' id='line_1_52' title="bbox 507 5272 2065 5357; baseline 0.003 -22"><span class='ocrx_word' id='word_1_345' title='bbox 507 5280 653 5335; x_wconf 86' lang='lat' dir='ltr'>sunt</span> <span class='ocrx_word' id='word_1_346' title='bbox 682 5273 913 5334; x_wconf 86' lang='lat' dir='ltr'>verba:</span> <span class='ocrx_word' id='word_1_347' title='bbox 942 5272 1122 5337; x_wconf 69' lang='lat' dir='ltr'>Idola</span> <span class='ocrx_word' id='word_1_348' title='bbox 1146 5277 1388 5337; x_wconf 72' lang='lat' dir='ltr'>vertitis</span> <span class='ocrx_word' id='word_1_349' title='bbox 1434 5276 1503 5336; x_wconf 76' lang='lat' dir='ltr'>in</span> <span class='ocrx_word' id='word_1_350' title='bbox 1544 5276 1886 5356; x_wconf 72' lang='lat' dir='ltr'>Martyres,</span> <span class='ocrx_word' id='word_1_351' title='bbox 1918 5296 2065 5357; x_wconf 74' lang='lat' dir='ltr'>quos</span> 
     </span>
     <span class='ocr_line' id='line_1_53' title="bbox 503 5366 2064 5441; baseline 0.003 -12"><span class='ocrx_word' id='word_1_352' title='bbox 503 5371 661 5431; x_wconf 76' lang='lat' dir='ltr'>votis</span> <span class='ocrx_word' id='word_1_353' title='bbox 710 5366 1011 5431; x_wconf 75' lang='lat' dir='ltr'>similibus</span> <span class='ocrx_word' id='word_1_354' title='bbox 1055 5368 1275 5429; x_wconf 76' lang='lat' dir='ltr'>colitis.</span> <span class='ocrx_word' id='word_1_355' title='bbox 1340 5368 1498 5441; x_wconf 90' lang='lat' dir='ltr'>Quin</span> <span class='ocrx_word' id='word_1_356' title='bbox 1548 5372 1741 5429; x_wconf 83' lang='lat' dir='ltr'>etiam</span> <span class='ocrx_word' id='word_1_357' title='bbox 1806 5371 1841 5431; x_wconf 87' lang='lat' dir='ltr'>J</span> <span class='ocrx_word' id='word_1_358' title='bbox 1848 5371 2064 5433; x_wconf 80' lang='lat' dir='ltr'>udaeos</span> 
     </span>
     <span class='ocr_line' id='line_1_54' title="bbox 504 5460 2064 5540; baseline 0.003 -17"><span class='ocrx_word' id='word_1_359' title='bbox 504 5461 871 5523; x_wconf 79' lang='lat' dir='ltr'>Sanctorum</span> <span class='ocrx_word' id='word_1_360' title='bbox 894 5460 1347 5537; x_wconf 85' lang='lat' dir='ltr'>adorationem,</span> <span class='ocrx_word' id='word_1_361' title='bbox 1372 5469 1670 5540; x_wconf 82' lang='lat' dir='ltr'>tanquam</span> <span class='ocrx_word' id='word_1_362' title='bbox 1700 5463 2064 5528; x_wconf 62' lang='lat' dir='ltr'>idololatriae</span> 
     </span>
    </p>
   </div>
   <div class='ocr_carea' id='block_1_5' title="bbox 636 5771 659 5801">
    <p class='ocr_par' dir='ltr' id='par_1_5' title="bbox 636 5771 659 5801">
     <span class='ocr_line' id='line_1_55' title="bbox 636 5771 659 5801; baseline 0 0"><span class='ocrx_word' id='word_1_363' title='bbox 636 5771 659 5801; x_wconf 80' lang='grc' dir='ltr'><strong><em>Ι</em></strong></span> 
     </span>
    </p>
   </div>
   <div class='ocr_carea' id='block_1_6' title="bbox 1766 324 2510 391">
    <p class='ocr_par' dir='ltr' id='par_1_6' title="bbox 1766 324 2510 391">
     <span class='ocr_line' id='line_1_56' title="bbox 1766 324 2510 391; baseline -0.004 -11"><span class='ocrx_word' id='word_1_364' title='bbox 1766 327 2002 391; x_wconf 72' lang='lat' dir='ltr'>QUAEST.</span> <span class='ocrx_word' id='word_1_365' title='bbox 2037 324 2184 377; x_wconf 78' lang='lat' dir='ltr'>xxv.</span> <span class='ocrx_word' id='word_1_366' title='bbox 2217 326 2416 377; x_wconf 63' lang='lat' dir='ltr'>Auno.</span> <span class='ocrx_word' id='word_1_367' title='bbox 2451 328 2510 379; x_wconf 83' lang='lat' dir='ltr'>u.</span> 
     </span>
    </p>
   </div>
   <div class='ocr_carea' id='block_1_7' title="bbox 2145 421 3702 5543">
    <p class='ocr_par' dir='ltr' id='par_1_7' title="bbox 2167 421 3702 1815">
     <span class='ocr_line' id='line_1_57' title="bbox 2173 421 3702 497; baseline 0.004 -16"><span class='ocrx_word' id='word_1_368' title='bbox 2173 422 2388 483; x_wconf 83' lang='lat' dir='ltr'>vitium</span> <span class='ocrx_word' id='word_1_369' title='bbox 2435 422 2500 483; x_wconf 89' lang='lat' dir='ltr'>iu</span> <span class='ocrx_word' id='word_1_370' title='bbox 2560 421 2924 485; x_wconf 78' lang='lat' dir='ltr'>Christianis</span> <span class='ocrx_word' id='word_1_371' title='bbox 2969 422 3328 497; x_wconf 81' lang='lat' dir='ltr'>damnasse,</span> <span class='ocrx_word' id='word_1_372' title='bbox 3367 428 3578 485; x_wconf 85' lang='lat' dir='ltr'>auctor</span> <span class='ocrx_word' id='word_1_373' title='bbox 3625 432 3702 487; x_wconf 79' lang='lat' dir='ltr'>est</span> 
     </span>
     <span class='ocr_line' id='line_1_58' title="bbox 2172 516 3701 596; baseline 0.003 -21"><span class='ocrx_word' id='word_1_374' title='bbox 2172 516 2430 588; x_wconf 86' lang='lat' dir='ltr'>Euseb.‚</span> <span class='ocrx_word' id='word_1_375' title='bbox 2457 516 2565 577; x_wconf 88' lang='lat' dir='ltr'>lib.</span> <span class='ocrx_word' id='word_1_376' title='bbox 2595 520 2635 577; x_wconf 77' lang='lat'>4</span> <span class='ocrx_word' id='word_1_377' title='bbox 2679 518 2930 592; x_wconf 66' lang='lat' dir='ltr'>Hister„</span> <span class='ocrx_word' id='word_1_378' title='bbox 2963 535 3104 596; x_wconf 87' lang='lat' dir='ltr'>cap.</span> <span class='ocrx_word' id='word_1_379' title='bbox 3141 520 3239 588; x_wconf 75' lang='lat'>13,</span> <span class='ocrx_word' id='word_1_380' title='bbox 3275 516 3379 576; x_wconf 85' lang='lat' dir='ltr'>uhi</span> <span class='ocrx_word' id='word_1_381' title='bbox 3425 516 3503 577; x_wconf 87' lang='lat' dir='ltr'>de</span> <span class='ocrx_word' id='word_1_382' title='bbox 3552 535 3701 579; x_wconf 82' lang='lat' dir='ltr'>more</span> 
     </span>
     <span class='ocr_line' id='line_1_59' title="bbox 2174 608 3700 691; baseline 0.003 -22"><span class='ocrx_word' id='word_1_383' title='bbox 2174 608 2418 670; x_wconf 89' lang='lat' dir='ltr'>colendi</span> <span class='ocrx_word' id='word_1_384' title='bbox 2466 611 2772 691; x_wconf 76' lang='lat' dir='ltr'>Martyres</span> <span class='ocrx_word' id='word_1_385' title='bbox 2829 610 3132 671; x_wconf 85' lang='lat' dir='ltr'>nonnulla</span> <span class='ocrx_word' id='word_1_386' title='bbox 3182 608 3396 671; x_wconf 81' lang='lat' dir='ltr'>refert.</span> <span class='ocrx_word' id='word_1_387' title='bbox 3451 610 3700 689; x_wconf 85' lang='lat' dir='ltr'>Denique</span> 
     </span>
     <span class='ocr_line' id='line_1_60' title="bbox 2176 702 3702 781; baseline 0.001 -19"><span class='ocrx_word' id='word_1_388' title='bbox 2176 704 2364 763; x_wconf 83' lang='lat' dir='ltr'>etiam</span> <span class='ocrx_word' id='word_1_389' title='bbox 2407 704 2833 765; x_wconf 83' lang='lat' dir='ltr'>Mahometum</span> <span class='ocrx_word' id='word_1_390' title='bbox 2876 702 3044 765; x_wconf 90' lang='lat' dir='ltr'>idem</span> <span class='ocrx_word' id='word_1_391' title='bbox 3095 704 3277 765; x_wconf 87' lang='lat' dir='ltr'>nohis</span> <span class='ocrx_word' id='word_1_392' title='bbox 3332 702 3702 781; x_wconf 82' lang='lat' dir='ltr'>imposuisse,</span> 
     </span>
     <span class='ocr_line' id='line_1_61' title="bbox 2173 795 3702 875; baseline 0.001 -18"><span class='ocrx_word' id='word_1_393' title='bbox 2173 795 2441 875; x_wconf 85' lang='lat' dir='ltr'>ideoque</span> <span class='ocrx_word' id='word_1_394' title='bbox 2493 815 2747 859; x_wconf 86' lang='lat' dir='ltr'>omnem</span> <span class='ocrx_word' id='word_1_395' title='bbox 2815 800 3190 861; x_wconf 85' lang='lat' dir='ltr'>Sanctorum</span> <span class='ocrx_word' id='word_1_396' title='bbox 3235 796 3479 860; x_wconf 87' lang='lat' dir='ltr'>cultum</span> <span class='ocrx_word' id='word_1_397' title='bbox 3523 798 3702 873; x_wconf 87' lang='lat' dir='ltr'>prohi-</span> 
     </span>
     <span class='ocr_line' id='line_1_62' title="bbox 2173 888 3698 967; baseline 0 -16"><span class='ocrx_word' id='word_1_398' title='bbox 2173 888 2423 963; x_wconf 87' lang='lat' dir='ltr'>buisse,</span> <span class='ocrx_word' id='word_1_399' title='bbox 2472 891 2742 953; x_wconf 83' lang='lat' dir='ltr'>Prateol.</span> <span class='ocrx_word' id='word_1_400' title='bbox 2790 891 3018 967; x_wconf 81' lang='lat' dir='ltr'>refert,</span> <span class='ocrx_word' id='word_1_401' title='bbox 3057 892 3250 954; x_wconf 85' lang='lat' dir='ltr'>verbo</span> <span class='ocrx_word' id='word_1_402' title='bbox 3299 889 3698 966; x_wconf 87' lang='lat' dir='ltr'>Mabometus,</span> 
     </span>
     <span class='ocr_line' id='line_1_63' title="bbox 2173 984 3697 1065; baseline 0.002 -22"><span class='ocrx_word' id='word_1_403' title='bbox 2173 1001 2349 1044; x_wconf 88' lang='lat' dir='ltr'>uum.</span> <span class='ocrx_word' id='word_1_404' title='bbox 2376 986 2435 1045; x_wconf 85' lang='lat'>7.</span> <span class='ocrx_word' id='word_1_405' title='bbox 2459 984 2894 1047; x_wconf 83' lang='lat' dir='ltr'>Fundamenta</span> <span class='ocrx_word' id='word_1_406' title='bbox 2916 985 3102 1065; x_wconf 87' lang='lat' dir='ltr'>hujus</span> <span class='ocrx_word' id='word_1_407' title='bbox 3122 985 3352 1047; x_wconf 88' lang='lat' dir='ltr'>erroris</span> <span class='ocrx_word' id='word_1_408' title='bbox 3371 985 3543 1045; x_wconf 81' lang='lat' dir='ltr'>varia</span> <span class='ocrx_word' id='word_1_409' title='bbox 3561 992 3697 1059; x_wconf 87' lang='lat' dir='ltr'>sunt,</span> 
     </span>
     <span class='ocr_line' id='line_1_64' title="bbox 2174 1077 3700 1156; baseline 0.003 -21"><span class='ocrx_word' id='word_1_410' title='bbox 2174 1095 2313 1155; x_wconf 67' lang='lat' dir='ltr'>que.»</span> <span class='ocrx_word' id='word_1_411' title='bbox 2344 1096 2492 1139; x_wconf 82' lang='lat' dir='ltr'>mox</span> <span class='ocrx_word' id='word_1_412' title='bbox 2535 1078 2932 1156; x_wconf 82' lang='lat' dir='ltr'>videbimus3</span> <span class='ocrx_word' id='word_1_413' title='bbox 2974 1098 3172 1141; x_wconf 90' lang='lat' dir='ltr'>unum</span> <span class='ocrx_word' id='word_1_414' title='bbox 3220 1084 3443 1141; x_wconf 87' lang='lat' dir='ltr'>tamen</span> <span class='ocrx_word' id='word_1_415' title='bbox 3489 1077 3700 1139; x_wconf 75' lang='lat' dir='ltr'>videtur</span> 
     </span>
     <span class='ocr_line' id='line_1_65' title="bbox 2175 1172 3697 1253; baseline 0.001 -22"><span class='ocrx_word' id='word_1_416' title='bbox 2175 1188 2305 1231; x_wconf 89' lang='lat' dir='ltr'>esse</span> <span class='ocrx_word' id='word_1_417' title='bbox 2341 1172 2750 1253; x_wconf 80' lang='lat' dir='ltr'>praecipuum,</span> <span class='ocrx_word' id='word_1_418' title='bbox 2788 1181 2850 1238; x_wconf 89' lang='lat' dir='ltr'>et</span> <span class='ocrx_word' id='word_1_419' title='bbox 2875 1174 3169 1235; x_wconf 87' lang='lat' dir='ltr'>omnibus</span> <span class='ocrx_word' id='word_1_420' title='bbox 3199 1190 3556 1245; x_wconf 80' lang='lat' dir='ltr'>commuue,</span> <span class='ocrx_word' id='word_1_421' title='bbox 3581 1173 3697 1251; x_wconf 78' lang='lat' dir='ltr'>quia</span> 
     </span>
     <span class='ocr_line' id='line_1_66' title="bbox 2173 1264 3698 1348; baseline 0.001 -23"><span class='ocrx_word' id='word_1_422' title='bbox 2173 1264 2383 1327; x_wconf 84' lang='lat' dir='ltr'>Sancti</span> <span class='ocrx_word' id='word_1_423' title='bbox 2405 1284 2521 1327; x_wconf 90' lang='lat' dir='ltr'>nec</span> <span class='ocrx_word' id='word_1_424' title='bbox 2540 1267 2788 1329; x_wconf 86' lang='lat' dir='ltr'>adorari</span> <span class='ocrx_word' id='word_1_425' title='bbox 2811 1275 3074 1348; x_wconf 85' lang='lat' dir='ltr'>possunt</span> <span class='ocrx_word' id='word_1_426' title='bbox 3093 1268 3264 1329; x_wconf 89' lang='lat' dir='ltr'>cultu</span> <span class='ocrx_word' id='word_1_427' title='bbox 3295 1266 3584 1346; x_wconf 86' lang='lat' dir='ltr'>religioso</span> <span class='ocrx_word' id='word_1_428' title='bbox 3603 1266 3698 1343; x_wconf 82' lang='lat' dir='ltr'>(hic</span> 
     </span>
     <span class='ocr_line' id='line_1_67' title="bbox 2173 1358 3697 1442; baseline 0.003 -26"><span class='ocrx_word' id='word_1_429' title='bbox 2173 1358 2340 1417; x_wconf 88' lang='lat' dir='ltr'>enim</span> <span class='ocrx_word' id='word_1_430' title='bbox 2363 1360 2481 1419; x_wconf 90' lang='lat' dir='ltr'>soli</span> <span class='ocrx_word' id='word_1_431' title='bbox 2508 1362 2634 1421; x_wconf 90' lang='lat' dir='ltr'>Deo</span> <span class='ocrx_word' id='word_1_432' title='bbox 2663 1361 2973 1442; x_wconf 87' lang='lat' dir='ltr'>debetur),</span> <span class='ocrx_word' id='word_1_433' title='bbox 2995 1380 3114 1423; x_wconf 89' lang='lat' dir='ltr'>nec</span> <span class='ocrx_word' id='word_1_434' title='bbox 3139 1361 3334 1432; x_wconf 85' lang='lat' dir='ltr'>cultu,</span> <span class='ocrx_word' id='word_1_435' title='bbox 3361 1378 3472 1421; x_wconf 90' lang='lat' dir='ltr'>seu</span> <span class='ocrx_word' id='word_1_436' title='bbox 3494 1360 3697 1421; x_wconf 82' lang='lat' dir='ltr'>honore</span> 
     </span>
     <span class='ocr_line' id='line_1_68' title="bbox 2171 1449 3698 1533; baseline 0.003 -24"><span class='ocrx_word' id='word_1_437' title='bbox 2171 1449 2334 1511; x_wconf 85' lang='lat' dir='ltr'>civili</span> <span class='ocrx_word' id='word_1_438' title='bbox 2365 1459 2425 1512; x_wconf 93' lang='lat' dir='ltr'>et</span> <span class='ocrx_word' id='word_1_439' title='bbox 2465 1452 2771 1531; x_wconf 86' lang='lat' dir='ltr'>humano,</span> <span class='ocrx_word' id='word_1_440' title='bbox 2801 1455 2948 1533; x_wconf 87' lang='lat' dir='ltr'>quia</span> <span class='ocrx_word' id='word_1_441' title='bbox 2977 1456 3081 1515; x_wconf 87' lang='lat' dir='ltr'>hic</span> <span class='ocrx_word' id='word_1_442' title='bbox 3125 1455 3332 1516; x_wconf 87' lang='lat' dir='ltr'>honor</span> <span class='ocrx_word' id='word_1_443' title='bbox 3375 1470 3506 1515; x_wconf 86' lang='lat' dir='ltr'>non</span> <span class='ocrx_word' id='word_1_444' title='bbox 3545 1452 3698 1513; x_wconf 87' lang='lat' dir='ltr'>datur</span> 
     </span>
     <span class='ocr_line' id='line_1_69' title="bbox 2169 1542 3696 1627; baseline 0.002 -24"><span class='ocrx_word' id='word_1_445' title='bbox 2169 1542 2531 1609; x_wconf 87' lang='lat' dir='ltr'>hominibus</span> <span class='ocrx_word' id='word_1_446' title='bbox 2589 1548 2994 1625; x_wconf 87' lang='lat' dir='ltr'>absentibus,</span> <span class='ocrx_word' id='word_1_447' title='bbox 3043 1547 3393 1627; x_wconf 65' lang='lat' dir='ltr'>praesertim</span> <span class='ocrx_word' id='word_1_448' title='bbox 3443 1548 3696 1621; x_wconf 68' lang='lat' dir='ltr'>mortuiS,</span> 
     </span>
     <span class='ocr_line' id='line_1_70' title="bbox 2171 1639 3698 1721; baseline 0.003 -24"><span class='ocrx_word' id='word_1_449' title='bbox 2171 1639 2276 1717; x_wconf 90' lang='lat' dir='ltr'>qui</span> <span class='ocrx_word' id='word_1_450' title='bbox 2305 1658 2422 1701; x_wconf 88' lang='lat' dir='ltr'>nec</span> <span class='ocrx_word' id='word_1_451' title='bbox 2449 1642 2642 1703; x_wconf 81' lang='lat' dir='ltr'>vitam</span> <span class='ocrx_word' id='word_1_452' title='bbox 2672 1642 2988 1721; x_wconf 85' lang='lat' dir='ltr'>politicam</span> <span class='ocrx_word' id='word_1_453' title='bbox 3019 1642 3344 1703; x_wconf 88' lang='lat' dir='ltr'>nobiscum</span> <span class='ocrx_word' id='word_1_454' title='bbox 3368 1646 3579 1719; x_wconf 84' lang='lat' dir='ltr'>agunt,</span> <span class='ocrx_word' id='word_1_455' title='bbox 3603 1659 3698 1701; x_wconf 85' lang='lat' dir='ltr'>nec</span> 
     </span>
     <span class='ocr_line' id='line_1_71' title="bbox 2167 1730 3384 1815; baseline 0.002 -25"><span class='ocrx_word' id='word_1_456' title='bbox 2167 1730 2430 1793; x_wconf 84' lang='lat' dir='ltr'>fortasse</span> <span class='ocrx_word' id='word_1_457' title='bbox 2463 1734 2616 1811; x_wconf 86' lang='lat' dir='ltr'>quid</span> <span class='ocrx_word' id='word_1_458' title='bbox 2645 1753 2982 1814; x_wconf 84' lang='lat' dir='ltr'>operemur</span> <span class='ocrx_word' id='word_1_459' title='bbox 3009 1739 3384 1815; x_wconf 86' lang='lat' dir='ltr'>agnoscunt.</span> 
     </span>
    </p>

    <p class='ocr_par' dir='ltr' id='par_1_8' title="bbox 2145 1826 3698 5543">
     <span class='ocr_line' id='line_1_72' title="bbox 2245 1826 3698 1908; baseline 0 -21"><span class='ocrx_word' id='word_1_460' title='bbox 2245 1830 2306 1887; x_wconf 83' lang='grc'>2.</span> <span class='ocrx_word' id='word_1_461' title='bbox 2360 1826 2582 1890; x_wconf 70' lang='lat' dir='ltr'>Sancti</span> <span class='ocrx_word' id='word_1_462' title='bbox 2612 1830 2785 1908; x_wconf 70' lang='lat' dir='ltr'>diqai</span> <span class='ocrx_word' id='word_1_463' title='bbox 2817 1830 2981 1891; x_wconf 76' lang='lat' dir='ltr'>cultu</span> <span class='ocrx_word' id='word_1_464' title='bbox 3007 1834 3066 1891; x_wconf 81' lang='lat' dir='ltr'>et</span> <span class='ocrx_word' id='word_1_465' title='bbox 3093 1828 3463 1891; x_wconf 70' lang='lat' dir='ltr'>adoratione.</span> <span class='ocrx_word' id='word_1_466' title='bbox 3481 1863 3582 1891; x_wconf 84' lang='lat'>.-</span> <span class='ocrx_word' id='word_1_467' title='bbox 3615 1826 3698 1887; x_wconf 86' lang='lat' dir='ltr'>Di-</span> 
     </span>
     <span class='ocr_line' id='line_1_73' title="bbox 2165 1910 3698 2000; baseline -0.001 -18"><span class='ocrx_word' id='word_1_468' title='bbox 2165 1921 2436 1982; x_wconf 88' lang='lat' dir='ltr'>cendum</span> <span class='ocrx_word' id='word_1_469' title='bbox 2462 1927 2676 1983; x_wconf 84' lang='lat' dir='ltr'>tamen</span> <span class='ocrx_word' id='word_1_470' title='bbox 2708 1929 2799 1985; x_wconf 89' lang='lat' dir='ltr'>est</span> <span class='ocrx_word' id='word_1_471' title='bbox 2831 1910 3083 1983; x_wconf 77' lang='lat' dir='ltr'>sanctos</span> <span class='ocrx_word' id='word_1_472' title='bbox 3113 1920 3388 2000; x_wconf 83' lang='lat' dir='ltr'>Angelos</span> <span class='ocrx_word' id='word_1_473' title='bbox 3430 1928 3490 1983; x_wconf 89' lang='lat' dir='ltr'>et</span> <span class='ocrx_word' id='word_1_474' title='bbox 3522 1921 3698 1983; x_wconf 85' lang='lat' dir='ltr'>homi-</span> 
     </span>
     <span class='ocr_line' id='line_1_74' title="bbox 2163 2014 3694 2093; baseline -0.001 -19"><span class='ocrx_word' id='word_1_475' title='bbox 2163 2034 2276 2077; x_wconf 88' lang='lat' dir='ltr'>nes</span> <span class='ocrx_word' id='word_1_476' title='bbox 2307 2016 2531 2093; x_wconf 81' lang='lat' dir='ltr'>diguos</span> <span class='ocrx_word' id='word_1_477' title='bbox 2561 2034 2697 2078; x_wconf 89' lang='lat' dir='ltr'>esse</span> <span class='ocrx_word' id='word_1_478' title='bbox 2724 2016 2964 2077; x_wconf 89' lang='lat' dir='ltr'>honore</span> <span class='ocrx_word' id='word_1_479' title='bbox 2989 2060 3009 2091; x_wconf 95' lang='lat'>,</span> <span class='ocrx_word' id='word_1_480' title='bbox 3047 2021 3108 2076; x_wconf 89' lang='lat' dir='ltr'>et</span> <span class='ocrx_word' id='word_1_481' title='bbox 3137 2014 3280 2077; x_wconf 85' lang='lat' dir='ltr'>ideo</span> <span class='ocrx_word' id='word_1_482' title='bbox 3311 2034 3346 2074; x_wconf 92' lang='lat' dir='ltr'>a</span> <span class='ocrx_word' id='word_1_483' title='bbox 3377 2014 3552 2077; x_wconf 90' lang='lat' dir='ltr'>nobis</span> <span class='ocrx_word' id='word_1_484' title='bbox 3580 2034 3694 2075; x_wconf 74' lang='lat' dir='ltr'>esse</span> 
     </span>
     <span class='ocr_line' id='line_1_75' title="bbox 2163 2108 3696 2170; baseline -0.001 -1"><span class='ocrx_word' id='word_1_485' title='bbox 2163 2109 2460 2169; x_wconf 89' lang='lat' dir='ltr'>colendos</span> <span class='ocrx_word' id='word_1_486' title='bbox 2497 2115 2558 2170; x_wconf 90' lang='lat' dir='ltr'>et</span> <span class='ocrx_word' id='word_1_487' title='bbox 2593 2110 2971 2170; x_wconf 63' lang='lat' dir='ltr'>adorandos</span> <span class='ocrx_word' id='word_1_488' title='bbox 3028 2110 3168 2169; x_wconf 81' lang='lat' dir='ltr'>Haec</span> <span class='ocrx_word' id='word_1_489' title='bbox 3204 2115 3300 2169; x_wconf 87' lang='lat' dir='ltr'>est</span> <span class='ocrx_word' id='word_1_490' title='bbox 3329 2108 3553 2169; x_wconf 83' lang='lat' dir='ltr'>veritas</span> <span class='ocrx_word' id='word_1_491' title='bbox 3573 2108 3696 2168; x_wconf 83' lang='lat' dir='ltr'>fidei</span> 
     </span>
     <span class='ocr_line' id='line_1_76' title="bbox 2163 2201 3692 2275; baseline 0 -14"><span class='ocrx_word' id='word_1_492' title='bbox 2163 2202 2422 2263; x_wconf 82' lang='lat' dir='ltr'>definita</span> <span class='ocrx_word' id='word_1_493' title='bbox 2447 2220 2484 2262; x_wconf 83' lang='lat' dir='ltr'>a</span> <span class='ocrx_word' id='word_1_494' title='bbox 2515 2203 2716 2265; x_wconf 88' lang='lat' dir='ltr'>Felice</span> <span class='ocrx_word' id='word_1_495' title='bbox 2743 2204 2792 2275; x_wconf 92' lang='lat'>1,</span> <span class='ocrx_word' id='word_1_496' title='bbox 2826 2222 2970 2263; x_wconf 89' lang='lat' dir='ltr'>cum</span> <span class='ocrx_word' id='word_1_497' title='bbox 2997 2201 3270 2263; x_wconf 89' lang='lat' dir='ltr'>Concilio</span> <span class='ocrx_word' id='word_1_498' title='bbox 3295 2202 3574 2263; x_wconf 87' lang='lat' dir='ltr'>Romano</span> <span class='ocrx_word' id='word_1_499' title='bbox 3593 2246 3610 2274; x_wconf 88' lang='lat'>‚</span> <span class='ocrx_word' id='word_1_500' title='bbox 3643 2202 3692 2261; x_wconf 88' lang='lat' dir='ltr'>in</span> 
     </span>
     <span class='ocr_line' id='line_1_77' title="bbox 2163 2294 3694 2373; baseline -0.002 -17"><span class='ocrx_word' id='word_1_501' title='bbox 2163 2314 2278 2356; x_wconf 84' lang='lat' dir='ltr'>sua</span> <span class='ocrx_word' id='word_1_502' title='bbox 2329 2297 2510 2373; x_wconf 84' lang='lat' dir='ltr'>epist.</span> <span class='ocrx_word' id='word_1_503' title='bbox 2563 2300 2604 2358; x_wconf 87' lang='grc'><strong>2</strong></span> <span class='ocrx_word' id='word_1_504' title='bbox 2641 2296 2981 2370; x_wconf 82' lang='lat' dir='ltr'>Decretal.,</span> <span class='ocrx_word' id='word_1_505' title='bbox 3037 2302 3096 2357; x_wconf 90' lang='lat' dir='ltr'>et</span> <span class='ocrx_word' id='word_1_506' title='bbox 3143 2296 3210 2355; x_wconf 86' lang='lat' dir='ltr'>in</span> <span class='ocrx_word' id='word_1_507' title='bbox 3247 2294 3518 2356; x_wconf 85' lang='lat' dir='ltr'>Concilio</span> <span class='ocrx_word' id='word_1_508' title='bbox 3558 2296 3694 2357; x_wconf 82' lang='lat' dir='ltr'>Gan-</span> 
     </span>
     <span class='ocr_line' id='line_1_78' title="bbox 2160 2388 3694 2467; baseline 0.001 -20"><span class='ocrx_word' id='word_1_509' title='bbox 2160 2388 2372 2465; x_wconf 82' lang='lat' dir='ltr'>grensi</span> <span class='ocrx_word' id='word_1_510' title='bbox 2397 2408 2586 2467; x_wconf 85' lang='lat' dir='ltr'>supra</span> <span class='ocrx_word' id='word_1_511' title='bbox 2607 2389 2817 2467; x_wconf 81' lang='lat' dir='ltr'>citato,</span> <span class='ocrx_word' id='word_1_512' title='bbox 2844 2395 2908 2451; x_wconf 91' lang='lat' dir='ltr'>et</span> <span class='ocrx_word' id='word_1_513' title='bbox 2932 2388 2994 2449; x_wconf 89' lang='lat' dir='ltr'>in</span> <span class='ocrx_word' id='word_1_514' title='bbox 3017 2388 3122 2449; x_wconf 91' lang='lat' dir='ltr'>Vll</span> <span class='ocrx_word' id='word_1_515' title='bbox 3145 2388 3410 2467; x_wconf 65' lang='lat' dir='ltr'>Synod„</span> <span class='ocrx_word' id='word_1_516' title='bbox 3435 2388 3694 2466; x_wconf 77' lang='lat' dir='ltr'>frequen·</span> 
     </span>
     <span class='ocr_line' id='line_1_79' title="bbox 2161 2480 3694 2554; baseline 0 -13"><span class='ocrx_word' id='word_1_517' title='bbox 2161 2486 2292 2552; x_wconf 72' lang='lat' dir='ltr'>tei-3</span> <span class='ocrx_word' id='word_1_518' title='bbox 2342 2500 2414 2541; x_wconf 82' lang='lat' dir='ltr'>ac</span> <span class='ocrx_word' id='word_1_519' title='bbox 2444 2482 2698 2543; x_wconf 88' lang='lat' dir='ltr'>tandem</span> <span class='ocrx_word' id='word_1_520' title='bbox 2729 2482 2792 2543; x_wconf 89' lang='lat' dir='ltr'>in</span> <span class='ocrx_word' id='word_1_521' title='bbox 2824 2480 3134 2554; x_wconf 84' lang='lat' dir='ltr'>Trident.‚</span> <span class='ocrx_word' id='word_1_522' title='bbox 3175 2498 3333 2543; x_wconf 75' lang='lat' dir='ltr'>sess·</span> <span class='ocrx_word' id='word_1_523' title='bbox 3363 2482 3480 2553; x_wconf 70' lang='lat'>253</span> <span class='ocrx_word' id='word_1_524' title='bbox 3518 2493 3574 2542; x_wconf 84' lang='lat' dir='ltr'>et</span> <span class='ocrx_word' id='word_1_525' title='bbox 3603 2482 3694 2541; x_wconf 86' lang='lat' dir='ltr'>ha-</span> 
     </span>
     <span class='ocr_line' id='line_1_80' title="bbox 2157 2571 3694 2654; baseline 0 -21"><span class='ocrx_word' id='word_1_526' title='bbox 2157 2571 2267 2634; x_wconf 87' lang='lat' dir='ltr'>bet</span> <span class='ocrx_word' id='word_1_527' title='bbox 2299 2575 2784 2637; x_wconf 81' lang='lat' dir='ltr'>fundamentum</span> <span class='ocrx_word' id='word_1_528' title='bbox 2817 2574 2880 2635; x_wconf 89' lang='lat' dir='ltr'>in</span> <span class='ocrx_word' id='word_1_529' title='bbox 2917 2574 3233 2653; x_wconf 84' lang='lat' dir='ltr'>Scriptura</span> <span class='ocrx_word' id='word_1_530' title='bbox 3265 2592 3469 2649; x_wconf 85' lang='lat' dir='ltr'>sacra,</span> <span class='ocrx_word' id='word_1_531' title='bbox 3505 2574 3564 2635; x_wconf 90' lang='lat' dir='ltr'>in</span> <span class='ocrx_word' id='word_1_532' title='bbox 3591 2593 3694 2654; x_wconf 85' lang='lat' dir='ltr'>qua</span> 
     </span>
     <span class='ocr_line' id='line_1_81' title="bbox 2156 2666 3694 2749; baseline -0.001 -20"><span class='ocrx_word' id='word_1_533' title='bbox 2156 2668 2428 2748; x_wconf 79' lang='lat' dir='ltr'>legimus</span> <span class='ocrx_word' id='word_1_534' title='bbox 2471 2686 2635 2749; x_wconf 82' lang='lat' dir='ltr'>saepe</span> <span class='ocrx_word' id='word_1_535' title='bbox 2671 2669 2876 2748; x_wconf 88' lang='lat' dir='ltr'>justos</span> <span class='ocrx_word' id='word_1_536' title='bbox 2929 2676 2991 2730; x_wconf 85' lang='lat' dir='ltr'>et</span> <span class='ocrx_word' id='word_1_537' title='bbox 3043 2666 3389 2747; x_wconf 86' lang='lat' dir='ltr'>prudentes</span> <span class='ocrx_word' id='word_1_538' title='bbox 3441 2668 3694 2727; x_wconf 84' lang='lat' dir='ltr'>homines</span> 
     </span>
     <span class='ocr_line' id='line_1_82' title="bbox 2159 2760 3693 2842; baseline -0.003 -19"><span class='ocrx_word' id='word_1_539' title='bbox 2159 2763 2456 2823; x_wconf 75' lang='lat' dir='ltr'>adorasse</span> <span class='ocrx_word' id='word_1_540' title='bbox 2487 2769 2733 2823; x_wconf 87' lang='lat' dir='ltr'>sanctos</span> <span class='ocrx_word' id='word_1_541' title='bbox 2765 2761 3064 2842; x_wconf 80' lang='lat' dir='ltr'>AngeIOS,</span> <span class='ocrx_word' id='word_1_542' title='bbox 3101 2767 3164 2823; x_wconf 90' lang='lat' dir='ltr'>et</span> <span class='ocrx_word' id='word_1_543' title='bbox 3195 2760 3486 2821; x_wconf 88' lang='lat' dir='ltr'>homines</span> <span class='ocrx_word' id='word_1_544' title='bbox 3513 2760 3693 2821; x_wconf 75' lang='lat' dir='ltr'>viven-</span> 
     </span>
     <span class='ocr_line' id='line_1_83' title="bbox 2158 2852 3694 2928; baseline 0 -13"><span class='ocrx_word' id='word_1_545' title='bbox 2158 2861 2251 2915; x_wconf 85' lang='lat' dir='ltr'>tes</span> <span class='ocrx_word' id='word_1_546' title='bbox 2279 2874 2353 2915; x_wconf 89' lang='lat' dir='ltr'>ac</span> <span class='ocrx_word' id='word_1_547' title='bbox 2387 2864 2691 2928; x_wconf 85' lang='lat' dir='ltr'>mortuos,</span> <span class='ocrx_word' id='word_1_548' title='bbox 2725 2856 2968 2917; x_wconf 86' lang='lat' dir='ltr'>ratione</span> <span class='ocrx_word' id='word_1_549' title='bbox 2997 2854 3362 2916; x_wconf 84' lang='lat' dir='ltr'>sanctitatis.</span> <span class='ocrx_word' id='word_1_550' title='bbox 3398 2852 3504 2916; x_wconf 86' lang='lat' dir='ltr'>Sic</span> <span class='ocrx_word' id='word_1_551' title='bbox 3525 2854 3694 2915; x_wconf 84' lang='lat' dir='ltr'>Gene-</span> 
     </span>
     <span class='ocr_line' id='line_1_84' title="bbox 2157 2948 3695 3021; baseline 0 -14"><span class='ocrx_word' id='word_1_552' title='bbox 2157 2948 2240 3009; x_wconf 88' lang='lat' dir='ltr'>sis</span> <span class='ocrx_word' id='word_1_553' title='bbox 2275 2952 2346 3011; x_wconf 87' lang='lat'>18</span> <span class='ocrx_word' id='word_1_554' title='bbox 2387 2953 2450 3010; x_wconf 87' lang='lat' dir='ltr'>et</span> <span class='ocrx_word' id='word_1_555' title='bbox 2487 2952 2585 3021; x_wconf 86' lang='grc'><strong>19,</strong></span> <span class='ocrx_word' id='word_1_556' title='bbox 2619 2950 2933 3011; x_wconf 84' lang='lat' dir='ltr'>Abraham</span> <span class='ocrx_word' id='word_1_557' title='bbox 2960 2955 3023 3010; x_wconf 91' lang='lat' dir='ltr'>et</span> <span class='ocrx_word' id='word_1_558' title='bbox 3047 2948 3200 3010; x_wconf 85' lang='lat' dir='ltr'>Loth</span> <span class='ocrx_word' id='word_1_559' title='bbox 3234 2948 3569 3009; x_wconf 85' lang='lat' dir='ltr'>adorarunt</span> <span class='ocrx_word' id='word_1_560' title='bbox 3591 2951 3695 3008; x_wconf 78' lang='lat' dir='ltr'>Au-</span> 
     </span>
     <span class='ocr_line' id='line_1_85' title="bbox 2154 3040 3697 3125; baseline 0 -22"><span class='ocrx_word' id='word_1_561' title='bbox 2154 3042 2368 3123; x_wconf 75' lang='lat' dir='ltr'>gelos;</span> <span class='ocrx_word' id='word_1_562' title='bbox 2421 3049 2482 3104; x_wconf 88' lang='lat' dir='ltr'>et</span> <span class='ocrx_word' id='word_1_563' title='bbox 2527 3045 2718 3105; x_wconf 87' lang='lat' dir='ltr'>Josue</span> <span class='ocrx_word' id='word_1_564' title='bbox 2749 3046 2788 3104; x_wconf 76' lang='lat'>5</span> <span class='ocrx_word' id='word_1_565' title='bbox 2833 3064 2849 3103; x_wconf 72' lang='grc' dir='ltr'>ε</span> <span class='ocrx_word' id='word_1_566' title='bbox 2907 3042 3217 3125; x_wconf 74' lang='lat' dir='ltr'>Apparuit</span> <span class='ocrx_word' id='word_1_567' title='bbox 3253 3044 3309 3104; x_wconf 77' lang='lat' dir='ltr'>ei</span> <span class='ocrx_word' id='word_1_568' title='bbox 3351 3040 3608 3123; x_wconf 64' lang='lat' dir='ltr'>Angelus</span> <span class='ocrx_word' id='word_1_569' title='bbox 3642 3042 3697 3103; x_wconf 72' lang='lat' dir='ltr'>in</span> 
     </span>
     <span class='ocr_line' id='line_1_86' title="bbox 2152 3135 3696 3218; baseline 0.003 -21"><span class='ocrx_word' id='word_1_570' title='bbox 2152 3136 2340 3217; x_wconf 76' lang='lat' dir='ltr'>specie</span> <span class='ocrx_word' id='word_1_571' title='bbox 2368 3138 2492 3199; x_wconf 77' lang='lat' dir='ltr'>viri</span> <span class='ocrx_word' id='word_1_572' title='bbox 2520 3137 2739 3201; x_wconf 71' lang='lat' dir='ltr'>habens</span> <span class='ocrx_word' id='word_1_573' title='bbox 2779 3138 2848 3197; x_wconf 76' lang='lat' dir='ltr'>in</span> <span class='ocrx_word' id='word_1_574' title='bbox 2882 3154 3063 3199; x_wconf 76' lang='lat' dir='ltr'>manu</span> <span class='ocrx_word' id='word_1_575' title='bbox 3095 3135 3406 3218; x_wconf 61' lang='lat' dir='ltr'>gladium,</span> <span class='ocrx_word' id='word_1_576' title='bbox 3447 3138 3539 3198; x_wconf 71' lang='lat' dir='ltr'>cui</span> <span class='ocrx_word' id='word_1_577' title='bbox 3561 3136 3696 3201; x_wconf 61' lang='lat' dir='ltr'>dixit</span> 
     </span>
     <span class='ocr_line' id='line_1_87' title="bbox 2152 3228 3694 3302; baseline -0.001 -12"><span class='ocrx_word' id='word_1_578' title='bbox 2152 3230 2205 3290; x_wconf 85' lang='lat' dir='ltr'><em>J</em></span> <span class='ocrx_word' id='word_1_579' title='bbox 2207 3246 2342 3291; x_wconf 73' lang='lat' dir='ltr'>osne</span> <span class='ocrx_word' id='word_1_580' title='bbox 2369 3255 2393 3290; x_wconf 93' lang='lat'>.·</span> <span class='ocrx_word' id='word_1_581' title='bbox 2431 3231 2666 3294; x_wconf 74' lang='lat' dir='ltr'>Noster</span> <span class='ocrx_word' id='word_1_582' title='bbox 2693 3248 2776 3302; x_wconf 76' lang='lat' dir='ltr'>es,</span> <span class='ocrx_word' id='word_1_583' title='bbox 2809 3249 2890 3291; x_wconf 81' lang='lat' dir='ltr'>cm</span> <span class='ocrx_word' id='word_1_584' title='bbox 2920 3228 3456 3293; x_wconf 75' lang='lat' dir='ltr'>adversariorum?</span> <span class='ocrx_word' id='word_1_585' title='bbox 3483 3236 3538 3293; x_wconf 77' lang='lat' dir='ltr'>et</span> <span class='ocrx_word' id='word_1_586' title='bbox 3566 3230 3653 3291; x_wconf 72' lang='lat' dir='ltr'>ille</span> <span class='ocrx_word' id='word_1_587' title='bbox 3675 3257 3694 3289; x_wconf 91' lang='grc'>.-</span> 
     </span>
     <span class='ocr_line' id='line_1_88' title="bbox 2155 3321 3694 3405; baseline 0.002 -21"><span class='ocrx_word' id='word_1_588' title='bbox 2155 3322 2580 3405; x_wconf 75' lang='lat' dir='ltr'>Nequaquam,</span> <span class='ocrx_word' id='word_1_589' title='bbox 2631 3325 2735 3387; x_wconf 73' lang='lat' dir='ltr'>sed</span> <span class='ocrx_word' id='word_1_590' title='bbox 2771 3327 3052 3403; x_wconf 77' lang='lat' dir='ltr'>princeps</span> <span class='ocrx_word' id='word_1_591' title='bbox 3088 3342 3227 3386; x_wconf 70' lang='lat' dir='ltr'>rum</span> <span class='ocrx_word' id='word_1_592' title='bbox 3260 3321 3554 3387; x_wconf 66' lang='lat' dir='ltr'>exercitus</span> <span class='ocrx_word' id='word_1_593' title='bbox 3587 3324 3694 3387; x_wconf 74' lang='lat' dir='ltr'>Do-</span> 
     </span>
     <span class='ocr_line' id='line_1_89' title="bbox 2153 3416 3690 3495; baseline 0.003 -21"><span class='ocrx_word' id='word_1_594' title='bbox 2153 3417 2308 3477; x_wconf 83' lang='lat' dir='ltr'>mini</span> <span class='ocrx_word' id='word_1_595' title='bbox 2325 3441 2348 3487; x_wconf 90' lang='lat'>,·</span> <span class='ocrx_word' id='word_1_596' title='bbox 2376 3418 2650 3479; x_wconf 74' lang='lat' dir='ltr'>continuo</span> <span class='ocrx_word' id='word_1_597' title='bbox 2681 3418 2892 3479; x_wconf 78' lang='lat' dir='ltr'>cecidit</span> <span class='ocrx_word' id='word_1_598' title='bbox 2910 3416 2962 3479; x_wconf 91' lang='lat' dir='ltr'><em>J</em></span> <span class='ocrx_word' id='word_1_599' title='bbox 2965 3434 3102 3479; x_wconf 66' lang='lat' dir='ltr'>osus</span> <span class='ocrx_word' id='word_1_600' title='bbox 3119 3434 3354 3495; x_wconf 74' lang='lat' dir='ltr'>pronus</span> <span class='ocrx_word' id='word_1_601' title='bbox 3375 3417 3446 3477; x_wconf 77' lang='lat' dir='ltr'>in.</span> <span class='ocrx_word' id='word_1_602' title='bbox 3470 3423 3690 3493; x_wconf 72' lang='lat' dir='ltr'>terram,</span> 
     </span>
     <span class='ocr_line' id='line_1_90' title="bbox 2155 3509 3690 3584; baseline 0 -13"><span class='ocrx_word' id='word_1_603' title='bbox 2155 3513 2212 3571; x_wconf 73' lang='lat' dir='ltr'>et</span> <span class='ocrx_word' id='word_1_604' title='bbox 2240 3510 2542 3572; x_wconf 79' lang='lat' dir='ltr'>adoravit.</span> <span class='ocrx_word' id='word_1_605' title='bbox 2579 3510 2772 3571; x_wconf 90' lang='lat' dir='ltr'>Simili</span> <span class='ocrx_word' id='word_1_606' title='bbox 2801 3510 2989 3571; x_wconf 87' lang='lat' dir='ltr'>modo</span> <span class='ocrx_word' id='word_1_607' title='bbox 3017 3511 3052 3571; x_wconf 87' lang='lat' dir='ltr'>J</span> <span class='ocrx_word' id='word_1_608' title='bbox 3059 3509 3308 3570; x_wconf 89' lang='lat' dir='ltr'>udicum</span> <span class='ocrx_word' id='word_1_609' title='bbox 3333 3510 3438 3581; x_wconf 87' lang='grc'>13,</span> <span class='ocrx_word' id='word_1_610' title='bbox 3469 3510 3690 3584; x_wconf 76' lang='lat' dir='ltr'>Manae,</span> 
     </span>
     <span class='ocr_line' id='line_1_91' title="bbox 2161 3602 3690 3683; baseline 0.002 -21"><span class='ocrx_word' id='word_1_611' title='bbox 2161 3608 2221 3662; x_wconf 90' lang='lat' dir='ltr'>et</span> <span class='ocrx_word' id='word_1_612' title='bbox 2245 3620 2403 3663; x_wconf 80' lang='lat' dir='ltr'>uxor</span> <span class='ocrx_word' id='word_1_613' title='bbox 2429 3602 2565 3682; x_wconf 90' lang='lat' dir='ltr'>ejus</span> <span class='ocrx_word' id='word_1_614' title='bbox 2591 3647 2606 3674; x_wconf 88' lang='lat'><strong>‚</strong></span> <span class='ocrx_word' id='word_1_615' title='bbox 2652 3622 2795 3665; x_wconf 88' lang='lat' dir='ltr'>cum</span> <span class='ocrx_word' id='word_1_616' title='bbox 2823 3603 3122 3665; x_wconf 82' lang='lat' dir='ltr'>vidissent</span> <span class='ocrx_word' id='word_1_617' title='bbox 3151 3608 3214 3665; x_wconf 89' lang='lat' dir='ltr'>et</span> <span class='ocrx_word' id='word_1_618' title='bbox 3236 3604 3690 3683; x_wconf 83' lang='lat' dir='ltr'>cognovissent,</span> 
     </span>
     <span class='ocr_line' id='line_1_92' title="bbox 2160 3696 3690 3779; baseline 0 -22"><span class='ocrx_word' id='word_1_619' title='bbox 2160 3714 2326 3767; x_wconf 79' lang='lat' dir='ltr'>euin,</span> <span class='ocrx_word' id='word_1_620' title='bbox 2363 3697 2467 3774; x_wconf 91' lang='lat' dir='ltr'>qui</span> <span class='ocrx_word' id='word_1_621' title='bbox 2497 3697 2742 3757; x_wconf 84' lang='lat' dir='ltr'>locutus</span> <span class='ocrx_word' id='word_1_622' title='bbox 2771 3698 2862 3758; x_wconf 88' lang='lat' dir='ltr'>eis</span> <span class='ocrx_word' id='word_1_623' title='bbox 2887 3696 3116 3772; x_wconf 86' lang='lat' dir='ltr'>fuerat,</span> <span class='ocrx_word' id='word_1_624' title='bbox 3147 3696 3340 3757; x_wconf 82' lang='lat' dir='ltr'>fuisse</span> <span class='ocrx_word' id='word_1_625' title='bbox 3371 3696 3690 3779; x_wconf 79' lang='lat' dir='ltr'>Angelum,</span> 
     </span>
     <span class='ocr_line' id='line_1_93' title="bbox 2151 3790 3689 3871; baseline 0.001 -22"><span class='ocrx_word' id='word_1_626' title='bbox 2151 3790 2336 3871; x_wconf 81' lang='lat' dir='ltr'>proni</span> <span class='ocrx_word' id='word_1_627' title='bbox 2379 3790 2714 3853; x_wconf 77' lang='lat' dir='ltr'>ceciderunt</span> <span class='ocrx_word' id='word_1_628' title='bbox 2754 3791 2822 3851; x_wconf 71' lang='lat' dir='ltr'>in</span> <span class='ocrx_word' id='word_1_629' title='bbox 2869 3796 3096 3855; x_wconf 78' lang='lat' dir='ltr'>terram</span> <span class='ocrx_word' id='word_1_630' title='bbox 3127 3816 3152 3863; x_wconf 92' lang='lat'><em>;</em></span> <span class='ocrx_word' id='word_1_631' title='bbox 3198 3800 3259 3852; x_wconf 92' lang='lat' dir='ltr'>et</span> <span class='ocrx_word' id='word_1_632' title='bbox 3303 3790 3565 3851; x_wconf 89' lang='lat' dir='ltr'>Numer.</span> <span class='ocrx_word' id='word_1_633' title='bbox 3609 3794 3689 3863; x_wconf 72' lang='lat'>22,</span> 
     </span>
     <span class='ocr_line' id='line_1_94' title="bbox 2158 3881 3695 3967; baseline 0.003 -25"><span class='ocrx_word' id='word_1_634' title='bbox 2158 3881 2438 3955; x_wconf 65' lang='lat' dir='ltr'>balaam,</span> <span class='ocrx_word' id='word_1_635' title='bbox 2453 3901 2683 3964; x_wconf 77' lang='lat' dir='ltr'>pronus</span> <span class='ocrx_word' id='word_1_636' title='bbox 2711 3884 2778 3945; x_wconf 69' lang='lat' dir='ltr'>in</span> <span class='ocrx_word' id='word_1_637' title='bbox 2803 3890 3052 3959; x_wconf 71' lang='lat' dir='ltr'>terram,</span> <span class='ocrx_word' id='word_1_638' title='bbox 3069 3885 3350 3949; x_wconf 73' lang='lat' dir='ltr'>adoravit</span> <span class='ocrx_word' id='word_1_639' title='bbox 3377 3884 3695 3967; x_wconf 64' lang='lat' dir='ltr'>Angulani,-</span> 
     </span>
     <span class='ocr_line' id='line_1_95' title="bbox 2158 3974 3691 4055; baseline 0.001 -19"><span class='ocrx_word' id='word_1_640' title='bbox 2158 3980 2187 4036; x_wconf 93' lang='grc'><strong>1</strong></span> <span class='ocrx_word' id='word_1_641' title='bbox 2222 3979 2464 4055; x_wconf 84' lang='lat' dir='ltr'>Regum</span> <span class='ocrx_word' id='word_1_642' title='bbox 2499 3980 2601 4047; x_wconf 89' lang='grc'>28,</span> <span class='ocrx_word' id='word_1_643' title='bbox 2635 3974 2786 4037; x_wconf 87' lang='lat' dir='ltr'>Saul</span> <span class='ocrx_word' id='word_1_644' title='bbox 2829 3976 3108 4038; x_wconf 85' lang='lat' dir='ltr'>adoravit</span> <span class='ocrx_word' id='word_1_645' title='bbox 3152 3978 3538 4051; x_wconf 80' lang='lat' dir='ltr'>Samuelem,</span> <span class='ocrx_word' id='word_1_646' title='bbox 3573 3996 3691 4041; x_wconf 86' lang='lat' dir='ltr'>cum</span> 
     </span>
     <span class='ocr_line' id='line_1_96' title="bbox 2157 4069 3692 4151; baseline -0.001 -21"><span class='ocrx_word' id='word_1_647' title='bbox 2157 4069 2216 4130; x_wconf 91' lang='lat' dir='ltr'>ei</span> <span class='ocrx_word' id='word_1_648' title='bbox 2241 4077 2666 4149; x_wconf 82' lang='lat' dir='ltr'>postmortem</span> <span class='ocrx_word' id='word_1_649' title='bbox 2694 4088 2870 4131; x_wconf 90' lang='lat' dir='ltr'>suam</span> <span class='ocrx_word' id='word_1_650' title='bbox 2901 4072 3211 4150; x_wconf 82' lang='lat' dir='ltr'>apparuit,</span> <span class='ocrx_word' id='word_1_651' title='bbox 3237 4072 3500 4151; x_wconf 88' lang='lat' dir='ltr'>quinon</span> <span class='ocrx_word' id='word_1_652' title='bbox 3527 4080 3612 4133; x_wconf 90' lang='lat' dir='ltr'>est</span> <span class='ocrx_word' id='word_1_653' title='bbox 3628 4070 3692 4131; x_wconf 77' lang='lat' dir='ltr'>ab</span> 
     </span>
     <span class='ocr_line' id='line_1_97' title="bbox 2157 4162 3690 4245; baseline 0.001 -22"><span class='ocrx_word' id='word_1_654' title='bbox 2157 4180 2232 4223; x_wconf 91' lang='lat' dir='ltr'>eo</span> <span class='ocrx_word' id='word_1_655' title='bbox 2262 4162 2683 4240; x_wconf 90' lang='lat' dir='ltr'>reprehensus</span> <span class='ocrx_word' id='word_1_656' title='bbox 2700 4179 2722 4242; x_wconf 87' lang='lat'>;</span> <span class='ocrx_word' id='word_1_657' title='bbox 2741 4167 2805 4224; x_wconf 86' lang='lat' dir='ltr'>et</span> <span class='ocrx_word' id='word_1_658' title='bbox 2833 4166 2868 4225; x_wconf 89' lang='lat'><strong>3</strong></span> <span class='ocrx_word' id='word_1_659' title='bbox 2898 4164 3138 4245; x_wconf 88' lang='lat' dir='ltr'>Regum</span> <span class='ocrx_word' id='word_1_660' title='bbox 3174 4166 3272 4239; x_wconf 88' lang='grc'><strong>18,</strong></span> <span class='ocrx_word' id='word_1_661' title='bbox 3305 4165 3541 4226; x_wconf 86' lang='lat' dir='ltr'>Abdias</span> <span class='ocrx_word' id='word_1_662' title='bbox 3565 4164 3690 4225; x_wconf 83' lang='lat' dir='ltr'>ado-</span> 
     </span>
     <span class='ocr_line' id='line_1_98' title="bbox 2154 4254 3688 4339; baseline 0.002 -25"><span class='ocrx_word' id='word_1_663' title='bbox 2154 4256 2314 4315; x_wconf 84' lang='lat' dir='ltr'>ravit</span> <span class='ocrx_word' id='word_1_664' title='bbox 2351 4254 2574 4328; x_wconf 88' lang='lat' dir='ltr'>Eliam,</span> <span class='ocrx_word' id='word_1_665' title='bbox 2619 4256 2767 4333; x_wconf 86' lang='lat' dir='ltr'>quia</span> <span class='ocrx_word' id='word_1_666' title='bbox 2811 4265 3066 4319; x_wconf 88' lang='lat' dir='ltr'>sanctus</span> <span class='ocrx_word' id='word_1_667' title='bbox 3106 4264 3262 4333; x_wconf 87' lang='lat' dir='ltr'>erat,</span> <span class='ocrx_word' id='word_1_668' title='bbox 3309 4266 3372 4321; x_wconf 87' lang='lat' dir='ltr'>et</span> <span class='ocrx_word' id='word_1_669' title='bbox 3412 4258 3688 4339; x_wconf 84' lang='lat' dir='ltr'>Propheta</span> 
     </span>
     <span class='ocr_line' id='line_1_99' title="bbox 2155 4346 3687 4430; baseline 0.002 -23"><span class='ocrx_word' id='word_1_670' title='bbox 2155 4346 2398 4407; x_wconf 86' lang='lat' dir='ltr'>Domini</span> <span class='ocrx_word' id='word_1_671' title='bbox 2418 4365 2434 4419; x_wconf 89' lang='lat'>;</span> <span class='ocrx_word' id='word_1_672' title='bbox 2469 4354 2533 4409; x_wconf 87' lang='lat' dir='ltr'>et</span> <span class='ocrx_word' id='word_1_673' title='bbox 2552 4347 2736 4409; x_wconf 88' lang='lat' dir='ltr'>simili</span> <span class='ocrx_word' id='word_1_674' title='bbox 2763 4349 2949 4410; x_wconf 90' lang='lat' dir='ltr'>modo</span> <span class='ocrx_word' id='word_1_675' title='bbox 2971 4348 3078 4411; x_wconf 88' lang='lat' dir='ltr'>filii</span> <span class='ocrx_word' id='word_1_676' title='bbox 3101 4350 3548 4430; x_wconf 88' lang='lat' dir='ltr'>prophetarum</span> <span class='ocrx_word' id='word_1_677' title='bbox 3567 4350 3687 4411; x_wconf 89' lang='lat' dir='ltr'>ado-</span> 
     </span>
     <span class='ocr_line' id='line_1_100' title="bbox 2152 4442 3684 4523; baseline 0.001 -23"><span class='ocrx_word' id='word_1_678' title='bbox 2152 4448 2453 4503; x_wconf 86' lang='lat' dir='ltr'>raverunt</span> <span class='ocrx_word' id='word_1_679' title='bbox 2481 4442 2795 4515; x_wconf 85' lang='lat' dir='ltr'>Elisaeum,</span> <span class='ocrx_word' id='word_1_680' title='bbox 2827 4443 2971 4521; x_wconf 86' lang='lat' dir='ltr'>quia</span> <span class='ocrx_word' id='word_1_681' title='bbox 3003 4444 3284 4523; x_wconf 89' lang='lat' dir='ltr'>spiritum</span> <span class='ocrx_word' id='word_1_682' title='bbox 3312 4446 3462 4506; x_wconf 88' lang='lat' dir='ltr'>Eliae</span> <span class='ocrx_word' id='word_1_683' title='bbox 3485 4448 3546 4505; x_wconf 94' lang='lat' dir='ltr'>in</span> <span class='ocrx_word' id='word_1_684' title='bbox 3565 4463 3684 4505; x_wconf 81' lang='lat' dir='ltr'>eum</span> 
     </span>
     <span class='ocr_line' id='line_1_101' title="bbox 2153 4534 3681 4618; baseline 0 -23"><span class='ocrx_word' id='word_1_685' title='bbox 2153 4534 2539 4613; x_wconf 88' lang='lat' dir='ltr'>requievisse</span> <span class='ocrx_word' id='word_1_686' title='bbox 2594 4535 3061 4613; x_wconf 86' lang='lat' dir='ltr'>intellexerunt,</span> <span class='ocrx_word' id='word_1_687' title='bbox 3112 4540 3151 4599; x_wconf 69' lang='lat'>4</span> <span class='ocrx_word' id='word_1_688' title='bbox 3198 4539 3353 4618; x_wconf 86' lang='lat' dir='ltr'>Reg.</span> <span class='ocrx_word' id='word_1_689' title='bbox 3399 4542 3462 4601; x_wconf 88' lang='grc'>2.</span> <span class='ocrx_word' id='word_1_690' title='bbox 3505 4538 3681 4598; x_wconf 86' lang='lat' dir='ltr'>Tertio</span> 
     </span>
     <span class='ocr_line' id='line_1_102' title="bbox 2154 4626 3678 4693; baseline 0.003 -8"><span class='ocrx_word' id='word_1_691' title='bbox 2154 4626 2392 4687; x_wconf 87' lang='lat' dir='ltr'>accedit</span> <span class='ocrx_word' id='word_1_692' title='bbox 2423 4629 2773 4689; x_wconf 90' lang='lat' dir='ltr'>communis</span> <span class='ocrx_word' id='word_1_693' title='bbox 2799 4628 3080 4691; x_wconf 86' lang='lat' dir='ltr'>doctrina</span> <span class='ocrx_word' id='word_1_694' title='bbox 3103 4636 3164 4693; x_wconf 86' lang='lat' dir='ltr'>et</span> <span class='ocrx_word' id='word_1_695' title='bbox 3185 4631 3438 4693; x_wconf 81' lang='lat' dir='ltr'>traditio</span> <span class='ocrx_word' id='word_1_696' title='bbox 3463 4633 3678 4693; x_wconf 82' lang='lat' dir='ltr'>Sancto-</span> 
     </span>
     <span class='ocr_line' id='line_1_103' title="bbox 2155 4718 3678 4803; baseline 0.001 -25"><span class='ocrx_word' id='word_1_697' title='bbox 2155 4737 2318 4792; x_wconf 87' lang='lat' dir='ltr'>rum,</span> <span class='ocrx_word' id='word_1_698' title='bbox 2373 4718 2589 4799; x_wconf 61' lang='lat' dir='ltr'>Cyril„</span> <span class='ocrx_word' id='word_1_699' title='bbox 2644 4721 2857 4782; x_wconf 82' lang='lat' dir='ltr'>Irenae.</span> <span class='ocrx_word' id='word_1_700' title='bbox 2869 4768 2890 4797; x_wconf 95' lang='lat'>,</span> <span class='ocrx_word' id='word_1_701' title='bbox 2943 4722 3252 4801; x_wconf 67' lang='lat' dir='ltr'>Nazianz„</span> <span class='ocrx_word' id='word_1_702' title='bbox 3309 4726 3590 4803; x_wconf 62' lang='lat' dir='ltr'>August„</span> <span class='ocrx_word' id='word_1_703' title='bbox 3630 4724 3678 4781; x_wconf 86' lang='lat' dir='ltr'>et</span> 
     </span>
     <span class='ocr_line' id='line_1_104' title="bbox 2157 4812 3676 4897; baseline 0 -24"><span class='ocrx_word' id='word_1_704' title='bbox 2157 4812 2421 4873; x_wconf 89' lang='lat' dir='ltr'>aliorum</span> <span class='ocrx_word' id='word_1_705' title='bbox 2453 4832 2610 4893; x_wconf 89' lang='lat' dir='ltr'>quos</span> <span class='ocrx_word' id='word_1_706' title='bbox 2648 4816 2712 4875; x_wconf 90' lang='lat' dir='ltr'>in</span> <span class='ocrx_word' id='word_1_707' title='bbox 2741 4816 3044 4897; x_wconf 87' lang='lat' dir='ltr'>principio</span> <span class='ocrx_word' id='word_1_708' title='bbox 3075 4817 3265 4896; x_wconf 87' lang='lat' dir='ltr'>hujus</span> <span class='ocrx_word' id='word_1_709' title='bbox 3293 4816 3577 4878; x_wconf 88' lang='lat' dir='ltr'>sectionis</span> <span class='ocrx_word' id='word_1_710' title='bbox 3599 4830 3676 4874; x_wconf 80' lang='lat' dir='ltr'>re·</span> 
     </span>
     <span class='ocr_line' id='line_1_105' title="bbox 2153 4905 3671 4991; baseline 0 -26"><span class='ocrx_word' id='word_1_711' title='bbox 2153 4905 2296 4979; x_wconf 84' lang='lat' dir='ltr'>tuli;</span> <span class='ocrx_word' id='word_1_712' title='bbox 2333 4913 2394 4967; x_wconf 91' lang='lat' dir='ltr'>et</span> <span class='ocrx_word' id='word_1_713' title='bbox 2417 4905 2594 4985; x_wconf 89' lang='lat' dir='ltr'>plura</span> <span class='ocrx_word' id='word_1_714' title='bbox 2616 4908 2814 4970; x_wconf 89' lang='lat' dir='ltr'>videri</span> <span class='ocrx_word' id='word_1_715' title='bbox 2839 4916 3098 4989; x_wconf 90' lang='lat' dir='ltr'>possunt</span> <span class='ocrx_word' id='word_1_716' title='bbox 3121 4911 3180 4970; x_wconf 90' lang='lat' dir='ltr'>in</span> <span class='ocrx_word' id='word_1_717' title='bbox 3207 4911 3501 4991; x_wconf 67' lang='lat' dir='ltr'>August„</span> <span class='ocrx_word' id='word_1_718' title='bbox 3522 4906 3671 4987; x_wconf 88' lang='lat' dir='ltr'>epist.</span> 
     </span>
     <span class='ocr_line' id='line_1_106' title="bbox 2149 4999 3672 5078; baseline -0.001 -21"><span class='ocrx_word' id='word_1_719' title='bbox 2149 4999 2264 5071; x_wconf 67' lang='lat'>443</span> <span class='ocrx_word' id='word_1_720' title='bbox 2309 5004 2371 5060; x_wconf 90' lang='lat' dir='ltr'>et</span> <span class='ocrx_word' id='word_1_721' title='bbox 2410 5001 2719 5078; x_wconf 65' lang='lat' dir='ltr'>Damaso„</span> <span class='ocrx_word' id='word_1_722' title='bbox 2751 5002 2858 5063; x_wconf 90' lang='lat' dir='ltr'>lib.</span> <span class='ocrx_word' id='word_1_723' title='bbox 2895 5006 2934 5063; x_wconf 70' lang='lat'>4</span> <span class='ocrx_word' id='word_1_724' title='bbox 2977 5003 3058 5065; x_wconf 90' lang='lat' dir='ltr'>de</span> <span class='ocrx_word' id='word_1_725' title='bbox 3099 5003 3260 5078; x_wconf 70' lang='lat' dir='ltr'>Fid„</span> <span class='ocrx_word' id='word_1_726' title='bbox 3297 5020 3355 5065; x_wconf 87' lang='lat' dir='ltr'>c.</span> <span class='ocrx_word' id='word_1_727' title='bbox 3405 5006 3516 5072; x_wconf 75' lang='lat'>163</span> <span class='ocrx_word' id='word_1_728' title='bbox 3547 5000 3672 5061; x_wconf 83' lang='lat' dir='ltr'>etin</span> 
     </span>
     <span class='ocr_line' id='line_1_107' title="bbox 2147 5092 3673 5173; baseline -0.001 -22"><span class='ocrx_word' id='word_1_729' title='bbox 2147 5092 2554 5153; x_wconf 88' lang='lat' dir='ltr'>concionibus</span> <span class='ocrx_word' id='word_1_730' title='bbox 2583 5094 2662 5155; x_wconf 91' lang='lat' dir='ltr'>de</span> <span class='ocrx_word' id='word_1_731' title='bbox 2693 5094 2934 5155; x_wconf 88' lang='lat' dir='ltr'>Sanctis</span> <span class='ocrx_word' id='word_1_732' title='bbox 2961 5095 3198 5173; x_wconf 87' lang='lat' dir='ltr'>passim</span> <span class='ocrx_word' id='word_1_733' title='bbox 3225 5095 3345 5155; x_wconf 90' lang='lat' dir='ltr'>hoc</span> <span class='ocrx_word' id='word_1_734' title='bbox 3367 5094 3596 5163; x_wconf 85' lang='lat' dir='ltr'>docent,</span> <span class='ocrx_word' id='word_1_735' title='bbox 3622 5096 3673 5151; x_wconf 86' lang='lat' dir='ltr'>et</span> 
     </span>
     <span class='ocr_line' id='line_1_108' title="bbox 2145 5183 3670 5265; baseline 0 -22"><span class='ocrx_word' id='word_1_736' title='bbox 2145 5183 2210 5243; x_wconf 92' lang='lat' dir='ltr'>in</span> <span class='ocrx_word' id='word_1_737' title='bbox 2241 5186 2528 5263; x_wconf 84' lang='lat' dir='ltr'>sequenti</span> <span class='ocrx_word' id='word_1_738' title='bbox 2565 5186 2866 5259; x_wconf 84' lang='lat' dir='ltr'>sectione,</span> <span class='ocrx_word' id='word_1_739' title='bbox 2900 5192 2964 5247; x_wconf 88' lang='lat' dir='ltr'>et</span> <span class='ocrx_word' id='word_1_740' title='bbox 2991 5185 3174 5260; x_wconf 85' lang='lat' dir='ltr'>infra,</span> <span class='ocrx_word' id='word_1_741' title='bbox 3216 5187 3296 5248; x_wconf 90' lang='lat' dir='ltr'>de</span> <span class='ocrx_word' id='word_1_742' title='bbox 3331 5187 3591 5265; x_wconf 87' lang='lat' dir='ltr'>reliquiis</span> <span class='ocrx_word' id='word_1_743' title='bbox 3621 5190 3670 5243; x_wconf 89' lang='lat' dir='ltr'>et</span> 
     </span>
     <span class='ocr_line' id='line_1_109' title="bbox 2145 5276 3669 5359; baseline -0.001 -22"><span class='ocrx_word' id='word_1_744' title='bbox 2145 5276 2523 5357; x_wconf 88' lang='lat' dir='ltr'>imaginibus</span> <span class='ocrx_word' id='word_1_745' title='bbox 2547 5279 2958 5359; x_wconf 86' lang='lat' dir='ltr'>disputantes,</span> <span class='ocrx_word' id='word_1_746' title='bbox 2982 5280 3161 5359; x_wconf 85' lang='lat' dir='ltr'>plura</span> <span class='ocrx_word' id='word_1_747' title='bbox 3186 5281 3546 5343; x_wconf 89' lang='lat' dir='ltr'>Sanctorum</span> <span class='ocrx_word' id='word_1_748' title='bbox 3567 5286 3669 5338; x_wconf 84' lang='lat' dir='ltr'>tes-</span> 
     </span>
     <span class='ocr_line' id='line_1_110' title="bbox 2147 5370 3666 5451; baseline 0.002 -19"><span class='ocrx_word' id='word_1_749' title='bbox 2147 5371 2404 5432; x_wconf 89' lang='lat' dir='ltr'>timonia</span> <span class='ocrx_word' id='word_1_750' title='bbox 2451 5372 2887 5435; x_wconf 88' lang='lat' dir='ltr'>indicabimus.</span> <span class='ocrx_word' id='word_1_751' title='bbox 2944 5373 3202 5449; x_wconf 75' lang='lat' dir='ltr'>Quarta,</span> <span class='ocrx_word' id='word_1_752' title='bbox 3252 5374 3505 5449; x_wconf 88' lang='lat' dir='ltr'>ratione,</span> <span class='ocrx_word' id='word_1_753' title='bbox 3543 5370 3666 5451; x_wconf 82' lang='lat' dir='ltr'>quia</span> 
     </span>
     <span class='ocr_line' id='line_1_111' title="bbox 2145 5464 3656 5543; baseline -0.001 -17"><span class='ocrx_word' id='word_1_754' title='bbox 2145 5465 2348 5527; x_wconf 88' lang='lat' dir='ltr'>honor</span> <span class='ocrx_word' id='word_1_755' title='bbox 2392 5464 2658 5529; x_wconf 90' lang='lat' dir='ltr'>debetur</span> <span class='ocrx_word' id='word_1_756' title='bbox 2709 5468 2917 5530; x_wconf 87' lang='lat' dir='ltr'>virtuti</span> <span class='ocrx_word' id='word_1_757' title='bbox 2948 5516 2962 5543; x_wconf 91' lang='lat'>‚</span> <span class='ocrx_word' id='word_1_758' title='bbox 3021 5475 3182 5531; x_wconf 87' lang='lat' dir='ltr'>teste</span> <span class='ocrx_word' id='word_1_759' title='bbox 3238 5468 3584 5540; x_wconf 83' lang='lat' dir='ltr'>Aristotele,</span> <span class='ocrx_word' id='word_1_760' title='bbox 3635 5467 3656 5525; x_wconf 83' lang='grc'><strong>1</strong></span> 
     </span>
    </p>
   </div>
   <div class='ocr_carea' id='block_1_8' title="bbox 3793 104 3824 4781">
    <p class='ocr_par' dir='ltr' id='par_1_9' title="bbox 3793 104 3824 4781">
     <span class='ocr_line' id='line_1_112' title="bbox 3793 104 3824 4781; baseline 0 0"><span class='ocrx_word' id='word_1_761' title='bbox 3793 104 3824 4781; x_wconf 95' lang='lat' dir='ltr'> </span> 
     </span>
    </p>
   </div>
   <div class='ocr_carea' id='block_1_9' title="bbox 3789 104 3829 6126">
    <p class='ocr_par' dir='ltr' id='par_1_10' title="bbox 3789 104 3829 6126">
     <span class='ocr_line' id='line_1_113' title="bbox 3789 104 3829 6126; baseline 0 0"><span class='ocrx_word' id='word_1_762' title='bbox 3789 104 3829 6126; x_wconf 95' lang='lat' dir='ltr'> </span> 
     </span>
    </p>
   </div>
  </div>
 </body>
</html>
