3892 6167
549 315 668 378 54ss

549 419 860 482 rationem
899 414 1288 478 ademtionis
1325 429 1392 478 et
1416 417 1644 492 cultus,
1665 423 1732 480 et
1755 423 1823 480 ut
1846 419 1936 482 sic
1964 425 2112 480 sunt

549 518 724 576 actus
751 508 1040 589 imperati
1067 528 1104 570 a
1139 508 1467 588 religione,
1489 515 1552 570 et
1593 510 1878 590 proxima
1903 511 2112 591 objec-

551 614 636 679 ta,
679 623 794 668 seu
823 602 1086 666 materia
1115 603 1280 664 eirca
1301 619 1491 683 quam
1513 610 1802 666 versatur
1819 604 2109 666 voluntas

547 695 860 764 adorandi
907 697 1128 758 Deum.
1153 696 1302 758 floec
1331 701 1429 758 est
1457 696 1598 758 siue
1623 696 1814 760 dubio
1857 704 2109 760 senten·-

547 795 634 858 tin
665 794 742 856 D.
771 791 1136 863 Thomoe,2.
1163 791 1226 866 Ξ,
1260 807 1324 870 q.
1355 793 1466 868 84,
1489 795 1605 852 art.
1655 794 1718 865 fl,
1747 791 1856 853 ubi
1895 789 2107 872 inqui-

543 886 628 951 rit
646 905 730 948 an
749 883 1032 948 adoratio
1050 881 1348 964 importet
1363 889 1577 947 actum
1603 885 2022 966 corporalem,
2044 889 2109 947 et

543 977 882 1062 respondet
909 993 989 1040 ex
1015 976 1428 1053 Damascene,
1445 977 1762 1059 duplicem
1787 995 1928 1042 esse
1953 978 2109 1041 ado·

539 1075 874 1148 rationem,
901 1071 1158 1147 scilicet,
1191 1071 1614 1154 spiritualem,
1647 1091 1794 1154 quai
1823 1072 2114 1138 consistit

541 1169 608 1230 iu
635 1165 916 1230 interiori
942 1165 1176 1228 mentis
1199 1165 1572 1242 devotion03
1603 1171 1668 1230 et
1691 1166 2108 1248 corporalem,

541 1279 682 1344 qun
721 1259 1012 1324 consistit·
1047 1259 1112 1321 in
1159 1261 1452 1322 exteriori
1493 1259 1774 1342 corporis
1817 1260 2110 1324 humilia-

539 1355 748 1432 tione;
791 1359 856 1416 et
893 1353 962 1414 in
1007 1353 1320 1416 solutione
1359 1355 1444 1416 ad
1483 1353 1834 1420 secundnm
1873 1354 1941 1416 in
1986 1353 2107 1418 hoc

538 1451 864 1530 comparat
906 1446 1342 1510 adorationem
1389 1466 1534 1511 cum
1581 1449 1892 1524 oratione,
1929 1445 2102 1526 qnia,

539 1543 702 1606 elcut
729 1539 930 1604 oratio
963 1540 1392 1622 principaliter
1419 1542 1630 1604 existit
1650 1542 1716 1604 in
1745 1545 1984 1617 mente,
2010 1557 2108 1603 se-

539 1636 846 1700 cundario
871 1640 1082 1698 autem
1109 1635 1320 1698 verbis
1347 1637 1736 1716 exprimitur,
1761 1635 1850 1699 ita
1879 1635 2107 1698 adora·

540 1732 630 1794 tio
675 1729 1104 1811 principaliter
1143 1729 1212 1790 in
1261 1729 1541 1792 interiori
1595 1730 1707 1792 Dei
1749 1729 2105 1792 reverentia

539 1824 825 1888 consistit
845 1869 863 1899 ‚
911 1823 1286 1885 secundario
1335 1829 1552 1886 antem
1603 1823 1670 1884 in
1723 1823 2105 1904 quibusdam

541 1917 972 1998 corporalibus
999 1915 1370 1980 humilitatis
1401 1917 1618 1998 signis.
1645 1919 1852 1998 Atque
1879 1915 2105 1980 eadem

539 2010 944 2093 proportione
973 2009 1146 2084 dicit,
1177 2025 1240 2090 q.
1271 2010 1376 2086 85,
1417 2009 1596 2072 artic.
1625 2011 1690 2086 2,
1727 2007 2106 2072 sacrificinm

539 2111 870 2168 externum
919 2121 1060 2166 esse
1105 2104 1360 2183 signum
1403 2101 1722 2167 interioris
1771 2102 2065 2166 sacrificii
2083 2146 2105 2179 ,

539 2215 668 2280 quo
683 2199 896 2260 anima
919 2199 1194 2278 seipsam
1216 2197 1398 2260 offert
1415 2196 1566 2259 Deo.
1585 2196 1848 2270 Rursus,
1871 2214 1934 2276 q.
1962 2194 2105 2267 10³,

539 2299 657 2356 art.
705 2297 766 2367 1,
795 2291 1024 2372 inquit,
1056 2291 1366 2354 honorem
1411 2289 1624 2371 quoad
1659 2289 1951 2352 homines
1976 2305 2105 2350 nou

539 2385 770 2450 deferri
811 2385 936 2448 nisi
961 2403 1080 2466 per
1115 2385 1296 2468 signa
1334 2385 1668 2461 exteriora,
1705 2383 1920 2466 qualia
1960 2389 2107 2446 sunt

535 2479 668 2558 illa,
699 2497 838 2562 qum
875 2497 1068 2561 supra
1103 2497 1184 2542 ex
1224 2479 1558 2542 Aristotele
1599 2477 2100 2550 numeravimus;

537 2573 828 2637 homines
852 2572 1046 2648 enim,
1072 2589 1218 2636 cum
1245 2589 1374 2636 non
1411 2579 1798 2653 cognoscant
1821 2571 2105 2634 internos

538 2675 746 2745 actus,
777 2667 902 2730 nisi
928 2683 1046 2748 per
1085 2666 1395 2729 exteriora
1421 2667 1602 2747 signa
1621 2710 1636 2741 ,
1670 2683 1798 2728 non
1839 2671 2105 2747 possunt

537 2781 608 2826 se
633 2768 856 2826 mutuo
883 2759 1224 2836 honorare,
1247 2759 1372 2821 nisi
1397 2759 1592 2840 signis
1629 2760 1924 2831 externis,
1952 2759 2102 2839 qnia

537 2855 866 2920 honoratio
901 2853 1064 2917 nihil
1089 2853 1260 2916 alind
1283 2867 1380 2916 est
1415 2872 1610 2934 quam
1643 2853 1997 2916 testificatio
2022 2853 2103 2916 de

537 2948 907 3012 excellentia
943 2947 1234 3026 alicujus.
1261 2947 1340 3010 At
1373 2965 1526 3008 vero
1549 2946 1718 3027 apud
1741 2948 1969 3021 Deum,
1994 2947 2103 3026 qui

539 3045 858 3124 inspector
877 3047 974 3104 est
995 3041 1280 3104 cordium
1305 3041 1418 3120 (ait
1441 3041 1514 3102 D.
1539 3041 1872 3121 Thomas),
1897 3041 2105 3103 honor

539 3137 738 3220 ipsius
758 3141 966 3216 potest
991 3135 1332 3197 consistere
1365 3135 1433 3196 in
1469 3133 1604 3196 solo
1623 3133 1905 3196 interiori
1927 3139 2103 3196 motu

539 3229 767 3306 cordis,
791 3229 972 3302 dum,
993 3229 1252 3306 scilicet,
1273 3229 1500 3310 aliquis
1529 3228 1838 3307 recogitat
1859 3228 1971 3290 Dei
1994 3245 2100 3290 ex-

539 3323 920 3398 cellentiam,
947 3323 1184 3384 scilicet
1205 3339 1666 3402 recognoscens
1692 3321 1887 3398 illem,
1911 3329 1975 3384 et
1994 3339 2108 3404 per

539 3419 686 3495 hoc,
709 3423 1016 3498 quantum
1041 3421 1138 3478 est
1163 3434 1242 3478 ex
1267 3433 1360 3490 sc,
1387 3415 1560 3477 illam
1581 3414 1951 3478 testificans.
1978 3417 2107 3477 Hu-

534 3509 812 3592 jusmodi
843 3515 1062 3571 autem
1089 3507 1294 3570 honor
1322 3513 1612 3589 respectu
1639 3508 1754 3570 Dei
1783 3508 1977 3570 habet
1998 3525 2107 3570 ve·

539 3621 678 3668 ram
713 3603 1028 3666 rationem
1061 3602 1477 3675 adorationis3
1510 3619 1684 3675 uam,
1715 3601 1860 3664 licet
1901 3601 2107 3664 honor

541 3699 828 3762 absolute
868 3697 1072 3760 dictus
1110 3696 1298 3760 latius
1325 3703 1538 3778 pateat
1569 3714 1764 3777 quam
1794 3696 2103 3771 adoratio,

541 3799 614 3857 ut
653 3795 930 3857 sectione
961 3791 1276 3873 superiori
1303 3793 1540 3855 dictum
1585 3795 1702 3870 eet,
1736 3799 1946 3855 tamen
1992 3793 2108 3854 ho-

543 3906 683 3961 nor,
714 3889 826 3967 qui
847 3887 1132 3951 defertur
1164 3887 1349 3948 alicui
1377 3885 1708 3967 superiori,
1739 3892 1802 3949 et
1825 3885 1892 3946 in
1929 3901 2105 3946 reco-

545 3983 887 4066 gnitionem
932 3980 1316 4043 excellentiae
1348 3980 1485 4060 ejus
1507 4025 1525 4056 ,
1560 3984 1625 4041 et
1663 3977 1977 4040 servitutis
2002 3978 2105 4039 vel

545 4075 947 4157 subjectionis
976 4073 1062 4136 illi
1095 4073 1360 4150 dehitoe,
1389 4091 1538 4136 vera
1565 4077 1664 4136 est
1693 4071 2011 4145 adoratio,
2044 4077 2105 4134 et

543 4170 626 4232 de
665 4169 784 4231 hoc
811 4169 1052 4230 honore
1075 4167 1184 4231 Dei
1207 4167 1296 4229 ibi
1323 4169 1453 4248 agit
1479 4169 1552 4228 D.
1577 4167 1796 4230 Thom.
1821 4164 2105 4246 Denique

545 4263 714 4323 idem
747 4263 819 4324 D.
851 4261 1101 4336 Thom.,
1133 4263 1198 4321 in
1231 4263 1294 4336 3,
1325 4261 1390 4322 d.
1415 4262 1480 4332 9,
1511 4277 1577 4340 q.
1614 4263 1674 4336 1,
1705 4265 1822 4322 art.
1853 4260 1910 4332 1,
1943 4277 2009 4338 q.
2042 4261 2102 4334 3,

545 4355 632 4415 ait
677 4355 874 4415 Deum
915 4351 1036 4414 coli
1087 4353 1238 4430 fide,
1285 4370 1396 4432 spe
1447 4358 1510 4414 et
1547 4353 1884 4423 charitate;
1915 4351 2107 4430 idque

546 4445 794 4508 duobus
826 4443 1030 4508 modis
1071 4445 1352 4526 exponit.
1384 4445 1560 4506 Prior
1587 4448 1718 4520 est,
1749 4443 1902 4526 quia
1929 4443 2109 4507 dictae

543 4541 805 4602 virtutes
825 4536 1120 4601 ordinant
1137 4536 1220 4599 ad
1239 4537 1498 4611 cultum,
1513 4537 1688 4616 quod
1705 4537 1934 4600 clarius
1952 4536 2107 4600 dixit

543 4641 605 4698 2.
639 4637 702 4710 2,
733 4649 797 4714 q.
831 4633 933 4707 81,
969 4631 1144 4695 artic.
1179 4633 1240 4706 Β,
1273 4631 1356 4694 ad
1392 4635 1463 4708 1,
1495 4633 1644 4710 quia
1685 4649 1802 4695 suo
1841 4631 2105 4713 imperio

545 4733 812 4793 causant
837 4733 1047 4790 actum
1073 4725 1418 4809 religionis,
1443 4743 1583 4806 quae.
1611 4730 1907 4808 operatur
1933 4743 2105 4807 quae·

545 4823 690 4885 dam
737 4822 806 4883 in
852 4820 1071 4885 ordine
1115 4819 1198 4882 ad
1242 4820 1470 4894 Deum;
1503 4825 1570 4882 et
1615 4821 1748 4884 haec
1797 4821 2101 4904 expositio

541 4931 670 4978 non
701 4919 796 4976 est
829 4913 910 4976 ad
936 4931 1072 4976 rem
1121 4919 1424 4976 nostram.
1459 4911 1770 4977 Posterior
1809 4933 1965 4995 ergo
1998 4931 2107 4976 ex·-

540 5007 768 5088 positio
815 5013 930 5081 est,
966 5003 1090 5069 illis
1133 5007 1468 5069 virtutibus
1513 5007 1636 5068 coli
1679 5007 1908 5085 Deum,
1956 5007 2107 5086 quia

540 5105 720 5163 actus
747 5115 966 5162 earum
1013 5099 1420 5162 materialiter
1447 5107 1858 5163 assumuntur
1881 5101 1951 5162 in
1978 5097 2106 5162 cul·

539 5199 675 5256 tum
704 5191 856 5268 Παίς
888 5197 951 5255 et
977 5193 1100 5254 hoc
1129 5197 1222 5255 est
1259 5190 1433 5274 quod
1473 5191 1850 5268 asserimus;
1885 5199 2104 5274 estque

541 5285 673 5349 brec
703 5285 1010 5367 posterior
1048 5285 1352 5366 expositio
1398 5283 1779 5349 conformior
1807 5286 2105 5368 Augusti-

539 5395 648 5456 no,
677 5379 786 5462 qui
816 5383 1038 5448 auctor
1077 5377 1196 5444 fuit
1219 5379 1388 5442 illius
1421 5379 1748 5444 sententioe
1770 5425 1788 5454 ,
1818 5381 2107 5446 christic-

543 5493 680 5538 παπ
715 5473 1056 5554 ramosam
1085 5473 1346 5540 maxime
1375 5473 1562 5540 colere
1589 5473 1780 5539 Deum
1807 5473 1963 5552 fide,
2000 5490 2106 5556 epe

1775 317 2009 382 QUAEST.
2046 317 2194 373 XXV.
2228 319 2433 372 nnc.
2468 321 2531 373 il.

2192 423 2251 482 et
2272 419 2595 492 charnas,
2618 419 2681 480 in
2706 419 2929 496 Eucti„
2952 439 3010 482 c.
3038 423 3075 482 3
3094 426 3161 482 et
3184 425 3249 495 6,
3275 427 3339 482 et
3372 424 3445 484 ¹2
3466 423 3541 485 de
3556 423 3723 489 Tria..

2192 530 2247 573 c.
2279 514 2385 586 u,
2412 517 2477 574 et
2502 513 2581 574 10
2606 511 2685 573 de
2712 510 2917 590 Civit„
2952 531 3007 576 c.
3040 517 3104 578 9.
3134 512 3346 594 Atque
3374 515 3593 577 eodem
3614 535 3731 578 sen·

2192 625 2265 666 su
2312 607 2477 668 hanc
2522 606 2879 670 doctrinam
2928 608 3407 688 amplectuntur
3456 609 3727 681 Alhertns,

2191 701 2253 762 d.
2278 705 2341 774 9,
2368 707 2485 763 nrt.
2517 705 2579 776 1,
2607 701 2691 763 ad
2712 706 2787 777 53
2816 702 3136 777 Richard„
3162 708 3283 764 art.
3314 705 3377 776 1,
3400 719 3465 782 q.
3492 705 3645 778 3‚ad
3666 709 3725 770 3:

2192 794 2437 871 Palud„
2460 813 2523 874 q.
2548 799 2609 868 1,
2632 800 2753 857 art.
2776 798 2846 869 23
2870 797 3096 859 Thom.
3123 795 3205 858 de
3234 797 3529 877 ugoni„
3548 803 3652 858 art.
3678 803 3727 868 1;

2188 888 2375 952 Gabr.
2396 933 2418 965 ,
2449 893 2569 950 art.
2602 891 2641 950 2
2656 934 2678 965 ,
2712 895 2777 951 et
2810 888 2881 950 in
2914 905 3269 962 canonem,
3304 889 3455 952 lect.
3484 892 3591 962 5ος
3618 891 3735 954 Ale-

2190 982 2381 1044 xand.
2414 982 2597 1044 Alen.
2621 1026 2641 1059 ,
2670 985 2709 1044 3
2742 1001 2835 1064 p.‚
2864 1001 2929 1063 q.
2962 984 3063 1057 80,
3092 983 3335 1046 memb.
3388 987 3453 1056 1,
3482 984 3649 1046 m-tie.
3674 989 3733 1058 ἔς

2193 1075 2477 1152 ilenric„
2502 1077 2723 1150 Quodl.
2752 1079 2853 1153 10,
2884 1094 2949 1156 q.
2982 1080 3053 1150 63
3076 1076 3321 1151 wald„
3342 1077 3435 1138 de
3462 1077 3733 1152 Sectam,

2192 1187 2333 1250 cap.
2364 1172 2514 1248 1175
2538 1169 2839 1246 Coi-dub„
2866 1169 2975 1232 lib.
3008 1172 3069 1243 ⁴,
3098 1175 3327 1252 quaest.
3353 1173 3435 1243 ὅς
3467 1170 3735 1246 Aiala,de
3806 1201 3808 1206 ·

2189 1262 2461 1340 Tradit„
2492 1281 2556 1343 p.
2590 1265 2665 1337 3,
2694 1261 2937 1326 consid.
2972 1266 3049 1338 7,
3078 1281 3133 1324 c.
3180 1265 3251 1340 13
3277 1263 3735 1336 Belhrm.,l.i
3808 1233 3811 1390 Ῐ

2188 1355 2269 1418 dc
2298 1356 2481 1420 Cultu
2508 1357 2753 1432 sanct„
2780 1375 2837 1418 c.
2870 1359 2971 1418 ¹2.

2270 1455 2331 1512 ’1.
2373 1449 2918 1532 Primamhaetio,
2951 1467 3025 1514 eo
3050 1449 3431 1534 Scriptura,
3456 1457 3515 1516 ἀ
3554 1453 3745 1514 ceds-
3809 1391 3810 1430 ἶ

2186 1543 2455 1624 pelorum
2482 1544 2853 1608 marm.
2880 1575 2965 1592 ·-·
2988 1545 3066 1608 Et
3100 1544 3423 1624 probetur
3462 1545 3663 1628 primo
3682 1563 3741 1606 ex

2188 1635 2531 1716 Scriptura,
2570 1637 2729 1701 Psal.
2770 1639 2851 1700 95
2896 1654 2915 1698 ε
2954 1638 3053 1702 m
3094 1639 3352 1704 adorent
3412 1655 3745 1703 menses

2186 1727 2411 1809 Anyeli
2438 1729 2592 1810 ejus.
2636 1731 2713 1794 Et
2754 1731 2837 1794 ad
2884 1730 3075 1794 Hebr.
3122 1733 3151 1791 1
3193 1731 3339 1796 :Bc
3368 1749 3513 1794 oum
3554 1731 3743 1794 uma

2186 1823 2517 1888 introducit
2530 1841 2663 1888 eum
2681 1825 2751 1888 in
2764 1825 2959 1888 orbem
2972 1830 3177 1896 terroe,
3192 1826 3355 1890 dicit
3367 1850 3397 1885 .·
3412 1825 3518 1890 Bt
3532 1826 3745 1888 sinat

2186 1934 2317 1978 etam
2346 1933 2547 1980 omnes
2566 1917 2789 1998 Anda·
2812 1918 2970 1997 eju.
3016 1918 3095 1980 Et
3122 1917 3402 1996 Apocal.
3442 1921 3485 1980 7
3518 1939 3535 1976 :
3566 1917 3747 1982 Onus

2186 2010 2417 2090 Asadi
2440 2007 2689 2074 stabant
2710 2011 3054 2076 incircuitu
3080 2011 3315 2086 throni,
3332 2011 3741 2083 ducuerat,

2188 2107 2247 2166 et
2294 2104 2717 2168 adoran-nc.
2760 2104 2921 2166 Item
2979 2107 3020 2166 2
3060 2103 3241 2166 Esdr.
3284 2105 3331 2166 9
3374 2123 3396 2166 t
3442 2104 3743 2168 But-cita

2188 2197 2325 2262 omli
2356 2203 2414 2260 to
2452 2197 2691 2264 adorat.
2724 2199 2801 2260 Et
2834 2197 3139 2274 Ecclesia,
3168 2199 3230 2262 in
3258 2197 3647 2279 prmfatione
3678 2201 3745 2259 di-
3812 2150 3814 2294 Ι

2188 2292 2273 2354 cit
2299 2310 2314 2351 :
2346 2291 2477 2356 Per
2500 2309 2671 2372 quom
2694 2291 3087 2372 najestatem
3114 2297 3295 2356 tum
3342 2292 3619 2356 hadent
3644 2293 3741 2356 As-
3813 2295 3814 2342 1

2184 2386 2329 2470 poli,
2360 2387 2617 2450 adorant
2638 2385 3121 2460 Dominatiom,
3152 2389 3439 2452 tre-mut
3492 2387 3741 2450 Potestn-

2186 2491 2296 2550 tes,
2328 2480 2487 2553 coli,
2518 2479 2915 2561 colorumque
2944 2479 3238 2555 Virtutes,
3272 2497 3351 2544 ec
3380 2479 3571 2545 besta
3594 2478 3741 2544 Sm-

2178 2574 2373 2653 pln'm,
2394 2577 2539 2648 etc„
2566 2571 2675 2636 ubi
2702 2572 2923 2635 alludit
2944 2572 3027 2635 ad
3052 2573 3365 2636 visionem
3399 2573 3611 2645 lsaiae,
3632 2591 3739 2652 cap.

2182 2668 2247 2742 6,
2281 2666 2387 2728 ubi
2416 2665 2571 2728 vidit
2610 2667 2939 2730 mm
2973 2668 3269 2730 sedentem
3314 2683 3517 2747 snper
3554 2667 3737 2730 mian

2186 2761 2481 2825 excelsum
2526 2767 2583 2824 ee
2626 2761 2919 2824 anatum
2934 2783 2963 2832 ,·
3002 2766 3062 2826 et
3120 2759 3473 2841 Seraphim
3533 2759 3739 2824 statue

2186 2870 2369 2932 snper
2384 2853 2562 2928 illud,
2593 2870 2701 2916 sco
2723 2853 2841 2916 αέα
2854 2855 2992 2927 sni.
3010 2859 3067 2918 st
3092 2871 3203 2919 seo
3222 2853 3351 2916 alo
3378 2853 3601 2930 altori,
3628 2854 3743 2916 aa·

2186 2946 2295 3010 lm
2314 2946 2594 3010 cautant
2618 2947 2831 3024 faciens
2860 2947 3015 3026 ejvs,
3048 2953 3104 3010 ot
3134 2947 3381 3010 duabus
3404 2947 3594 3026 podas
3618 2947 3741 3026 eju,

2182 3044 2240 3104 et
2268 3039 2503 3104 duabu
2523 3039 2827 3117 volabant,
2861 3045 2917 3104 et
2942 3039 3295 3105 clamabant
3324 3040 3503 3104 alter
3526 3041 3615 3104 sd
3630 3039 3743 3102 elu-

2182 3138 2425 3205 ricum-ot
2452 3133 2765 3198 dicebant:
2798 3132 3092 3210 Sanctus,
3120 3133 3441 3206 Sanetus.
3470 3133 3743 3208 Sanam,

2184 3227 2479 3290 Dominus
2494 3229 2885 3300 coercitum,
2912 3227 3095 3308 plena
3108 3233 3204 3290 est
3232 3230 3447 3291 onu‘s
3468 3233 3746 3292 tunna-
3816 3269 3818 3282 .

2174 3321 2431 3402 jonaeis
2472 3322 2689 3406 ylario
2732 3323 2886 3402 ejus.
2928 3321 3171 3384 Similia
3208 3323 3597 3384 testimonia
3630 3329 3743 3381 suni

2186 3415 2357 3497 opud
2382 3415 2735 3489 Danielem,
2762 3433 2819 3478 c.
2856 3417 2895 3477 3
2920 3419 2985 3478 et
3008 3417 3067 3476 7.
3108 3415 3203 3478 Ex
3232 3415 3483 3494 quibus
3530 3415 3745 3478 confici-

2183 3515 2289 3570 tur
2316 3515 2781 3589 argumentmn,
2814 3508 3057 3570 namin
3080 3508 3351 3590 Angelis
3388 3515 3497 3572 est
3518 3528 3665 3570 vera
3700 3515 3745 3570 et

2186 3604 2443 3682 propria
2470 3603 2778 3678 adoratio,
2810 3611 2879 3666 ut
2908 3621 2983 3665 ex
3012 3601 3199 3666 dictis
3250 3603 3423 3666 locis
3476 3609 3743 3666 constal:

2184 3695 2298 3758 sed
2326 3695 2609 3760 adoratio
2640 3715 2769 3758 non
2800 3699 3008 3776 potest
3036 3695 3121 3756 ab
3166 3697 3445 3775 Angelis
3494 3695 3747 3760 exerceri

2186 3803 2303 3868 per
2330 3795 2507 3852 actus
2538 3806 2899 3870 corporeos;
2928 3807 3083 3870 ergo
3104 3789 3400 3852 adoratio
3428 3808 3513 3852 ex
3548 3809 3619 3852 se
3645 3809 3745 3852 non

2187 3881 2469 3945 consistit
2494 3883 2562 3944 in
2590 3883 2725 3946 solo
2742 3888 2889 3946 ncta
2908 3889 3172 3946 externo
3200 3889 3265 3944 et
3296 3885 3643 3963 corporali.
3670 3883 3747 3944 Di-

2184 3979 2286 4038 cet
2313 3975 2543 4055 eliquis
2568 3975 2635 4038 id
2664 3995 2889 4039 verum
2910 3995 3077 4053 esse,
3096 3977 3251 4056 quia
3274 3977 3557 4058 requirit
3586 3979 3747 4038 affec·

2188 4074 2318 4132 tum
2354 4069 2698 4133 internum.
2731 4069 2855 4132 Sed
2904 4071 3025 4132 hoc
3056 4069 3295 4132 nullius
3336 4071 3653 4134 momenti
3674 4077 3747 4131 est

2188 4163 2273 4224 ad
2300 4161 2593 4240 praedicta
2612 4163 2971 4226 testimonia
3000 4163 3381 4244 explicanda
3398 4184 3423 4237 ;
3442 4165 3573 4228 hoe
3602 4165 3745 4226 enim

2188 4275 2268 4318 ex
2300 4257 2395 4318 eis
2420 4259 2671 4320 efficere
2721 4257 3187 4332 contendimus,
3232 4257 3547 4320 affectum
3582 4259 3743 4318 inter·

2190 4369 2343 4414 num
2370 4349 2673 4424 adorandi
2702 4369 2829 4414 non
2859 4351 3093 4413 versari
3144 4350 3443 4431 proxime
3472 4353 3637 4414 eirca
3664 4367 3743 4412 so-

2188 4445 2321 4506 lum
2346 4449 2557 4507 actum
2582 4450 2911 4509 externum
2943 4448 3007 4507 et
3024 4445 3463 4524 corporalem,
3492 4445 3649 4508 nlias
3670 4449 3741 4506 ta·

2191 4538 2265 4599 lis
2296 4544 2473 4600 actus
2518 4555 2645 4600 non
2672 4544 2891 4618 posset
2915 4539 3169 4619 proprie
3196 4539 3465 4618 Angelis
3486 4537 3735 4608 attribui.

2188 4631 2349 4692 sicut
2378 4649 2505 4694 non
2531 4637 2739 4711 potest
2760 4631 2853 4692 eis
2880 4629 3071 4692 tribui
3096 4633 3561 4712 temperantia,
3586 4629 3737 4695 casii·

2184 4729 2308 4800 tas,
2326 4731 2387 4786 et
2408 4725 2665 4788 similes.
2686 4725 2819 4787 Nisi
2836 4723 2979 4805 quis
2992 4723 3261 4788 fortasse
3272 4723 3449 4787 dicat
3474 4745 3609 4790 non
3624 4739 3734 4786 esse

2184 4817 2475 4880 eamdem
2497 4817 2755 4882 omnino
2772 4818 3081 4881 rationem
3104 4818 3185 4882 de
3206 4817 3737 4896 adoratione.quia

2186 4911 2407 4974 saltem
2437 4929 2553 4992 per
2578 4927 2807 4992 corpus
2830 4918 3222 4992 assumptum
3242 4917 3463 4992 potest
3487 4911 3737 4992 Angelus

2187 5023 2327 5068 eam
2350 5023 2659 5068 exercere.
2695 5004 2812 5078 Qui
2840 5013 3055 5068 autem
3072 5005 3167 5068 sic
3192 5005 3625 5084 responderit,
3646 5019 3737 5064 ne-

2188 5115 2363 5160 cesse
2401 5106 2495 5161 est
2516 5097 2715 5179 fingat
2736 5117 2871 5163 non
2916 5115 3103 5179 posse
3150 5097 3437 5180 Angelos
3497 5099 3739 5162 adorare

2187 5192 2407 5266 Deum,
2438 5192 2559 5256 nisi
2588 5189 2967 5256 assumendo
2992 5207 3283 5272 corpora.
3308 5189 3503 5268 Quod
3544 5197 3607 5256 et
3644 5199 3741 5267 per

2186 5303 2257 5348 se
2286 5291 2383 5348 est
2402 5281 2821 5368 improbabile
2848 5291 2911 5348 et
2951 5283 3353 5362 incredibile,
3384 5289 3455 5348 et
3477 5283 3737 5348 alienum

2188 5379 2269 5444 ab
2295 5382 2642 5446 intentione
2660 5389 2722 5448 et
2740 5401 2929 5446 sensu
2959 5381 3303 5466 Scriptum
3346 5381 3417 5446 in
3436 5379 3639 5446 citatis
3658 5377 3737 5440 lo·

2188 5476 2299 5553 cie,
2334 5481 2392 5538 et
2412 5496 2449 5538 u
2476 5495 2667 5540 sensu
2710 5477 3023 5552 Ecclesiae,
3056 5493 3203 5540 cum
3230 5477 3415 5554 dicit,
3456 5473 3733 5540 Domina-
