3892 6167
581 332 659 392 58

581 433 665 496 ita
693 431 1006 496 abstracta
1051 449 1090 492 a
1117 429 1542 508 sensibilibus,
1573 436 1642 493 ut
1677 429 1760 492 ab
1787 429 1906 492 illis
1933 448 2049 512 per
2074 446 2142 490 se

579 527 753 589 nulla
781 528 1024 590 ratione
1051 525 1352 605 pendeat,
1373 545 1452 588 ex
1481 543 1606 604 quo
1634 525 1820 586 etiam
1849 523 1919 586 fit
1939 530 2009 584 ut
2032 541 2145 604 po-

581 621 770 683 tuerit
811 621 1086 682 Christus
1113 619 1206 681 uti
1250 620 1370 682 hac
1413 619 1698 695 scientia,
1729 618 1864 680 sine
1899 617 2145 697 depen-

581 715 798 780 dentia
827 733 940 778 seu
971 715 1380 776 conversione
1410 713 1492 776 ad
1520 713 1981 794 phantasmata.

663 811 722 872 3.
769 807 1517 890 objecta—Responsio.
1535 838 1618 854 -
1637 805 1763 868 Sed
1787 805 2003 886 objicit
2026 805 2147 866 Du-

581 903 792 976 rand.,
836 903 902 964 in
941 905 1007 977 3,
1051 902 1114 963 d.
1152 903 1252 974 14,
1295 919 1357 980 q.
1404 901 1462 976 3,
1497 901 1646 980 quia
1677 900 1900 974 viator,
1933 905 2005 960 ut
2032 899 2144 976 sic,

579 996 816 1080 pendet
863 996 930 1056 in
976 995 1106 1058 suis
1135 995 1488 1057 actionibus
1532 1013 1570 1055 a
1615 993 1982 1074 phantasia;
2016 993 2147 1056 haec

582 1098 794 1154 autem
819 1089 1080 1152 scientia
1105 1089 1252 1150 data
1287 1095 1384 1151 est
1405 1088 1646 1151 Christo
1688 1094 1991 1168 tanquam
2016 1087 2144 1148 via-

583 1185 700 1246 tori
713 1207 733 1260 3
765 1202 914 1264 ergo
961 1184 1028 1244 in
1055 1183 1224 1244 illius
1267 1201 1388 1244 usu
1418 1182 1738 1263 pendebat
1765 1199 1802 1242 a
1843 1183 2147 1262 phantas-

581 1277 874 1342 matibus.
909 1277 1034 1340 Sed
1063 1277 1194 1339 haec
1225 1279 1386 1338 ratio
1421 1276 1654 1338 nullius
1684 1281 1780 1338 est
1807 1275 2140 1348 momenti;

579 1373 878 1454 primum,
909 1373 1055 1451 quia
1084 1372 1230 1434 licet
1271 1371 1475 1450 major
1513 1371 1592 1432 sit
1617 1387 1766 1432 vera
1795 1370 1862 1430 in
1893 1369 2145 1430 homine

579 1483 740 1547 puro
787 1466 1048 1541 viatore,
1080 1483 1210 1526 non
1239 1471 1450 1526 tamen
1479 1465 1546 1525 in
1597 1481 1673 1525 eo
1702 1463 1809 1543 qui
1839 1463 2025 1524 simul
2054 1468 2149 1525 est

579 1561 780 1624 viator
835 1565 900 1621 et
947 1558 1459 1639 comprehensor.
1511 1557 1826 1632 Secund0,
1859 1556 2147 1637 quamvis

579 1656 716 1726 haec
743 1653 1004 1716 scientia
1029 1653 1275 1715 dicatur
1302 1653 1452 1713 data
1479 1653 1719 1713 Christo
1769 1657 1840 1714 ut
1886 1651 2144 1727 viatori,

581 1749 732 1828 quia
759 1755 896 1810 erat
915 1747 1186 1828 cognitio
1217 1753 1392 1810 extra
1417 1747 1712 1818 Verbum,
1737 1754 1800 1810 et
1829 1747 1913 1810 ita
1944 1745 2145 1825 magis

583 1841 1054 1904 accommodata
1081 1841 1164 1903 ad
1205 1842 1484 1903 actiones
1529 1842 1902 1916 meritoriaS,
1933 1848 2143 1902 tamen

581 1937 774 1998 etiam
802 1936 1076 2016 pertinet
1113 1935 1196 1998 ad
1233 1935 1572 2016 quamdam
1611 1935 2061 2015 perfectionem
2086 1939 2148 1996 et

583 2036 1024 2092 ornamentum
1045 2030 1272 2091 animas
1295 2030 1598 2106 beatae,et
1615 2029 1758 2092 ideo
1781 2029 2143 2091 hahuitmo-

583 2123 734 2184 dum
757 2123 1056 2204 operandi
1077 2129 1570 2186 consentaneum
1591 2125 1814 2186 animae
1831 2126 2055 2198 beatas,
2080 2129 2143 2186 et

581 2235 698 2298 per
737 2235 807 2280 se
835 2237 964 2280 non
1007 2225 1471 2299 repugnantem
1511 2219 1738 2282 rationi
1785 2218 1994 2281 meriti
2034 2223 2143 2280 aut

581 2311 1022 2376 satisfactionis
1047 2359 1068 2390 ,
1125 2329 1268 2390 quae
1323 2318 1472 2373 sunt
1527 2313 1808 2374 actiones
1860 2312 2136 2374 viatoris.

488 2407 491 2409 ’
583 2405 763 2468 Unde
813 2406 1041 2468 dicitur
1087 2407 1294 2484 tertio,
1341 2407 1656 2468 interdum
1707 2423 1820 2487 per
1865 2407 2144 2468 divinam

583 2499 849 2580 gratiam
889 2500 1119 2564 elevari
1162 2499 1484 2562 hominem
1523 2517 1682 2582 pure
1714 2501 2019 2562 viatorem
2062 2500 2145 2564 ad

579 2595 1060 2675 intelligendam
1111 2593 1349 2673 aliquid
1395 2594 1530 2656 sine
1572 2595 2139 2675 phantasmatibuS,

581 2695 651 2749 ut
697 2689 995 2748 altissima
1041 2687 1591 2766 contemplatione,
1628 2688 1731 2749 vel
1779 2688 2147 2768 prophetica

581 2781 962 2844 revelatione
977 2805 996 2858 ;
1028 2782 1194 2843 banc
1237 2787 1451 2844 autem
1493 2781 1963 2861 perfectionem,
2006 2799 2147 2862 quae

579 2873 896 2936 interdum
928 2874 1430 2937 communicatur
1447 2874 1686 2936 homini
1713 2876 1937 2938 viatori
1966 2877 2145 2956 quasi

581 2968 648 3028 in
669 2969 1196 3042 transitu,‚habuit
1223 2969 1433 3030 anima
1457 2969 1680 3030 Christi
1699 2975 2147 3048 permanenter

581 3064 764 3141 quasi
795 3081 907 3142 per
931 3063 1191 3124 modum
1222 3062 1492 3123 habitae.

666 3158 721 3218 4.
757 3157 944 3218 Addit
971 3163 1196 3235 quarto
1225 3157 1295 3216 D.
1327 3157 1578 3230 Thom.,
1606 3162 1726 3219 art.
1751 3163 1813 3232 2,
1843 3157 1924 3220 ad
1950 3163 2012 3234 3,
2038 3177 2151 3240 po-

582 3249 779 3311 tuisse
807 3249 1118 3312 Christum
1147 3250 1234 3310 uti
1265 3249 1385 3311 hac
1423 3248 1684 3312 scientia
1713 3267 1858 3312 cum
1883 3270 2149 3314 conver-

584 3343 758 3405 sione
811 3342 890 3405 ad
942 3343 1384 3423 phantasmata
1403 3359 1424 3420 3
1475 3344 1644 3423 quod
1688 3345 1892 3406 solum
1943 3353 2148 3426 potest

583 3437 820 3499 habere
865 3437 1074 3498 locum
1127 3437 1192 3498 in
1227 3437 1325 3500 his
1355 3438 1643 3517 objectis,
1679 3457 1946 3518 quorum
1978 3441 2147 3503 Chri-

581 3537 716 3593 stus
740 3531 1016 3593 habebat
1038 3533 1501 3612 phantasmata,
1528 3551 1656 3593 non
1685 3551 1834 3595 vero
1863 3533 1928 3595 in
1956 3536 2146 3597 rebus

581 3625 1030 3702 spiritualibus,
1052 3643 1232 3703 quaa,
1262 3632 1447 3704 prout
1479 3626 1544 3686 in
1575 3643 1643 3687 se
1673 3635 1838 3704 suut,
1873 3646 2144 3708 cognos-

583 3719 786 3792 cebat,
817 3725 884 3778 ut
913 3735 1026 3796 per
1049 3735 1116 3778 se
1145 3725 1411 3780 constat.
1437 3719 1512 3780 Et
1535 3719 1655 3781 hoc
1685 3727 2082 3800 argumento,
2107 3741 2145 3782 a

582 3812 941 3892 cognitione
973 3812 1200 3872 harum
1227 3829 1441 3872 rerum
1471 3813 1826 3893 desumptO,
1859 3815 2145 3876 convinci

583 3906 770 3966 etiam
801 3911 1004 3986 potest
1051 3906 1372 3968 conclusio
1414 3907 1635 3987 posita.
1669 3909 1825 3970 Cum
1869 3915 2147 3970 contem-

583 3999 872 4079 plabatur
895 4017 1047 4061 vero
1076 4017 1176 4060 res
1205 4001 1559 4074 sensibiles,
1585 4019 1853 4080 quarum
1872 4001 2149 4063 habebat

579 4093 1022 4172 phantasmata
1045 4138 1066 4170 ,
1123 4099 1369 4172 poterat
1415 4111 1670 4155 movere
1724 4100 1786 4155 et
1834 4094 2147 4175 applicare

581 4185 978 4266 phantasiam
1021 4186 1103 4248 ad
1133 4187 1535 4267 cogitandum
1573 4187 1650 4248 de
1682 4187 1921 4248 eisdem
1960 4189 2150 4250 rebus

579 4280 769 4340 modo
816 4279 937 4340 sibi
989 4279 1490 4341 accommodato.
1537 4281 1668 4342 Non
1705 4281 1886 4342 video
1935 4287 2147 4344 tamen

581 4390 694 4434 cur
734 4373 853 4434 hoc
897 4373 1209 4435 redundet
1257 4373 1318 4432 in
1365 4373 1908 4452 imperfectionem
1960 4374 2149 4454 hujus

582 4466 856 4528 scientiae
877 4513 891 4540 ,
923 4468 1210 4545 quamvis
1237 4465 1360 4528 hoc
1389 4467 1462 4527 D.
1493 4468 1714 4528 Thom.
1744 4467 1999 4546 indicet,
2026 4475 2144 4531 art.

580 4563 643 4634 4,
673 4560 820 4638 quia
848 4560 981 4622 haec
1011 4560 1338 4622 conversio
1362 4578 1491 4622 non
1515 4561 1666 4622 dicit
1695 4561 1884 4621 ullam
1917 4561 2149 4642 depen-

581 4654 858 4716 dentiam
891 4653 1029 4715 talis
1062 4654 1334 4714 scientias¹
1363 4673 1399 4714 a
1427 4655 2005 4734 phantasmatibus,
2038 4657 2149 4718 sed

579 4747 782 4810 solum
823 4748 972 4810 dicit
1026 4749 1367 4810 efficaciam
1411 4755 1476 4810 et
1528 4750 1868 4811 motionem
1929 4769 2149 4830 quam·

587 4843 730 4904 dam
751 4888 770 4919 ,
826 4859 964 4922 quse
1016 4843 1224 4922 potius
1275 4847 1516 4923 spectat
1569 4843 1650 4904 ad
1699 4845 2147 4924 perfectionem

581 4937 752 5014 ejus,
785 4937 1324 4998 accommodatam
1355 4937 1638 5015 subjecto
1664 4939 1730 4998 in
1759 4957 1885 5018 quo
1916 4939 2141 5001 existit.

577 5029 758 5093 Unde
795 5031 996 5092 solum
1043 5037 1250 5111 potest
1275 5031 1408 5093 haec
1451 5032 1789 5093 existimari
1819 5033 2149 5112 imperfec-

578 5125 665 5185 tio
689 5171 702 5197 ,
735 5125 916 5203 quasi
943 5141 1056 5203 per
1085 5125 1500 5186 extrinsecam
1543 5125 2147 5204 denominationem,

581 5217 748 5296 quia,
769 5217 1024 5290 scilicet,
1045 5225 1142 5279 est
1161 5217 1226 5278 in
1250 5219 1531 5299 subJecto
1551 5218 1861 5281 inferioris
1881 5227 2143 5281 naturoe.

658 5315 718 5372 5.
751 5311 896 5372 Dico
923 5311 1105 5374 tertio
1132 5331 1145 5372 ε
1180 5313 1520 5376 verisimile
1549 5320 1644 5375 est
1673 5313 1949 5376 animam
1980 5314 2142 5376 Chri·

580 5405 657 5466 sti
697 5423 945 5486 semper
973 5405 1162 5468 fuisse
1196 5406 1258 5467 in
1297 5407 1510 5487 aliquo
1551 5414 1694 5470 actu
1727 5407 2007 5470 secundo
2038 5409 2153 5468 hu-

575 5489 683 5568 ]'us
731 5499 1024 5568 scientiae.
1059 5499 1363 5563 Probatur
1409 5501 1634 5581 primo,
1677 5502 1825 5580 quia
1866 5502 1985 5562 hoc
2019 5507 2156 5564 erat

1847 331 2083 397 QUAEST.
2116 333 2201 386 xl.
2235 333 2437 390 Anne.
2474 335 2534 387 V.

2222 430 2287 492 in
2334 434 2645 511 potestate
2674 431 2871 511 ipsius
2914 428 3166 504 Christi,
3197 433 3266 490 et
3308 433 3408 488 est
3438 429 3629 508 major
3650 449 3759 510 per·
3815 423 3816 470 1

2221 523 2431 598 sectio,
2458 543 2585 587 non
2614 543 2979 606 repugnans
3006 523 3194 584 alteri
3230 520 3619 602 perfectioni,
3644 527 3759 602 quia
3815 515 3816 518 ¹

2224 619 2452 682 melius
2476 627 2571 682 est
2594 637 2731 682 esse
2758 620 2821 680 in
2844 623 2989 680 actu
3008 615 3325 690 secundo,
3350 634 3539 694 quam
3558 624 3757 682 tantum

2226 713 2292 774 in
2320 714 2521 794 primo
2542 759 2559 788 ,
2588 720 2649 777 et
2678 715 2781 774 ille
2812 719 2989 774 actus
3029 711 3358 774 secundus
3390 712 3480 788 (ut
3510 709 3758 792 diximus)
3815 703 3816 784 ζ

2227 825 2357 869 non
2401 807 2799 887 repugnabat
2824 806 3054 868 visioni
3079 806 3331 879 beatae,
3375 821 3581 882 neque
3608 812 3760 868 etiam

2226 899 2621 981 repugnabat
2647 900 2987 981 cognitioni
3020 898 3324 966 naturali,
3350 904 3602 977 propter
3624 917 3761 960 eam·
3815 929 3816 984 3

2226 996 2374 1057 dem
2422 995 2752 1070 rationem,
2784 995 2931 1076 quia
2978 1001 3123 1056 sunt
3170 999 3361 1054 actus
3414 992 3757 1054 diversorum
3815 1005 3816 1064 ξ

2227 1090 2553 1166 ordinum,
2586 1108 2663 1152 ex
2692 1089 2953 1152 diversis
2996 1087 3331 1170 principiis
3364 1091 3429 1148 et
3470 1086 3758 1148 virtutibus

2225 1185 2637 1266 procedentes
2650 1201 2670 1263 3
2694 1203 2847 1264 ergo
2870 1183 3212 1246 verisimile
3238 1185 3339 1243 est
3367 1199 3611 1261 semper
3626 1182 3759 1243 Chri·

2228 1287 2397 1342 stum
2426 1299 2609 1342 usum
2638 1280 2831 1342 fuisse
2868 1279 2984 1340 hac
3011 1276 3431 1359 perfectione.
3468 1279 3537 1340 Et
3578 1277 3759 1338 confir·

2226 1381 2456 1450 matur,
2480 1393 2629 1436 nam
2649 1373 2873 1454 Angeli
2892 1391 3141 1452 semper
3160 1371 3399 1432 suntin
3432 1369 3631 1448 aliquo
3646 1379 3758 1431 actu
3815 1413 3816 1418 η

2228 1469 2537 1543 secund03
2572 1486 2723 1549 ergo
2762 1467 2961 1528 multo
2992 1465 3197 1547 magis
3226 1464 3447 1526 anima
3474 1463 3694 1524 Christi.

2247 1637 2263 1648 ,
2304 1564 2365 1624 6.
2414 1559 2699 1642 objectio.
2722 1593 2805 1609 -
2827 1561 2953 1624 Sed
2976 1559 3264 1640 objicies,
3296 1575 3453 1618 nam
3482 1559 3545 1617 D.
3572 1558 3753 1618 Thom.

2226 1651 2369 1731 hic,
2416 1662 2534 1716 art.
2570 1658 2645 1732 5,
2690 1655 2999 1736 significat
3043 1655 3478 1724 contrarium,
3528 1649 3752 1723 scilicet,

2224 1749 2391 1811 hanc
2446 1749 2767 1810 scientiam
2824 1748 3017 1810 fuisse
3071 1747 3136 1808 in
3184 1747 3437 1810 Christo
3486 1743 3756 1804 interdum

2227 1849 2469 1905 tantum
2493 1843 2559 1904 in
2578 1850 2721 1904 actu
2751 1843 2989 1922 prim03
3024 1843 3145 1903 hoc
3174 1840 3353 1901 enim
3382 1855 3565 1900 sensu
3596 1835 3755 1916 (utdi-

2226 1935 2450 2018 ximus)
2480 1943 2663 1998 vocat
2688 1936 2857 1996 illam
2890 1933 3287 1998 habitualem.

2306 2033 2365 2092 7.
2410 2030 2765 2112 Responsio.
2810 2061 2890 2076 —
2937 2027 3321 2108 Respondeo
3373 2024 3664 2106 primum,
3700 2022 3750 2082 D.

2222 2125 2442 2188 Thom.
2483 2122 2825 2204 praesertim
2850 2120 3177 2183 intendere
3207 2119 3464 2192 docere,
3499 2135 3619 2176 non
3645 2132 3751 2176 esse

2224 2220 2407 2298 quasi
2433 2219 2840 2280 intrinsecum
2870 2221 2933 2278 et
2968 2214 3387 2278 connaturale
3434 2211 3571 2272 huic
3598 2209 3753 2270 scien·

2225 2315 2364 2390 tiae,
2409 2330 2549 2374 esse
2582 2313 2646 2371 in
2680 2316 2823 2372 actu
2850 2309 3127 2372 secundo
3152 2355 3167 2382 ,
3214 2309 3377 2370 sicut
3408 2311 3500 2368 est
3526 2302 3753 2365 scientiae

2224 2407 2426 2470 beatae
2453 2453 2469 2482 ,
2510 2405 2625 2469 sed
2660 2423 2847 2466 usum
2880 2405 3019 2484 ejus
3046 2403 3243 2466 fuisse
3274 2403 3543 2463 liberum
3572 2396 3751 2458 animae

2224 2500 2477 2575 Christi;
2512 2499 2683 2581 quod
2712 2505 2809 2560 est
2837 2499 2972 2560 sine
3002 2497 3193 2560 dubio
3226 2512 3473 2569 verum,
3511 2491 3645 2571 quia
3668 2505 3746 2548 ac·

2224 2602 2326 2658 tus
2352 2594 2544 2674 hujus
2572 2593 2847 2655 scientiae
2871 2611 2997 2653 non
3020 2595 3115 2653 est
3137 2585 3548 2651 immutabilis
3570 2588 3749 2644 natura

2226 2707 2363 2762 sua,
2387 2707 2595 2768 neque
2620 2694 2712 2750 est
2729 2685 2963 2768 aliquid
2990 2685 3160 2763 quod
3184 2682 3617 2746 necessitatem
3638 2676 3747 2736 sim-

2224 2784 2467 2864 pliciter
2494 2785 2775 2864 imponat
2802 2783 3025 2844 animas
3048 2779 3275 2842 Christi
3294 2826 3307 2849 .
3346 2781 3413 2839 ut
3442 2777 3520 2838 sit
3545 2788 3749 2853 semper

2225 2880 2291 2939 in
2324 2878 2551 2940 actuali
2580 2895 2705 2938 usu
2740 2883 2803 2939 et
2835 2875 3344 2938 consideratione
3382 2871 3566 2951 hujus
3590 2868 3748 2929 scien·

2233 2971 2372 3046 tiae;
2414 2977 2477 3034 et
2502 2973 2622 3033 hoc
2652 2975 2747 3031 est
2776 2970 2924 3032 satis
2954 2975 3023 3030 ut
3050 2969 3301 3030 dicatur
3336 2965 3587 3028 scientia
3610 2958 3749 3021 habi·

2232 3065 2438 3129 tualis.
2482 3065 2559 3126 Et
2594 3071 2927 3144 propterea
2958 3062 3148 3124 etiam
3176 3079 3311 3123 non
3342 3057 3473 3120 dixi
3500 3072 3626 3117 esse
3652 3069 3747 3113 cer-

2230 3167 2393 3233 tum,
2418 3157 2531 3219 sed
2547 3164 2792 3219 tantum
2818 3155 3240 3232 verisimilius,
3274 3153 3549 3216 animam
3569 3143 3747 3210 Christi

2229 3254 2422 3315 fuisse
2468 3269 2715 3330 semper
2750 3252 2813 3311 in
2853 3249 3081 3310 actuali
3114 3267 3241 3310 usu
3275 3249 3467 3328 hujus
3496 3239 3746 3308 scientiae,

2229 3348 2377 3428 quia
2398 3345 2519 3407 hoc
2548 3351 2641 3406 est
2666 3345 2757 3405 illi
2786 3343 3110 3424 possibile,
3142 3341 3503 3422 perfectius,
3533 3343 3593 3398 et
3616 3353 3647 3396 a
3668 3349 3751 3392 vo-

2228 3443 2467 3504 luntate
2522 3439 2689 3500 illius
2750 3437 3057 3518 pendens.
3126 3437 3421 3499 Secundo
3461 3480 3478 3509 ,
3529 3432 3748 3492 fortasse

2230 3535 2419 3595 etiam
2464 3532 2733 3594 intendit
2782 3533 2856 3593 D.
2914 3531 3192 3596 Thomas
3257 3549 3389 3592 non
3441 3543 3571 3590 esse
3618 3523 3750 3582 hanc

2228 3627 2551 3689 scientiam
2580 3643 2829 3706 semper
2854 3625 2921 3686 in
2954 3624 3180 3686 eodem
3216 3630 3365 3687 actu
3397 3617 3673 3688 secundo,
3698 3615 3747 3670 ul

2220 3723 2355 3801 jam
2389 3719 2620 3781 dicam.

2307 3817 2365 3878 8.
2418 3815 2680 3878 Dubium
2712 3811 3001 3895 primum.
3042 3849 3121 3860 —
3164 3811 3461 3887 Quomodo
3508 3805 3749 3871 Christus
3815 3889 3816 3898 ἵ

2226 3927 2454 3988 semper
2479 3909 2669 3984 ficerit
2699 3906 2765 3970 in
2796 3913 2937 3970 actu
2976 3909 3225 3971 secundo
3260 3905 3523 3970 scientia·
3546 3900 3745 3972 infusae.

2228 4002 2515 4074 —Quaeri
2539 4002 2707 4062 enim
2732 4001 2832 4063 hic
2851 4007 3058 4082 potest
3076 4001 3305 4082 primo,
3329 3994 3628 4080 quomodo
3648 3991 3747 4049 haec

2230 4095 2493 4158 scientia
2514 4114 2655 4158 csse
2676 4113 2927 4175 semper
2945 4094 3218 4176 potuerit
3237 4095 3302 4156 in
3324 4099 3463 4154 actu
3490 4081 3745 4150 secund0,

2234 4208 2315 4250 an
2344 4190 2409 4250 in
2436 4188 2659 4250 eodem
2689 4195 2832 4250 actu
2861 4189 3185 4268 adaequato
3214 4189 3331 4250 toti
3358 4181 3653 4249 scientiae,
3685 4191 3747 4234 an
3815 4213 3816 4236 l

2228 4301 2381 4348 vero
2397 4281 2463 4342 in
2485 4282 2745 4344 diversis
2765 4283 3007 4344 actibus
3026 4281 3456 4360 inadaequatiS,
3475 4271 3637 4356 quasi
3662 4285 3749 4348 per
3815 4295 3816 4334 l

2231 4376 2694 4437 successionem
2715 4394 2825 4438 seu
2850 4376 3181 4438 transitum
3207 4376 3287 4438 ab
3308 4391 3432 4436 uno
3453 4371 3531 4432 ad
3554 4360 3748 4428 alium?
3815 4375 3816 4460 }

2228 4469 2520 4532 Nonnulli
2551 4473 2810 4532 censent
2832 4470 3184 4550 probabile,
3216 4469 3491 4550 potuisse
3512 4460 3750 4524 animam

2230 4564 2450 4624 Christi
2495 4582 2621 4625 uno
2666 4571 2730 4626 et
2768 4564 2991 4626 eodem
3026 4572 3168 4627 actu
3211 4556 3605 4640 contemplari
3643 4563 3749 4610 om·
3815 4597 3816 4642 1

2229 4656 2335 4718 nia
2361 4656 2607 4738 objecta
2634 4657 2824 4738 hujus
2856 4659 3131 4720 scientiae
3150 4705 3165 4730 ,
3199 4658 3368 4738 quod
3398 4655 3603 4716 censet
3627 4659 3749 4726 pro·

2227 4750 2438 4812 babile
2479 4751 2739 4826 Marsil.,
2770 4751 2835 4814 in
2880 4753 2941 4824 3,
2989 4757 3206 4832 quaest.
3265 4753 3362 4824 10,
3406 4741 3647 4809 articulo
3674 4753 3748 4796 se·
3815 4763 3816 4814 3

2230 4845 2461 4920 cund0,
2490 4851 2711 4924 quarta
2753 4851 2931 4924 parte
2970 4845 3155 4919 illius,
3182 4842 3558 4908 conclusion.
3580 4840 3614 4898 2
3633 4831 3747 4900 et32

2230 4939 2375 5019 quia
2419 4939 2550 5000 haec
2601 4939 2901 5019 perfectio
2942 4957 3153 5018 neque
3210 4945 3307 5002 est
3350 4925 3743 5015 impossibilis,

2230 5051 2349 5094 nec
2380 5031 2623 5094 excedit
2652 5033 2875 5095 Christi
2902 5035 3219 5108 meritum,
3254 5051 3365 5097 seu
3394 5027 3741 5110 dignitatem3

2232 5133 2295 5187 et
2326 5127 2473 5186 hinc
2504 5125 2574 5187 fit
2601 5127 2927 5206 probabile
2950 5177 2969 5200 ,
3018 5135 3086 5191 nt
3123 5129 3187 5189 in
3228 5129 3348 5189 hoc
3386 5131 3521 5186 actu
3548 5113 3747 5199 perfec‘

2232 5220 2495 5295 tissimo,
2545 5226 2607 5283 et
2651 5221 2977 5303 adaequato
3014 5225 3159 5284 huic
3206 5221 3496 5294 scientiae,
3536 5219 3746 5311 semper

2234 5321 2372 5378 actu
2405 5321 2782 5394 perseveret.
2835 5317 2957 5379 Sed
2986 5317 3050 5378 id
3071 5363 3087 5392 ,
3120 5319 3289 5396 quod
3316 5317 3445 5378 haec
3476 5308 3745 5372 sententla

2236 5409 2552 5488 supponit,
2579 5408 2827 5472 difficile
2855 5411 3094 5474 creditu
3121 5417 3237 5487 est,
3268 5405 3631 5475 considerata
3656 5409 3743 5454 na·

2234 5507 2374 5564 tura
2406 5501 2594 5584 hujus
2624 5503 2914 5568 scientiae.
2948 5505 3023 5567 Et
3046 5505 3133 5568 ita
3172 5505 3302 5570 fere
3338 5495 3546 5580 reliqui
3570 5489 3743 5553 Theo-
