3892 6167
640 336 759 399 802

644 436 1072 519 pu=aesciuditur
1098 480 1113 509 ‚
1164 436 1269 497 illa
1302 434 1581 496 adoratio
1612 438 1705 495 est
1732 430 1923 493 veluti
1959 432 2202 491 incom-

645 532 837 611 pleta‚
872 537 934 591 et
962 530 1139 608 quasi
1169 546 1309 607 pars
1336 528 1611 601 alterius,
1658 526 1817 587 sicut
1848 525 2203 585 humanitas

644 622 781 703 ipsa
810 622 1261 701 incompletum
1288 621 1599 700 objectum
1632 626 1764 690 est;
1790 626 1852 681 et
1871 619 2016 679 ideo
2043 618 2204 679 sicut

644 734 793 797 pars
822 722 887 777 et
914 722 1111 777 totum
1148 732 1277 776 nou
1326 720 1473 774 sunt
1503 713 1629 774 duo
1676 712 2074 793 simpliciter,
2117 712 2200 772 ita

642 827 852 890 neque
877 807 999 870 illas
1034 812 1181 869 sunt
1208 806 1349 867 duoe
1382 806 1783 868 adorationes
1814 804 2197 884 simpliciter,

646 904 761 967 sed
800 903 1002 965 solum
1042 902 1387 963 secundum
1419 900 1569 980 qnid
1597 922 1614 975 ;
1648 900 1807 961 sicut
1830 900 2108 960 Christus
2141 902 2204 959 et

644 996 1005 1059 humanitas
1034 996 1169 1074 ejus
1194 1012 1324 1055 non
1356 999 1501 1054 sunt
1528 993 1653 1053 duo
1678 991 2062 1071 simpliciter,
2089 992 2203 1052 scd

646 1090 993 1155 secundum
1027 1088 1199 1167 quid.
1232 1087 1601 1165 Quanquam
1622 1130 1641 1161 ‚
1670 1092 1737 1148 ut
1762 1085 1917 1157 dixi,
1945 1084 2200 1164 quando

645 1182 919 1247 Concilia
944 1183 1289 1261 loquuntur
1320 1179 1401 1241 de
1430 1198 1557 1240 una
1584 1178 1952 1241 adoratione
1980 1178 2200 1241 Christi

644 1278 754 1341 Dei
784 1284 847 1339 et
874 1276 1178 1347 hominm,
1211 1276 1411 1335 solum
1440 1266 1712 1335 tractant
1738 1271 1819 1332 de
1860 1272 2110 1352 propria
2139 1276 2202 1332 et

645 1369 956 1450 completa
984 1368 1384 1443 adoratione,
1430 1382 1574 1445 quas
1615 1365 1697 1427 ad
1727 1382 2063 1445 personam
2098 1382 2202 1426 re-

640 1464 865 1539 fertur,
905 1462 986 1525 de
1025 1480 1153 1541 qua
1195 1460 1513 1540 quomodo
1550 1476 1679 1520 una
1710 1459 1811 1535 sit,
1842 1460 2076 1521 dictum
2105 1465 2199 1521 est

643 1558 921 1621 sectione
964 1554 1363 1635 praecedenti.
1416 1556 1514 1615 An
1555 1570 1705 1614 vero
1754 1559 1985 1633 pra’ter
2033 1551 2200 1615 hanc

640 1652 1019 1731 completam
1074 1648 1513 1711 adorationem
1554 1647 1753 1727 possit
1807 1648 2193 1721 humanitas,

644 1744 903 1827 praecise
932 1749 1259 1823 concepta,
1301 1742 1480 1821 quasi
1508 1741 1883 1820 incompleta
1922 1740 2195 1813 adorari,

644 1846 816 1903 etan
861 1839 999 1899 haec
1042 1836 1321 1898 adoratio
1350 1836 1429 1897 sit
1456 1834 1666 1915 aliquo
1692 1834 1879 1896 modo
1906 1834 2198 1895 distincta

642 1932 724 1995 ab
756 1932 885 2006 illa,
906 1930 1063 1991 nihil
1085 1927 1357 1993 Concilia
1380 1932 1746 1999 tractarunt,
1770 1928 1916 2006 quia
1940 1926 2022 1988 ad
2049 1926 2200 2008 dog-

642 2034 812 2091 mata
841 2024 991 2086 fidei
1036 2039 1163 2084 non
1209 2020 1581 2103 pertinebat.
1613 2022 1689 2083 Et
1716 2038 1832 2103 per
1871 2019 2006 2081 hoec
2047 2022 2199 2082 satis

640 2134 1013 2200 responsum
1044 2117 1245 2179 estad
1268 2134 1339 2178 ea
1372 2132 1511 2195 qnae
1540 2132 1617 2176 ex
1644 2114 1915 2175 Concilio
1955 2116 2002 2173 V
2043 2115 2200 2175 Con-

640 2217 857 2286 stant„
884 2216 947 2273 et
974 2228 1052 2274 ex
1074 2209 1326 2290 Cyrillo,
1361 2210 1425 2270 in
1456 2208 1579 2269 fine
1618 2207 1782 2268 illius
1813 2208 2192 2288 argumenti,

640 2304 1058 2368 adducuntur.

718 2402 821 2463 37.
848 2399 946 2461 Ad
968 2399 1237 2480 primam
1276 2396 1817 2461 confirmationem
1856 2416 1931 2459 ex
1959 2398 2062 2459 vn
2087 2399 2202 2477 Sy·-

638 2494 809 2557 nodo
851 2492 1269 2575 respondetur
1310 2508 1387 2554 ex
1417 2491 1709 2571 superius
1756 2491 1937 2553 dictis
1959 2534 1979 2566 ‚
2029 2490 2201 2553 aliud

638 2606 779 2652 esse
826 2588 1103 2651 dividere
1128 2630 1144 2659 ,
1202 2584 1371 2648 aliud
1424 2604 1562 2647 esse
1616 2585 2035 2665 praescindere
2083 2603 2200 2646 seu

640 2683 963 2763 prmcisive
990 2679 1379 2742 abstrahere.
1410 2680 1563 2741 Nam
1593 2677 1869 2740 dividere
1900 2678 2066 2739 idem
2105 2684 2202 2741 est

640 2776 813 2857 quod
841 2792 1155 2855 separare,
1194 2780 1255 2835 et
1282 2772 1573 2853 negando
1600 2772 1966 2835 abstrahere
1999 2790 2200 2834 unum

642 2872 723 2933 ab
756 2868 881 2931 alio
901 2885 923 2947 3
956 2866 1369 2949 praescindere
1408 2873 1618 2928 autem
1671 2867 1875 2927 solum
1920 2872 2012 2928 est
2049 2884 2201 2927 con-

641 2962 918 3026 siderare
946 2978 1141 3023 unum
1180 2978 1307 3021 non
1340 2959 1801 3021 considerando
1828 2959 2023 3021 aliud.
2061 2960 2200 3020 Hae-

640 3056 817 3119 retici
846 3072 999 3134 ergo
1018 3100 1032 3127 ‚
1062 3054 1171 3134 qui
1205 3054 1530 3127 dicebant,
1558 3071 1671 3132 per
1695 3052 2037 3130 imaginem
2068 3054 2204 3115 Sal-

639 3150 895 3220 vatoris,
926 3154 1477 3226 repraesentantem
1526 3163 1673 3207 eum
1724 3152 1790 3207 ut
1835 3146 2198 3217 hominem,

642 3242 834 3305 dividi
862 3243 1315 3303 humanitatem
1342 3260 1380 3301 a
1402 3238 1749 3314 divinitate,
1784 3238 2205 3318 loquebantur

641 3336 897 3418 proprie
924 3335 1003 3397 de
1032 3334 1333 3397 divisione
1356 3334 1682 3411 negativa;
1710 3332 2005 3395 volebant
2031 3334 2198 3395 enim

648 3448 723 3492 ex
749 3431 807 3492 vi
842 3428 983 3490 talis
1012 3427 1303 3508 imaginis
1334 3426 1768 3508 repraesentari
1792 3424 2104 3489 Christum
2133 3428 2204 3487 ut

641 3540 867 3601 purum
904 3520 1257 3594 homiuem,
1300 3526 1370 3582 ut
1410 3538 1666 3581 causam
1716 3519 2072 3581 invenirent
2118 3519 2200 3582 ad

641 3614 1049 3695 rejiciendam
1091 3614 1281 3676 talem
1325 3614 1689 3692 imaginem.
1728 3614 1807 3673 Et
1845 3612 1966 3673 hoc
2009 3612 2197 3675 modo

640 3714 809 3771 recte
836 3707 987 3768 dicit
1012 3706 1355 3768 Concilium
1385 3752 1401 3781 ,
1434 3724 1549 3786 per
1590 3704 1947 3785 hujusmodi
1977 3703 2200 3785 imagi-

642 3818 789 3863 nem
824 3818 947 3861 nou
995 3795 1187 3861 dividi
1225 3798 1677 3860 humanitatem
1710 3816 1747 3859 a
1776 3798 2003 3873 Verbo,
2039 3799 2198 3860 sicut

641 3880 771 3955 no‘n
799 3892 1095 3955 dividitur
1112 3908 1337 3972 corpus
1360 3892 1443 3953 ab
1465 3891 1699 3963 anima,
1722 3892 1977 3970 quando
2006 3892 2196 3953 homo

643 3984 991 4049 secundnm
1030 3984 1297 4064 figuram
1350 3984 1629 4064 corporis
1670 3986 1732 4045 in
1784 3985 2056 4062 imagine
2103 4002 2199 4047 re-

641 4084 1077 4161 praeseutatur;
1126 4086 1187 4142 et
1226 4080 1290 4141 in
1340 4078 1461 4141 hoc
1508 4096 1734 4155 sensu,
1776 4080 1964 4141 etiam
2011 4078 2061 4139 si
2117 4078 2199 4140 ad

642 4174 871 4235 mentis
900 4172 1341 4252 cogitationem
1369 4172 1489 4234 hoc
1520 4171 1928 4247 extendatur,
1975 4188 2197 4233 verum

644 4272 892 4329 estnon
916 4282 1099 4345 posse
1134 4264 1324 4327 dividi
1359 4264 1815 4327 humanitatem
1849 4283 1887 4325 a
1915 4264 2198 4325 divinita-

642 4368 730 4437 te,
761 4360 825 4421 id
852 4364 987 4433 est,
1018 4364 1087 4419 ut
1128 4364 1419 4437 separata
1446 4357 1730 4435 cogitari,
1762 4357 2080 4437 negando,
2109 4358 2198 4417 vi-

643 4453 892 4528 delicet,
932 4468 1074 4513 eam
1116 4468 1253 4513 esse
1290 4452 1527 4512 unitam
1556 4449 1784 4511 Verbo.
1826 4452 2022 4511 Secus
2049 4470 2197 4512 vero

645 4555 742 4609 est
768 4546 847 4608 de
872 4544 1290 4607 abstractione
1320 4544 1637 4624 proecisiva
1659 4589 1675 4618 ,
1707 4543 1771 4605 in
1800 4561 1925 4623 qua
1956 4544 2197 4605 nullum

646 4647 745 4703 est
774 4638 1199 4701 mendacium.
1246 4638 1463 4716 Neque
1494 4642 1743 4715 oportet
1782 4636 1847 4698 in
1888 4636 2006 4699 hoc
2043 4638 2198 4717 figu-

642 4750 779 4795 ram
821 4732 1179 4795 sensibilem
1228 4730 1619 4809 conceptioni
1661 4728 1888 4791 mentis
1922 4731 2198 4810 aequipa-

644 4842 808 4900 rare,
851 4825 999 4905 quia
1029 4822 1226 4885 multo
1264 4823 1551 4884 subtilior
1576 4827 1671 4883 est
1697 4823 1992 4901 cogitatio
2021 4840 2199 4885 men·-

644 4920 749 4995 tis‚
780 4934 921 4997 quas
969 4922 1175 4997 potest
1215 4918 1405 4978 etiam
1446 4914 1845 4977 indivisibilia
1876 4914 2192 4994 dividere;

644 5011 1051 5075 nihilominus
1109 5012 1413 5072 nonnulla
1464 5017 1559 5072 est
1614 5010 1949 5074 similitudo
1971 5056 1990 5086 ‚
2046 5030 2190 5073 nam

648 5107 837 5167 etiam
874 5122 987 5185 per
1022 5104 1363 5183 imaginem
1410 5104 1769 5165 sensibilem
1816 5104 2036 5166 Christi
2078 5107 2198 5166 ho-

644 5200 829 5259 minis
848 5204 1329 5276 repraesentatur
1350 5214 1639 5277 expresse
1666 5199 2015 5259 humanitas
2035 5200 2194 5279 eine,

644 5310 775 5353 non
804 5309 951 5353 vero
980 5290 1289 5352 divinitae.
1316 5290 1510 5365 Unde,
1534 5290 1679 5351 licet
1708 5308 1830 5351 non
1858 5310 2198 5371 repraesen-

645 5392 815 5448 tetur
844 5385 1201 5447 humanitas
1226 5394 1513 5464 separata
1542 5402 1657 5447 seu
1688 5384 1887 5447 divisa
1914 5404 1954 5447 a
1983 5384 2198 5447 divini-

650 5486 798 5555 tate,
823 5478 944 5541 dici
975 5486 1183 5541 tamen
1212 5484 1419 5558 potest
1450 5478 1883 5559 repraesentari
1912 5481 2192 5559 praecise,

1857 328 2092 391 Quam:
2129 328 2276 381 XXV.
2311 330 2528 384 annu:
2547 332 2606 384 11.

2283 438 2596 511 quatenus
2617 432 2829 512 imago
2865 433 2951 492 ita
2979 432 3305 496 estsimilis
3331 435 3652 523 humanitati,
3667 466 3712 517 ut

2283 544 2410 587 nou
2453 526 2530 586 sit
2557 526 2774 587 similis
2817 525 3142 600 divinitati,
3175 546 3529 609 quanquam,
3553 558 3714 621 suppo.

2286 620 2400 681 sita
2415 620 2562 691 fide,
2583 625 3031 699 repraesentata
3063 619 3166 679 illa
3197 620 3559 703 humanitate,
3575 634 3714 714 impii.

2285 713 2404 773 cite
2432 712 2613 773 nobis
2633 718 3116 792 repraesentetur
3133 714 3450 793 conjuncta
3477 720 3710 805 divinitati,

2282 806 2432 885 quia
2461 806 2772 867 credimus
2803 806 2892 867 ita
2926 804 3190 867 existere
3209 852 3224 878 ‚
3271 826 3594 893 semperque
3613 826 3713 885 exn.

2285 900 2452 965 tisse.
2483 898 2776 972 Quamvis
2808 906 3020 961 autem
3049 898 3258 961 hocin
3283 904 3452 965 reita
3471 908 3555 982 sit,
3580 922 3716 988 potest

2283 1010 2463 1055 mens
2505 998 2720 1055 nostra
2764 1010 2895 1055 nou
2943 1010 3192 1072 semper
3239 993 3304 1055 id
3349 999 3610 1078 cogitare,
3645 1014 3716 1073 sed

2279 1104 2478 1149 unum
2508 1088 2589 1151 ab
2617 1087 2741 1150 alio
2769 1086 3212 1168 praescindere.

2361 1186 2462 1245 38.
2484 1182 2579 1244 Ad
2599 1181 2944 1243 secundam
2972 1180 3488 1249 confirmationem
3505 1198 3716 1265 concedo,

2279 1277 2446 1339 hanc
2474 1277 2856 1337 locutionem
2887 1292 3028 1336 esse
3071 1277 3446 1339 verissimam
3471 1302 3486 1341 t
3513 1266 3720 1350 Humaniss

2281 1378 2378 1433 tas
2410 1370 2708 1431 adoratur
2729 1374 2985 1449 propter
3009 1370 3309 1442 Verbum,
3331 1374 3464 1450 quia
3481 1375 3534 1435 in
3549 1396 3608 1438 ea
3621 1383 3718 1445 nibil

2281 1466 2451 1527 aliud
2501 1464 2908 1545 significatur,
2941 1480 3130 1542 quam
3161 1463 3426 1525 Verbum
3453 1484 3564 1530 esse
3600 1477 3722 1537 ratic-

2279 1576 2424 1620 nem
2453 1556 2761 1619 adorandi
2801 1556 3286 1631 humanitatem,
3325 1558 3480 1635 quod
3501 1568 3576 1623 est
3595 1570 3720 1629 reiis.

2279 1654 2531 1728 simum,
2575 1668 2704 1712 non
2746 1650 2950 1711 solum
2979 1650 3042 1709 iu
3085 1649 3208 1711 hoc
3247 1650 3552 1731 improprio
3585 1666 3630 1719 ct
3651 1662 3721 1723 im-

2283 1746 2558 1827 perfecto
2601 1742 2791 1806 modo
2841 1741 3169 1814 adorandi,
3201 1758 3325 1820 quo
3369 1745 3653 1813 humanitas
3683 1755 3718 1816 in

2282 1838 2594 1899 abstracto
2623 1837 2878 1907 colitur,
2911 1834 3026 1897 sed
3059 1834 3249 1897 etiam
3277 1836 3460 1898 inilia
3499 1845 3722 1919 perfectis

2281 1932 2438 1993 sima
2465 1930 2855 2006 adoratione,
2881 1946 3030 2009 qna,
3059 1929 3216 1991 dum
3253 1930 3530 1993 Christum
3551 1943 3600 1996 et
3621 1939 3720 2001 Ver-

2277 2025 2428 2086 bum
2474 2024 2836 2099 adoramus‚
2867 2024 3063 2103 ipsius
3097 2023 3492 2087 coadoramus
3521 2028 3720 2093 humani-

2277 2126 2509 2191 tatem3
2543 2136 2690 2181 nam
2723 2124 2853 2179 tota
2884 2118 3040 2178 ratio
3071 2118 3156 2180 ob
3195 2134 3380 2197 quam
3417 2120 3637 2184 adoratio
3656 2127 3718 2187 illa

2277 2213 2592 2275 redundat
2617 2213 2684 2273 in
2734 2210 3192 2299 humanitatem
3214 2258 3230 2287 ,
3259 2220 3354 2275 est
3393 2215 3628 2288 Verbum,
3657 2226 3717 2282 cui

2279 2306 2614 2385 conjuncta
2643 2312 2737 2367 est
2749 2320 2769 2382 ;
2803 2304 2892 2367 sic
2921 2305 3236 2381 Damaso„
3277 2306 3316 2365 1.
3348 2308 3407 2382 4,
3449 2325 3497 2369 c.
3523 2310 3590 2372 3:
3627 2312 3720 2376 Cart

2277 2398 2518 2483 (inquit)
2539 2404 2754 2478 suapte
2771 2399 3006 2479 quidem
3026 2404 3258 2462 natm-a
3274 2401 3500 2463 minime
3511 2404 3718 2469 Morunda

2279 2500 2390 2569 eet,
2433 2508 2638 2555 vorum
2669 2493 2738 2554 in
2783 2492 3106 2555 incarnato
3137 2493 3261 2554 Deo
3305 2492 3468 2558 Voveo
3503 2496 3715 2575 adoratur,

2277 2602 2398 2649 non
2425 2584 2656 2666 quidem
2683 2583 2748 2647 vi
2771 2602 2918 2658 aaa,
2949 2586 3056 2647 sed
3073 2585 3142 2647 ob
3169 2585 3358 2648 Deum
3402 2585 3618 2661 Verbum,
3634 2608 3719 2668 per-

2279 2680 2572 2743 sonaliter
2595 2678 2723 2757 ipsi
2747 2680 3134 2759 copelatnm;
3159 2682 3226 2740 et
3241 2678 3302 2739 id
3326 2678 3566 2740 declarat
3584 2698 3716 2743 exem·

2278 2774 2384 2852 plo
2415 2772 2560 2833 ferri
2589 2771 2807 2849 igniti,
2837 2772 3006 2851 quod
3038 2776 3304 2851 tangere
3340 2788 3454 2833 non
3490 2773 3710 2848 audemus,

2277 2885 2408 2927 non
2431 2873 2685 2945 propter
2701 2884 2788 2940 se,
2807 2864 2920 2927 sed
2937 2873 3197 2945 propter
3210 2872 3546 2945 conceptum
3562 2868 3712 2945 ignem.

2280 2960 2454 3022 Idem
2477 2960 2852 3021 sumitur'ex
2883 2959 3022 3021 aliis
3051 2959 3340 3021 Patribus
3365 2960 3594 3021 sectione
3616 2980 3715 3039 pra-

2283 3053 2528 3115 cedeuti
2559 3053 2784 3115 citatis,
2818 3052 3034 3133 Neque
3081 3060 3304 3114 contra
3345 3054 3452 3113 hoc
3477 3040 3716 3131 ‘quicquam

2283 3146 2532 3207 obstant
2563 3145 2752 3207 verba
2805 3146 2992 3207 citata
3039 3164 3117 3208 ex
3150 3164 3252 3225 ep.
3283 3148 3358 3209 ⁴0
3385 3146 3582 3227 cyrilli,
3607 3166 3712 3210 nam.

2283 3244 2354 3301 ut
2375 3256 2544 3319 saepe
2575 3238 2725 3313 dixi,
2748 3238 2834 3299 ibi
2863 3256 2992 3301 non
3021 3245 3118 3300 est
3143 3256 3350 3301 sermo
3377 3240 3448 3300 de
3473 3240 3715 3300 humanita-

2279 3340 2364 3407 te,
2403 3333 2516 3394 sed
2557 3332 2638 3393 de
2677 3332 2955 3403 homine,
2991 3332 3100 3413 qui
3142 3333 3225 3393 sit
3265 3334 3414 3394 alter
3439 3352 3472 3394 a
3497 3333 3712 3405 Verb0,et

2280 3442 2408 3505 quo
2440 3424 2718 3487 Verbum
2773 3424 3062 3486 indutum
3087 3425 3295 3500 fuerit,
3331 3424 3482 3505 quod
3505 3424 3607 3486 fieri
3637 3444 3712 3484 non

2280 3520 2605 3599 potuisset,
2637 3518 2756 3580 nisi
2797 3518 3172 3581 accidentali
3199 3520 3422 3581 unione
3447 3528 3502 3580 et
3527 3518 3716 3580 denomi-

2281 3610 2556 3673 natione.
2587 3612 2659 3673 Et
2686 3614 2869 3688 ratic,
2897 3629 3086 3691 quam
3125 3613 3334 3674 statim
3377 3612 3595 3693 Cyrinus
3623 3612 3715 3671 sub-

2271 3704 2504 3786 jungit.
2535 3705 2656 3768 hoc
2681 3708 2834 3771 satis
2860 3706 3161 3776 declarat,
3194 3706 3470 3767 nimirum
3489 3750 3505 3779 ‚
3528 3706 3632 3785 quia
3647 3703 3714 3781 qni

2280 3802 2398 3863 hoc
2431 3800 2620 3861 modo
2644 3800 2942 3880 loquitur,
2973 3801 3299 3861 hominem
3325 3818 3362 3861 a
3383 3802 3498 3861 Deo
3525 3799 3687 3859 dividit.

2364 3896 2463 3957 39.
2511 3894 2779 3958 Petrum
2808 3894 3154 3958 testimonia
3185 3898 3547 3975 exponuntur.
3569 3926 3627 3941 -
3645 3894 3714 3953 Su-

2278 3993 2490 4067 perest
2519 3994 2588 4049 ut
2627 3987 3122 4067 respondeamus
3151 3988 3232 4048 ad
3270 3986 3572 4049 testimonia
3595 3986 3716 4046 Sanc-

2279 4085 2507 4141 torum.
2537 4081 2630 4143 Ad
2659 4083 2944 4142 Damaso.
2974 4080 3406 4160 respondetur,
3431 4078 3715 4141 verissimum

2277 4191 2441 4249 esse,
2463 4174 2739 4236 Verbum
2771 4174 3166 4236 incarnatum
3196 4175 3262 4235 in
3289 4174 3486 4235 eadem
3507 4188 3614 4232 esse
3633 4170 3716 4246 glo·

2275 4267 2371 4329 ria
2413 4284 2558 4329 cum
2589 4269 2802 4344 Patre,
2831 4274 2894 4329 et
2935 4286 3194 4329 earnem
3239 4268 3370 4347 ejus
3394 4266 3465 4328 ad
3487 4264 3714 4345 partit-ipr-

2276 4362 2510 4423 tionem
2537 4361 2820 4442 ejusdem
2845 4362 3014 4423 sedis
3041 4378 3184 4423 esse
3209 4355 3714 4432 subvectam,etideu

2280 4474 2404 4516 una
2426 4454 2790 4519 adoratione
2811 4456 2931 4518 coli
2952 4474 3094 4517 cum
3115 4453 3510 4537 ipso‚quand0
3527 4449 3713 4511 Verbum

2277 4549 2485 4629 ipsum
2524 4550 2917 4611 incarnatum
2957 4549 3256 4611 adoratur
3268 4572 3288 4624 ς
3325 4550 3433 4609 hoc
3476 4549 3634 4606 autem
3659 4538 3710 4599 nil

2276 4643 2539 4722 impedit
2565 4643 2903 4723 quominus
2953 4644 3148 4723 possit
3191 4640 3516 4705 humanitas
3555 4634 3708 4713 cogita-

2275 4734 2449 4797 tione
2490 4737 2844 4815 proescindi,
2879 4742 2947 4799 ut
2974 4738 3240 4817 ipsemet
3283 4737 3531 4797 Damaso.
3556 4726 3706 4789 ibidem

2275 4827 2527 4903 fatetur,
2555 4830 2808 4892 dicens:
2849 4830 2932 4895 Si
2958 4832 3176 4894 subtili
3207 4829 3528 4911 capitatione
3547 4824 3598 4884 fd
3612 4816 3712 4901 Μ

2279 4924 2346 4986 in
2371 4922 2569 4985 amalos
2593 4922 2883 4999 incurrit,
2909 4926 2984 4988 ab
3009 4942 3072 4987 eo
3099 4926 3257 5006 quod
3272 4924 3454 4987 auimo
3475 4922 3647 4981 tantm
3664 4926 3708 4971 ιθ

2279 5016 2511 5080 ratione
2562 5018 2940 5097 intelliyitur
2964 5064 2981 5093 ,
3037 5020 3420 5088 distinavit:
3455 5029 3558 5075 non
3598 5006 3705 5067 enim

2277 5111 2444 5171 hanc
2471 5111 2954 5173 conditionalem
2983 5111 3192 5191 posuit
3221 5117 3286 5171 nt
3319 5110 3629 5172 constantem
3657 5112 3704 5156 εἱ

2277 5203 2614 5283 hypothesi
2642 5206 3048 5284 impossibili,
3083 5206 3193 5267 sed
3249 5206 3420 5284 plane
3441 5206 3502 5260 nt
3529 5191 3704 5277 {unibi-

2279 5297 2403 5358 lem
2445 5316 2521 5359 ex
2563 5300 2792 5361 mentis
2837 5300 3151 5362 acumine.
3189 5298 3332 5361 Ideo
3375 5294 3515 5358 enim
3545 5282 3702 5349 addidit

2277 5391 2455 5465 illud,
2487 5394 2700 5457 subtili
2729 5396 3110 5476 coqitatiom.
3140 5412 3284 5455 uam
3307 5390 3354 5453 si
3379 5390 3446 5453 dc
3477 5404 3531 5449 rc
3550 5384 3703 5460 impos·

2277 5482 2462 5563 sibili,
2494 5492 2604 5549 aut
2625 5504 2766 5567 quas
2791 5488 2871 5550 de
2894 5486 3058 5551 fucta
3089 5502 3392 5568 nunquam
3415 5482 3520 5557 fiat,
3547 5476 3698 5549 loque-
3770 5556 3771 5571 ἶ
