3892 6167
515 372 640 435 120

515 477 736 542 menti.
763 476 1127 541 Necessaria
1155 490 1310 554 ergo
1325 480 1422 538 est
1435 475 1634 538 virtus
1655 473 1993 537 intrinseca
2016 474 2085 535 in

516 572 647 644 illo,
681 571 770 633 sic
800 570 960 631 adeo
985 574 1076 645 ut,
1111 569 1161 630 si
1193 568 1326 630 haec
1351 569 1548 630 virtus
1581 568 1661 631 sit
1688 568 1898 647 aliqua
1927 582 2085 645 qua-

516 666 660 727 litas
685 664 1006 725 inhaerens
1032 663 1175 742 ipsi,
1202 662 1556 743 subjectum
1577 662 1740 723 illius
1763 662 2083 740 qualitatis

515 758 718 821 solum
747 757 928 837 quasi
971 755 1380 818 materialiter
1415 756 1858 819 denominetur
1885 774 2083 835 agens

518 857 584 914 et
609 852 1131 924 instrumentum,
1163 850 1324 911 sicut
1361 866 1526 929 aqua
1555 850 1756 911 calida
1797 849 2083 912 denomi-

517 950 710 1007 natur
733 943 1140 1017 calefaciens;
1179 943 1232 1005 si
1257 948 1470 1005 autem
1501 942 1605 1005 illa
1631 944 1830 1005 virtus
1871 943 1951 1004 sit
1987 943 2081 1022 ip-

518 1046 722 1101 samet
747 1040 974 1101 entitas
1001 1039 1424 1116 instrumenti,
1471 1043 1621 1101 tunc
1647 1036 2077 1117 propriissime

519 1146 594 1195 ac
620 1132 894 1193 maxime
921 1150 1042 1212 per
1073 1150 1140 1194 se
1167 1132 1366 1213 possit
1393 1131 1534 1194 talis
1562 1132 1788 1195 entitas
1809 1130 2079 1194 influere

519 1230 591 1289 ut
613 1242 832 1288 verum
859 1226 1368 1289 instrumentum.

600 1321 700 1383 30.
747 1320 928 1391 Quod
976 1322 1162 1383 tertio
1211 1322 1300 1384 ita
1347 1320 1706 1383 declaratur
1727 1366 1744 1394 ,
1783 1322 1932 1401 quia
1978 1320 2079 1382 vel

517 1415 700 1485 actio,
729 1430 854 1493 qua
879 1414 946 1475 fit
963 1412 1224 1477 effectus
1245 1414 1606 1495 principalis
1629 1414 1896 1495 agentiS,
1928 1432 2081 1495 pen-

515 1509 624 1570 det
665 1508 1030 1570 immediate
1071 1508 1154 1569 ab
1192 1509 1452 1571 entitate
1492 1510 1935 1584 instrumenti,
1979 1508 2081 1570 vel

515 1618 670 1677 non,
705 1600 820 1663 sed
849 1620 886 1663 a
913 1602 1046 1663 sola
1075 1601 1306 1683 virtute
1342 1602 1618 1665 increata
1645 1602 1780 1665 Dei.
1829 1602 1963 1663 Hoc
1986 1619 2079 1663 se-

515 1694 794 1757 cundum
823 1694 944 1760 dici
969 1712 1099 1756 non
1119 1701 1351 1773 potest,
1377 1696 1534 1757 alias
1553 1694 1680 1759 tale
1703 1696 2081 1758 instrumen-

516 1794 650 1849 tum
679 1806 903 1850 revera
931 1805 1062 1850 non
1087 1796 1184 1851 est
1205 1806 1432 1868 agens,
1465 1789 1568 1852 vel
1591 1790 1893 1862 activum,
1930 1808 2076 1852 cum

511 1878 577 1940 in
601 1898 670 1941 se
693 1880 852 1941 nihil
879 1881 1107 1943 habeat
1135 1898 1328 1961 aquo
1357 1884 1518 1945 actio
1545 1882 1842 1963 pendeat.
1877 1883 1942 1945 Si
1970 1900 2081 1945 an-

513 1978 642 2035 tem
679 1974 924 2037 dicatur
957 1976 1230 2055 primum
1253 2020 1270 2048 ,
1309 1994 1570 2037 necesse
1601 1980 1696 2037 est
1719 1981 1790 2037 ut
1809 1977 1876 2036 in
1905 1976 2075 2055 ipsa-

512 2073 646 2129 met
689 2068 944 2130 entilate
992 2070 1390 2131 instrumenti
1427 2070 1508 2131 sit
1547 2069 1784 2149 aliquid
1823 2069 2077 2132 distinc-

511 2166 648 2221 tum
695 2178 733 2221 a
775 2164 907 2223 tota
945 2162 1195 2237 virtute,
1239 2180 1380 2241 qum
1421 2168 1518 2223 est
1559 2162 1623 2223 in
1669 2164 1825 2240 Deo,
1871 2182 1907 2224 a
1947 2182 2074 2243 quo

508 2252 706 2334 possit
747 2254 887 2317 talis
929 2256 1088 2317 actio
1133 2256 1328 2318 fluere
1365 2262 1428 2318 et
1454 2256 1769 2337 pendere3
1806 2258 1975 2336 quia,
2007 2262 2079 2317 ut

508 2346 744 2409 dictum
775 2356 892 2422 est,
925 2356 1095 2412 actus
1117 2350 1436 2411 secundus
1459 2351 1758 2430 supponit
1775 2350 2074 2431 primum,

509 2446 576 2502 et
613 2441 776 2502 actio
819 2446 1232 2521 potestatem3
1265 2460 1420 2523 ergo
1469 2443 1613 2517 hoc,
1659 2443 1832 2523 quod
1875 2450 1973 2506 est
2012 2444 2078 2504 in

508 2534 618 2596 tali
648 2535 906 2599 entitate
934 2538 1353 2614 instrumenti,
1383 2555 1528 2599 curn
1556 2537 1634 2599 de
1657 2554 1822 2598 novo
1845 2554 1976 2599 non
2000 2536 2079 2598 sit

510 2627 578 2688 in
609 2626 713 2689 illa
735 2672 756 2703 ,
795 2632 1150 2693 necessario
1179 2631 1556 2711 supponitur
1581 2631 1646 2691 in
1675 2631 1898 2693 eadem
1929 2636 2079 2693 ante

513 2738 769 2781 omnem
799 2722 1213 2785 elevationem
1242 2742 1356 2786 seu
1385 2724 1965 2787 subordinationem
1994 2726 2077 2787 ad

507 2816 710 2875 Deum
758 2822 826 2876 ut
867 2817 1270 2895 principalem
1315 2824 1612 2897 agentem
1636 2840 1657 2894 ς
1703 2818 1822 2879 hoc
1861 2823 2077 2880 autem

507 2907 680 2985 quod
701 2908 770 2969 in
791 2910 901 2971 tali
925 2909 1184 2971 entitate
1208 2910 1604 2991 suppo-nitur,
1631 2928 1928 2973 vocamus
1945 2911 2075 2975 vim

507 3002 768 3063 activam
797 3022 814 3073 ς
845 3003 994 3081 quia
1019 3005 1116 3065 vis
1143 3003 1347 3066 activa
1375 3003 1532 3065 nihil
1557 3003 1733 3065 aliud
1759 3012 1856 3067 est
1877 3022 2075 3083 quam

509 3094 574 3156 id
621 3114 657 3156 a
699 3114 826 3179 quo
873 3102 1078 3177 potest
1121 3096 1318 3159 fluere
1365 3114 1440 3159 ac
1475 3097 1755 3179 pendere
1799 3098 1967 3161 actio
2010 3102 2081 3163 ut

509 3188 698 3251 actio.

592 3282 696 3343 31.
749 3280 1055 3356 Quidnam
1091 3283 1346 3348 elevatio
1393 3285 1506 3349 eit.
1552 3316 1636 3333 -
1671 3284 1904 3359 Quarto
1953 3288 2077 3351 hoc

507 3376 864 3438 declaratur
886 3394 963 3439 ex
993 3376 1126 3458 ipso
1151 3380 1412 3441 nomine
1447 3378 1839 3455 elevationis,
1869 3386 1936 3442 et
1966 3398 2079 3443 ex-

505 3468 798 3549 plicando
827 3470 1142 3532 rationem
1163 3471 1515 3533 atmodum
1545 3488 1674 3551 quo
1703 3472 1769 3535 in
1797 3490 2079 3553 praesen-

507 3562 553 3622 ti
593 3560 864 3640 intelligi
889 3568 1116 3642 potest.
1167 3563 1446 3625 Elevatio
1500 3564 1672 3626 enim
1721 3566 1921 3627 multa
1956 3584 2074 3629 seu

505 3652 916 3733 multiplicem
982 3663 1339 3737 respectum
1395 3657 1706 3733 includit,
1785 3658 2022 3721 seilicet
2052 3704 2073 3735 ‚

513 3746 595 3808 ad
637 3746 700 3807 id
759 3748 932 3825 quod
983 3748 1266 3813 elevatur
1294 3795 1311 3824 ‚
1357 3768 1397 3813 a
1441 3767 1568 3831 quo
1623 3750 1947 3827 elevatur,
1994 3752 2079 3813 ad

507 3838 678 3919 quod
729 3840 1014 3903 elevatur
1043 3889 1059 3915 ,
1111 3850 1179 3905 et
1229 3860 1355 3922 quo
1413 3844 1716 3909 elevatur.
1777 3846 1846 3907 Id
1907 3846 2079 3907 enim

505 3932 680 4013 qaod
709 3932 1015 4011 elevatur,
1057 3936 1394 3999 elevationi
1437 3938 1849 4017 supponitur;
1885 3945 1951 4001 et
1976 3956 2077 4001 se·

505 4026 786 4089 cundum
813 4026 880 4089 id
905 4046 1038 4091 non
1079 4036 1176 4091 est
1197 4048 1314 4110 per
1359 4031 1802 4106 elevationem,
1835 4032 1951 4093 sed
1996 4050 2076 4095 ex

503 4136 572 4181 se
597 4120 698 4181 vel
729 4118 984 4183 aliunde
1006 4122 1330 4202 proehabet
1351 4123 1590 4205 aliquid
1631 4124 1804 4205 quod
1837 4124 1922 4187 ad
1945 4124 2077 4187 ele·

504 4215 824 4277 rationem
853 4219 1266 4297 supponitur;
1301 4224 1366 4281 et
1402 4221 1524 4283 hac
1547 4222 1790 4283 ratione
1817 4238 1949 4283 non
1974 4222 2077 4283 di-

503 4306 665 4369 citur
691 4324 844 4369 vere
873 4316 1162 4373 ereatura
1190 4312 1426 4375 elevari
1443 4314 1526 4379 ad
1543 4332 1866 4391 esse,cnm
1891 4332 2077 4377 crea·

503 4404 630 4472 tur,
657 4400 806 4479 quia
835 4403 1070 4465 creatio
1097 4406 1343 4469 nullum
1381 4426 1519 4471 esse
1551 4410 1846 4489 supponit
1873 4428 1892 4482 ;
1937 4409 2074 4472 ele-

507 4492 676 4553 vatio
703 4496 914 4556 autem
941 4496 1090 4560 dicit
1116 4501 1588 4581 provectionem
1634 4502 1730 4564 rei
1767 4500 1852 4563 ad
1893 4502 2067 4564 altio·

501 4601 640 4647 rem
669 4604 784 4646 seu
831 4588 1158 4653 meliorem
1216 4600 1446 4657 statum
1471 4610 1494 4674 3
1547 4594 1716 4658 unde
1777 4596 2075 4677 supponit

508 4676 766 4756 aliquod
795 4698 955 4746 esse.
993 4686 1064 4746 et
1103 4686 1221 4749 hac
1267 4690 1512 4753 ratione
1547 4690 1712 4753 iuter
1764 4690 1943 4766 alias,
1980 4690 2067 4765 id,

503 4769 676 4848 quod
703 4790 831 4833 non
857 4782 975 4849 est,
999 4795 1127 4841 non
1157 4787 1362 4863 potest
1381 4783 1616 4847 elevari
1641 4789 1714 4847 ut
1731 4785 1810 4846 sit
1839 4784 2073 4847 instru-

501 4868 790 4927 mentum
811 4867 947 4932 Dei.
971 4872 1210 4937 Rursus
1237 4876 1411 4955 quod
1437 4878 1664 4953 elevat,
1689 4883 1786 4941 est
1813 4876 2071 4957 aliquod

501 4971 704 5035 agens
729 4963 1043 5041 superius,
1077 4970 1384 5050 superiori
1419 4972 1650 5033 virtute
1679 4988 1972 5053 operanS,
2013 4971 2065 5032 si

499 5044 584 5111 de
613 5049 896 5156 effectiva
923 5074 1000 5119 ae
1028 5059 1288 5142 physica
1317 5063 1668 5126 elevatione
1690 5066 2063 5143 loquamur;

499 5156 676 5215 nam,
705 5160 760 5205 si
789 5144 870 5208 sit
919 5166 1132 5214 sermo
1183 5154 1266 5217 de
1295 5156 1521 5219 morali
1547 5174 1662 5221 seu
1715 5158 2067 5220 extrinseca

497 5231 874 5337 elevatione,
897 5240 1006 5304 illa
1029 5262 1158 5308 non
1184 5246 1257 5311 fit
1307 5266 1419 5329 per
1447 5250 1764 5332 propriam
1793 5250 2069 5313 efficien-

497 5328 652 5388 uam
700 5328 866 5394 circa
913 5352 1051 5397 rem
1100 5355 1242 5417 quta
1295 5341 1596 5421 elevatur,
1655 5343 1770 5407 sed
1807 5344 1906 5405 vel
1951 5362 2067 5424 per

496 5419 804 5485 moralem
853 5429 1309 5508 causalitatem,
1356 5436 1457 5497 vel
1495 5454 1612 5518 per
1641 5438 2065 5501 extrinsecam

498 5509 780 5593 aliquam
825 5519 1234 5598 voluntatem,
1270 5526 1370 5591 vel
1414 5532 1926 5611 conjunctionem
1974 5531 2063 5595 al-

1753 368 1991 435 QUAEST.
2024 370 2153 425 xnt.
2188 370 2391 425 Anne.
2427 372 2511 425 lv.

2164 475 2364 537 terius
2384 492 2614 552 causoe,
2644 478 2716 537 ut
2736 473 3042 537 dicemus.
3094 476 3423 553 Praeterea,
3454 477 3729 541 elevatio

2166 568 2301 648 ipsa
2350 568 2665 629 interdum
2706 567 2777 631 fit
2802 568 2887 629 ad
2930 586 3072 631 esse
3100 576 3171 632 ut
3190 571 3315 643 sic;
3350 576 3417 633 et
3467 576 3649 645 tunc,
3676 574 3727 635 si

2166 680 2373 723 sermo
2402 662 2483 723 sit
2516 662 2595 724 de
2626 662 2962 725 intrinseca
2992 662 3345 726 elevatione
3380 664 3639 726 formali
3668 674 3729 727 et
3851 676 3853 679 ’

2163 756 2444 837 physica,
2476 756 2607 817 haec
2635 754 2707 817 fit
2751 774 2865 836 per
2908 756 3181 836 aliquam
3232 757 3503 819 formam
3550 758 3731 820 addi·
3851 818 3853 831 ,

2160 855 2293 911 tam
2312 849 2585 927 rei‚quoe
2608 849 2841 909 elevari
2858 849 3105 922 dicitur,
3136 868 3263 930 quo
3290 850 3487 913 modo
3514 851 3733 913 anima
3851 858 3853 877 ³

2162 943 2445 1007 elevatur
2460 958 2571 1021 per
2592 942 2857 1023 gratiam
2881 964 2901 1018 3
2934 943 2987 1005 si
3010 944 3265 1005 vero‘sit
3290 944 3565 1007 elevatio
3596 950 3731 1005 tan·
3854 962 3857 1003 ε

2159 1045 2293 1102 tum
2324 1038 2599 1111 moralis,
2630 1044 2739 1099 aut
2762 1056 2879 1118 per
2902 1039 3317 1101 extrinsecam
3342 1039 3729 1101 denomina-
3849 1054 3851 1056 ’

2158 1134 2421 1206 tionem,
2446 1130 2584 1193 steri
2614 1136 2820 1211 potest
2840 1148 2959 1212 per
2984 1133 3401 1195 extrinsecam
3428 1132 3727 1205 tomam,
3846 1152 3853 1160 ·

2160 1243 2271 1287 seu
2304 1225 2716 1297 voluntatem,
2748 1225 3040 1304 quamvis
3088 1226 3211 1288 hoc
3254 1242 3596 1304 nunquam
3624 1224 3729 1287 fiat
3854 1244 3857 1265 ⁴

2161 1319 2295 1381 sine
2318 1316 2687 1379 habitudine
2712 1318 2795 1379 ad
2832 1319 3110 1398 aliquam
3136 1318 3551 1383 intrinsecam
3600 1318 3728 1381 for-
3855 1346 3857 1367 ÷

2162 1428 2333 1473 mam
2360 1430 2377 1484 3
2408 1427 2535 1489 quo
2562 1410 2753 1472 modo
2786 1413 2998 1488 homo,
3024 1413 3217 1475 etiam
3252 1430 3400 1475 cum
3428 1430 3569 1475 non
3624 1412 3729 1473 ha-
3839 1416 3857 1470 ξι

2160 1504 2271 1569 het
2320 1505 2613 1584 gratiam,
2664 1522 2785 1567 nec
2810 1506 2935 1567 alia
2992 1506 3497 1586 supernaturalia
3528 1505 3726 1579 dona,
3843 1528 3857 1567 ,ε

2160 1597 2285 1659 dici
2310 1604 2517 1678 potest
2552 1598 2765 1678 aliquo
2790 1599 2979 1663 modo
3008 1601 3295 1663 elevatus
3311 1599 3399 1662 ad
3416 1617 3731 1679 superna-
3835 1622 3857 1664 :2

2160 1692 2431 1754 turalem
2457 1692 2673 1769 finem,
2702 1694 2768 1755 in
2796 1702 3107 1774 quantum
3124 1696 3207 1756 ad
3230 1695 3415 1757 illum
3440 1702 3537 1757 est
3582 1694 3731 1755 divi·
3833 1718 3843 1760 :

2156 1802 2241 1847 na
2262 1786 2584 1847 voluntate
2610 1786 2933 1849 institutus
2948 1794 3013 1853 et
3030 1788 3381 1851 ordinatus.
3400 1787 3729 1851 Interdum
3829 1773 3857 1860 Ξε

2156 1896 2307 1941 vero
2344 1885 2441 1941 est
2468 1880 2607 1941 haec
2634 1880 2903 1942 elevatio
2924 1881 3007 1943 ad
3032 1882 3433 1961 operandum
3486 1880 3731 1960 aliquid
3825 1867 3857 1944 ³1

2157 1990 2347 2053 supra
2376 1974 2543 2035 vires
2572 1973 2711 2050 ejus
2728 1975 2823 2035 rei
2852 1990 2995 2053 qum
3028 1975 3344 2049 elevatum
3374 1973 3557 2053 quod
3608 1992 3731 2035 uno
3827 1974 3857 2041 ²J=

2158 2088 2195 2131 e
2222 2067 2423 2129 trihus
2451 2066 2657 2128 modis
2673 2066 3043 2149 tleripotest.
3069 2068 3299 2137 Primo,
3318 2068 3593 2147 quando
3616 2068 3729 2143 rei,
3854 2094 3857 2133 ε

2158 2178 2297 2241 quas
2324 2159 2563 2221 nullam
2618 2160 2809 2222 habet
2846 2161 2972 2221 vim
3022 2162 3256 2241 agendi
3304 2162 3505 2223 talem
3529 2162 3733 2225 actio-
3823 2161 3857 2227 ³1

2158 2272 2333 2329 nem,
2364 2252 2619 2315 additur
2642 2259 2773 2315 tota
2800 2253 2895 2315 vis
2926 2254 3203 2333 agendi3
3234 2262 3302 2319 et
3320 2262 3479 2319 tune
3512 2272 3735 2317 neces-
3827 2289 3857 2329 ι,

2160 2348 2327 2409 sario
2354 2346 2543 2407 debet
2570 2344 2709 2408 fieri
2734 2346 3001 2409 elevatio
3046 2364 3167 2429 per
3186 2348 3465 2411 formam
3514 2348 3735 2411 intrin-

2157 2456 2391 2515 secam,
2430 2446 2503 2501 ut
2528 2439 2803 2515 ostendi,
2832 2440 2993 2503 sicut
3014 2456 3183 2520 aqua
3208 2441 3413 2533 calida
3452 2440 3586 2503 diei
3634 2458 3733 2521 po-
3854 2474 3857 2511 ÷

2162 2540 2281 2597 test
2310 2533 2541 2595 elevari
2570 2532 2653 2595 ad
2694 2532 3017 2613 agendum
3068 2552 3183 2615 per
3218 2534 3549 2607 calon-eun
3582 2534 3729 2609 imo,
3854 2568 3857 2607 1

2162 2634 2231 2689 ut
2250 2626 2487 2701 notavi,
2518 2625 2583 2687 in
2610 2625 2734 2689 hoc
2762 2644 2999 2706 genere
3014 2626 3407 2703 elevationis,
3434 2627 3531 2701 id,
3566 2627 3733 2707 qnod

2158 2720 2463 2794 elevatur,
2498 2738 2630 2781 non
2656 2720 2739 2782 ad
2766 2720 2889 2782 hoc
2912 2720 3198 2783 elevatur
3234 2728 3309 2783 ut
3358 2721 3583 2801 ipsum
3628 2736 3731 2800 per
3855 2760 3857 2795 e

2158 2831 2227 2875 se
2254 2814 2335 2875 sit
2347 2830 2497 2875 vere
2520 2831 2741 2891 agens,
2756 2812 2873 2875 sed
2894 2814 3099 2877 solum
3116 2832 3233 2894 per
3244 2814 3523 2877 formam
3540 2832 3729 2893 quam
3837 2832 3857 2891 j¹

2154 2907 2381 2987 recipit
2395 2956 2414 2980 ,
2462 2910 2653 2987 atque
2694 2906 2859 2970 adeo
2902 2915 2973 2970 nt
3024 2908 3233 2971 solum
3280 2906 3731 2971 denominetur
3854 2946 3857 2986 2

2158 3020 2359 3083 agens
2386 3003 2571 3083 quasi
2596 3002 3026 3077 materialiter,
3056 3002 3225 3081 quia-
3246 3007 3571 3065 sustentat
3618 3001 3731 3063 for-

2156 3113 2327 3159 mam
2349 3113 2491 3176 quoe
2522 3103 2619 3159 est
2656 3096 3035 3177 principium
3074 3095 3344 3173 agendi;
3370 3095 3589 3169 unde,
3640 3112 3733 3157 se-
3854 3137 3857 3166 ÷

2156 3188 2331 3251 clusa
2361 3190 2473 3251 tali
2524 3189 2753 3265 forma,
2798 3189 3163 3252 nullatenus
3214 3188 3485 3267 intelligi
3528 3194 3733 3269 potest
3855 3264 3857 3269 Ι

2155 3282 2298 3345 talis
2327 3283 2691 3345 elevationis
2718 3282 2965 3345 modus.
2996 3283 3329 3345 Secundus
3350 3283 3593 3347 modus
3616 3284 3733 3347 ele·
3827 3295 3857 3363 ῖΙ

2160 3374 2427 3437 vationis
2456 3376 2541 3437 ad
2560 3374 2881 3453 agendum
2908 3382 3023 3449 est,
3052 3374 3307 3456 quando
3336 3376 3426 3437 rei
3456 3392 3605 3439 non
3634 3375 3731 3437 ad·
3854 3428 3857 3458 Ξ

2158 3466 2329 3529 ditur
2366 3473 2499 3531 tota
2526 3468 2621 3530 vis
2654 3468 2909 3548 agendi,
2936 3468 3051 3531 sed
3100 3472 3347 3531 tantum
3396 3469 3735 3549 suppletur
3831 3482 3857 3559 ᾗ,

2156 3560 2329 3639 quod
2350 3561 2592 3635 deerat,
2621 3580 2737 3643 per
2761 3562 3055 3625 virtutem
3072 3562 3483 3625 intrinsecam
3512 3580 3735 3643 super·
3855 3614 3857 3646 ÷

2160 3652 2479 3728 additam;
2546 3660 2611 3717 et
2660 3655 2780 3717 hoe
2826 3654 3017 3717 modo
3056 3656 3387 3719 elevantur
3430 3656 3733 3735 potentie
3841 3674 3857 3740 4

2160 3748 2389 3809 anima}
2426 3754 2683 3824 nostroe,
2710 3754 2782 3811 ut
2812 3749 3163 3811 intellectus
3191 3756 3259 3811 et
3292 3747 3623 3821 voluntas,
3656 3748 3731 3809 ad
3839 3763 3851 3784 ¹

2160 3843 2673 3922 supernaturales
2722 3849 2901 3905 actus
2934 3842 3295 3915 eliciendos,
3353 3847 3425 3905 ut
3480 3848 3731 3905 centum

2160 3952 2301 3998 esse
2340 3936 2656 4012 existimo,
2682 3935 2991 4017 quidquid
3032 3936 3225 4016 aliqui
3266 3936 3505 4011 dicant,
3539 3944 3615 4001 ut
3644 3942 3729 3999 at·
3849 3986 3857 4025 :³

2156 4030 2397 4107 tingam
2442 4028 2722 4091 interius.
2774 4030 3019 4093 Tertius
3074 4029 3305 4093 modus
3354 4030 3727 4094 elevationis
3847 4057 3857 4111 '.

2156 4122 2241 4184 ad
2260 4122 2577 4203 agendum
2614 4140 2755 4185 esse
2796 4126 3006 4203 potest
3048 4141 3165 4203 per
3206 4123 3725 4205 conjunctionem
3854 4172 3857 4209 ἰ

2156 4218 2521 4280 extrinsecas
2546 4234 2753 4279 causae
2778 4216 3149 4297 complentis
3194 4217 3323 4279 vim
3344 4217 3583 4295 agendi
3614 4217 3727 4279 ali-
3855 4268 3857 4301 ᾗ

2158 4311 2333 4390 quid,
2356 4310 2438 4373 ad
2464 4310 2636 4389 quod
2658 4310 3083 4385 efficiendum,
3108 4310 3197 4386 id,
3216 4310 3389 4390 quod
3414 4309 3721 4384 elevatur,

2156 4410 2290 4468 erat
2306 4422 2384 4467 ex
2408 4422 2475 4466 se
2492 4404 2875 4467 insufficiens
2894 4411 2957 4467 et
2978 4404 3641 4485 improportionatum,
3666 4410 3725 4467 et

2155 4498 2299 4561 talis
2344 4504 2441 4561 est
2481 4498 2743 4561 elevatio
2772 4499 3319 4559 instrumentorum
3348 4496 3485 4571 Dei,
3532 4504 3607 4561 nt
3643 4516 3723 4561 ex

2154 4592 2337 4655 dictis
2362 4598 2459 4655 est
2502 4592 2777 4654 evidens.
2806 4592 2955 4653 Haec
2994 4596 3203 4651 autem
3230 4588 3501 4653 etevatio
3528 4591 3723 4653 etiam

2152 4688 2451 4767 supponit
2473 4684 2829 4748 necessario
2852 4683 2917 4745 in
2952 4701 3055 4755 eo,
3076 4682 3247 4762 quod
3272 4681 3579 4760 elevatur,
3606 4684 3723 4745 ali-

2152 4796 2343 4859 quam
2370 4778 2497 4841 vim
2522 4778 2789 4841 activam
2814 4778 2871 4839 ei
2890 4775 3337 4847 intrinsecam
3360 4774 3603 4855 alioqui
3618 4775 3719 4840 hic

2148 4870 2377 4935 modus
2422 4871 2787 4935 elevationis
2840 4868 3241 4933 reduceretur
3284 4868 3369 4933 ad
3412 4868 3717 4948 primum,

2152 4980 2343 5045 quem
2372 4966 2753 5029 ostendimus
2782 4980 2915 5027 non
2939 4980 3125 5042 posse
3176 4961 3311 5025 fieri
3366 4978 3485 5041 per
3514 4963 3715 5027 solam

2150 5060 2563 5125 extrinsecam
2588 5058 3161 5123 denominationem
3188 5056 3285 5119 vel
3318 5057 3713 5137 conjunctio·

2148 5156 2385 5219 tionem
2414 5172 2615 5217 causoe
2640 5153 2909 5234 agentis.

2229 5251 2329 5311 32.
2362 5248 2542 5323 Quod
2592 5253 2894 5326 praeterea
2948 5244 3307 5309 declaratur
3324 5290 3341 5319 ‚
3378 5246 3531 5325 quia
3577 5246 3709 5307 haic

2146 5342 2413 5405 elevatio
2442 5360 2558 5421 per
2598 5340 3109 5420 conjunctionem
3134 5340 3479 5419 superioris
3502 5355 3705 5403 causae

2142 5436 2293 5499 dicit
2318 5434 2751 5499 habitudinem
2780 5433 2863 5495 ad
2892 5432 3068 5506 illud,
3102 5433 3205 5495 cui
3244 5432 3387 5495 talis
3428 5432 3705 5512 superior

2142 5548 2333 5594 causa
2376 5528 2779 5609 conjungitur
2810 5532 2883 5589 ut
2920 5526 3075 5589 illud
3120 5526 3369 5605 elevet3
3404 5544 3577 5606 ergo,
3610 5526 3701 5587 vel
