3892 6167
1401 304 1719 362 DISPUTAT.
1771 303 1896 358 uu.
1931 301 2101 356 SECT.
2138 301 2220 355 111.

169 405 440 468 nniono
469 401 554 470 ad
577 401 880 476 Verbum,
902 420 1073 468 nune
1099 408 1310 468 autem
1337 403 1401 468 in
1431 405 1550 468 hoc
1579 419 1775 488 gene·

177 519 270 562 re
297 497 689 562 adorationis
717 495 1100 564 considerari
1125 497 1386 578 praecise
1432 501 1496 563 et
1544 513 1773 562 secun-

185 591 357 656 dum
375 610 469 665 se,
487 593 912 656 abstrahendo
936 591 1018 654 ab
1049 593 1306 666 unione,
1324 600 1388 658 et
1416 593 1560 656 ideo
1595 593 1767 656 illam

182 683 583 765 dignitatem
615 702 744 750 non
793 685 1127 748 immutare
1166 699 1280 748 seu
1328 685 1572 748 variare
1600 687 1766 750 hanc

193 777 668 855 adorationem,
697 779 846 858 quia
881 793 1012 841 nou
1061 775 1129 840 in
1180 777 1286 840 illa
1318 777 1621 860 dignitate
1668 779 1766 841 vel

187 869 516 934 infinitate
542 865 863 948 tundatur,
880 872 992 934 sed
1013 873 1272 953 praecise
1301 871 1368 934 in
1397 871 1764 935 excellentia

191 967 266 1026 et
303 962 716 1044 perfectione,
743 979 936 1044 quam
963 965 1164 1043 gratia
1189 969 1402 1028 creata
1421 1011 1440 1040 ,
1474 965 1575 1028 vel
1617 967 1764 1029 bea-

185 1057 407 1122 titudo
436 1057 658 1122 Christi
689 1059 924 1122 habent
947 1059 1293 1140 iti-propria
1323 1059 1586 1122 ratione.

281 1153 386 1216 14.
423 1150 672 1229 Quando
695 1151 932 1216 colatur
955 1152 1519 1217 luerim-Ultimo
1550 1149 1766 1216 dicen·

183 1245 357 1310 dum
381 1265 400 1308 ι
425 1249 476 1308 si
505 1240 866 1308 hnmanitas
892 1241 1138 1322 Christi,
1173 1245 1482 1308 abstracte
1513 1250 1576 1310 et
1604 1265 1767 1328 proe-

181 1339 328 1401 eise
353 1347 662 1420 concepta
678 1347 746 1404 ut
773 1346 997 1402 natura
1023 1345 1140 1415 εει,
1158 1336 1498 1414 adoretur„
1517 1347 1584 1403 ut
1615 1339 1766 1405 ado-

182 1435 328 1496 rari
357 1437 587 1515 potest,
619 1443 874 1516 propter
901 1433 1269 1516 dignitatem
1302 1433 1575 1508 unionis,
1613 1435 1760 1498 ado-

179 1528 407 1591 randa
448 1533 548 1592 est
581 1527 949 1592 adoratione
974 1527 1194 1597 latrice.
1219 1541 1350 1590 non
1379 1527 1672 1608 primaria
1706 1531 1768 1591 et

183 1617 437 1684 eximia
457 1664 476 1698 ,
521 1621 636 1686 sed
683 1618 1058 1684 secundaria
1102 1625 1166 1684 et
1209 1619 1418 1682 minus
1466 1619 1758 1700 perfecta,

182 1729 344 1796 qua!
365 1713 608 1779 diversa
653 1715 842 1778 etiam
874 1723 967 1777 est.
997 1715 1079 1778 ab
1111 1711 1502 1795 hyperdulia‚
1533 1731 1762 1795 praecc-

180 1807 398 1872 dente
437 1809 838 1872 conclusione
869 1809 1198 1888 explicata,
1239 1807 1526 1888 quamvis
1566 1807 1764 1869 inter-

181 1903 356 1964 dum
399 1903 596 1966 soleat
635 1921 714 1966 ea
752 1922 904 1965 voce
929 1903 1257 1986 appellari,
1303 1903 1368 1964 iu
1413 1899 1765 1982 eatsigniti·

181 1996 474 2068 catione,
506 2011 634 2076 qua
659 1996 864 2060 omnis
893 1995 1176 2059 adoratio
1223 1995 1428 2058 minor
1469 2010 1764 2076 suprema

183 2087 410 2166 latria,
437 2095 500 2152 et
539 2091 744 2171 major
771 2090 1092 2152 communi
1121 2089 1484 2151 adoratione
1514 2087 1765 2152 Sancto-

181 2199 370 2256 rum,
411 2180 571 2246 solet
608 2179 982 2264 hyperdulia
1015 2181 1245 2246 vocari.
1283 2179 1585 2246 Probatur
1619 2199 1765 2245 cou-

183 2275 401 2338 clusio
456 2273 770 2357 sigillatim
820 2275 1028 2358 quoad
1084 2273 1366 2358 singulas
1414 2283 1624 2357 partes
1649 2300 1664 2352 3
1701 2280 1764 2339 ει

181 2369 468 2448 primam
515 2369 770 2449 quidem
820 2369 1204 2448 negativam,
1257 2369 1513 2444 scilicet,
1565 2369 1756 2450 quod,

182 2465 317 2526 hoc
350 2463 526 2526 titulo
555 2463 814 2544 proecise
841 2463 1257 2540 considerate,
1287 2479 1414 2528 non
1457 2461 1762 2527 debeatur

181 2555 571 2620 humanitati
617 2571 910 2638 suprema
958 2555 1140 2620 latria
1159 2605 1178 2634 ,
1223 2563 1446 2638 praeter
1501 2553 1761 2620 Gabrie-

179 2651 346 2726 lem,
387 2647 766 2724 Cordubam,
795 2657 860 2714 et
885 2651 1042 2714 alios
1070 2656 1357 2715 auctores
1390 2667 1579 2733 supra
1611 2653 1759 2716 cita-

177 2751 316 2818 tos,
331 2755 408 2806 ex
428 2745 546 2818 his,
569 2743 678 2825 qui
699 2747 766 2808 in
787 2747 1170 2808 contrarium
1191 2741 1574 2824 referuntur,
1589 2741 1757 2808 clare

179 2835 381 2900 docet
409 2837 704 2902 Claudius
743 2839 823 2918 de
858 2839 1120 2915 Sainct„
1144 2839 1312 2904 dicta
1356 2839 1554 2921 repet.
1597 2840 1638 2904 9
1675 2835 1754 2902 de

179 2929 492 3003 Euchar„
510 2935 634 3008 c.3,
649 2931 758 2996 ubi
771 2933 940 2996 inter
955 2934 1197 3008 titulae,
1221 2951 1380 3013 quos
1393 2931 1586 3012 ponit,
1608 2929 1754 2996 ado-

177 3023 374 3086 randi
393 3041 648 3088 carnem
685 3031 748 3089 et
771 3023 1044 3088 animam
1067 3025 1316 3106 Christi,
1347 3027 1606 3090 ultimus
1636 3029 1749 3100 est,

179 3119 340 3196 quia
381 3121 714 3184 maximam
759 3137 892 3184 omn
921 3117 1244 3184 divinitate
1271 3121 1481 3186 ineunt
1504 3121 1751 3184 societa-

182 3211 589 3290 tem-quibus
614 3211 822 3276 verbis
839 3213 1136 3278 unionem
1171 3211 1624 3294 hypostaticam
1647 3213 1751 3274 de-

179 3303 424 3374 scribit,
447 3309 512 3368 et
527 3305 773 3370 subdit:
797 3305 1058 3390 Propter
1078 3309 1314 3390 priores
1339 3323 1553 3372 causas
1567 3307 1751 3370 Clari-

177 3403 281 3460 sco
305 3395 560 3472 homini,
585 3402 828 3476 animae,
851 3407 909 3466 et
924 3399 1098 3466 carni
1123 3403 1252 3483 ejus
1275 3401 1460 3464 unica
1482 3415 1616 3465 cum
1641 3397 1752 3465 Fi-

181 3491 267 3553 lio
284 3491 402 3554 Dei
428 3489 814 3575 dispensatur
836 3493 1046 3566 latria,
1061 3501 1312 3577 propter
1336 3493 1581 3558 unicum
1606 3511 1752 3576 sup-

177 3585 453 3664 pesitum
467 3583 626 3650 Filii
645 3587 758 3650 Dei
768 3587 971 3651 latria·
981 3587 1621 3669 fundamentum,qnod
1633 3605 1752 3648 om·-

183 3677 370 3741 m'hue
390 3677 716 3760 assumptis
733 3677 810 3756 fit
835 3697 1174 3754 commum;
1189 3685 1436 3762 propter
1465 3681 1749 3746 ultimam

183 3783 327 3834 tero
358 3773 608 3838 allatam
637 3789 905 3847 oausam,
929 3773 988 3838 si
1017 3789 1134 3837 non
1161 3771 1376 3852 latria,
1399 3771 1616 3837 saltem
1637 3775 1749 3854 7⁴2!-

178 3865 472 3944 perdulia
489 3863 880 3946 postulatum·
902 3867 1205 3948 quoniam,
1227 3865 1504 3950 quamvis
1520 3869 1746 3930 natura

185 3959 454 4022 hamana
470 3957 538 4020 in
560 3961 767 4024 divina
785 3959 1108 4024 contentia
1134 3967 1190 4024 ec
1213 3975 1472 4039 persona
1490 3959 1740 4038 Itoereat,

177 4067 302 4112 nou
329 4053 558 4116 transit
584 4060 786 4118 tamen
810 4055 880 4116 in
904 4069 1030 4117 esso
1063 4053 1334 4118 divinum
1363 4059 1419 4116 et
1455 4055 1742 4118 naturam

177 4142 472 4221 divinam,
503 4152 574 4211 ut
603 4145 766 4210 Deua
795 4143 1036 4212 dicatur
1061 4149 1118 4210 et
1145 4147 1398 4209 colatur.
1443 4145 1623 4210 Unde
1650 4145 1743 4208 fa-

179 4236 300 4298 cile
323 4239 624 4316 probatur
645 4239 883 4302 ratione
914 4239 1044 4301 noec
1070 4255 1238 4320 pars,
1257 4239 1428 4320 quia,
1454 4239 1602 4302 licet
1625 4239 1739 4301 hn-

183 4331 454 4394 manitas
481 4346 594 4413 per
621 4333 920 4396 unionem
949 4331 1172 4396 effecta
1199 4331 1280 4396 sit
1303 4337 1528 4396 natura
1549 4333 1738 4396 Verbi

183 4424 320 4496 Dei,
347 4441 474 4488 non
503 4433 836 4490 esttamen
861 4425 1084 4490 effecta
1115 4433 1339 4490 natura
1367 4425 1599 4502 divina,
1629 4443 1742 4490 ne·-

185 4534 310 4598 que
335 4525 431 4581 est
453 4526 640 4584 tantae
665 4521 1008 4600 majestatis
1023 4519 1510 4596 etexcellentiae‚
1543 4535 1742 4600 quan·

187 4619 265 4674 ιω
317 4615 412 4674 εει
455 4612 582 4686 illa,
631 4613 1033 4692 quantumvis
1080 4613 1304 4676 affecta
1346 4613 1578 4676 unione
1627 4631 1740 4678 seu

187 4707 306 4767 suh
325 4706 629 4770 relatione
651 4704 901 4770 unionis
923 4702 1386 4780 consideratum
1417 4725 1567 4790 ergo
1589 4705 1740 4772 ado-

185 4801 344 4862 ratio
381 4795 594 4862 debita
634 4797 1012 4862 humanitati
1051 4799 1170 4862 hoc
1212 4799 1417 4876 titulo,
1468 4819 1583 4863 seu
1635 4821 1741 4864 ra·-

184 4893 353 4954 tione
377 4894 591 4974 gratias
616 4894 890 4967 unionis,
917 4909 1044 4954 non
1068 4896 1164 4955 est
1195 4907 1486 4974 suprema
1513 4893 1732 4972 latria3

183 4993 354 5066 patet
391 4987 866 5068 consequentia,
904 4986 1052 5068 qula
1083 4984 1364 5050 adoratio
1393 4989 1738 5070 proportio·

181 5085 369 5142 natur
395 5079 782 5143 excellentiae
809 5081 872 5142 in
910 5093 1036 5161 qua
1063 5075 1406 5154 fundatum
1441 5081 1552 5142 sed
1599 5081 1736 5145 hoec

181 5171 466 5234 adoratio
495 5187 620 5235 non
650 5167 951 5237 fundatur
987 5173 1051 5234 in
1091 5173 1458 5236 excellentia
1500 5173 1736 5254 simpli·

179 5271 336 5328 citer
367 5281 658 5346 suprema
687 5283 710 5346 ;
739 5282 890 5346 ergo
921 5281 1128 5347 neque
1149 5265 1284 5346 ipsa
1319 5269 1414 5328 est
1440 5285 1736 5348 suprema

175 5356 380 5424 latria.
409 5357 485 5421 Et
517 5359 924 5424 confirmatur
945 5361 1188 5424 ratione
1219 5377 1409 5443 supra
1438 5359 1733 5438 indicata,

177 5469 328 5518 nam
371 5451 590 5518 filiatio
629 5455 958 5533 naturalia,
1001 5471 1140 5538 quse
1176 5455 1470 5520 convenit
1497 5451 1737 5521 Christo

3290 293 3407 357 583

1855 409 1924 468 ut
1958 402 2197 466 homini
2230 399 2473 466 ratione
2502 399 2719 482 gratiis
2754 394 3029 474 unionis,
3060 401 3269 464 minus
3304 417 3412 466 ex-

1852 495 2086 560 cellens
2118 501 2213 559 est
2240 513 2427 576 quam
2456 493 2672 557 filiatio
2702 493 3027 567 naturalis,
3072 510 3211 575 quas
3258 509 3409 562 con-

1849 591 2023 653 venit
2051 589 2136 651 illi
2171 593 2235 652 ut
2266 587 2393 651 Deo
2424 589 2667 650 ratione
2688 595 2937 650 aeternae
2962 590 3405 669 generationis;

1849 700 2000 764 ergo
2012 681 2291 746 similiter
2302 679 2708 744 sanctificatio
2724 681 3130 744 humanitatis
3147 697 3260 763 per
3270 698 3409 764 gra-

1851 779 1998 844 tiam
2047 775 2299 840 unionis
2326 773 2513 858 louge
2553 776 2758 840 minor
2800 781 2897 840 est
2940 791 3130 860 quam
3180 779 3409 843 sancti-

1843 867 2052 936 ficatio
2102 883 2216 952 per
2241 869 2602 947 essentiam,
2637 881 2830 950 quam
2856 871 3135 933 Verbum
3158 887 3272 934 seu
3298 885 3409 937 na-

1842 971 1983 1029 tura
2002 965 2215 1027 divina
2238 983 2351 1044 per
2372 983 2438 1026 se
2464 963 2691 1038 habet,
2724 977 2872 1045 ergo
2890 959 3173 1028 adoratio
3194 967 3407 1032 debita

1845 1054 2243 1132 humanitati,
2275 1059 2463 1119 etium
2491 1057 2735 1119 ratione
2766 1051 3274 1122 sanctificationis
3293 1075 3407 1140 per

1847 1153 2112 1234 gratiam
2144 1149 2416 1228 unionis,
2448 1149 2635 1232 longe
2665 1151 2871 1216 minor
2908 1157 3004 1216 est
3027 1165 3214 1234 quam
3256 1150 3409 1216 ado-

1845 1245 2005 1308 ratio
2041 1243 2379 1308 divinitatis
2422 1259 2534 1324 per
2574 1245 2865 1325 seipsam.

1932 1339 2031 1403 ts.
2062 1339 2299 1401 Rursus
2327 1337 2496 1419 quod
2530 1341 2723 1420 possit
2769 1337 2991 1402 Christi
3042 1338 3405 1406 humanitas

1849 1433 1969 1495 hoc
2023 1433 2285 1514 praeciso
2329 1429 2520 1494 modo
2573 1433 2855 1514 concipi,
2901 1439 2964 1495 et
3015 1433 3138 1496 alia
3179 1436 3403 1498 minori

1848 1525 2215 1590 adoratione
2245 1525 2365 1588 hoc
2392 1525 2571 1588 titulo
2600 1525 2743 1602 coli,
2773 1533 2835 1588 et
2856 1523 3017 1590 facto
3040 1533 3105 1589 et
3124 1525 3289 1609 jure,
3310 1527 3405 1592 fa-

1849 1617 1966 1682 cile
2016 1617 2261 1682 ostendi
2306 1623 2533 1700 potest,
2565 1619 2941 1700 applicando
2971 1619 3245 1682 rationes
3272 1617 3403 1684 sac-

1843 1713 1937 1776 las
1963 1710 2023 1773 in
2055 1713 2301 1774 duabus
2330 1711 2548 1792 primis
2578 1711 3064 1790 assertionibu33
3096 1727 3242 1776 nam
3266 1707 3403 1779 haec

1841 1805 2106 1886 praecisu
2146 1805 2563 1868 consideratio
2614 1807 3024 1870 humanitatis
3054 1825 3179 1869 non
3211 1805 3405 1872 invol-

1843 1898 1931 1962 vit
1954 1895 2227 1978 aliquam
2254 1900 2761 1982 repugnantiam,
2791 1901 3065 1963 maxime
3092 1903 3159 1963 in
3188 1906 3404 1965 nostra

1847 1989 2203 2074 cognitione
2223 1993 2596 2056 abstractiva
2622 1999 2682 2056 et
2712 1990 3101 2076 imperfecta,
3120 2009 3245 2075 qua
3263 2013 3403 2076 pos-

1847 2103 2067 2150 sumus
2090 2102 2227 2149 rem
2257 2087 2445 2148 etiam
2472 2082 2907 2149 indivisibilem
2954 2083 3402 2151 consideratio-

1845 2197 1926 2243 ne
1959 2179 2197 2262 partiri,
2244 2177 2481 2242 nedum
2532 2193 2637 2242 res
2685 2179 2752 2242 ln
2803 2180 3023 2260 seipsis
3051 2177 3397 2246 distinctae.

1845 2271 2023 2340 Unde
2066 2277 2185 2339 hoc
2214 2275 2401 2338 modo
2444 2289 2778 2357 possumus
2820 2273 3009 2338 etiam
3046 2275 3249 2357 ipsam
3290 2291 3405 2338 na-

1842 2373 2051 2433 turam
2079 2369 2357 2434 divinam
2389 2365 2707 2452 praecisam
2729 2386 2767 2432 a
2786 2367 2995 2431 Verbo
3018 2369 3237 2431 etaliis
3262 2387 3400 2450 per-

1843 2465 2013 2528 sonis
2059 2464 2495 2539 considerare;
2525 2479 2678 2539 ergo
2704 2461 2901 2526 multo
2928 2464 3133 2546 magis
3160 2459 3397 2544 poteri-

1841 2573 1985 2620 mus
2008 2557 2097 2621 sie
2115 2557 2480 2620 abstrahere
2504 2563 2795 2620 naturam
2812 2559 3185 2634 humanam,
3205 2555 3396 2620 etiam

1843 2648 1987 2713 siin
2032 2668 2108 2714 ea
2154 2653 2452 2715 unionem
2499 2649 2997 2726 consideremuS,
3027 2651 3174 2732 quia
3202 2651 3391 2714 etiam

1837 2748 1971 2828 ipsa
2004 2743 2153 2811 unio
2180 2753 2276 2810 est
2302 2765 2403 2810 res
2431 2762 2468 2810 a
2496 2743 2704 2810 Verbo
2734 2741 3027 2810 distincta
3050 2793 3067 2822 ,
3110 2749 3395 2828 quamvis

1838 2837 1918 2902 ad
1946 2839 2101 2902 illud
2127 2837 2294 2904 dicat
2318 2836 2769 2915 habitudinem,
2801 2839 2973 2921 quod
3006 2857 3133 2903 non
3165 2836 3387 2918 obstat,

1835 2939 1906 2998 ut
1934 2929 2143 2998 statim
2171 2930 2526 3009 declarabo,
2552 2949 2759 3014 neque
2786 2937 2852 2997 in
2878 2933 2999 2998 hac
3028 2935 3393 3016 praecisione
3416 3012 3427 3018 ,

1833 3022 2170 3091 intervenit
2206 3025 2517 3109 deceptiO,
2552 3045 2697 3092 cum
2740 3025 3236 3091 abstrahentiam
3262 3045 3391 3091 nou

1833 3121 1910 3184 sit
1954 3121 2377 3183 mendacium.
2428 3119 2634 3184 Posita
2684 3137 2835 3184 vero
2876 3123 2991 3185 hac
3033 3118 3393 3186 considera-

1830 3215 2005 3278 tione
2036 3207 2198 3276 illius
2222 3211 2650 3287 humanitatis,
2675 3215 2847 3294 quod
2872 3215 3220 3280 secundum
3248 3230 3392 3280 eam

1832 3307 2054 3370 merito
2086 3303 2336 3369 adorari
2386 3309 2603 3388 possit,
2652 3315 2829 3390 patet
2873 3307 3157 3372 discursu
3197 3329 3388 3392 supra

1829 3401 2019 3472 facto,
2042 3401 2191 3482 quia
2216 3401 2283 3462 iu
2311 3396 2419 3464 illo
2449 3400 2695 3482 objecto
2728 3401 2823 3464 est
2851 3399 3164 3465 sufficiens
3190 3397 3389 3483 digni-

1829 3497 1951 3568 tas,
1979 3501 2045 3555 et
2073 3492 2244 3556 nulla
2276 3489 2483 3556 obstat
2511 3487 2866 3578 prohibitio,
2891 3512 3099 3575 neque
3128 3493 3385 3560 aliunde

1833 3587 2045 3669 aliqua
2083 3587 2448 3650 deformitas
2487 3587 2848 3650 necessario
2894 3586 3278 3669 adjungitur.
3311 3589 3385 3653 Et

1831 3676 2189 3744 declaratur
2215 3683 2321 3743 illo
2351 3680 2689 3744 divinitatis
2712 3681 3023 3762 exemplo,
3052 3697 3198 3744 nam
3227 3681 3386 3746 divi-

1828 3767 1995 3837 nitas
2025 3774 2283 3856 praecise
2312 3779 2375 3838 et
2401 3775 2713 3838 abstracte
2738 3781 3037 3856 concepta
3060 3771 3383 3837 adoranda

1831 3873 1946 3945 est,
1976 3869 2126 3948 quia
2158 3869 2221 3931 in
2250 3865 2359 3930 illa
2389 3875 2481 3932 est
2510 3862 2825 3932 sufficiens
2876 3865 3250 3932 excellentia
3300 3861 3383 3930 ob

1826 3979 2017 4041 quam
2045 3959 2370 4038 adoretur,
2400 3961 2584 4024 etiam
2624 3961 2672 4024 si
2712 3975 2750 4024 a
2790 3959 3201 4024 relationibus
3228 3974 3384 4040 prae-

1825 4049 2192 4130 scindatur3
2225 4070 2378 4136 ergo
2430 4053 2599 4118 idem
2658 4053 2775 4117 erit
2824 4050 2903 4117 de
2947 4049 3380 4130 humanitate,

1823 4149 2233 4228 proportione
2286 4155 2555 4212 servata.
2596 4146 2933 4211 Intercedit
2986 4145 3154 4210 enim
3208 4147 3383 4212 diffe-

1823 4239 2047 4318 rentia,
2074 4241 2349 4324 primum
2378 4241 2445 4303 in
2488 4237 2607 4304 hoc
2632 4231 2799 4322 quod
2830 4239 3144 4318 divinitas,
3172 4255 3381 4322 quan-

1822 4333 2053 4398 tumvis
2084 4333 2489 4398 abstrahatur
2517 4349 2555 4398 a
2586 4335 2898 4418 personis,
2929 4341 3024 4398 est
3056 4349 3171 4416 per
3198 4347 3263 4396 se
3292 4332 3382 4397 di-

1823 4443 1951 4510 gna
2004 4439 2302 4510 suprema
2346 4425 2716 4492 adoratione
2746 4427 2941 4492 latrioe
2960 4474 2975 4503 ,
3002 4431 3150 4510 quia
3178 4439 3254 4492 ex
3284 4444 3375 4504 se,

1825 4523 1890 4585 et
1918 4537 2048 4584 non
2084 4539 2121 4583 a
2154 4521 2561 4585 relationibus
2596 4519 2786 4586 habet
2825 4517 3129 4585 infinitam
3172 4525 3235 4585 et
3276 4538 3382 4586 su·

1822 4629 2107 4696 premam
2136 4616 2611 4696 excellentiam3
2650 4615 3010 4679 humanitas
3044 4629 3187 4678 vero
3217 4629 3381 4696 prae-

1822 4709 1949 4772 cise
1981 4709 2397 4788 considerata,
2426 4711 2829 4790 quantumvis
2869 4715 3085 4770 sancta
3112 4713 3176 4770 et
3204 4707 3379 4771 nnita

1821 4799 2361 4882 apprehendatur,
2388 4820 2517 4865 non
2548 4799 2741 4866 habet
2782 4806 3019 4864 tantam
3067 4797 3380 4864 excellen-

1819 4893 1997 4969 tiam,
2022 4908 2235 4976 neque
2272 4903 2368 4958 est
2397 4891 2586 4976 digna
2628 4897 2804 4958 tanta
2840 4893 3241 4968 adoratione;
3286 4901 3378 4956 ta-

1818 5005 1991 5064 men,
2026 4989 2184 5052 sicut
2226 4987 2503 5070 aliquam
2535 4985 2967 5052 excellentiam
2996 4987 3245 5064 retinet,
3290 4989 3375 5051 ita

1817 5082 2010 5164 digna
2062 5087 2156 5146 est
2203 5077 2654 5164 proportionali
2705 5080 3092 5145 adoratione.
3134 5077 3375 5145 Deinde

1818 5183 1911 5238 est
1939 5175 2063 5238 alia
2092 5173 2466 5250 differentia,
2491 5173 2663 5257 quod
2694 5175 3007 5244 divinitas,
3034 5179 3103 5236 ut
3128 5187 3375 5237 summe

1818 5269 2155 5344 excellens,
2182 5275 2387 5352 potest
2426 5282 2554 5330 non
2595 5267 2798 5330 solum
2847 5263 3123 5330 abstrahi
3153 5285 3190 5330 a
3220 5268 3381 5329 rela-

1819 5363 2121 5442 tionibus,
2148 5364 2260 5429 sed
2290 5360 2479 5428 etiam
2510 5363 2593 5427 ab
2623 5358 2843 5427 ordine
2870 5363 2951 5424 ad
2978 5361 3143 5440 illas,
3172 5367 3235 5426 et
3268 5373 3381 5444 ap·

1819 5454 2131 5542 prehendi
2162 5465 2232 5522 ut
2258 5463 2485 5524 natura
2512 5473 2629 5542 per
2656 5473 2723 5520 se
2754 5453 3125 5533 subsistens,
3161 5459 3225 5519 et
3268 5467 3383 5537 per
