3892 6167
1362 364 1683 425 nissum.
1716 362 1893 422 xxix.
1926 362 2098 423 SECT.
2133 364 2218 423 lv.

162 474 353 555 quod
380 480 481 537 est
506 472 629 537 tale
654 488 772 555 per
796 471 1161 549 essentiam,
1196 476 1405 553 potest
1432 470 1627 535 etiam
1650 475 1744 531 at·

168 569 431 649 tingere
460 568 971 649 participationes
996 566 1165 629 illius
1194 565 1425 651 objecti
1452 564 1537 628 ad
1565 580 1745 625 eum-

169 665 329 725 dem
366 662 657 725 ordinem
696 662 1120 743 pertinentes3
1152 664 1225 723 ut
1249 660 1569 741 potentia,
1598 675 1741 740 quse

172 764 273 819 est
294 756 679 839 principium
706 756 957 820 videndi
980 757 1223 830 lumen,
1241 761 1337 820 est
1354 754 1547 818 etiam
1566 754 1743 817 suffi-

170 854 353 915 ciens
380 852 465 915 ad
486 850 795 914 videndos
840 851 1120 931 colores3
1162 858 1225 915 et
1269 850 1565 926 charites,
1596 866 1737 931 quse

175 953 353 1007 amat
372 947 577 1009 Deum
600 952 861 1026 propter
876 946 1227 1009 bonitatem
1252 945 1621 1018 increatam,
1644 949 1740 1007 est

176 1040 497 1101 sufficiens
523 1040 901 1121 principium
929 1039 1181 1102 amandi
1210 1040 1503 1119 seipsam,
1530 1045 1592 1102 et
1618 1037 1737 1101 sibi

172 1134 435 1211 simileS,
474 1138 537 1196 et
576 1136 953 1215 proximum,
994 1142 1251 1215 propter
1284 1135 1735 1213 supernatura-

166 1229 301 1290 lem
332 1234 611 1293 creatam
634 1229 1051 1291 sanctitatem.
1070 1228 1487 1291 Confirmatur
1508 1244 1737 1289 secuu-

164 1321 251 1381 do
280 1322 421 1383 11ωο
448 1323 797 1399 sententie,
842 1322 1133 1403 exemplo
1160 1322 1519 1385 intellectus
1542 1337 1735 1401 ange·

164 1414 269 1477 lici
288 1462 313 1492 ‚
358 1418 539 1497 cujus
572 1416 791 1479 lumen
840 1434 1041 1477 unum
1086 1421 1210 1490 est,
1260 1414 1433 1495 quod
1480 1414 1735 1496 respicit

161 1512 491 1590 propriam
522 1511 859 1573 essentiam
884 1511 1079 1591 ipsius
1110 1510 1353 1589 Angeli,
1386 1528 1423 1571 a
1450 1528 1577 1589 qua
1604 1526 1735 1571 ma·

162 1609 303 1679 nat,
338 1610 637 1685 tanquam
666 1606 981 1686 objectum
1014 1604 1289 1667 maxime
1315 1604 1642 1684 proprium
1672 1610 1735 1666 et

161 1700 712 1777 proportionatum
732 1744 751 1773 ‚
786 1698 957 1779 quod
982 1716 1233 1780 semper
1262 1704 1407 1760 actu
1432 1696 1732 1759 naturali-

158 1798 263 1852 ter
298 1792 601 1870 intuetur,
632 1800 697 1855 et
722 1794 1129 1855 nihilominus
1160 1792 1349 1855 simul
1376 1791 1733 1855 extenditur

156 1886 245 1947 ad
284 1905 393 1949 res
423 1888 579 1949 alias
610 1906 727 1969 per
760 1889 1047 1971 proprias
1074 1888 1317 1969 speeies
1345 1904 1731 1967 cognoscen-

156 1980 315 2053 das;
346 1982 439 2042 sic
467 1982 657 2062 igitur
676 1982 894 2043 lumen
924 1981 1167 2063 gloriae,
1198 1981 1488 2061 quamvis
1516 1998 1729 2043 essen·

152 2074 317 2137 tiam
360 2076 637 2138 divinam
676 2075 973 2157 respiciat
996 2082 1069 2139 ut
1094 2076 1413 2155 obJectum
1452 2074 1725 2137 maxime

150 2171 490 2249 proprium
536 2178 600 2234 et
642 2170 1045 2233 connaturale
1063 2215 1085 2247 ,
1117 2174 1181 2232 et
1228 2170 1319 2232 ita
1359 2176 1505 2231 actu
1544 2168 1724 2249 quasi

154 2265 557 2327 connaturali
602 2272 909 2347 perpetuo
951 2266 1115 2327 circa
1146 2266 1353 2347 ipsam
1394 2272 1681 2329 versetur
1702 2310 1719 2339 ,

152 2359 391 2437 poterit
418 2363 637 2422 tamen
662 2361 899 2423 versari
928 2359 1095 2423 circa
1121 2378 1225 2423 res
1252 2359 1407 2421 alias
1434 2376 1551 2440 per
1574 2377 1723 2439 pro-

152 2451 327 2531 prins
382 2470 603 2514 earum
656 2456 916 2534 specieS,
960 2454 1165 2516 altiori
1196 2458 1259 2517 et
1296 2452 1720 2517 excellentiori

154 2545 346 2606 modo
376 2564 573 2626 quem
601 2565 789 2611 omne
822 2548 992 2611 aliud
1014 2548 1271 2623 lumem
1300 2547 1719 2611 intellectuale

154 2640 391 2719 quippe
419 2640 661 2717 lumen,
696 2659 823 2721 quo
850 2642 1251 2704 excellentius
1276 2648 1392 2716 est,
1426 2660 1503 2703 eo
1526 2642 1719 2705 habet

150 2732 475 2813 objectum
497 2734 941 2797 universalius.
970 2736 1187 2815 Neque
1218 2740 1463 2816 oportet
1485 2734 1555 2797 in
1580 2752 1717 2797 om-

146 2826 339 2887 nihus
372 2830 611 2891 servari
652 2828 1125 2893 similitudinem
1148 2830 1315 2893 inter
1342 2830 1465 2891 hoc
1494 2828 1713 2893 lumen

144 2924 435 2984 creatum
478 2926 541 2985 et
574 2922 795 2987 lumen
820 2924 1171 2987 increatum
1195 2924 1305 2987 Dei
1320 2946 1341 3001 3
1369 2924 1493 2986 hoc
1516 2923 1707 3001 enim,

142 3016 295 3095 qnia
340 3022 441 3079 est
478 3017 855 3097 purissimus
900 3012 1121 3097 ectus,'
1148 3036 1279 3081 non
1326 3022 1573 3081 tantum
1617 3024 1713 3082 est

142 3112 399 3183 lumen,
450 3112 567 3175 sed
596 3114 787 3175 etiam
834 3112 1025 3191 visio,
1068 3118 1131 3175 et
1158 3112 1475 3193 objectum
1502 3115 1709 3194 ipsum

142 3204 560 3285 intelligibile,
580 3206 755 3268 unde
772 3205 948 3267 nullo
970 3206 1277 3287 principio
1300 3226 1339 3269 a
1364 3226 1433 3269 se
1456 3206 1709 3271 distinc-

142 3307 203 3359 to
244 3300 335 3359 uti
388 3305 599 3379 potest
638 3299 721 3361 ad
768 3300 1273 3380 intelligendum3
1306 3301 1523 3365 lumen
1553 3320 1703 3366 vero

138 3392 384 3471 gloriae,
410 3393 533 3455 hoc
554 3394 693 3474 ipso
717 3395 885 3474 quod
908 3402 1191 3458 creatum
1228 3402 1345 3471 est,
1372 3397 1567 3459 habet
1592 3398 1705 3460 ad-

134 3487 394 3549 mistam
418 3489 789 3568 potentiam,
808 3492 869 3551 et
886 3494 1093 3568 potest
1116 3490 1207 3551 uti
1229 3490 1559 3572 principie,
1586 3508 1703 3555 sen

136 3582 349 3659 specie
378 3600 421 3642 a
444 3600 515 3645 se
542 3582 853 3656 distincta,
882 3582 1043 3646 sicut
1067 3584 1255 3647 etiam
1276 3584 1463 3647 efficit
1490 3591 1699 3647 actum

134 3675 505 3738 distinctum
532 3696 570 3739 a
600 3694 690 3751 se,
718 3684 785 3737 et
810 3676 955 3737 ideo
992 3677 1221 3738 mirum
1248 3696 1377 3740 non
1406 3684 1503 3741 est
1528 3678 1701 3758 quod

132 3770 217 3831 uti
246 3772 455 3851 possit
481 3770 811 3850 speciebus
832 3770 915 3831 ad
932 3772 1403 3853 cognoscendas
1422 3792 1549 3849 ree,
1569 3790 1699 3836 non

130 3871 383 3927 tantum
410 3867 477 3927 in
512 3868 675 3943 Deo,
704 3867 819 3928 sed
842 3869 1033 3928 etium
1062 3866 1126 3929 in
1152 3868 1406 3948 proprio
1436 3886 1691 3948 genere.

130 3958 199 4019 Et
240 3958 385 4021 haec
433 3960 745 4023 sententia
772 3960 1023 4023 videtur
1048 3961 1203 4022 mihi
1242 3962 1582 4042 probabilis
1633 3969 1696 4025 et

128 4052 491 4115 verisimilis
518 4060 775 4134 propter
800 4054 1151 4116 discursum
1177 4055 1437 4131 factum,
1464 4063 1525 4118 et
1547 4057 1693 4137 quia

126 4146 191 4205 in
218 4147 609 4209 contrarium
646 4166 767 4211 nec
797 4150 1135 4211 auctoritas
1161 4150 1369 4230 aliqua
1400 4154 1690 4228 occurrit,

126 4256 341 4318 neque
386 4242 545 4301 ratio
579 4260 719 4322 quae
746 4260 1045 4323 magnam
1088 4243 1335 4324 ingerat
1362 4243 1693 4309 difficulta-

128 4340 281 4395 tem.
310 4334 731 4398 Nihilominus
772 4343 1019 4413 tamen,
1053 4338 1201 4416 quia
1224 4356 1328 4400 res
1364 4358 1529 4403 nova
1570 4347 1684 4418 est,

124 4428 271 4487 nolo
306 4446 451 4489 eam
482 4428 784 4506 definire,
820 4430 934 4493 sed
972 4430 1399 4495 difficultatem
1432 4436 1568 4515 ejus
1596 4435 1691 4497 in·-

122 4523 414 4585 sinuasse
444 4524 732 4587 sufficiet.
757 4524 853 4587 Ad
878 4544 1091 4606 quam,
1120 4526 1519 4590 defendendo
1550 4548 1689 4591 sen-

118 4618 383 4677 tentiam
434 4634 839 4681 communem
863 4665 878 4694 ,
934 4620 1271 4682 dicendum
1327 4626 1423 4683 est
1470 4622 1687 4686 lumen

122 4710 341 4789 gloriae
380 4710 621 4773 hahere
658 4730 773 4793 pro
813 4712 1059 4794 objecto
1104 4714 1435 4792 adaequato
1464 4732 1686 4777 essen-

124 4807 271 4867 tiam
305 4806 697 4885 increatam,
728 4814 791 4870 et
816 4808 1057 4871 nullam
1086 4828 1223 4871 rem
1269 4814 1545 4871 creatam
1588 4810 1685 4873 di-

122 4905 291 4961 recte
320 4900 641 4981 attingere
680 4901 747 4963 in
776 4903 1006 4982 seipsa,
1036 4904 1149 4965 sed
1169 4910 1415 4966 tantum
1446 4904 1509 4965 111
1533 4906 1687 4967 Ver-

124 4994 223 5069 bo,
250 5012 329 5055 ac
356 4992 635 5075 denique
664 4994 783 5056 hos
810 4994 970 5059 duos
1006 4997 1229 5059 modos
1263 4999 1683 5078 cognoscendi

128 5096 447 5149 creaturas
484 5088 551 5149 111
580 5088 811 5163 Verbo,
854 5094 919 5153 et
964 5091 1031 5151 in
1078 5092 1323 5173 seipsis,
1370 5094 1503 5153 tam
1542 5110 1681 5156 esse

132 5182 471 5255 distinctos,
504 5188 575 5243 ut
600 5198 731 5243 non
771 5185 1015 5263 possint
1043 5184 1247 5247 eidem
1280 5182 1506 5248 lumini
1534 5206 1682 5249 con-

130 5274 367 5351 venire,
402 5272 581 5354 quod
622 5274 807 5336 etiam
852 5294 971 5357 per
996 5296 1137 5340 sese
1179 5280 1329 5343 satis
1356 5280 1681 5360 probabile

132 5376 400 5449 apparet.

3313 374 3382 439 71

2345 562 2698 639 QUAESTIO
2737 566 2868 635 ΧΠ.

1902 764 1982 815 ns
2021 766 2296 817 scisura
2333 766 2546 817 Anum
2585 769 2824 821 0111111111
2862 770 3194 838 accursu-A,
3237 776 3300 825 m

2159 862 2430 919 0111111011
2459 864 2778 917 Asrlcums
2815 867 3044 919 11111131.

1896 1032 2131 1097 Deinde
2147 1034 2647 1099 considerandum
2675 1040 2764 1101 est
2791 1038 2864 1101 de
2881 1038 3138 1105 seientia
3163 1039 3384 1103 anima·

1820 1123 2060 1191 Christi
2085 1128 2412 1208 aequisita,
2439 1128 2538 1195 vel
2567 1131 3050 1213 experimentali.

1894 1220 1992 1283 Et
2017 1221 2184 1286 cirea
2222 1222 2330 1287 hoe
2357 1229 2718 1302 quoeruntm·
2745 1229 3027 1305 quatuor.

1896 1312 2116 1377 Primo
2143 1361 2162 1389 ,
2219 1320 2428 1379 utrum
2485 1320 2808 1385 seeundum
2854 1322 3012 1385 Itane
3061 1320 3376 1387 seientiam

1818 1406 2106 1473 Christus
2133 1412 2473 1493 eoqnoverit
2499 1416 2722 1479 omnia.

1894 1501 2194 1581 Secund0‚
2227 1510 2436 1569 utrum
2461 1507 2532 1569 in
2558 1510 2674 1573 kae
2696 1510 2952 1577 seientia
2975 1511 3328 1593 profecerit.

1896 1596 2136 1671 Tertio,
2165 1602 2374 1662 utrum
2396 1600 2642 1683 aliquid
2657 1604 2732 1667 ab
2753 1606 2988 1667 homine
3009 1606 3314 1671 didicerit.

1897 1690 2132 1764 Quarto
2150 1737 2169 1768 ,
2222 1698 2430 1759 πίννη
2477 1698 2776 1781 acceperit
2818 1698 3064 1781 aliquid
3107 1700 3182 1765 ab
3232 1700 3372 1765 An-

1810 1784 1984 1865 yelie.

2325 1962 2748 2027 ARTICULUS
2785 1964 2834 2027 Ι.

1819 2114 2050 2181 Utrum
2080 2118 2400 2184 seeundum
2425 2120 2583 2183 Itane
2607 2118 2924 2185 seientiam
2955 2116 3244 2185 Clari-utne
3269 2138 3368 2187 eo·-

2325 2214 2600 2297 9noverit
2625 2214 2848 2280 omnia.

1886 2376 1941 2435 1.
1988 2372 2098 2437 Aa
2112 2372 2390 2453 primum
2413 2372 2504 2437 sie
2519 2373 2896 2454 proceditur.
2937 2370 3194 2441 Videtur
3212 2377 3371 2455 quod

1800 2468 2124 2531 seeundum
2152 2468 2310 2531 hane
2329 2466 2650 2531 seientiam
2682 2465 2966 2531 Christus
3005 2484 3126 2529 non
3167 2472 3368 2535 omnia

1800 2562 2159 2643 eoqnoverit.
2189 2560 2565 2641 Hujaecemodi
2590 2562 2750 2624 enim
2775 2561 3030 2627 seientia
3041 2580 3160 2644 per
3187 2582 3367 2647 eoepe-

1796 2655 2088 2717 rientiam
2115 2655 2479 2735 aequiritur.
2511 2653 2644 2718 Sed
2676 2653 2963 2719 Christus
2997 2672 3118 2717 non
3164 2658 3366 2723 omnia

1796 2752 2078 2829 expertus
2095 2754 2202 2814 est.
2239 2748 2392 2813 Non
2415 2748 2616 2831 iqitnr
2643 2748 2844 2813 omnia
2871 2750 3188 2815 seeundum
3208 2750 3365 2819 Itane

1792 2842 2110 2905 scientiam
2131 2843 2328 2908 seivit.

1872 2938 1931 3001 2.
1979 2936 2320 3013 Proeterea‚
2355 2938 2522 3001 homo
2542 2937 2862 3001 seientiam
2879 2954 2998 3020 per
3009 2954 3244 3003 sensnm
3263 2958 3361 3005 ae·

1790 3029 2007 3109 quirit.
2051 3030 2185 3095 Sed
2209 3048 2329 3093 non
2355 3032 2556 3094 omnia
2590 3029 2908 3095 sensibilia
2928 3034 3196 3097 sensibus
3221 3052 3358 3099 eor-

1784 3122 2102 3205 poralibne
2133 3124 2374 3189 Christi
2399 3128 2652 3205 ficerunt
2676 3124 2962 3205 subjecta.
2983 3126 3134 3193 Non
3157 3129 3356 3211 iyitm·

1786 3220 2109 3283 seeundum
2137 3220 2294 3285 Itane
2308 3219 2628 3285 seientiam
2645 3218 2845 3283 omnia
2864 3222 3136 3303 coqnovit
3163 3220 3354 3287 Chri-

1785 3316 1931 3379 stus.

1866 3410 1921 3471 3.
1972 3406 2324 3485 Proeterea,
2359 3408 2680 3489 quantitas
2712 3406 2982 3473 seientioe
3009 3410 3358 3473 attenditur

1779 3502 2102 3565 seeundum
2144 3502 2407 3567 scibilia.
2462 3501 2545 3565 Si
2585 3502 2782 3583 iyitm·
2829 3503 3152 3565 seeundum
3193 3506 3352 3571 hanc

1780 3596 2096 3659 scienciam
2141 3594 2428 3661 Christus
2462 3595 2666 3660 omnia
2693 3596 2987 3669 scivisset,
3029 3604 3174 3661 esset
3200 3599 3268 3661 in
3287 3618 3350 3663 eo

1778 3690 2034 3753 seientia
2059 3691 2384 3769 acquisita,
2414 3688 2676 3771 oeqnalis
2697 3688 2965 3754 scientioe
3005 3690 3251 3770 infioeoe,
3289 3696 3348 3755 et

1777 3784 2048 3847 seientia·
2093 3786 2310 3859 beatae,
2365 3786 2526 3865 qnod
2573 3788 2663 3849 est
2717 3783 3148 3849 inconveniens.
3195 3783 3345 3851 Non

1778 3894 1919 3959 erqo
1946 3878 2268 3941 seeundum
2298 3878 2454 3944 hane
2479 3879 2796 3945 scientiam
2829 3876 3113 3941 Christus
3139 3880 3339 3943 omnia

1774 3974 1971 4038 scivit.

1857 4066 1990 4131 Sed
2017 4074 2228 4133 eontra
2257 4072 2366 4143 est,
2397 4068 2559 4149 qnod
2581 4068 2748 4133 nihil
2767 4068 3186 4151 imperfectum
3210 4072 3336 4149 snit

1772 4163 1840 4225 in
1874 4161 2118 4226 Christo
2165 4167 2462 4243 quantum
2489 4164 2576 4227 ad
2597 4164 2888 4227 animam.
2925 4163 3174 4229 Fuisset
3221 4184 3340 4229 au-

1774 4260 1892 4317 tem
1921 4256 2282 4339 imperfecta
2308 4258 2435 4322 koee
2461 4256 2593 4337 ejus
2616 4258 2893 4331 seientia,
2931 4259 2988 4321 si
3017 4260 3338 4325 secundum

1772 4368 1903 4413 eam
1928 4368 2048 4413 non
2064 4352 2330 4417 scivisset
2355 4354 2578 4427 omnia,
2605 4353 2752 4433 quia
2778 4353 3200 4435 imperfectum
3219 4360 3332 4429 est,

1768 4446 1867 4509 eui
1882 4452 2086 4529 potest
2114 4448 2256 4526 fieri
2282 4448 2543 4512 additio.
2585 4448 2766 4531 Ergo
2810 4450 3132 4515 seeundum
3177 4450 3336 4517 hano

1766 4541 2085 4604 seientiam
2109 4540 2394 4605 Christus
2419 4543 2622 4607 mnnia
2649 4543 2844 4608 seivit.

1844 4634 2084 4715 Respon
2092 4636 2194 4697 deo
2217 4636 2554 4711 dicendum,
2575 4638 2738 4717 qnod
2757 4636 3012 4701 seiemia
3031 4637 3332 4717 acquisita

1755 4729 2017 4808 ponitur
2057 4729 2126 4790 in
2179 4730 2387 4792 anima
2445 4728 2682 4793 Christi
2725 4726 2756 4813 (
2767 4735 2836 4793 ut
2881 4748 3072 4812 supra
3099 4732 3328 4797 dietum

1764 4821 1885 4884 αι’
1908 4822 1934 4907 )
1955 4827 2215 4905 propter
2253 4823 2724 4887 convenientiam
2761 4823 3106 4889 meelleecns
3138 4842 3328 4908 apen-

1764 4916 1868 4989 tis‚
1905 4934 1980 4978 ne
2006 4916 2136 4997 ejus
2159 4915 2318 4981 aetio
2339 4916 2422 4980 sit
2446 4916 2659 4991 otiosa,
2689 4936 2824 4999 qnae
2848 4919 3006 4998 facit
3029 4917 3330 5003 intelliqi-

1766 5007 1917 5071 bilia
1940 5009 2010 5070 in
2037 5013 2178 5073 aetn
2195 5032 2220 5081 ;
2246 5010 2404 5074 sicut
2433 5014 2490 5073 et
2517 5010 2770 5075 scientia
2796 5010 3000 5074 indita
3026 5009 3123 5075 vel
3147 5012 3330 5091 infn-

1760 5120 1832 5165 3a
1864 5104 2123 5183 ponitur
2147 5104 2216 5166 in
2241 5104 2450 5167 anima
2481 5102 2720 5169 Christi
2766 5108 2852 5170 ad
2890 5106 3326 5187 perfectionem

1760 5195 2108 5260 intellectus
2148 5196 2480 5277 possibilis.
2527 5196 2708 5263 Sicut
2757 5204 2957 5263 autem
2983 5198 3329 5265 intellectus

1751 5288 2071 5368 possibilie
2096 5296 2206 5365 eet,
2239 5307 2354 5369 qno
2382 5296 2471 5353 est
2501 5292 2704 5355 omnia
2729 5292 2895 5369 fieri,
2923 5292 3018 5355 ita
3043 5288 3327 5356 intellec-

1762 5386 1861 5443 tus
1887 5400 2076 5463 ayene
2103 5388 2212 5457 eet,
2249 5400 2362 5464 quo
2393 5386 2596 5449 omnia
2623 5389 2710 5449 est
2734 5388 2936 5463 facere
2953 5430 2972 5457 ,
2997 5388 3068 5449 ut
3098 5384 3328 5455 dieitur

1846 5572 1863 5609 ¹
1902 5570 1974 5645 Q.
2007 5573 2068 5648 9,
2100 5577 2217 5635 art.
2243 5576 2308 5635 4.
