3892 6167
1319 324 1650 383 marmur.
1676 324 1849 383 xxxi.
1881 326 2054 383 ΜΤ.
2091 328 2174 383 v1.

120 424 615 515 producendam
637 426 943 489 rationem
960 424 1301 506 qualitatis,
1322 426 1449 491 nisi
1468 434 1541 492 ut
1562 443 1709 492 cou-

118 528 411 588 tracmm
455 520 539 583 acl
576 520 771 583 talem
808 520 1083 600 speciem
1126 522 1477 601 qualitatis;
1516 540 1669 605 ergo
1688 568 1705 599 ,

122 615 401 699 quando
440 630 610 693 aqua
641 619 715 675 nt
752 614 1241 677 instrumentum
1278 615 1390 678 Dei
1420 615 1711 696 producit

116 713 415 795 gratiam
440 752 457 784 ,
500 726 633 771 nou
652 712 857 789 potest
882 708 1009 771 dici
1030 709 1374 789 producere
1398 711 1571 773 illam
1594 728 1709 791 per

114 804 498 871 namt-alem
532 802 881 882 potentiam
912 818 1105 881 quam
1136 803 1324 866 habet
1354 805 1439 868 ad
1474 805 1709 885 produ-

116 900 417 965 cendam
440 895 843 977 frigiditatem
863 942 887 973 ‚
922 912 997 958 eo
1025 896 1199 975 quod
1227 899 1425 977 gratia
1450 904 1515 961 et
1536 898 1707 978 frigi-

126 1000 295 1061 ditas
334 990 843 1055 convenientiam
884 988 1227 1070 quamdam
1272 992 1341 1052 in
1386 992 1707 1055 communi

126 1090 386 1155 ratione
418 1084 731 1163 qualitatis
760 1083 995 1146 hahere
1024 1084 1387 1159 videantur3
1424 1104 1571 1147 cum
1598 1086 1705 1148 ilia

124 1181 499 1249 communis
542 1179 701 1241 ratio
744 1178 1065 1260 qualitatis
1108 1196 1241 1242 non
1286 1180 1629 1261 attingatur
1664 1198 1705 1243 a

116 1278 239 1341 tali
264 1276 501 1339 virtute
526 1272 821 1349 naturali,
854 1290 1065 1352 neque
1090 1276 1163 1335 ut
1188 1272 1517 1355 adaequata
1542 1274 1705 1337 ratio

126 1388 331 1453 quam
360 1384 475 1449 per
496 1384 565 1429 se
586 1366 791 1449 primo
810 1366 875 1427 in
902 1366 1131 1429 effectu
1154 1366 1465 1448 respiciat,
1490 1384 1704 1447 neque

128 1472 205 1528 ut
230 1465 407 1525 ratio
434 1461 551 1524 sub
576 1476 705 1541 qua
740 1460 993 1541 attingit
1017 1478 1201 1522 suum
1230 1460 1589 1525 naturalem
1617 1460 1707 1525 ef·-

122 1562 405 1621 fectum.
429 1556 503 1618 Et
520 1557 643 1618 hoc
664 1561 1105 1635 argumentum
1124 1556 1397 1618 maxime
1422 1558 1611 1637 urget
1636 1556 1706 1619 in

128 1652 393 1716 actione
422 1649 1021 1712 transubstantiandi
1044 1694 1063 1724 ‚
1108 1666 1255 1729 quae
1280 1650 1530 1731 attingit
1554 1650 1705 1713 suh-

132 1748 439 1811 stantiam
472 1746 669 1825 ipsam
706 1744 1059 1807 seeundum
1099 1760 1191 1821 se,
1236 1762 1351 1808 seu
1377 1748 1705 1825 'quatenus

132 1858 273 1905 esse
336 1844 541 1920 potest
596 1838 903 1901 terminus
953 1838 1385 1901 conversionis
1446 1838 1706 1902 alterius

138 1934 503 1999 substantiae
544 1934 614 1996 in
657 1934 861 2014 ipsam
887 1978 905 2009 ,
951 1934 1063 2014 qui
1110 1934 1419 1997 terminus
1465 1935 1707 1997 nullam

140 2030 333 2092 habet
384 2026 615 2090 realem
662 2026 1168 2090 convenientiam
1214 2046 1359 2090 cum
1410 2028 1532 2091 alio
1574 2035 1705 2091 ter-

148 2124 307 2185 mino
336 2120 705 2184 naturaliter
725 2120 1125 2202 producibili,
1157 2126 1391 2202 praeter
1412 2137 1705 2185 commu-

151 2236 287 2280 nem
346 2216 841 2279 convenientiam
910 2214 1273 2278 snbstantiae
1327 2224 1438 2280 aut
1491 2216 1653 2279 eutis
1684 2263 1699 2293 ,

156 2328 337 2392 quam
358 2310 530 2372 nulla
557 2308 861 2373 naturalis
890 2308 1085 2371 virtus
1114 2315 1326 2373 creata
1354 2315 1565 2391 potest
1588 2326 1705 2391 per

162 2422 223 2468 se
254 2406 470 2485 pn’mo,
510 2404 611 2466 vel
642 2409 949 2483 tanquam
984 2403 1299 2464 rationem
1346 2402 1699 2479 formalem,

168 2500 275 2561 suh
298 2516 413 2577 qua
442 2498 689 2580 attingit
716 2512 901 2560 suum
930 2496 1244 2573 effectum,
1286 2498 1620 2577 respicere.

238 2594 325 2654 81.
368 2594 612 2670 Tertio,
658 2592 806 2673 quia
852 2591 1007 2652 alias
1050 2592 1255 2653 omnis
1291 2592 1571 2671 potentia
1606 2608 1706 2653 ac-

160 2689 269 2751 tiva
314 2686 613 2750 naturalis
658 2686 924 2768 alicujus
971 2686 1233 2749 effectus
1286 2693 1451 2750 esset
1492 2688 1703 2767 alique¹

152 2782 335 2845 modo
362 2782 640 2861 potentia
664 2780 868 2843 activa
893 2781 1197 2843 naturalis
1220 2782 1501 2842 omnium
1527 2780 1707 2844 effec-

152 2882 325 2939 tuum
354 2874 721 2936 habentium
759 2874 1037 2953 aliquam
1070 2874 1573 2937 convenientiam
1602 2890 1708 2957 ge-

146 2971 424 3031 nez-icam
446 2984 589 3033 cum
610 2970 809 3033 altero
835 2970 1063 3032 effectu
1076 2970 1368 3047 naturali,
1386 2970 1555 3051 quod
1570 2970 1705 3034 sine

150 3063 337 3125 dubio
370 3068 467 3125 est
492 3063 673 3125 valde
700 3060 1043 3125 absurdum
1082 3063 1153 3124 in
1184 3063 1610 3144 philosophia,
1639 3067 1712 3126 ut

146 3156 309 3217 sacta
350 3156 713 3219 inductione
752 3156 935 3219 facile
964 3156 1207 3219 ostendi
1241 3162 1469 3237 potest.
1514 3158 1589 3221 Et
1610 3172 1711 3219 ra-

144 3250 313 3312 tione
337 3298 351 3323 ‚
400 3250 549 3331 quia
584 3250 889 3313 naturalis
929 3250 1209 3331 potentia
1248 3264 1377 3312 non
1416 3256 1513 3313 est
1540 3266 1710 3313 com-

150 3350 511 3405 mensurata
554 3342 642 3405 ini
688 3344 964 3418 effectui,
1017 3343 1133 3405 nisi
1178 3343 1526 3406 secundum
1566 3362 1711 3425 pro-

148 3439 349 3519 priam
374 3444 437 3500 ct
460 3436 812 3517 specificam
838 3437 1147 3499 rationem
1174 3436 1351 3517 ejus;
1382 3444 1445 3500 et
1468 3436 1553 3500 ita
1576 3452 1709 3501 non

154 3531 395 3611 attingit
436 3548 517 3593 ex
559 3537 785 3593 natura
833 3548 949 3592 sua
992 3530 1270 3593 rationes
1316 3548 1705 3605 communes,

158 3626 275 3685 nisi
294 3630 479 3705 prout
510 3624 577 3685 in
604 3624 712 3686 illo
740 3630 1111 3686 contractas.
1142 3622 1413 3685 Maxime
1438 3624 1585 3703 quia
1612 3624 1711 3687 hoe

165 3720 422 3780 rationes
452 3732 823 3783 communes
865 3718 1125 3799 physice
1156 3724 1218 3781 et
1242 3716 1309 3778 in
1334 3733 1404 3781 re
1426 3736 1559 3781 non
1581 3718 1711 3780 dis-

162 3810 523 3892 tinguuntur
546 3830 585 3873 a
610 3812 1115 3893 particularibus,
1148 3818 1213 3874 et
1239 3810 1321 3872 ab
1348 3811 1709 3875 entitaiibus

157 3906 422 3989 physicis
463 3908 529 3969 in
575 3908 805 3987 quibus
840 3908 1273 3987 repet-iunium
1326 3904 1459 3968 haec
1496 3912 1709 3968 autem

158 4002 671 4063 commensuratio
700 4002 871 4063 inter
902 4000 1199 4062 virtutem
1239 4000 1505 4062 activam
1533 4004 1596 4063 et
1624 3998 1711 4062 et·-

154 4092 379 4157 t'ectum
426 4093 678 4175 physica
724 4100 841 4171 est,
886 4096 953 4156 et
986 4094 1245 4175 physice
1288 4098 1383 4155 est
1422 4092 1713 4157 conside-

156 4188 348 4250 randa
372 4188 535 4251 inter
558 4204 683 4265 ree,
713 4192 901 4267 prout
923 4204 959 4249 a
985 4191 1165 4267 parte
1180 4184 1270 4249 rei
1296 4192 1465 4262 sunt,
1494 4194 1558 4249 et
1580 4204 1710 4250 non

161 4281 499 4345 secundum
518 4282 789 4343 rationes
811 4296 1181 4344 communes
1210 4278 1649 4345 abstrahihiles
1672 4300 1709 4343 a

160 4382 367 4437 nostro
394 4372 731 4437 intellectu.

238 4470 335 4531 82.
378 4470 580 4547 Atque
616 4466 717 4529 hae
756 4467 1034 4530 rationes
1078 4468 1298 4531 eodem
1342 4470 1475 4531 fere
1518 4468 1707 4532 modo

162 4560 497 4643 procedunt
538 4561 604 4622 in
646 4562 941 4641 potentiis
984 4562 1229 4636 animae,
1272 4568 1588 4643 quatenns
1626 4562 1709 4625 ad

168 4654 653 4737 supernaturales
692 4662 869 4719 actus
912 4654 1253 4718 eliciendos
1294 4656 1525 4719 elevari
1566 4674 1711 4737 pos-

172 4756 326 4827 sunt,
372 4750 433 4810 in
470 4750 697 4830 quihus
738 4750 845 4811 ille
888 4749 1119 4813 modus
1164 4748 1463 4831 loquendi
1508 4751 1709 4813 videri

174 4850 370 4927 posset
382 4842 612 4905 habere
630 4844 941 4925 majorem
956 4842 1413 4925 probabilitatis
1433 4844 1708 4925 speciem

176 4943 407 5018 propter
430 4936 679 4999 vitalem
716 4942 783 4999 et
816 4936 1085 4999 liberum
1114 4936 1371 4999 modum
1402 4924 1707 5017 operandi

176 5032 377 5093 harum
434 5030 853 5109 potentiarum
894 5048 910 5106 3
978 5030 1385 5093 nihilominus
1436 5038 1653 5093 tamen
1681 5076 1704 5109 ,

182 5126 345 5189 etiam
368 5125 427 5186 in
456 5124 575 5187 illis
597 5124 913 5204 potentiis,
944 5140 1063 5205 ego
1092 5124 1265 5187 nulla
1290 5125 1533 5189 ratione
1562 5141 1709 5189 con-

184 5220 437 5282 cederem
464 5265 479 5294 ,
514 5219 779 5281 influere
811 5219 878 5281 in
910 5218 1029 5281 hos
1060 5226 1235 5282 actus
1270 5220 1496 5283 virtute
1528 5226 1708 5283 natu·

187 5315 304 5391 rali,
328 5318 393 5375 at
410 5312 709 5375 naturalis
730 5318 847 5389 est,
872 5312 1021 5393 quia
1042 5328 1175 5376 non
1198 5330 1427 5377 censeo
1450 5312 1565 5376 has
1594 5330 1707 5397 po·

190 5408 385 5470 tentiae
418 5417 557 5469 esse
592 5406 963 5470 naturaliter
994 5412 1555 5483 commensuratus,
1596 5414 1707 5471 aut

190 5500 565 5565 essentialiter
610 5500 957 5579 ordinatas,
1004 5506 1111 5565 aut
1150 5502 1473 5567 institutas
1520 5517 1598 5565 ex
1642 5504 1705 5567 vi

1788 444 1925 493 snae
1949 428 2432 511 specificationis
2458 430 2540 494 ad
2566 430 2684 493 hos
2711 430 2886 495 actus
2913 439 3354 515 supernatura-

1786 522 1882 586 les
1928 524 2289 599 eliciendos,
2345 522 2535 587 etiam
2585 526 2975 606 partialiter3
3023 546 3234 607 neque
3269 528 3356 593 ad

1789 616 2157 699 attingenda
2183 618 2434 681 illorum
2459 618 2701 700 objecta
2729 619 2850 683 sub
2877 635 2955 683 ea
2977 622 3232 702 speciali
3255 638 3354 685 ra-

1784 711 1960 773 tione
1980 755 1997 786 ,
2039 728 2166 792 qua
2207 712 2292 775 ab
2331 712 2419 775 eis
2463 712 2684 794 attingi
2721 720 3027 795 possunt3
3075 714 3354 795 alioquin

1786 820 1916 867 non
1946 804 2134 869 video
2176 808 2496 886 quomodo
2525 807 2594 869 iu
2634 808 2730 871 his
2768 808 3066 889 potentiis
3107 826 3238 871 non
3269 808 3355 871 sit

1782 897 1978 961 etiam
2025 901 2328 963 naturalia
2375 902 2690 981 capacitas
2729 902 2979 982 passiva
3013 901 3096 964 ad
3131 902 3353 983 hujus-

1784 992 1958 1055 modi
1981 1000 2178 1071 actus,
2211 1012 2354 1057 cnm
2383 995 2516 1058 haec
2543 998 2606 1059 et
2631 997 2916 1077 proxime
2943 1000 3246 1077 sequatur
3271 1014 3350 1059 ex

1782 1086 1893 1149 illa
1924 1086 2198 1150 naturali
2231 1089 2844 1153 commensuratione
2881 1090 3101 1153 talium
3130 1097 3354 1172 poten-

1782 1180 2040 1255 tiarum,
2073 1187 2138 1243 et
2157 1183 2541 1263 respondeat
2563 1183 2859 1246 activitati
2887 1184 3182 1259 naturali,
3213 1200 3352 1265 qun

1784 1276 2004 1355 negari
2027 1292 2156 1337 non
2177 1284 2385 1357 potest
2406 1278 2472 1338 in
2495 1278 2594 1339 his
2617 1278 2930 1357 potentiis,
2963 1278 3186 1343 saltem
3207 1294 3352 1359 par-

1782 1369 1981 1443 tialis,
2027 1370 2081 1431 si
2127 1370 2288 1433 tales
2327 1370 2624 1451 potentie
2669 1372 2907 1435 habent
2949 1372 3352 1435 essentialem

1782 1460 2222 1525 habitudinem
2253 1464 2338 1525 ad
2365 1462 2728 1544 hujusmodi
2759 1471 2936 1527 actus
2961 1513 2976 1539 ,
3011 1484 3128 1527 seu
3153 1466 3237 1527 ad
3259 1470 3354 1528 to·-

1782 1560 1917 1617 tam
1963 1556 2352 1621 latitudinem
2395 1558 2617 1619 talium
2657 1562 2945 1637 actuum,
2991 1562 3181 1639 prout
3221 1564 3352 1621 tam

1786 1648 2300 1730 supernaturales
2327 1666 2522 1731 quam
2544 1652 2868 1715 naturales
2895 1653 3349 1733 complectitur3

1784 1744 1935 1823 quia
1975 1746 2074 1805 hoe
2105 1745 2402 1825 potentiae
2437 1745 2856 1808 essentialiter
2895 1752 3048 1809 sunt
3083 1746 3300 1809 activae
3331 1764 3348 1821 ;

1784 1838 1982 1916 unde,
2001 1845 2310 1919 quantum
2332 1840 2572 1903 hahent
2589 1840 2940 1903 essentialis
2963 1840 3355 1905 habitudinis

1786 1932 1871 1995 ad
1899 1934 2017 1995 hos
2047 1938 2246 2010 actus,
2273 1936 2522 1996 tantum
2543 1934 2788 1997 hahent
2811 1934 3184 2009 activitatis3
3217 1932 3356 1997 nul-

1784 2026 1849 2087 lo
1880 2026 2050 2089 enim
2083 2027 2274 2089 modo
2301 2029 2366 2091 in
2395 2043 2469 2089 re
2503 2028 2908 2109 distinguitur
2936 2028 3216 2092 activitas
3243 2044 3353 2089 na-

1784 2120 2006 2183 turalis
2043 2120 2127 2182 ab
2159 2124 2432 2185 essentia
2469 2138 2730 2199 earum3
2778 2124 2980 2185 solum
3021 2136 3176 2203 ergo
3211 2138 3352 2185 esse

1782 2218 1994 2295 potest
2017 2214 2371 2278 differentia
2399 2218 2564 2279 inter
2591 2222 2771 2278 actus
2801 2215 3122 2279 naturales
3153 2222 3218 2279 et
3243 2232 3354 2279 su-

1780 2309 2224 2389 pernaturales
2243 2354 2262 2385 ,
2301 2308 2474 2389 quod
2502 2310 2585 2373 ad
2611 2309 2754 2371 illos
2782 2310 2903 2371 erit
2929 2310 3136 2389 major
3157 2311 3354 2372 virtus

1786 2402 1990 2463 activa
2035 2416 2230 2481 quam
2275 2403 2358 2464 ad
2399 2402 2548 2479 hos,
2601 2405 2704 2466 vel
2745 2402 2918 2483 quod
2958 2402 3042 2465 ad
3081 2401 3222 2465 illos
3257 2408 3355 2465 est

1784 2496 2102 2576 completa
2144 2496 2211 2557 in
2261 2509 2496 2578 genere
2543 2496 2844 2577 potentiue
2881 2496 3180 2577 proximae
3201 2540 3224 2572 ,
3271 2494 3354 2557 ad

1784 2590 1905 2651 hos
1928 2606 2080 2653 vero
2109 2596 2204 2653 est
2231 2590 2636 2671 incompleta,
2663 2591 2854 2654 etiam
2875 2592 2948 2652 in
2960 2591 3070 2653 illo
3089 2604 3348 2671 genere.

1786 2682 1967 2755 Quod
1995 2700 2150 2747 sane
2177 2699 2305 2747 non
2335 2685 2486 2747 satis
2519 2691 2618 2749 est
2653 2691 2726 2747 ut
2761 2684 2826 2746 hi
2857 2690 3036 2747 actus
3061 2684 3352 2746 dicantur

1786 2774 2155 2858 simpliciter
2213 2779 2722 2860 supernaturales
2780 2784 3072 2860 respectu
3123 2778 3353 2839 harum

1784 2871 2246 2952 potentiarum;
2291 2872 2460 2953 qnia,
2497 2879 2572 2935 ut
2603 2887 2795 2953 supra
2838 2870 3350 2953 argumentahar,

1790 2966 2034 3027 etiamsi
2079 2966 2274 3029 virtus
2319 2966 2398 3029 sit
2431 2966 2926 3029 instrumentalis
2955 2971 3224 3040 tantum,
3253 2964 3356 3027 vel

1789 3059 2093 3141 partialis,
2129 3064 2182 3122 si
2211 3076 2286 3123 ex
2317 3065 2542 3123 natura
2569 3076 2684 3123 sua
2709 3066 2804 3124 est
2822 3060 2930 3123 illo
2959 3059 3152 3123 modo
3179 3058 3356 3121 insti-

1788 3159 1921 3216 tuta
1944 3154 2030 3217 ad
2051 3154 2244 3217 talem
2266 3154 2578 3231 effectum,
2613 3154 2800 3235 eique
2821 3157 3350 3228 commensurata,

1790 3248 2052 3309 effectus
2099 3254 2196 3311 est
2239 3248 2324 3309 illi
2373 3248 2738 3328 simpliciter
2781 3246 3234 3321 connaturalis,
3265 3249 3352 3320 et,

1783 3341 1966 3420 juxta
1993 3340 2274 3403 debitum
2301 3348 2546 3403 naturis
2571 3342 2881 3416 ordinem,
2897 3340 3010 3403 tali
3033 3338 3268 3415 virtuti,
3285 3344 3356 3401 ut

1784 3435 2038 3517 passiva
2069 3440 2166 3497 est
2185 3480 2203 3510 ,
2239 3435 2508 3499 debetur
2533 3436 2674 3499 talis
2699 3441 2876 3497 actus
2901 3440 2968 3497 et
3001 3434 3300 3515 perfectio
3335 3452 3351 3510 ;

1789 3540 1863 3590 ut
1906 3531 2120 3591 autem
2161 3529 2363 3590 activa
2411 3534 2505 3591 est
2518 3574 2540 3605 ,
2586 3529 2853 3591 debetur
2891 3528 2981 3589 illi
3023 3527 3354 3590 activitatis

1790 3622 2350 3702 complementum,
2384 3623 2484 3686 vel
2511 3622 2948 3696 intrinsecum,
2984 3622 3086 3685 vel
3113 3638 3227 3701 per
3253 3638 3355 3681 au-

1788 3714 2296 3777 bordinationem
2330 3720 2394 3778 et
2431 3732 2806 3778 concursum
2837 3715 3182 3795 superioris
3207 3730 3354 3777 cau-

1790 3824 1896 3870 sae.
1942 3808 2074 3871 Hac
2105 3809 2278 3871 enim
2317 3810 2584 3885 ratione,
2613 3814 2678 3870 et
2701 3808 2959 3888 Angelis
2988 3806 3230 3889 species
3261 3808 3355 3869 in·-

1786 3903 2170 3985 telligihiles,
2203 3910 2268 3966 et
2294 3903 2534 3967 homini
2561 3904 2894 3983 generanti
2915 3902 3186 3966 debetur
3205 3918 3355 3966 con·

1790 4014 2016 4061 cursus
2065 3998 2258 4061 etiam
2301 4000 2614 4061 emativus
2647 3994 2896 4060 animm.
2943 3998 3034 4060 Ac
3077 3996 3354 4076 denique

1788 4092 1891 4153 vix
1919 4097 2126 4173 potest
2151 4092 2412 4173 intelligi
2451 4092 2622 4173 quod
2646 4092 2925 4172 potentia
2967 4108 3142 4154 mere
3169 4092 3355 4153 natu·

1792 4185 1943 4247 ralis
1983 4184 2212 4248 habeat
2253 4184 2782 4265 specificationem
2823 4202 3004 4249 suam
3041 4191 3104 4247 et
3139 4198 3357 4248 essem

1791 4280 1945 4342 tiam
1982 4298 2064 4342 ex
2101 4278 2470 4342 habitudine
2507 4279 2590 4342 ad
2615 4279 3125 4360 supernaturales
3151 4285 3352 4353 actus,

1787 4389 1997 4453 neque
2024 4374 2375 4455 adaequate,
2401 4390 2614 4455 neque
2635 4374 3003 4455 partialiter,
3027 4374 3352 4453 multoque

1783 4468 1998 4529 minus
2034 4466 2301 4550 intelligi
2340 4474 2548 4548 potest
2587 4467 2758 4550 quod
2788 4468 2997 4547 aliqua
3033 4467 3116 4530 sit
3143 4484 3354 4529 essen-

1788 4562 2020 4625 tialiter
2055 4561 2337 4643 potentia
2371 4563 2596 4641 activa,
2641 4568 2706 4625 et
2739 4562 3110 4625 naturaliter
3151 4561 3354 4623 activa

1790 4654 2146 4736 aliquorum
2176 4662 2454 4734 actuum,
2486 4662 2552 4719 et
2575 4654 2834 4737 quodid
2855 4670 2986 4716 nou
3015 4652 3248 4717 habeat
3273 4670 3356 4717 ex

1787 4762 1905 4813 vsua
1928 4750 2222 4832 specifica
2253 4756 2314 4813 et
2341 4750 2656 4814 essentiali
2683 4750 2950 4813 ratione.

1870 4846 1972 4909 83.
2015 4844 2226 4908 Tertio
2270 4844 2462 4926 igitur
2512 4846 2604 4923 (ut
2652 4844 2798 4906 huic
2839 4842 3120 4906 secundo
3171 4860 3354 4922 argu-

1790 4944 2004 5002 mento
2055 4938 2314 5001 tandem
2363 4936 2766 5016 satisfaciam)
2815 4936 3145 5010 concludo,
3190 4936 3354 4997 hanc

1786 5034 1919 5096 vim
1963 5034 2228 5096 activam
2257 5033 2818 5096 instrumentorum
2855 5031 2971 5094 Dei
3007 5029 3355 5093 secundum

1788 5142 1924 5189 rem
1955 5126 2208 5209 quidem
2231 5126 2423 5189 talem
2445 5142 2606 5200 esse,
2631 5124 2836 5207 qualis
2863 5130 2960 5187 est
2979 5124 3230 5197 entitas,
3251 5122 3357 5185 cui

1786 5220 2126 5284 convenire
2155 5220 2407 5295 dici-tun
2437 5218 2634 5296 unde,
2657 5219 2840 5281 stilla
2868 5218 3092 5280 entitas
3118 5220 3214 5279 est
3239 5232 3355 5277 na-

1784 5314 2010 5379 turalis
2035 5314 2294 5392 ordinis,
2329 5315 2520 5378 etiam
2561 5314 2670 5377 illa
2695 5312 2972 5395 potentia
3008 5309 3353 5373 secundum

1786 5414 1990 5472 totam
2015 5421 2200 5471 suam
2225 5408 2552 5471 entitatem
2583 5414 2678 5471 est
2697 5404 3034 5480 naturalis3
3065 5403 3118 5465 si
3140 5410 3352 5465 autem

1786 5503 2016 5568 entitas
2041 5517 2157 5565 sen
2206 5502 2431 5579 forma,
2473 5502 2541 5563 in
2577 5516 2703 5581 qua
2733 5496 3169 5562 consideratur
3209 5495 3352 5559 talis
