3892 6167
507 305 625 368 188

498 409 813 476 Christum
860 409 1103 473 ratione
1155 407 1561 474 beatitudinis
1610 427 1738 472 non
1782 408 2060 490 potuisse

499 521 789 586 peccare,
816 519 949 565 non
980 509 1195 566 tamen
1216 521 1295 566 ex
1320 503 1383 566 vi
1406 503 1599 566 solius
1626 503 1908 575 unionis;
1942 519 2060 563 un-

501 598 586 660 de
608 614 757 660 cum
798 595 957 658 alias
982 597 1209 658 sentiat
1250 613 1434 676 posse
1474 598 1820 659 humanam
1866 601 2062 658 natu·-

502 709 644 754 ram-
672 691 907 752 assnmi
956 691 1095 752 ains
1139 691 1524 752 lnatitndine
1542 737 1561 766 ,
1602 694 2062 767 consequenter

505 784 755 846 videtur
772 783 1011 845 sentire
1028 827 1051 860 ,
1088 799 1221 844 non
1258 782 1585 864 implicare
1626 781 2070 846 contradictio-

506 893 679 954 ηοω,
704 882 997 940 naturam
1042 883 1431 956 assumptam
1480 893 1741 938 manere
1774 875 2072 956 peccabi·

506 969 654 1032 lem.
682 971 761 1031 Et
782 970 955 1032 idem
982 971 1168 1033 sentit
1196 970 1385 1033 Gabr.
1415 1019 1428 1045 ,
1460 970 1523 1032 d.
1554 971 1596 1032 Ξ
1615 1014 1636 1045 ,
1677 975 1743 1032 et
1784 970 1881 1042 13,
1916 987 1978 1050 q.
2008 971 2068 1028 1.

508 1063 799 1139 Quamvis
827 1064 895 1123 in
916 1062 1109 1125 modo
1134 1063 1435 1143 loquendi
1460 1063 1734 1136 differat,
1778 1063 1926 1142 quia
1951 1079 2068 1123 ne·

508 1163 615 1238 get
638 1156 703 1218 in
732 1173 811 1218 eo
832 1174 987 1218 casu
1008 1173 1151 1218 esse
1176 1155 1679 1232 concedendum,
1706 1159 1903 1216 Deum
1924 1171 2070 1234 pec·

506 1269 675 1323 care,
704 1250 875 1330 quod
900 1265 1095 1329 quam
1120 1255 1486 1313 constanter
1504 1251 1745 1312 dictum
1774 1248 1875 1322 sit,
1908 1247 2070 1309 iufra

506 1341 879 1405 videbimus.
910 1345 1297 1422 Argumenta
1322 1359 1439 1424 pro
1467 1343 1587 1404 hac
1624 1342 1938 1404 sententia
1969 1355 2072 1402 so-

504 1435 637 1499 lent
660 1436 859 1498 multa
884 1437 1165 1516 congeri.
1198 1436 1313 1498 sed
1338 1453 1537 1497 unum
1566 1436 1754 1498 estin
1783 1451 1909 1515 quo
1936 1439 2071 1496 tota

505 1527 841 1592 difficultas
868 1530 1173 1606 consistit,
1202 1529 1459 1604 scilicet,
1496 1527 1671 1608 quod
1712 1527 2072 1588 hnmanitas

509 1639 588 1684 ex
634 1623 693 1684 vi
739 1622 935 1685 solius
980 1622 1263 1684 formalis
1308 1623 1561 1684 unionis
1608 1639 1737 1684 non
1786 1619 2072 1682 redditur

508 1717 871 1796 sapientior,
904 1733 1025 1778 nec
1048 1716 1389 1796 potentior,
1428 1722 1717 1796 utsupra
1748 1719 2070 1776 ostensum

508 1817 607 1872 est
628 1817 889 1890 &posset
916 1816 1131 1871 autem
1156 1809 1259 1870 illa
1288 1809 1647 1871 humanitas
1670 1808 1905 1870 assumi
1936 1807 2072 1868 sine

508 1903 639 1966 ullo
676 1902 844 1965 dono
868 1903 1271 1982 superaddito
1300 1909 1526 1983 praeter
1556 1903 2070 1980 unionem;·ergo

508 2003 661 2060 tunc
707 1996 812 2059 ille
866 1996 1058 2058 homo
1109 2001 1274 2058 esset
1320 2013 1451 2058 non
1514 1996 1727 2058 minus
1772 1995 2073 2075 ignorans

507 2109 699 2172 quam
730 2091 936 2154 caeteri
955 2137 973 2166 ,
1002 2109 1125 2154 nec
1172 2091 1381 2152 minus
1408 2089 1649 2172 fragilis
1688 2088 1771 2150 ad
1798 2103 2071 2168 operan-

507 2187 661 2252 dum
703 2201 781 2247 ex
812 2185 1169 2264 ignorantia
1194 2227 1213 2257 ,
1250 2184 1349 2245 vel
1384 2201 1463 2246 ex
1502 2181 2074 2245 inconsideratione

508 2285 621 2342 aut
642 2277 957 2358 passione,
985 2295 1101 2357 per
1126 2277 1391 2338 liberam
1419 2276 1815 2338 voluntatem
1848 2276 2080 2335 huma-

510 2389 693 2443 namz
734 2388 886 2450 ergo
926 2375 1141 2450 posset
1182 2385 1449 2449 peccare
1466 2416 1483 2444 ,
1516 2387 1671 2430 nam
1724 2374 1853 2430 tota
1898 2364 2081 2428 radix

509 2481 623 2526 seu
641 2464 925 2544 potentia
947 2462 1247 2544 peccandi
1270 2462 1475 2544 posita
1500 2467 1601 2523 est
1618 2460 1683 2522 in
1711 2457 1835 2523 illis
1852 2460 2082 2540 imper·

509 2556 939 2622 factionibus.-

590 2655 653 2714 3.
676 2650 827 2712 Dico
852 2655 1065 2711 tamen
1093 2648 1295 2728 primo
1325 2668 1340 2709 ε
1372 2648 1757 2728 impossibile
1781 2655 1877 2710 est
1894 2647 2076 2710 Chri-

512 2753 680 2809 stum
718 2743 1057 2805 Dominum
1092 2759 1207 2804 seu
1236 2743 1439 2804 Deum
1458 2785 1475 2815 ,
1525 2759 1641 2822 per
1682 2745 2078 2820 assumptam

512 2837 993 2908 humanitatem,
1028 2840 1139 2897 aut
1164 2851 1633 2914 quamcumque
1672 2834 1861 2896 aliam
1898 2849 2076 2895 crea-

516 2937 722 2993 taram
762 2927 1251 2989 intellectualem
1276 2928 1485 2989 Verbo
1514 2926 1907 3006 hypostatice
1936 2925 2078 2986 uni·

510 3029 678 3096 tam,
722 3019 979 3100 aliquod
1008 3020 1253 3082 actuale
1282 3025 1613 3099 peccatum
1650 3019 2072 3080 committere.

512 3118 689 3180 Hanc
724 3113 1195 3176 conclusionem
1220 3111 1381 3174 adeo
1409 3127 1626 3175 veram
1662 3111 1977 3186 existimo,
2009 3115 2080 3172 ut

510 3209 824 3274 contraria
856 3225 1065 3286 neque
1104 3207 1241 3270 sine
1272 3208 1621 3270 temeritate
1646 3249 1663 3278 ,
1702 3223 1913 3286 neque
1938 3205 2078 3266 sine

514 3301 791 3382 quadam
828 3300 1167 3381 impietatis
1212 3301 1419 3380 specie
1468 3299 1721 3362 detondi
1772 3315 1962 3378 posse
1989 3297 2078 3358 vi—

515 3395 759 3458 deatur.
806 3394 1082 3456 Primum
1112 3393 1299 3455 -enim
1352 3393 1459 3455 alii
1510 3407 1731 3454 omnes
1772 3387 2076 3470 Theologi

516 3495 817 3568 tanquam
852 3487 989 3548 fere
1026 3492 1265 3550 certam
1320 3485 1495 3548 illam
1543 3485 1882 3557 affirmant,
1928 3499 2076 3545 cum

514 3582 815 3661 Magistro
840 3626 859 3654 ,
884 3580 953 3642 in
994 3581 1067 3654 3,
1098 3579 1163 3640 d.
1208 3581 1287 3641 12
1311 3625 1326 3651 ,
1362 3578 1470 3640 ubi
1496 3579 1567 3640 D.
1600 3579 1821 3640 Thom.
1843 3622 1864 3653 ,
1896 3595 1959 3658 q.
1993 3583 2024 3638 1
2050 3619 2072 3652 ,

518 3681 635 3738 art.
665 3678 737 3750 23
770 3673 1145 3745 Bonavant„
1176 3679 1239 3734 et
1282 3672 1558 3745 Richar„
1590 3677 1707 3734 art.
1738 3674 1801 3745 2,
1846 3687 1911 3749 q.
1946 3675 1976 3733 1
2017 3675 2080 3730 et

516 3771 601 3846 23
640 3767 859 3830 Palud.
886 3811 905 3838 ,
936 3785 999 3846 q.
1030 3769 1103 3844 23
1128 3767 1442 3846 Caprasi„
1477 3783 1543 3844 q.
1580 3771 1649 3840 13
1690 3765 1937 3846 Almay.
1959 3810 1979 3842 ,
2007 3764 2074 3825 d.

518 3865 579 3935 1,
606 3877 669 3941 q.
710 3864 785 3934 23
822 3862 1082 3943 Dionys.
1112 3859 1503 3934 cistercien..
1540 3859 1609 3921 in
1640 3861 1716 3935 3,
1758 3877 1821 3938 q.
1850 3859 1924 3931 3,
1956 3863 2072 3918 art.

516 3956 594 4031 23
612 3955 793 4032 ungo
822 3954 903 4017 de
932 3957 999 4018 S.
1034 3956 1218 4030 Vict.‚
1256 3954 1367 4015 lib.
1398 3958 1437 4016 2
1468 3953 1549 4015 de
1572 3953 1879 4024 Sacram„
1910 3957 2072 4031 part.

519 4053 547 4111 1
573 4092 596 4123 ,
646 4065 701 4109 c.
754 4052 813 4109 7.
864 4048 1052 4111 Citari
1096 4049 1285 4110 etiam
1318 4051 1587 4126 possunt
1627 4045 1839 4107 Mena.
1863 4090 1886 4121 ,
1915 4063 1978 4125 q.
2011 4047 2071 4114 ’7,

519 4141 753 4204 memb.
792 4142 858 4216 Ξ,
906 4159 971 4221 q.
1010 4145 1113 4214 11,
1158 4148 1223 4202 et
1250 4141 1364 4212 12,
1400 4139 1631 4200 memb.
1668 4142 1737 4212 13
1770 4138 2023 4200 Hem-ic.
2055 4180 2074 4212 ,

519 4233 804 4306 Quodlib.
826 4236 887 4310 6,
910 4251 975 4311 q.
1006 4237 1045 4295 6
1065 4255 1087 4308 ;
1111 4240 1179 4294 οι
1202 4232 1461 4306 Mai-sil„
1486 4231 1555 4291 in
1586 4233 1648 4305 3,
1674 4247 1739 4310 q.
1772 4233 1835 4306 3,
1860 4237 1980 4292 art.
2011 4231 2076 4306 2,

518 4329 585 4389 iu
612 4329 653 4390 4
686 4332 873 4406 part..
904 4334 970 4389 et
997 4345 1063 4406 q.
1096 4328 1161 4398 9,
1194 4329 1313 4386 art.
1349 4327 1431 4402 33
1462 4330 1529 4386 et
1565 4325 1745 4386 Picus
1779 4322 2075 4398 Mirand„

516 4421 585 4482 in
614 4419 822 4500 Apol„
852 4439 917 4498 q.
962 4422 1025 4492 4,
1060 4423 1381 4498 quatenus
1408 4418 1657 4493 dicunt,
1688 4417 1767 4480 de
1794 4417 2079 4497 potentia

519 4511 805 4578 absoluta
834 4531 961 4574 non
1006 4512 1289 4592 potuisse
1335 4512 1569 4576 assumi
1616 4510 2077 4572 humanitatem

520 4607 653 4669 sine
692 4607 895 4688 gratia
937 4605 1275 4679 habituali,
1306 4611 1367 4666 et
1392 4603 1779 4666 heatitudine
1804 4603 2073 4676 animm:

520 4716 883 4779 quanquam
906 4698 1079 4760 enim
1100 4698 1223 4760 hoc
1248 4697 1478 4760 falsum
1504 4697 1606 4770 sit,
1634 4704 1850 4760 tamen
1867 4713 1947 4758 >ex
1969 4696 2080 4758 illo

520 4793 827 4873 principio
854 4797 1315 4870 consequenter
1338 4791 1405 4851 in
1424 4789 1715 4871 prasenti
1736 4790 2082 4869 quastione

520 4885 751 4950 sentire
770 4885 1084 4958 tenentur,
1102 4885 1305 4946 Deum
1323 4885 1644 4948 hominem
1669 4901 1929 4964 peceare
1951 4899 2082 4944 non

522 4997 732 5061 posse.

598 5090 663 5148 4.
694 5085 873 5161 Quod
900 5086 1177 5149 secundo
1203 5095 1271 5150 et
1313 5089 1627 5168 praecipue
1670 5086 1976 5166 probatur
2002 5100 2080 5144 ex

521 5179 841 5242 communi
865 5178 1117 5242 Pati-um
1140 5179 1499 5254 traditione,
1524 5179 1938 5241 asserentium
1967 5193 2080 5238 vo-

522 5273 825 5336 luntatem
850 5272 1219 5346 humanam,
1242 5293 1354 5355 per
1374 5273 1676 5334 unionem
1700 5271 1783 5332 ad
1805 5268 2078 5332 Verbum

522 5365 747 5429 tactam
770 5383 907 5430 esse
929 5367 1425 5449 impeccabilem.
1444 5366 1651 5428 Primo
1674 5363 1986 5426 indicatur
2001 5362 2081 5424 vl

523 5459 789 5542 synod„
810 5468 932 5525 act.
972 5463 1035 5536 8,
1066 5461 1173 5523 ubi
1212 5460 1485 5523 refertur
1509 5457 1837 5531 Athanas„
1884 5472 2074 5518 serm.

1752 306 1990 373 QuAEST.
2025 305 2134 363 XV.
2165 307 2364 362 Anne.
2405 311 2463 365 n.

2141 409 2185 470 Ξ
2207 415 2427 472 contra
2456 407 2755 490 apollin„
2784 415 2847 472 et
2875 407 3154 470 habetur
3175 405 3248 470 in
3279 405 3396 470 lib.
3416 405 3495 470 de
3521 410 3691 474 Incar-

2141 509 2299 574 nat„
2327 503 2480 566 satis
2509 507 2653 583 post
2681 501 2890 581 med.;
2931 517 3072 564 cum
3109 502 3298 564 enim
3349 501 3690 584 Apollinaris

2141 601 2407 676 negaret
2425 595 2563 658 esse
2580 595 2646 657 in
2667 595 2902 658 Christo
2932 595 3224 657 animam
3249 599 3320 656 et
3339 596 3691 662 voluntatem

2145 688 2516 767 humanam,
2537 705 2620 750 ne
2641 690 2986 751 concedere
3001 691 3366 770 cogeretur
3383 687 3556 751 illum
3578 711 3690 756 esse

2149 799 2447 863 capacem
2489 781 2726 865 peccati
2748 828 2763 858 ,
2817 779 3164 863 respondet
3202 781 3542 855 Athanas„
3571 785 3692 847 nihil

2153 893 2294 942 esse
2305 877 2677 949 timendum,
2699 877 2846 955 quia
2856 893 2970 956 per
2985 875 3202 956 ipsam
3227 876 3692 956 assumptionem

2154 970 2260 1034 illa
2313 970 2602 1034 voluntas
2653 968 3076 1050 impeccabilis
3126 969 3315 1029 facta
3371 972 3470 1030 est
3498 986 3515 1041 ς
3557 969 3694 1033 unde

2147 1064 2316 1128 idem
2349 1066 2674 1138 Athenas,
2705 1081 2897 1127 serm.
2919 1069 2959 1128 2
2987 1069 3220 1126 contra
3253 1061 3545 1138 Arianos,
3571 1065 3690 1128 satis

2147 1165 2291 1242 post
2317 1158 2514 1235 med„
2537 1164 2720 1221 vocat
2741 1157 3054 1221 Christum
3075 1175 3204 1238 per
3231 1173 3306 1218 se
3331 1161 3626 1232 sanctum,
3649 1164 3692 1219 el

2149 1251 2482 1314 dominum·
2511 1251 3044 1328 sanctificationiS,
3072 1257 3139 1314 et
3173 1255 3417 1312 natura
3449 1267 3558 1312 sua
3588 1251 3688 1331 jus-

2152 1351 2311 1421 tum,
2341 1351 2405 1408 et
2436 1345 2894 1409 immutabilem
2925 1345 3006 1406 ad
3035 1343 3295 1406 malum
3323 1361 3340 1417 ;
3387 1349 3454 1404 et
3498 1343 3559 1403 in
3599 1343 3690 1405 hoc

2149 1437 2301 1500 dicit
2319 1455 2653 1520 superasse
2673 1439 2950 1520 primum
2965 1438 3312 1502 hominem
3335 1441 3401 1498 et
3420 1435 3683 1515 Angelos;

2149 1535 2216 1593 et
2243 1533 2326 1594 ad
2365 1532 2486 1595 hoc
2524 1530 2960 1596 accommodat
2979 1531 3181 1594 verba
3205 1531 3322 1592 illa
3353 1529 3575 1591 Psalm.
3597 1533 3687 1592 tt:

2149 1623 2446 1689 Dilexisti
2457 1626 2801 1706 jutitiam,
2832 1633 2892 1690 et
2919 1625 3108 1690 odisti
3134 1623 3557 1706 iniquitatem,
3580 1640 3689 1702 pro-

2143 1723 2353 1800 pterea
2387 1721 2570 1784 aucit
2613 1723 2668 1784 te
2711 1721 2898 1798 Deus,
2922 1721 3088 1784 Deus
3135 1723 3298 1782 tuus
3335 1717 3460 1781 oleo
3499 1717 3690 1778 loelitioe

2146 1827 2280 1894 prce
2333 1811 2703 1876 consortibus
2753 1813 2883 1877 tuis
2901 1859 2918 1889 ,
2966 1811 3344 1894 intelligens
3393 1827 3506 1890 per
3554 1809 3686 1869 illam

2153 1905 2538 1980 unctionem,
2566 1906 2771 1987 ipsam
2795 1907 3096 1969 unionem
3126 1903 3594 1986 hypostaticam
3606 1916 3622 1979 ;
3643 1909 3687 1962 et

2155 1996 2328 2060 illam
2355 1999 2746 2079 particulam,
2776 2006 3116 2080 propterca,
3153 1995 3520 2079 significare
3544 1993 3686 2056 habi-

2155 2091 2442 2154 tudinem
2469 2109 2676 2154 causae
2705 2091 2934 2165 finalis,
2962 2099 3034 2155 ut
3061 2109 3302 2155 sensus
3341 2091 3465 2151 sit:
3488 2087 3684 2150 Ideote

2156 2185 2336 2246 unxit
2353 2187 2518 2248 Dens
2541 2185 2662 2247 boc
2689 2185 2989 2266 singulari
3013 2191 3077 2248 et
3094 2185 3162 2248 in
3173 2182 3426 2248 effabili
3447 2180 3691 2254 modo,ul

2161 2278 2420 2340 omnino
2457 2276 2750 2360 diligeres
2789 2279 3121 2359 justitiam,
3166 2283 3236 2341 et
3276 2277 3427 2339 odio
3465 2275 3689 2335 haberes
3817 2347 3828 2356 ,

2160 2373 2580 2452 iniquitatem,
2607 2389 2727 2434 nec
2754 2389 2972 2452 posses
2999 2371 3080 2433 ab
3107 2373 3239 2434 hac
3281 2368 3529 2431 virtutis
3552 2365 3692 2428 recti·
3814 2375 3828 2454 ᾗ

2161 2465 2379 2527 tudine
2415 2463 2754 2528 declinare.
2795 2463 3112 2541 Secundo,
3145 2465 3219 2525 in
3251 2463 3480 2525 eadem
3505 2461 3578 2521 Vl
3608 2461 3688 2540 Sy·
3826 2455 3828 2478 ²

2161 2559 2338 2630 nod„
2363 2565 2483 2621 act.
2510 2561 2610 2636 17,
2627 2557 2852 2621 citatur
2869 2559 3129 2639 Gregor.
3167 2557 3462 2626 Nazian.,
3483 2555 3542 2615 in
3567 2555 3684 2614 arat.

2157 2654 2257 2728 36,
2288 2669 2464 2714 num.
2497 2653 2604 2726 46,
2635 2651 2744 2732 qui
2773 2652 2924 2714 dicit
2957 2652 3360 2714 voluntatem
3391 2649 3683 2709 humanam

2154 2743 2376 2807 Christi
2418 2746 2506 2806 ita
2545 2743 3135 2808 fuisse'deificatam
3169 2761 3295 2825 per
3323 2742 3608 2805 unionem
3629 2737 3685 2798 ad

2157 2837 2456 2914 Verbum,
2507 2845 2578 2901 ut
2631 2858 2760 2900 non
2800 2845 3015 2919 posset
3063 2839 3303 2900 divinae
3351 2849 3679 2916 repugnare.

2159 2931 2389 3005 Terti0,
2427 2931 2612 3011 Cyril.
2661 2931 2996 3006 Alexand„
3023 2930 3265 3011 dialog.
3301 2931 3343 2991 6
3373 2927 3452 2990 de
3474 2925 3677 2989 Trinit..

2159 3029 2345 3087 vocat
2379 3025 2691 3088 Christum
2717 3025 3082 3106 incapacem
3117 3023 3394 3105 peccati,
3419 3026 3480 3082 et
3502 3019 3594 3080 lib.
3624 3015 3680 3076 de

2157 3117 2306 3180 Fide
2327 3117 2756 3191 adTheodos.,
2785 3135 2914 3180 non
2938 3117 3126 3197 longe
3157 3135 3200 3178 a
3231 3109 3684 3198 principio,dicit

2159 3214 2435 3273 animam
2485 3211 2736 3288 Christi,
2769 3229 2882 3291 per
2935 3212 3244 3273 unionem
3299 3208 3382 3271 ad
3429 3201 3678 3274 Verbum,

2155 3305 2388 3367 factam
2419 3323 2560 3366 esse
2583 3305 2974 3384 superiorem
3005 3303 3174 3364 omni
3209 3307 3498 3383 peccato,
3519 3301 3574 3358 et
3593 3294 3678 3354 im·

2157 3395 2546 3460 mutabilem.
2575 3397 2832 3472 Quarto,
2859 3397 3378 3476 chrysostomus,
3424 3407 3608 3454 enarr.
3635 3385 3680 3444 in

2157 3509 2295 3571 cap.
2327 3495 2366 3552 7
2389 3491 2560 3561 lsai.,
2581 3494 2860 3552 tractans
2877 3489 3142 3551 verbum
3167 3487 3333 3549 illud
3353 3485 3682 3564 :Antequam

2157 3588 2314 3649 sciat
2337 3583 2658 3667 parvulus,
2685 3591 2833 3659 etc„
2863 3581 3096 3663 inquit:
3125 3582 3250 3658 Qui
3278 3581 3530 3644 aliorum
3554 3571 3682 3640 tolli!

2153 3685 2420 3759 peccata,
2461 3683 2516 3741 et
2549 3679 2758 3761 utique
2787 3678 3088 3741 immunis
3113 3687 3204 3740 est
3233 3675 3434 3738 omnis
3467 3665 3679 3753 peccati,

2157 3787 2262 3834 nec
2302 3787 2542 3850 peccare
2573 3775 2770 3852 potest
2788 3795 2816 3845 ,·
2845 3777 2906 3833 et
2931 3770 3097 3832 infra
3125 3769 3282 3832 dicit
3322 3765 3570 3830 Paulum
3599 3755 3679 3818 tri-

2158 3861 2356 3925 buere
2385 3865 2655 3941 Christo,
2701 3889 2759 3925 το
2786 3874 3138 3939 ἀναμάρτητον,
3169 3863 3292 3926 hoc
3327 3867 3443 3935 est,
3473 3851 3678 3918 liberri-

2159 3973 2328 4018 mam
2347 3959 2804 4022 immunitatem
2826 3960 3034 4022 omnis
3058 3957 3328 4040 peccati,
3357 3971 3466 4016 seu
3487 3951 3677 4026 impec-

2160 4052 2762 4132 cabilitatem,quam
2775 4051 2925 4114 dicit
2949 4071 3088 4115 esse
3108 4051 3547 4132 proprietatem
3559 4037 3672 4106 Ueii

2161 4149 2225 4207 et
2267 4145 2658 4226 Hieronym„
2691 4145 2922 4227 dialog.
2954 4149 2994 4208 2
3039 4151 3256 4207 contra
3307 4139 3672 4220 Pelagianos,

2162 4238 2366 4300 solum
2391 4241 2592 4302 Deum
2611 4239 2764 4302 dicit
2783 4257 2924 4302 esse
2964 4249 3320 4313 ἀναμάρτητον,
3369 4234 3432 4296 id
3460 4235 3566 4301 est,
3588 4225 3674 4286 im·

2159 4332 2570 4413 peccabilem,
2599 4349 2966 4412 quanquam
2991 4333 3185 4394 etiam
3217 4331 3352 4393 haee
3379 4343 3492 4390 vox
3524 4321 3675 4381 inter·

2159 4427 2311 4488 dum
2335 4443 2671 4506 personam
2695 4427 3097 4490 innocentem
3119 4423 3471 4506 significare
3488 4411 3670 4480 soleat,

2160 4525 2230 4582 ut
2257 4526 2501 4582 constat
2521 4537 2599 4582 ex
2619 4520 2933 4591 Damaso„
2961 4520 3070 4582 lib.
3099 4525 3138 4582 2
3161 4519 3240 4580 de
3261 4515 3394 4580 Fid.
3401 4557 3422 4588 ‚
3445 4526 3570 4588 caP·
3595 4502 3668 4565 12·

2161 4613 2411 4686 Quinto,
2441 4613 2654 4688 Basil.,
2676 4613 2855 4694 epist.
2885 4611 2990 4687 65,
3011 4611 3162 4674 dicit
3199 4611 3501 4674 Christum
3537 4595 3670 4698 abjff·

2161 4707 2320 4770 cisse
2355 4725 2577 4768 omnes
2605 4725 2830 4786 pravas
2855 4705 3245 4775 affectioneS,
3275 4709 3561 4777 tanquam
3593 4687 3671 4792 dl:

2163 4799 2309 4861 vina
2349 4801 2676 4880 majestate
2717 4800 3034 4881 indignas.
3057 4799 3206 4874 Quae
3235 4796 3392 4859 ratio
3421 4789 3494 4852 de
3531 4795 3667 4885 omfu

2162 4899 2444 4974 peccato,
2487 4898 2551 4955 et
2589 4893 2656 4954 in
2705 4894 2876 4954 omni
2904 4891 3186 4972 possibili
3215 4895 3380 4952 statu
3407 4872 3663 4964 procedlt·

2161 4988 2373 5063 Sexto,
2408 4985 2637 5048 clarius
2660 4987 2911 5067 Epiph„
2931 4986 2997 5047 in
3030 4984 3402 5050 Anchorato,
3429 4989 3544 5036 non
3562 4968 3664 5071 101}-

2160 5099 2239 5162 ge
2263 5101 2303 5142 a
2321 5081 2471 5154 flue,
2497 5080 2650 5143 dicit
2675 5089 2892 5144 contra
2924 5079 3293 5160 Apollinar„
3317 5069 3594 5140 Christum
3611 5071 3665 5164 ξπ

2161 5193 2222 5240 se
2249 5175 2650 5256 assumpsisse
2677 5173 2940 5238 animam
2967 5177 3028 5237 et
3049 5189 3308 5241 caraem,
3337 5183 3460 5249 quoe
3476 5161 3588 5239 ipso
3609 5161 3660 5212 ’ὖ

2160 5287 2224 5333 so
2245 5268 2544 5332 continuit
2580 5285 2702 5331 non
2745 5266 2942 5332 divisa
2969 5265 3050 5330 ad
3072 5265 3371 5330 malitiam
3392 5281 3417 5330 ,·
3440 5261 3496 5317 et
3530 5243 3660 5310 infra

2161 5361 2312 5424 dicit
2344 5381 2359 5422 :
2393 5359 2475 5426 Si
2504 5360 2789 5426 Christus
2815 5363 3090 5440 superno,
3118 5356 3182 5419 id
3211 5363 3325 5429 est,
3365 5339 3653 5444 secundlffffl

2161 5453 2573 5528 divinitatem,
2601 5459 2688 5516 ese
2711 5456 3042 5536 perfectus,
3075 5457 3128 5515 et
3155 5465 3355 5520 voram,
3395 5440 3553 5506 stiam
3575 5443 3655 5491 m·
