3892 6167
583 455 664 500 ex
713 434 1027 516 prioribus
1079 435 1549 515 proportionata
1595 435 1886 516 sumptis,
1931 441 2147 497 tamen

583 531 702 592 boc
719 547 850 592 non
877 529 1032 592 satis
1049 534 1148 590 est
1189 528 1274 590 ad
1315 527 1670 591 faciendam
1699 528 2145 592 certitudinem

581 621 757 698 fidei,
799 622 922 684 nisi
973 623 1092 684 hoc
1129 621 1336 701 ipsum
1361 622 1442 684 sit
1469 622 1550 685 de
1579 621 1728 697 fide,
1774 621 1880 684 vel
1921 621 2146 684 saltem

583 717 842 778 omnino
859 715 1138 790 evidens,
1169 715 1222 778 si
1243 715 1370 777 late
1397 715 1742 794 loquamur
1771 713 1853 776 de
1883 713 2145 778 certitu-

581 809 732 872 dine
759 808 934 880 fidei,
965 815 1038 872 ut
1073 807 1340 870 includit
1363 807 1800 871 certitudinem
1817 807 2146 887 Theologi·

583 920 742 965 cam.

667 1000 770 1060 31.
817 997 962 1060 Dico
983 1015 1136 1076 ergo
1157 996 1546 1078 primozhoec
1579 993 1953 1076 propositio,
1976 991 2146 1055 Clu-i-

585 1097 718 1154 stus
741 1095 836 1152 est
855 1089 1047 1153 Filius
1075 1090 1183 1153 Dei
1213 1090 1538 1163 naturalis,
1567 1093 1666 1152 est
1683 1085 2047 1168 simpliciter
2062 1087 2144 1148 de

581 1185 732 1248 fide.
763 1187 912 1247 Haec
927 1203 1054 1247 non
1081 1185 1320 1265 indiget
1343 1183 1736 1266 probatione,
1751 1183 1900 1262 quia
1923 1181 2147 1244 eadem

585 1282 686 1341 est
711 1278 871 1341 ratio
899 1277 980 1342 de
1017 1277 1159 1354 illa,
1191 1277 1467 1342 Christus
1495 1283 1590 1340 est
1625 1295 1812 1339 verus
1859 1276 2053 1351 Deus,
2086 1279 2149 1337 et

587 1373 862 1436 Verbum
887 1373 1026 1450 Dei,
1045 1379 1166 1436 etc.
1187 1372 1538 1435 videantur
1565 1371 1730 1434 dicta
1759 1371 1824 1432 in
1845 1369 2148 1450 principio

583 1467 772 1548 hujus
801 1467 1104 1541 materiae,
1129 1465 1294 1546 disp.
1327 1469 1389 1540 2,
1413 1472 1479 1528 et
1499 1483 1562 1545 q.
1597 1467 1698 1540 16,
1731 1469 1798 1526 et
1825 1464 1890 1524 in
1918 1477 2149 1543 proece·

582 1561 880 1625 dentibus
903 1560 1286 1624 sectionibus
1303 1558 1496 1639 hujus
1523 1555 2147 1639 disputationis.Hoec

581 1655 857 1735 denique
918 1659 1016 1717 est
1065 1671 1194 1716 una
1241 1671 1390 1734 pars
1455 1650 1838 1714 definitionis
1889 1650 2143 1713 concilii

581 1747 1016 1824 Francotord„
1045 1754 1118 1809 ut
1165 1765 1244 1809 ex
1289 1745 1470 1809 dictis
1501 1750 1698 1826 patet.
1729 1741 1882 1823 Quae
1925 1743 1994 1804 in
2038 1742 2143 1806 illo

583 1839 836 1922 optimis
863 1857 1060 1903 sacrae
1107 1839 1442 1921 Scriptum
1491 1837 1866 1902 testimoniis
1913 1834 2147 1918 proba-

583 1941 714 1998 tur.

663 2033 764 2094 32.
779 2029 926 2092 Dico
951 2027 1226 2092 secundo
1247 2029 1415 2091 :boec
1435 2027 1804 2109 propositio,
1823 2025 2137 2099 christus,

579 2123 648 2184 in
675 2130 982 2204 quantum
1003 2124 1218 2198 homo,
1243 2129 1338 2186 est
1359 2122 1554 2184 Filius
1579 2121 1694 2184 Dei
1725 2120 2049 2194 naturalis,
2076 2117 2143 2180 in

581 2217 794 2298 aliquo
813 2233 1007 2280 sensu
1021 2223 1120 2280 est
1137 2217 1217 2279 de
1235 2215 1364 2278 fide
1383 2225 1578 2290 certa,
1597 2215 1920 2289 nimirum,
1943 2213 2001 2276 si
2014 2213 2145 2276 dic-

577 2311 688 2388 tio,
715 2312 788 2375 in
831 2315 1150 2393 quantum,
1179 2327 1312 2374 non
1351 2309 1702 2388 accipiatur
1730 2308 1976 2370 ratione
2026 2324 2143 2368 na-

577 2409 758 2478 tura,
805 2403 922 2466 sed
970 2404 1216 2466 ratione
1263 2403 1592 2484 suppositi,
1646 2403 1824 2484 juxta
1869 2403 1947 2463 D.
1980 2400 2145 2463 Tho-

577 2515 700 2560 mas
725 2497 1076 2560 doctrinam
1105 2515 1322 2579 supra,
1351 2497 1704 2576 quaestione
1727 2495 1977 2558 decima
2002 2511 2145 2556 sex-

579 2597 666 2667 ta,
699 2595 816 2654 art.
859 2594 926 2653 {⁴
955 2609 971 2665 ;
997 2609 1152 2653 nam
1201 2591 1268 2652 iu
1311 2607 1392 2653 ea
1419 2589 1877 2671 significatione
1923 2603 2145 2650 sensus

579 2685 1022 2766 propositionis
1045 2683 1513 2759 est,Christum‚
1542 2689 1856 2763 qtmtenus
1883 2688 1979 2744 est
1992 2699 2145 2760 sup·

577 2778 1112 2858 positumnaturoe
1139 2778 1453 2851 humanm,
1481 2793 1622 2838 esse
1643 2775 1866 2838 Filium
1889 2773 2003 2838 Dei
2032 2791 2145 2836 na·

579 2871 876 2949 turalem,
915 2872 1063 2952 qnia
1091 2887 1304 2950 neque
1332 2871 1440 2932 illa
1465 2871 1694 2932 natura
1726 2868 2006 2931 humana
2033 2868 2144 2930 ha·

547 2973 554 2982 ·
577 2964 688 3028 bet
711 2965 886 3028 aliud
903 2965 1300 3046 suppositum
1323 2968 1560 3044 praeter
1571 2964 1802 3024 Filium
1819 2963 1934 3025 Dei
1954 2969 2142 3023 natu-

577 3058 801 3134 ralem,
817 3076 1032 3138 neque
1059 3057 1214 3120 illud
1243 3057 1644 3137 suppositum
1664 3073 1746 3120 ex
1765 3075 1844 3118 eo
1875 3055 2051 3136 quod
2074 3055 2142 3116 iu

577 3159 802 3216 natura
853 3153 1136 3214 humana
1175 3151 1494 3226 subsistat,
1523 3149 1712 3213 desiit
1759 3165 1900 3213 esse
1947 3148 2143 3210 Filius

577 3246 690 3308 Dei
721 3245 1048 3308 naturalis.
1096 3245 1232 3307 Hoc
1279 3251 1493 3309 autem
1543 3262 1738 3307 sensu
1793 3242 2139 3324 supposito,

578 3339 983 3402 manifestum
1027 3342 1127 3403 est
1161 3338 1338 3401 illam
1359 3337 1858 3420 propositionem
1892 3352 2034 3400 esse
2058 3337 2139 3398 de

577 3433 704 3496 fide
731 3439 990 3507 certam,
1015 3433 1164 3514 quia
1187 3433 1267 3495 de
1298 3432 1428 3494 tide
1447 3441 1568 3508 est,
1589 3437 1658 3495 et
1683 3431 1967 3496 Verbum
1994 3447 2139 3492 esse

579 3527 806 3589 Filium
836 3527 1194 3590 naturalem
1225 3527 1360 3602 Dei,
1391 3533 1460 3589 ct
1489 3527 1648 3589 illud
1693 3545 1836 3590 esse
1875 3525 2141 3588 unicum

578 3622 972 3703 suppositum
1002 3628 1240 3684 naturas
1251 3621 1550 3684 humanat
1579 3620 1826 3694 Christi,
1843 3619 2041 3699 quod,
2070 3625 2141 3682 ιιι

577 3713 642 3776 in
681 3715 1072 3778 humanitate
1095 3715 1400 3790 subsistit,
1421 3732 1606 3776 suam
1631 3715 1861 3777 retinet
1888 3713 2141 3776 filiatio·

577 3825 728 3872 nem
755 3808 1136 3872 naturalem.
1165 3809 1300 3871 Imo
1329 3808 1620 3870 existimo
1635 3807 1804 3870 hauc
1823 3823 1963 3869 esse
1990 3806 2142 3869 alte·-

577 3919 716 3962 ram
741 3895 804 3964 et
823 3901 1215 3984 potissimam
1241 3907 1492 3983 partem
1513 3899 1898 3964 definitionis
1923 3900 2141 3962 Conci-

575 3995 644 4058 lii
673 3995 1278 4069 Francot'ordiensis;
1315 4011 1488 4070 nam,
1537 3993 1686 4056 licet
1733 3994 1804 4054 D.
1841 3993 2136 4068 Thomas,

575 4089 770 4152 citato
797 4089 1084 4166 articulo,
1119 4041 1288 4151 dica’t
1319 4087 1714 4170 particulam,
1731 4086 1802 4150 in
1821 4093 2139 4169 mmm,

578 4181 780 4262 magis
803 4182 1058 4262 proprie
1081 4181 1420 4262 designare
1445 4187 1740 4244 naturam
1767 4198 1961 4260 qnam
1995 4197 2143 4261 sup-

577 4276 875 4356 positum,
899 4275 1088 4355 idque
1123 4274 1394 4337 fortasse
1433 4275 1502 4338 iu
1544 4273 1872 4336 dialectico
1923 4273 2135 4354 rigore

579 4383 801 4432 verum
831 4367 932 4441 sit,
963 4365 1372 4428 nihilominus
1411 4367 1480 4428 in
1525 4365 1844 4428 communi
1897 4383 2019 4427 usu
2050 4365 2141 4426 lo·

577 4459 816 4540 quendi
841 4462 908 4520 et
935 4459 1250 4522 scribendi
1262 4457 1350 4522 de
1369 4459 1491 4522 hoc
1504 4457 1842 4539 mysterio,
1873 4458 2143 4520 sumitur

579 4554 664 4616 ad
711 4551 1173 4633 designandum
1231 4552 1651 4633 suppositum,
1683 4569 1802 4614 seu
1855 4551 1926 4614 id
1974 4552 2145 4632 quod

580 4647 860 4710 subsistit
887 4647 952 4707 in
975 4647 1390 4722 humanitate,
1423 4649 1488 4708 ct
1526 4646 1592 4707 iu
1615 4647 1736 4708 boc
1759 4663 1958 4708 sensu
1983 4647 2145 4709 exis-

575 4743 732 4804 timo
801 4749 944 4803 esse
989 4739 1234 4802 locutos
1286 4740 1562 4803 Felicem
1615 4745 1680 4802 et
1739 4741 2140 4821 Elipandum,

581 4834 836 4916 quando
867 4833 1124 4898 aiebant
1149 4833 1486 4907 Christum,
1523 4840 1599 4896 ut
1644 4833 1993 4913 bominem,
2026 4853 2143 4898 seu

578 4929 647 4990 in
671 4929 1088 5005 humanitate,
1121 4927 1227 4990 vel
1263 4927 1616 4990 secuudum
1654 4926 2139 5005 humanitatem,

583 5028 693 5084 aut
711 5023 1058 5084 secundum
1085 5037 1344 5083 carnem
1361 5021 1518 5098 (bete
1541 5021 1710 5083 enim
1735 5024 1946 5085 omnia
1976 5025 2145 5106 apud

583 5115 724 5178 illos
750 5115 922 5176 idem
969 5117 1171 5194 sunt),
1202 5131 1342 5176 esse
1377 5114 1761 5194 adoptivum.
1805 5117 1944 5178 Non
1972 5119 2143 5181 enim

583 5208 894 5271 subtiliter
909 5206 1384 5287 distinguebant
1417 5214 1704 5269 naturam
1725 5226 1766 5270 a
1787 5202 2137 5290 supposito,

579 5308 645 5365 et
665 5302 842 5364 illam
867 5301 1307 5380 designabant,
1337 5301 1452 5364 sed
1469 5301 1754 5364 absolute
1781 5303 2144 5368 indicabant

579 5397 748 5460 hunc
798 5395 1120 5460 homiuem
1145 5395 1492 5471 Christum;
1528 5401 1594 5460 et
1613 5397 1808 5460 'illum
1833 5404 1908 5462 ut
1935 5399 2046 5474 sic,
2078 5399 2145 5462 id

583 5497 698 5568 est,
733 5497 809 5554 ut
829 5491 981 5554 dicit
1011 5494 1218 5554 totum
1241 5491 1581 5556 hominem-
1597 5491 2043 5557 subsistentem
2074 5493 2143 5556 in

1803 333 2039 397 QUAEST.
2076 330 2579 388 xm.Au·1·1c.1V.

2226 433 2347 496 hac
2376 435 2655 494 humana
2674 429 2927 504 natura,
2962 426 3275 490 vocabant
3306 424 3511 490 filium
3544 426 3773 506 adopti-

2228 543 2397 588 vum.
2418 524 2763 588 Concilium
2790 520 3042 586 autem
3022 539 3094 582 ιιι
3120 520 3439 584 contrario
3458 537 3651 582 sensu
3678 520 3777 580 do-

2228 625 2331 682 cet
2354 637 2430 682 ac
2459 619 2703 692 definit,
2728 616 2903 679 hunc
2946 614 3281 678 *hominem
3306 613 3631 676 Christum
3656 631 3774 674 esse

2226 713 2453 776 Filium
2482 711 2873 785 naturalem3
2904 713 2969 772 et
2990 713 3065 770 ut
3088 707 3365 788 amplius
3404 705 3739 770 declam
3722 727 3777 767 m

2226 823 2303 870 eo
2334 806 2593 868 homine
2617 821 2747 868 non
2776 820 2919 866 esse
2946 801 3121 866 aliud
3144 800 3553 882 suppositum
3582 808 3773 879 pratu

2222 899 2581 964 naturalem
2628 898 2857 960 Filium
2882 895 3019 972 Dei,
3046 894 3223 958 addit
3260 893 3595 958 interdum
3618 896 3779 972 parti-

2224 995 2459 1068 culam,
2474 994 2545 1056 in
2560 997 2853 1074 quonum
2866 990 3059 1064 homo,
3072 987 3247 1070 quia,
3258 987 3603 1060 nimirum,
3618 989 3781 1048 etium

2226 1087 2279 1150 si
2306 1088 2643 1167 loquamur
2668 1085 2749 1148 de
2776 1083 2901 1147 boc
2930 1082 3214 1158 bomine,
3246 1087 3323 1146 ut
3362 1087 3467 1146 cst
3512 1083 3783 1159 suppo-5-

2228 1186 2363 1245 tum
2393 1179 2787 1242 humanitate
2826 1181 3147 1252 constans,
3178 1175 3291 1238 ille
3308 1174 3593 1255 ipseest
3621 1175 3783 1236 Fffim·

2228 1275 2337 1338 Dei
2376 1273 2713 1348 naturalis3
2748 1277 2815 1335 et
2854 1271 2977 1334 hoc
3027 1287 3223 1334 sensu
3272 1287 3417 1332 ωε
3461 1269 3783 1330 sumendas

2226 1371 2361 1432 fere
2412 1385 2635 1432 omnes
2666 1364 3201 1447 reduplicationes
3234 1361 3507 1436 similes,
3542 1379 3687 1440 qua
3734 1364 3783 1422 in

2228 1463 2336 1525 illo
2358 1461 2633 1526 Concilio
2675 1460 2997 1540 leg-untur,
3028 1476 3109 1520 ex
3154 1455 3551 1521 rationibus·
3578 1455 3783 1533 quibus

2226 1575 2485 1623 sensum
2514 1557 2653 1638 ejus
2680 1553 3217 1628 confirmavimus,
3246 1558 3553 1615 consuto
3574 1557 3783 1631 potest.

2226 1651 2583 1733 etamplius
2612 1668 2693 1714 ex
2716 1647 3119 1712 conclusione
3149 1652 3499 1727 sequente.

2308 1748 2408 1810 33.
2448 1745 2601 1808 Dico
2628 1762 2781 1825 ergo
2800 1742 3025 1807 tertio:
3052 1741 3192 1804 batc
3215 1740 3609 1822 propositio,
3638 1739 3787 1801 Clui-

2226 1849 2383 1919 stus‚
2414 1841 2479 1903 in
2509 1845 2819 1921 quantum
2860 1839 3081 1912 homo,
3108 1842 3209 1899 est
3248 1834 3433 1897 filius
3470 1836 3599 1898 Dei
3627 1841 3787 1896 uatu-

2227 1936 2400 2010 ralis,
2434 1932 2824 2015 accipiendo,
2846 1930 2915 1994 in
2932 1935 3255 2012 quam,
3284 1934 3491 2009 prout
3512 1933 3785 1988 unimam

2228 2029 2539 2109 designat,
2572 2044 2705 2090 non
2742 2030 2845 2089 est
2879 2023 2961 2086 de
2999 2023 3154 2100 fide,
3174 2021 3297 2085 aed
3326 2021 3402 2084 in
3426 2039 3573 2083 nnn
3622 2039 3781 2083 sensu

2226 2121 2529 2197 est-falsa,
2558 2121 2627 2182 in
2656 2119 2779 2182 alio
2809 2121 3019 2180 autem
3058 2116 3207 2180 licet
3236 2116 3321 2177 sit
3364 2133 3567 2192 vera,
3596 2123 3687 2177 est
3706 2123 3779 2176 ta·

2224 2235 2376 2279 men
2428 2215 2552 2278 sub
2606 2213 2921 2296 opinione.
2956 2211 3329 2274 neem-atur
3364 2215 3445 2273 et
3474 2210 3777 2290 probw,

2222 2328 2379 2372 nam
2404 2309 2573 2371 filius
2597 2305 2964 2370 necessario
2988 2303 3141 2368 (ficit
3161 2303 3565 2367 relationem
3588 2303 3671 2365 ad
3692 2322 3779 2383 pa·

2222 2411 2429 2476 trem:
2456 2419 2601 2466 cum
2624 2419 2779 2482 ergo
2801 2399 3030 2462 dicitur
3056 2398 3363 2470 Christus,
3399 2397 3779 2479 in-qnanum

2223 2499 2441 2573 bomo,
2470 2496 2642 2559 filius
2694 2494 2998 2558 naturalis
3044 2493 3153 2554 Dei
3203 2491 3439 2568 Patris,
3477 2499 3607 2554 ant
3652 2492 3779 2553 nens

2228 2593 2413 2656 Pater
2432 2589 2702 2653 sumitur
2740 2587 2829 2650 ibi
2870 2586 3387 2668 personaliter-et
3410 2585 3680 2666 pmpuie
3696 2603 3779 2664 pro

2220 2686 2429 2768 prima
2463 2701 2737 2765 persona
2774 2681 3120 2756 Trinitatis,
3148 2685 3220 2743 ut
3266 2679 3683 2760 producente
3706 2679 3775 2739 ffi-

2222 2781 2377 2842 lium
2402 2797 2517 2859 per
2542 2781 2847 2840 mter-nam
2886 2774 3373 2855 generationem
3402 2792 3423 2848 ;
3460 2779 3533 2836 et
3563 2772 3663 2836 sie
3686 2772 3779 2834 fa]-

2224 2890 2367 2936 sum
2388 2875 2479 2935 est
2506 2870 2841 2944 christum,
2854 2868 2927 2930 in
2938 2871 3250 2948 quantum
3268 2867 3649 2942 bominem,
3667 2883 3779 2928 esse

2226 2967 2451 3030 Filium
2478 2966 2589 3026 Dei
2620 2962 3001 3037 neutralem,
3031 2960 3211 3040 quia,
3242 2967 3315 3024 ut
3342 2966 3511 3024 sect.
3568 2963 3605 3022 1
3656 2960 3783 3022 dice-

2220 3061 2394 3136 batn,
2420 3074 2631 3138 neque
2678 3062 2775 3119 eet
2824 3056 3077 3136 genitus
3102 3055 3189 3117 ab
3217 3061 3467 3118 eterno
3510 3055 3699 3116 Patre
3732 3059 3781 3112 ιιι

2224 3151 2475 3233 proprie
2524 3157 2586 3212 et
2646 3149 3069 3230 personaliter
3124 3149 3533 3228 producente
3584 3147 3781 3210 Filium

2226 3263 2413 3308 snum
2434 3244 2518 3307 ab
2536 3249 2796 3319 aetcrno,
2809 3259 3022 3322 neque
3056 3241 3251 3304 habet
3272 3243 3609 3322 majorem
3634 3243 3783 3304 imu-

2220 3357 2376 3402 xum
2396 3339 2465 3400 in
2478 3338 2795 3400 Christum
2809 3337 2883 3399 in
2900 3341 3213 3418 quantum
3228 3335 3607 3410 hominem,
3622 3353 3781 3417 quam

2224 3435 2360 3496 alin
2388 3449 2702 3514 persona
2728 3433 2879 3506 Aut,
2912 3447 3059 3493 cum
3098 3430 3333 3494 dieitur
3378 3431 3781 3506 chistum&

2222 3526 2627 3602 bomo‚filius
2654 3525 2768 3588 Dei
2784 3525 3117 3601 naturalis,
3150 3524 3261 3586 iila
3286 3524 3533 3588 relatio
3554 3525 3781 3604 respicit

2219 3624 2425 3684 Deum
2448 3627 2521 3682 ut
2543 3627 2721 3683 extra
2738 3625 3131 3700 operantum,
3156 3625 3352 3699 atquc
3387 3617 3567 3682 adeo
3614 3624 3781 3681 totam

2218 3715 2591 3779 Trinitatem
2615 3720 2933 3794 quatenus
2962 3712 3165 3776 univit
3212 3714 3387 3776 banc
3428 3713 3783 3776 hnmanita-

2222 3817 2353 3874 tem
2392 3809 2604 3873 Verbo
2654 3809 2791 3885 Dei,
2818 3825 3091 3888 eamque
3116 3805 3406 3870 uniendo
3435 3807 3781 3888 composuit

2218 3903 2393 3966 bunc
2418 3903 2767 3979 hominem,
2798 3919 2915 3982 per
2944 3919 3014 3964 se
3039 3907 3107 3964 et
3150 3919 3235 3963 ex
3264 3901 3515 3964 vitalis
3538 3901 3781 3964 actionis

2224 4013 2341 4060 sea
2366 3995 2619 4058 unionis
2644 4000 2939 4058 sanctum
2960 3995 3363 4061 etheredum
3394 3995 3637 4058 divinas
3658 3995 3781 4056 bsa-

2222 4089 2507 4154 titudinis
2550 4089 2621 4152 in
2662 4090 2933 4170 ipsamet
2983 4089 3413 4152 humanitate·
3438 4090 3527 4152 Et
3568 4088 3641 4150 in
3682 4088 3779 4149 hoc

2226 4201 2419 4247 sensu
2458 4183 2779 4248 verissime
2814 4181 3077 4263 quidem
3122 4182 3355 4244 dicim
3385 4181 3703 4256 cbristus,
3724 4185 3775 4240 ιιι

2218 4279 2437 4354 bomo,
2488 4277 2659 4340 filius
2708 4277 2821 4338 llsi
2851 4276 3202 4350 naturalis3
3238 4275 3361 4340 sed
3406 4295 3547 4338 non
3596 4278 3775 4357 potest

2220 4374 2343 4436 hoc
2384 4389 2522 4434 esse
2550 4372 2631 4434 do
2678 4369 2827 4435 fide.
2859 4369 3077 4451 Neque
3102 4377 3203 4432 est
3232 4369 3613 4444 verisimile,
3638 4370 3773 4432 (lm-

2222 4465 2436 4528 cilium
2488 4463 3051 4528 Francofordiense
3092 4464 3163 4526 in
3217 4465 3345 4525 hac
3402 4461 3768 4542 Theologica

2226 4557 2573 4620 subtilitate
2622 4559 2747 4621 boc
2798 4556 3185 4620 definivisse.
3234 4556 3453 4622 Primo
3506 4556 3761 4638 quictem,
3837 4595 3839 4606 ·

2224 4653 2375 4736 quia
2396 4652 2777 4734 oportuisset
2790 4658 2864 4714 ut
2884 4651 3489 4715 hocmfflcientoeet
3508 4651 3764 4713 ffisfinoe

2224 4749 2379 4810 satis
2404 4749 2775 4822 declararet,
2802 4747 2975 4828 quod
3014 4755 3189 4810 certe
3224 4765 3359 4809 non
3412 4745 3597 4808 fecit.
3618 4740 3769 4818 Quod

2224 4842 2277 4903 si
2305 4861 2387 4904 ex
2406 4841 2599 4904 dictis·
2612 4841 2667 4921 ej
2675 4841 2925 4903 ussumi
2946 4846 3155 4921 potest
3176 4839 3439 4920 aliquod
3462 4835 3765 4920 probabile

2224 4940 2695 5016 argumentum,
2706 4933 2811 4996 vel
2830 4935 3018 4997 etiam
3040 4933 3361 4996 interdum
3379 4933 3589 5013 ipsius
3606 4929 3769 4994 verba
3837 4985 3839 5008 ,

2224 5019 2464 5109 aliquid
2516 5029 2723 5091 simile
2770 5027 3074 5103 indicant,
3119 5027 3186 5089 id
3234 5045 3373 5090 uon
3406 5028 3567 5092 satis
3610 5031 3695 5088 est
3714 5029 3769 5083 ut

2222 5129 2466 5186 certam
2490 5122 2684 5185 fidem
2714 5123 2925 5196 faciat,
2956 5128 3027 5184 ut
3072 5137 3241 5202 stupe
3280 5121 3438 5185 dixi.
3470 5117 3765 5186 Secundo,
3837 5199 3839 5208 Ι

2222 5215 2371 5296 qnia
2398 5217 2645 5278 nullum
2668 5219 2805 5278 erat
2832 5215 3155 5278 sufficiens
3191 5215 3681 5278 fundamentum
3698 5209 3768 5273 ad

2222 5309 2348 5373 tale
2372 5308 2523 5372 fidei
2548 5309 2779 5390 dogma
2808 5309 3345 5386 constituendum,
3380 5317 3457 5373 ut
3482 5327 3566 5372 ex
3600 5303 3764 5388 paulo

2224 5409 2373 5466 ante
2400 5401 2581 5466 dictis
2618 5404 2700 5467 de
2730 5421 2923 5468 sensu
2949 5401 3203 5466 concilii
3228 5410 3529 5466 censure
3556 5403 3756 5483 potest.

2222 5497 2299 5560 Et
2320 5497 2589 5579 amplius
2624 5497 3004 5576 declaratur,
3032 5515 3203 5575 nam,
3228 5496 3383 5562 licet
3404 5498 3493 5562 sit
3516 5497 3599 5562 de
3630 5493 3755 5567 fide,
3837 5531 3839 5564 i
