3892 6167
612 439 762 484 nem
816 418 1117 492 continet,
1149 423 1298 478 tunc
1325 415 1389 476 in
1425 413 1517 475 eis
1543 413 1850 475 Christum
1881 415 1945 473 et
1980 413 2172 473 Sanc—

615 523 716 578 tos
741 513 1078 576 adoramus
1103 517 1410 590 tanquam
1453 507 1753 587 primaria
1791 506 2064 584 objecta,
2092 503 2174 565 ad

615 625 755 688 quae
779 605 979 667 tendit
1007 603 1288 666 adoratio
1319 608 1381 663 et
1407 601 1722 662 servitutis
1757 597 2045 659 affectnS.

699 702 798 762 33.
820 695 1254 763 Testimonium
1275 692 1530 758 concilii
1545 693 1622 756 N
1615 691 1788 755 icoeoai
1801 690 2169 756 declaratur.

615 827 698 842 —
725 795 813 855 De
843 789 1053 854 verbis
1077 797 1289 850 antem
1319 786 1574 849 Concilii
1601 785 1834 847 Nicaeni
1863 784 2020 844 nihil
2068 785 2177 845 ad·

617 889 766 950 clere
797 891 1063 965 oportet,
1091 901 1236 943 nam
1281 881 1574 942 eumdem
1607 879 1844 940 habent
1891 895 2169 952 sensum,

616 986 688 1042 ut
717 977 948 1043 Concil.
975 975 1321 1038 Tridentin.
1363 971 1688 1046 indicavit3
1723 977 1783 1031 et
1803 970 1863 1032 in
1897 971 2177 1050 superio-

619 1073 791 1134 ribus
819 1070 970 1132 satis
1013 1069 1405 1131 declaratum
1433 1072 1548 1127 est.
1581 1063 1798 1127 Solum
1829 1070 1925 1125 est
1971 1064 2173 1126 consi-

617 1163 991 1238 derandum,
1061 1179 1206 1223 cum
1275 1158 1618 1222 Concilium
1683 1158 1794 1232 ait,
1865 1156 2173 1235 imagines

617 1259 837 1320 Christi
859 1265 924 1318 et
945 1255 1314 1320 Sanctorum
1343 1253 1726 1316 dedicandas
1758 1259 1820 1313 et
1849 1251 2173 1312 habendas

621 1369 781 1427 esse,
823 1367 947 1432 quo
991 1367 1103 1429 per
1151 1366 1370 1410 earnm
1421 1347 1876 1426 inspectionem
1929 1362 2171 1418 omneS,

619 1445 722 1527 qui
755 1443 1278 1523 contemplantur,
1313 1441 1394 1502 ad
1442 1445 1920 1520 prototyporum
1968 1453 2177 1500 memo-

617 1541 803 1613 riam,
847 1542 906 1602 et
930 1535 1417 1610 recordationem,
1447 1539 1506 1597 et
1523 1531 1882 1597 desiderium
1905 1533 2118 1594 venian
2126 1535 2173 1605 t,

619 1631 864 1713 illicque
915 1630 1346 1694 salutationem
1397 1633 1454 1691 et
1518 1625 1907 1688 honorariam
1962 1625 2180 1687 adora-

621 1723 838 1790 tionem
862 1721 1221 1795 exhibeant,
1251 1737 1382 1782 non
1411 1737 1551 1782 esse
1573 1735 1846 1792 sensum,
1871 1716 2179 1796 imagines

621 1817 710 1882 ita
729 1835 865 1881 esse
881 1823 1138 1897 propter
1153 1813 1652 1876 recordationem
1673 1819 2173 1893 prototyporum,

621 1921 694 1976 ut
719 1913 854 1993 ipsa
879 1913 1127 1972 tantum
1155 1915 1486 1990 prototypa
1515 1909 1580 1969 in
1599 1906 1972 1967 memoriam
2001 1923 2178 1966 revo-

623 2014 762 2070 cata
799 2005 1160 2078 adorentur,
1203 2021 1351 2063 nam
1395 2000 1700 2080 particula
1741 2000 2014 2081 illisque,
2046 2016 2177 2060 non

623 2101 810 2164 refert
838 2103 1168 2180 prototypa
1194 2141 1210 2170 ,
1244 2095 1356 2157 sed
1397 2094 1708 2174 imagines
1731 2139 1745 2167 ,
1779 2101 1848 2154 ut
1886 2097 2063 2174 patet
2100 2111 2178 2154 ex

619 2191 966 2273 subjunctis
1003 2189 1248 2265 verbis,
1293 2205 1437 2262 nou,
1472 2189 1792 2253 secundum
1836 2187 2018 2264 fidem
2042 2203 2175 2248 noe·-

617 2293 803 2359 tram,
832 2300 1036 2348 veram
1063 2281 1320 2346 latriam
1333 2305 1360 2352 ;
1387 2299 1557 2354 nam,
1589 2282 1637 2342 si
1669 2297 1875 2341 sermo
1907 2283 2075 2340 esset
2098 2277 2177 2342 de

615 2385 975 2460 prototypo,
997 2393 1126 2438 non
1145 2375 1586 2438 excluderetur
1604 2375 1785 2436 latria
1809 2373 1875 2434 in
1896 2373 2173 2452 imagine

615 2473 862 2548 Christi,
880 2471 1050 2532 verbi
1065 2469 1289 2550 gratia,
1313 2470 1450 2531 etin
1465 2468 1876 2548 sequentibus
1889 2467 2099 2528 verbis
2112 2465 2180 2528 id

613 2567 818 2648 magis
847 2564 1214 2644 explicatur,
1235 2569 1304 2624 ut
1323 2563 1722 2643 perspicuum
1756 2561 1904 2622 satis
1931 2567 2047 2622 est.
2072 2561 2179 2623 Est

615 2676 768 2740 ergo
817 2674 1059 2732 sensns,
1097 2656 1406 2735 imagines
1457 2661 1715 2734 propter
1763 2655 1935 2716 hunc
1982 2654 2176 2714 finem

615 2753 926 2833 praecipue
958 2750 1274 2812 institutas
1305 2767 1469 2825 esse,
1519 2754 1589 2810 ut
1625 2753 2076 2828 repraesentent
2114 2752 2177 2809 et

613 2848 682 2909 in
737 2845 1108 2908 memoriam
1157 2848 1456 2904 revocent
1505 2848 1844 2921 prototypa
1869 2886 1885 2915 ,
1942 2847 2004 2903 et
2056 2841 2177 2902 hoc

615 2939 806 3000 modo
851 2937 1200 3000 adorationi
1249 2951 1469 2996 eorum
1499 2934 1858 2996 deserviant
1873 2948 1893 3010 3
1925 2951 2007 2995 ex
2050 2951 2175 3012 quo

614 3033 848 3094 factum
879 3037 998 3106 est,
1024 3036 1095 3091 ut
1123 3028 1273 3109 ipsae
1300 3027 1488 3090 etiam
1533 3028 1654 3088 sint
1697 3027 1904 3106 dignoe
1953 3027 2179 3088 adora-

618 3128 812 3200 tione,
845 3123 1130 3205 quamvis
1155 3122 1382 3183 minori
1415 3126 1477 3182 et
1523 3120 1829 3195 inferiori,
1863 3120 1995 3182 sive
2044 3122 2177 3182 haec

615 3219 738 3281 illis
763 3218 1082 3280 tribuatur
1125 3215 1310 3276 simul
1359 3232 1502 3276 cum
1525 3214 1896 3294 prototypis,
1925 3214 2055 3276 sive
2086 3215 2180 3275 in-

618 3313 866 3376 terdum
909 3310 1242 3392 separatim
1287 3308 1476 3370 modo
1511 3309 1800 3388 superius
1841 3308 2172 3388 explicato,

618 3408 942 3482 Quocirca,
973 3404 1257 3485 quamvis
1284 3402 1430 3463 finis
1459 3403 1805 3482 imaginum
1845 3403 1925 3462 sit
1966 3419 2181 3464 recor-

619 3500 790 3562 datio
813 3503 1316 3580 prototyporum,
1360 3502 1732 3558 nontamen
1779 3513 2038 3557 necesse
2086 3501 2183 3556 est

619 3598 688 3656 ut
717 3609 996 3672 semper,
1030 3597 1092 3652 et
1121 3591 1622 3668 quotiescunque
1676 3590 1866 3648 homo
1909 3587 2048 3648 illas
2090 3588 2181 3648 vi-

619 3688 746 3763 det,
773 3688 944 3749 hunc
963 3685 1156 3747 finem
1177 3703 1292 3746 seu
1313 3689 1524 3746 actum
1555 3686 1981 3760 exequantnr3
2006 3699 2177 3758 nam,

617 3782 764 3844 licet
789 3781 960 3862 ipsae,
993 3783 1302 3859 quantum
1317 3769 1420 3839 'est
1447 3793 1525 3838 ex
1556 3795 1648 3851 se,
1675 3775 1756 3836 ad
1786 3776 1949 3836 banc
1974 3793 2181 3836 recor·

619 3875 940 3938 dationem
965 3875 1284 3943 moveant,
1320 3874 1528 3950 potest
1561 3873 1776 3930 tamen
1817 3867 2007 3930 homo
2049 3885 2179 3929 non

619 3985 890 4048 semper,
919 3973 1028 4030 aut
1069 3981 1198 4028 non
1253 3964 1477 4026 eodem
1523 3961 1708 4024 modo
1735 3961 1925 4024 talem
1954 3980 2181 4041 reprae-

620 4060 1036 4123 sentationem
1060 4057 1387 4121 attendere
1437 4062 1500 4119 et
1550 4054 1975 4129 considerare,
2007 4063 2076 4117 ut
2112 4057 2175 4118 in

620 4151 1046 4232 superioribus
1069 4152 1460 4214 declaratum
1489 4157 1604 4212 est.

699 4250 797 4309 3-1.
847 4245 1214 4310 Sunonensis
1245 4242 1502 4308 Concilii
1551 4241 1960 4308 testimonium
2000 4263 2178 4325 expo-

617 4341 900 4404 nitur.-
921 4336 1296 4401 Ecuoidatur
1315 4337 1482 4400 locus
1507 4337 1765 4400 Concilii
1793 4336 2174 4416 Mequntini.

618 4465 701 4481 -
729 4436 932 4512 Atque
961 4447 1041 4492 ex
1067 4430 1166 4490 bis
1201 4429 1394 4492 etiam
1435 4435 1679 4491 constat
1707 4447 1928 4491 sensus
1956 4430 2179 4490 verbo-

617 4545 759 4591 rum
785 4525 1039 4591 Concilii
1085 4523 1490 4597 Senonensis,
1540 4541 1679 4600 quae
1728 4541 1952 4603 parum
2004 4522 2181 4584 diffe-

619 4627 769 4685 runt
801 4639 834 4682 a
870 4619 1074 4680 verbis
1097 4617 1354 4679 Concilii
1377 4616 1747 4690 Tridentini,
1787 4617 1962 4678 etita
2005 4635 2181 4678 eum·

621 4714 766 4776 dem
821 4729 1078 4776 sensum
1135 4710 1391 4772 babent.
1462 4708 1724 4770 Videtur
1772 4717 1984 4771 autem
2025 4708 2181 4769 illud

619 4807 960 4870 Concilium
1011 4804 1408 4884 potissimum
1463 4802 1817 4864 declarasse
1868 4803 2181 4865 adoratio-

620 4916 768 4962 nem
809 4899 1121 4978 imaginis,
1148 4904 1219 4960 ιιι
1239 4898 1449 4978 imago
1479 4903 1573 4959 est
1601 4898 1664 4957 in
1696 4901 1838 4960 actu
1877 4897 2173 4972 exercito,

617 4997 874 5074 propter
904 4991 1181 5053 rationes
1206 5009 1394 5069 supra
1421 4997 1639 5066 tactae,
1671 5008 1800 5053 non
1830 4995 2039 5054 tamen
2074 5007 2180 5052 ex·

618 5085 812 5146 cludit
835 5083 1263 5146 adorationem
1284 5083 1572 5163 imaginis
1597 5089 1665 5144 ut
1688 5083 1780 5144 rei
1805 5102 2020 5155 sacrae,
2042 5099 2181 5161 quae

621 5178 774 5239 etin
803 5177 1000 5240 altera
1024 5179 1400 5252 continetur,
1430 5175 1597 5236 etad
1624 5175 1796 5235 illam
1822 5175 2011 5236 etiam
2037 5193 2181 5254 pos-

621 5273 769 5331 sunt
796 5271 1006 5332 omnia
1036 5270 1143 5331 illa
1171 5269 1362 5330 verba
1409 5269 1660 5330 Concilii
1689 5269 1989 5348 applicari
2036 5285 2180 5329 cum

623 5362 836 5425 debita
864 5362 1289 5444 proportione,
1318 5367 1387 5423 nt
1413 5362 1650 5423 dictum
1681 5368 1794 5422 est.
1839 5362 2045 5424 Verba
2073 5381 2183 5423 au·

626 5455 1368 5534 trmConcil.Moguntini
1406 5454 1816 5534 explicatione
1859 5455 2173 5536 indigent:

1831 315 2065 378 onst-:stu
2105 313 2250 366 xxv.
2287 313 2488 366 Anno
2528 313 2608 366 m.

2252 427 2425 484 nam,
2449 416 2763 487 quatenus
2786 408 2847 468 in
2869 408 2959 468 eis
2981 407 3229 484 dicitur,
3259 408 3522 493 imagines
3538 438 3629 485 non
3642 433 3695 492 ad

2254 503 2318 563 id
2360 504 2622 583 proponi
2656 508 2721 563 nt
2754 502 3093 563 adoremus
3122 503 3217 564 vel
3248 505 3495 570 colamus
3524 524 3695 589 enavi-

2256 598 2481 658 dentnr
2496 597 2805 658 contraria
2822 595 3029 656 verbis
3042 593 3405 661 definitionis
3414 603 3691 677 VllSvnodi,

2254 690 2511 752 Duobus
2539 709 2689 769 ergo
2731 689 2935 750 modis
2964 690 3194 770 exponi
3234 703 3499 770 possunt:
3540 673 3691 779 ptimo.

2254 784 2333 846 de
2362 783 2731 846 adoratione
2750 783 3061 858 absoluta,
3086 788 3149 844 et
3174 801 3309 862 quae
3336 787 3397 848 in
3422 788 3544 868 ipsis
3558 775 3693 868 sistat}

2255 881 2513 959 propter
2546 876 2801 957 aliquod
2828 894 3070 938 numen
3099 877 3267 954 quod
3290 878 3354 939 in
3390 881 3518 959 ipsis
3550 890 3623 964 sit,
3657 902 3698 956 ut

2256 971 2379 1033 alia
2420 971 2689 1036 Concilia
2739 971 3061 1042 dixerunt3
3096 969 3175 1030 de
3222 969 3338 1034 hac
3382 993 3510 1056 ergo
3546 984 3699 1049 adora.

2252 1066 2422 1128 tione
2451 1076 2621 1129 recte
2648 1064 2799 1128 dicit
2827 1063 3177 1127 Concilium
3205 1084 3328 1126 non
3356 1077 3579 1149 proponi
3597 1079 3700 1139 ima.

2256 1159 2461 1239 gineS,
2490 1166 2557 1221 ut
2584 1159 2671 1220 sic
2696 1159 3075 1231 adorentur;
3108 1178 3235 1219 non
3261 1165 3453 1222 tamen
3470 1168 3617 1232 voluit
3632 1192 3700 1235 ex·

2256 1254 2510 1315 cludere
2556 1254 2991 1316 adorationem
3046 1253 3461 1332 respectivam.
3494 1277 3599 1337 quae
3632 1285 3701 1328 ne.

2258 1347 2529 1409 cessario
2556 1349 3033 1418 concomitatur,
3066 1347 3187 1407 hoc
3218 1345 3345 1426 ipso
3389 1351 3531 1428 quod
3552 1353 3700 1438 imagi-

2258 1459 2373 1502 nes
2396 1441 2693 1503 institutae
2724 1447 2873 1502 sunt
2900 1447 2969 1502 ut
2998 1457 3113 1518 per
3142 1457 3246 1500 eas
3274 1447 3559 1522 prototypa
3576 1465 3701 1510 reue·

2258 1551 2492 1594 remur.
2518 1533 2698 1596 Unde
2720 1533 3000 1595 secundo
3025 1531 3149 1593 dici
3174 1536 3383 1611 potest,
3400 1534 3447 1594 si
3464 1533 3699 1616 loquamur

2260 1625 2340 1688 de
2366 1626 2618 1706 proprio
2652 1625 2777 1688 fine
2808 1631 3069 1706 propter
3094 1643 3281 1704 quem
3308 1627 3569 1708 imagines
3592 1633 3703 1696 insti·

2258 1725 2521 1782 tunntnr
2552 1724 2613 1780 et
2654 1724 3119 1799 proponuntur,
3152 1736 3262 1798 per
3288 1737 3350 1780 se
3376 1738 3486 1782 non
3518 1731 3703 1806 proponi

2260 1822 2326 1877 nt
2362 1815 2507 1894 ipsae
2536 1813 2901 1886 adorentur,
2932 1813 3047 1874 sed
3082 1818 3151 1873 nt
3185 1832 3293 1893 per
3317 1815 3443 1876 illas
3476 1823 3704 1899 exempla-

2258 1911 2422 1971 rium
2454 1906 2881 1983 recordemur,
2918 1925 3126 1985 eaqne
3153 1925 3499 1970 veneremur
3510 1932 3526 1986 3
3561 1919 3607 1974 et
3628 1915 3704 1980 hoc

2258 2011 2353 2066 est
2382 2004 2552 2084 quod
2580 2003 2730 2065 illud
2759 2001 3109 2066 Concilium
3140 1999 3375 2078 docuit3
3408 2011 3576 2067 tamen
3608 2009 3703 2072 hinc

2260 2097 2962 2176 consequenterfactum
2989 2103 3106 2169 est,
3130 2099 3199 2156 nt
3219 2096 3470 2175 ipsaemet
3484 2100 3702 2181 imagines

2260 2209 2452 2252 sacrae
2478 2191 2602 2252 sint
2617 2196 2679 2252 et
2692 2189 3114 2262 venerabileS‚
3134 2197 3199 2252 et
3218 2190 3411 2269 aliqua
3434 2191 3701 2258 adoratione

2260 2284 2495 2367 dignae,
2530 2301 2670 2364 qnae
2699 2283 3019 2346 interdum
3064 2285 3266 2364 potest
3304 2283 3442 2363 ipsis
3482 2287 3700 2367 exhiberi,

2260 2380 2501 2442 etiamsi
2532 2385 2678 2440 actu
2710 2396 2837 2439 non
2868 2383 3206 2440 exerceant
3232 2377 3478 2456 perfecte
3502 2379 3630 2440 illum
3652 2383 3700 2442 fi-

2258 2491 2405 2535 nem
2429 2519 2444 2546 ,
2491 2478 2749 2553 propter
2777 2488 2965 2550 quem
2989 2474 3139 2533 sunt
3170 2471 3461 2546 institutae,
3503 2473 3628 2551 quod
3659 2477 3699 2536 in

2258 2565 2363 2627 illo
2405 2566 2676 2628 Concilio
2711 2583 2839 2625 non
2874 2571 3180 2644 negatur,
3212 2564 3473 2644 quamvis
3498 2583 3595 2626 non
3628 2567 3699 2628 de·

2258 2660 2547 2723 claretur.

2338 2756 2438 2816 35.
2490 2753 2749 2818 Patr-um
2796 2753 3149 2818 testimonia
3189 2751 3255 2814 in
3296 2751 3603 2816 contrarium
3626 2755 3691 2816 ad-

2258 2845 2437 2910 ducta
2463 2851 2949 2928 exponuntur.—
2966 2843 3068 2906 Ad
3088 2845 3417 2906 secundum
3434 2843 3693 2906 fundamen-

2258 2945 2393 3000 tum
2422 2957 2499 3000 ex
2526 2929 2903 3000 testimoniis
2920 2939 3177 3000 Patrnm
3218 2938 3363 2999 nihil
3398 2937 3509 3000 fere
3541 2939 3694 2998 addere

2260 3038 2541 3112 oportet3
2570 3051 2721 3094 nam
2750 3033 2922 3112 prior
2966 3031 3225 3105 locutiO,
3254 3033 3400 3112 quod
3418 3030 3475 3092 in
3501 3033 3697 3113 imcffiai-

2262 3127 2369 3189 bue
2406 3126 2775 3205 exemplaria
2810 3125 3163 3198 adoramus,
3208 3141 3323 3186 non
3359 3125 3420 3186 in
3456 3125 3638 3197 tabulis,
3664 3131 3697 3185 ει

2260 3219 2556 3283 coloribus
2585 3219 2860 3282 honorem
2882 3220 3327 3292 constituentes,
3350 3217 3445 3279 sed
3455 3233 3607 3277 eorum
3617 3215 3697 3292 yle

2261 3313 2420 3376 riam
2444 3311 2866 3393 praedicantes,
2896 3329 3048 3392 quoe
3089 3312 3372 3391 imayines
3390 3313 3618 3386 reserant,
3634 3326 3696 3366 ve-

2262 3407 2511 3468 rissima
2540 3413 2657 3482 est,
2686 3413 2748 3468 et
2768 3405 2976 3468 locum
3006 3405 3196 3466 habet
3216 3411 3336 3465 tam
3360 3405 3414 3463 in
3439 3401 3698 3463 adoratione

2262 3500 2611 3580 imaginum
2637 3546 2658 3576 ,
2712 3506 2782 3562 ut
2835 3505 3129 3560 exercent
3180 3515 3396 3558 munus
3432 3496 3696 3574 imaginum,

2262 3611 2454 3672 quam
2488 3598 2557 3655 ιιι
2582 3612 2687 3654 res
2710 3611 2907 3654 sacrae
2934 3598 3105 3653 sunt.
3131 3594 3217 3652 Ac
3245 3590 3487 3668 denique
3510 3589 3557 3648 in
3578 3587 3645 3647 his
3664 3591 3701 3645 et

2263 3686 2573 3749 similibus
2591 3687 2800 3747 verbis
2824 3687 3033 3748 solum
3066 3683 3383 3746 intendunt
3402 3683 3585 3754 Pati-ea
3600 3681 3698 3739 ima·

2263 3779 2473 3860 ginem
2504 3797 2635 3842 non
2676 3778 2797 3840 coli
2830 3783 3091 3860 propter
3130 3795 3353 3839 numen
3398 3773 3537 3856 quod
3574 3775 3619 3832 in
3652 3789 3697 3830 ea

2263 3873 2362 3948 sit,
2382 3873 2494 3935 sed
2509 3875 2767 3952 propter
2782 3871 3215 3934 excellentiam
3237 3866 3573 3948 exemplaria
3587 3861 3697 3943 quod

2259 3966 2325 4027 in
2354 3967 2523 4027 omni
2552 3965 2931 4028 adorationis
2952 3965 3143 4028 modo
3167 3963 3517 4026 verissimum
3538 3963 3618 4020 est.
3634 3957 3699 4017 Al-

2257 4066 2395 4122 tera
2426 4059 2617 4121 etiam
2645 4060 2903 4136 leontia,
2935 4057 3295 4140 imayim‘bus
3316 4075 3414 4140 per
3434 4051 3697 4118 recordatio-

2258 4171 2393 4216 nem
2436 4153 2873 4232 exemplarium
2919 4153 3199 4213 honorem
3244 4149 3498 4220 exhiberi,
3536 4145 3699 4222 ideoque

2256 4247 2535 4309 honorem
2562 4245 2856 4325 imayinie
2883 4262 3004 4306 non
3038 4259 3209 4324 posse
3234 4243 3301 4306 ab
3348 4241 3531 4303 honore
3564 4253 3693 4300 ezem-

2255 4339 2449 4420 plarte
2492 4338 2738 4410 secerni,
2790 4337 3109 4400 declarata
3138 4337 3269 4416 jam
3313 4339 3430 4410 est3
3474 4328 3694 4406 simulque

2260 4438 2353 4494 est
2380 4431 2735 4509 expositum
2762 4447 2887 4511 qno
2916 4448 3107 4492 sensu
3124 4445 3327 4492 verum
3342 4425 3549 4494 haheat,
3566 4421 3689 4482 etiam

2260 4525 2515 4604 qnando
2537 4525 2747 4603 imago
2772 4528 3019 4586 tantum
3058 4529 3125 4584 nt
3159 4541 3253 4584 res
3278 4537 3436 4582 sacra
3460 4515 3688 4578 adoratur.

2259 4621 2441 4696 Nam,
2468 4618 2626 4680 sicut
2656 4618 2762 4679 illa
2790 4618 2980 4679 etiam
3014 4617 3286 4679 adoratio
3326 4615 3384 4676 in
3422 4603 3684 4674 excellentia

2260 4713 2574 4794 prototypi
2602 4712 2924 4786 fundatur,
2962 4711 3051 4776 ita
3078 4711 3147 4774 fit
3166 4727 3275 4790 per
3304 4701 3685 4769 recordationem

2260 4807 2419 4884 ejuS,
2450 4806 2549 4867 vel
2579 4812 2648 4868 ut
2676 4805 2767 4868 rei
2796 4806 3029 4867 directe
3055 4805 3333 4878 adoratae,
3358 4797 3441 4861 vel
3462 4795 3626 4857 saltem
3644 4791 3681 4848 ul

2258 4898 2520 4962 rationis
2552 4898 2891 4976 adorandi3
2928 4906 2992 4962 et
3017 4899 3136 4961 hoc
3160 4897 3354 4966 modo,
3382 4894 3436 4953 in
3456 4889 3581 4951 dicto
3595 4901 3681 4958 cap.

2260 4991 2691 5067 VenerabileS,
2725 4991 2803 5053 de
2834 4994 3151 5067 Consecr.,
3175 4990 3235 5054 d.
3272 4989 3325 5060 3,
3354 4981 3597 5062 imagines
3618 4991 3681 5032 ve·

2260 5085 2574 5146 nerabiles
2622 5083 2939 5158 dicuntur,
2968 5104 3095 5145 non
3143 5083 3285 5162 quia·
3322 5068 3590 5142 Christiani
3613 5081 3678 5126 eas

2260 5185 2330 5239 ut
2361 5178 2514 5240 deos
2544 5177 2831 5250 adolent,
2878 5177 2993 5240 sed
3036 5177 3178 5257 qnia
3227 5174 3303 5236 ad
3339 5161 3677 5232 memoriamet

2259 5272 2761 5334 recordationem
2790 5271 3236 5352 primitivorum
3264 5267 3573 5329 venerantur
3594 5267 3672 5353 eas,

2262 5372 2325 5428 et
2354 5365 2639 5428 adorant.
2674 5365 2750 5426 Et
2782 5365 3056 5439 photius,
3087 5365 3147 5426 in
3180 5361 3379 5424 eodem
3415 5355 3522 5416 loco
3542 5347 3674 5409 ibici-

2262 5463 2417 5537 tato,
2453 5459 2537 5520 ait
2567 5460 2629 5518 in
2660 5459 2764 5520 VII
2792 5455 3025 5539 Synod.
3060 5455 3358 5520 definitum
3403 5464 3511 5511 esse
3534 5449 3673 5505 sacrm
