3892 6167
556 428 756 492 ralem
797 425 1086 489 ordinem
1133 422 1366 486 elevari
1417 420 1640 503 possit.
1685 420 1784 483 Ad
1825 428 2119 502 quartam

555 520 974 603 respondetur
1001 516 1334 597 dupliciter
1369 532 1556 597 posse
1601 515 1726 577 dici
1771 516 2117 597 potentiam

555 616 1096 697 proportionatam
1135 610 1219 673 ad
1257 617 1500 673 actum:
1531 628 1658 671 uno
1687 609 1878 671 modo
1899 608 2116 689 positi-

556 726 660 783 ve,
690 708 838 787 quia
888 712 983 769 est
1027 724 1106 767 ex
1131 710 1358 767 natura
1385 720 1504 765 sua
1529 704 1812 767 instituta
1849 709 1916 765 et
1941 700 2115 763 ordi--

556 809 704 863 nata
737 800 818 861 ad
854 800 1045 861 talem
1087 805 1328 872 actum;
1369 796 1492 859 alio
1523 796 1714 859 medo
1755 812 1888 859 non
1927 812 2121 875 repu-

559 899 850 975 gnanter,
883 893 1049 973 quia,
1081 892 1349 967 scilicet,
1385 909 1518 953 non
1541 896 1860 971 repugnat
1885 888 2121 951 elevari

559 986 640 1049 ad
659 988 850 1047 talem
866 993 1078 1048 actum
1095 984 1550 1065 recipiendum,
1573 984 1674 1046 vel
1695 981 2113 1057 efficiendum;

555 1081 656 1143 vel
675 1080 878 1156 aliter,
895 1079 1226 1159 dupliciter
1247 1096 1434 1159 posse
1461 1078 1812 1159 potentiam
1833 1076 1955 1139 dici
1975 1095 2119 1157 pro·

557 1174 976 1253 portionatam
1003 1172 1086 1235 ad
1117 1176 1358 1246 actum,
1389 1172 1490 1235 vel
1517 1171 1922 1253 proportione
1968 1188 2119 1232 con-

555 1268 848 1342 naturali,
871 1283 1011 1345 quas
1036 1266 1335 1328 fundatur
1360 1266 1424 1326 iu
1447 1264 1724 1327 naturali
1746 1263 2121 1326 subordina-

554 1360 728 1421 tione
768 1362 866 1421 vel
905 1358 1434 1421 transcendentali
1467 1359 1770 1420 relatione
1812 1358 1999 1421 unius
2028 1357 2115 1419 ad

555 1452 749 1530 aliud,
783 1452 882 1514 vel
907 1453 1314 1533 proportione
1345 1452 1769 1525 obedientiali,
1803 1468 1942 1530 quai
1970 1450 2114 1513 fun-

555 1546 740 1608 datur
783 1546 848 1607 in
897 1545 1410 1607 subordinatione
1455 1550 1760 1607 creaturoe
1799 1544 1882 1606 ad
1925 1562 2113 1606 suum

554 1646 927 1715 creatorem,
945 1639 1272 1719 supposita
1289 1656 1418 1700 non
1437 1638 1856 1718 repugnantia
1879 1655 1953 1699 ex
1972 1656 2114 1717 par·

553 1740 616 1795 te
647 1734 906 1795 effectus
935 1752 1050 1795 seu
1074 1734 1323 1813 objecti.
1360 1735 1502 1794 Haec
1527 1750 1680 1812 ergo
1707 1732 2011 1812 potentia,
2030 1732 2111 1793 de

555 1844 682 1905 qua
716 1828 988 1908 agimus,
1017 1832 1112 1889 ost
1143 1826 1612 1906 proportionata
1633 1828 1878 1887 tantum
1904 1831 2115 1905 poste-

552 1921 704 1983 riori
729 1920 954 1993 mod03
1003 1926 1064 1981 et
1109 1920 1252 1980 ideo
1303 1937 1563 1981 necesse
1599 1938 1730 1981 non
1777 1922 1880 1981 est·
1923 1924 1991 1980 ut
2034 1918 2113 1981 sit

555 2014 843 2095 ejusdem
873 2014 1110 2075 ordinis
1139 2032 1282 2075 cum
1313 2020 1458 2075 actu
1481 2032 1618 2076 suo,
1645 2015 1718 2075 Et
1743 2014 1808 2075 in
1837 2012 1957 2075 hoc
1978 2030 2110 2075 ma-

551 2110 720 2172 xime
747 2108 957 2170 differt
978 2109 1070 2169 vis
1095 2107 1300 2169 activa
1327 2105 1758 2169 obedientialis
1799 2107 2112 2187 potentia-

552 2219 692 2266 rum
728 2202 954 2263 animae
983 2218 1022 2262 a
1045 2202 1106 2263 vi
1135 2201 1338 2263 activa
1359 2246 1376 2277 ,
1404 2218 1544 2281 qum
1575 2201 1764 2263 estin
1791 2200 2108 2264 habitibus

551 2296 812 2370 infusis;
857 2311 1008 2356 nam
1067 2294 1204 2356 haec
1253 2301 1348 2357 est
1395 2294 1868 2375 proportionata
1915 2292 2111 2373 priori

551 2390 742 2453 modo
783 2393 1087 2467 tanquam
1127 2388 1550 2451 connaturalis
1589 2394 1656 2449 et
1691 2386 1971 2467 eiusdem
2010 2404 2113 2449 or-

551 2484 736 2555 dinis,
781 2484 879 2545 cui
928 2483 1191 2563 proinde
1241 2482 1488 2545 debitus
1519 2488 1610 2543 est
1650 2498 1993 2542 concursus
2028 2479 2111 2542 ad

553 2577 744 2639 talem
773 2582 1022 2654 actum;
1053 2576 1160 2637 illa
1185 2594 1337 2639 vero
1367 2574 1573 2636 solum
1601 2579 1696 2635 est
1723 2572 2111 2635 obedientia·

552 2671 662 2743 lis;
715 2656 882 2730 unde
927 2686 1134 2749 neque
1181 2675 1410 2730 natura
1447 2684 1562 2728 sua
1593 2666 1880 2729 ordinata
1909 2666 2111 2729 estad

553 2764 742 2825 talem
779 2766 992 2823 actum
1011 2808 1026 2838 ,
1055 2780 1264 2843 neque
1295 2762 1354 2823 ei
1379 2761 1629 2824 debitus
1667 2765 1764 2821 est
1797 2759 1939 2821 talis
1962 2776 2108 2821 oon·

549 2874 788 2919 cursus,

628 2952 729 3012 74.
756 2951 1037 3014 Potentia
1061 2948 1475 3014 obedientialis
1487 2950 1690 3031 aliquo
1705 2949 1872 3013 modo
1891 2953 1977 3011 est
1996 2962 2111 3009 na-

547 3044 796 3120 taralis,
823 3060 944 3106 non
985 3048 1186 3107 tamen
1215 3043 1600 3123 simpliciter.
1620 3072 1701 3091 -—-
1717 3040 1822 3105 Aa
1843 3039 2111 3121 potentia

547 3136 958 3200 obedientialis
991 3138 1195 3202 activa
1221 3136 1558 3201 necessario
1582 3136 1882 3215 suadetur
1903 3133 1971 3197 in
1996 3151 2111 3197 nu-

547 3229 742 3293 turali
763 3230 1098 3293 nativitate.
1122 3260 1204 3279 --
1221 3229 1512 3291 Secundo
1541 3228 1963 3309 principaliter
1986 3226 2110 3289 col-

546 3322 761 3403 ligitur
799 3340 876 3383 εκ
919 3323 1100 3385 dictis
1143 3324 1310 3386 hanc
1354 3322 1836 3385 obedientialem
1883 3326 2107 3401 poten-

544 3417 724 3492 tiam,
768 3431 902 3477 tam
951 3419 1246 3494 activam,
1287 3434 1477 3497 quam
1524 3417 1862 3497 passivam,
1890 3416 2104 3495 aliquo

544 3510 732 3571 modo
761 3526 948 3590 posse
975 3510 1094 3571 dici
1121 3510 1513 3588 naturalem,
1545 3511 1646 3573 vel
1675 3511 1960 3572 naturale
1990 3529 2105 3589 ap-

549 3602 836 3684 pellando
857 3604 1162 3684 quidquid
1189 3605 1666 3683 supernaturale
1695 3605 1944 3685 proprie
1973 3620 2107 3665 non

544 3703 660 3767 est,
691 3696 795 3758 vel
819 3698 964 3777 quia
991 3697 1298 3778 quidquid
1322 3706 1424 3761 est
1451 3700 1732 3761 entitatis·
1753 3699 1822 3759 in
1849 3698 1959 3759 illa
1986 3714 2107 3777 po·-

546 3790 744 3852 tentia
761 3834 778 3865 ,
815 3790 1103 3854 naturale
1133 3797 1270 3869 est,
1298 3794 1402 3855 vel
1428 3812 1574 3855 cnm
1601 3800 1832 3856 natura
1871 3810 2111 3871 conge-

541 3886 768 3949 nitum.
795 3888 890 3947 An
921 3904 1070 3948 vero
1095 3886 1461 3967 simpliciter
1491 3887 1934 3969 haecpotentia
1956 3886 2109 3947 acti-

541 3996 620 4039 va
669 3980 750 4039 sit
801 3979 1178 4059 appellanda
1203 3982 1530 4056 naturalis,
1563 3982 1850 4061 quamvis
1877 3980 1958 4041 de
1990 3996 2105 4041 no·-

540 4072 708 4133 mine
741 4078 803 4133 et
832 4072 912 4133 de
939 4073 1130 4135 modo
1154 4073 1456 4155 loquendi
1493 4075 1756 4154 queastio
1789 4073 2103 4148 videatur,

539 4166 826 4226 nonnulli
847 4172 1065 4227 tamen
1093 4168 1350 4229 omnino
1392 4168 1478 4229 ita
1521 4172 1785 4229 censent
1819 4166 2103 4228 sentien-

538 4258 690 4321 dum
733 4266 796 4322 et
837 4260 1225 4339 loquendum
1253 4260 1322 4321 in
1351 4259 1626 4340 quodam
1655 4278 1872 4336 sensu,
1913 4276 2104 4340 quem

536 4352 764 4413 falsum
811 4372 950 4415 essa
989 4354 1298 4429 existimo,
1328 4360 1392 4416 et
1427 4373 1559 4416 non
1585 4360 1828 4417 tantum
1857 4355 1940 4415 ad
1966 4372 2103 4415 mo·

537 4446 694 4509 dum
733 4447 1056 4525 loquendi,
1093 4448 1208 4509 sed
1239 4448 1428 4510 etiam
1459 4449 1542 4511 ad
1569 4466 1708 4510 rem
1751 4450 2097 4530 pertinere.

539 4540 910 4631 Existimant
948 4542 1158 4621 itaque
1199 4543 1366 4605 hanc
1407 4543 1758 4625 potentiam
1800 4544 2094 4618 activam,

539 4652 730 4715 quam
755 4654 872 4698 nos
893 4634 1378 4698 obedientialem
1396 4652 1716 4713 vocamus,
1741 4638 2095 4700 necessario

537 4745 677 4791 esse
726 4728 957 4790 debere
1003 4729 1278 4809 aliquam
1327 4731 1680 4794 naturalem
1719 4731 2095 4810 potentiam,

537 4821 886 4884 effectivam
925 4828 1150 4884 natura
1195 4840 1312 4884 sua
1359 4822 1624 4904 alicujus
1675 4824 1959 4903 effectus,
1988 4826 2093 4903 qui

535 4914 883 4975 secundum
901 4916 1210 4979 rationem
1229 4916 1506 4996 aliquam
1526 4934 1926 4979 communem
1947 4934 2095 4981 oon-

533 5009 742 5069 veniat
767 5026 912 5069 cum
939 5011 1166 5072 effectu
1193 5012 1690 5091 supernaturali,
1731 5018 1804 5074 ut
1849 5012 2094 5075 ratione

532 5101 696 5163 illius
727 5103 1180 5165 convenientiae
1207 5106 1406 5185 possit
1454 5105 1590 5166 talis
1633 5106 1942 5167 naturalis
1982 5124 2095 5186 po·-

531 5195 728 5257 tentia
759 5195 986 5257 elevari
1013 5196 1096 5257 ad
1119 5198 1518 5261 efficiendum
1547 5200 2091 5279 supernaturalem

533 5286 844 5361 effectum,
871 5296 1182 5367 quatenus
1207 5290 1273 5351 in
1303 5305 1379 5353 eo
1407 5291 1726 5354 invenitur
1753 5292 1965 5372 aliqua
1992 5312 2093 5354 ra·-

530 5380 614 5443 tio
639 5400 830 5460 quam
855 5384 1136 5461 potentia
1155 5384 1266 5445 illa
1283 5386 1480 5464 possit
1509 5390 1736 5448 natura
1765 5403 1882 5447 sua
1909 5387 2091 5448 attin-

530 5492 704 5554 gere,
732 5474 972 5539 ratione
1001 5479 1180 5557 eujus
1205 5478 1400 5561 possit
1430 5478 1660 5542 clevari
1685 5478 1768 5541 ad
1789 5478 1983 5541 alium
2005 5479 2091 5541 ef-

1775 320 2011 385 QUAEST.
2046 320 2179 374 xttt.
2214 321 2419 375 Amic.
2452 321 2537 374 W.

2197 420 2433 484 fectum
2460 438 2655 501 quom
2682 426 2907 485 natura
2934 438 3057 485 sua
3086 434 3223 483 non
3247 426 3457 499 posset
3478 424 3701 504 affinem

2199 522 2387 595 atque
2424 516 2540 578 hoc
2584 515 2775 579 modo
2810 514 3096 595 potentia
3126 512 3263 590 illa,
3294 530 3433 595 quie
3456 516 3703 597 elevatis,

2198 608 2423 671 dicitur
2460 628 2595 673 esse
2626 609 2905 690 potentia
2944 608 3285 673 naturalia.
3320 609 3609 690 Exemplis
3634 634 3706 683 ras

2200 700 2576 775 illustratur,
2624 721 2775 765 nam
2826 702 3193 766 intellectus
3244 708 3465 765 natura
3502 724 3603 767 sua
3636 718 3702 772 est

2200 795 2521 859 effectivus
2548 796 2986 859 intellectualis
3010 794 3393 875 cognitionis
3432 816 3537 859 seu
3569 801 3705 863 visio·

2199 887 2321 965 nis,
2354 894 2417 951 et
2450 888 2597 967 quia
2634 890 2767 951 haeo
2798 886 2959 950 ratio
2988 888 3058 951 in
3090 888 3343 951 visione
3376 890 3487 953 Dei
3520 896 3705 972 reperi-

2200 986 2325 1057 tur,
2355 983 2639 1063 quamvis
2677 982 2921 1045 elevata
2960 981 3045 1045 ad
3080 984 3609 1062 supernaturalem
3636 1004 3707 1049 or-

2198 1074 2440 1151 dinem,
2461 1075 2603 1139 ideo
2633 1075 3005 1149 intellectus,
3026 1093 3152 1155 per
3184 1074 3367 1139 illam
3404 1074 3704 1146 &culmem

2198 1168 2585 1245 naturalem,
2614 1186 2808 1249 quam
2844 1168 3039 1231 hahet
3076 1168 3169 1231 ad
3218 1167 3596 1233 efficiendum
3630 1188 3707 1234 ac-

2199 1267 2333 1323 tum
2364 1261 2803 1326 intellectionis
2838 1268 2909 1325 ut
2931 1263 3027 1325 sic
3058 1263 3239 1325 circa
3276 1261 3495 1337 Deum,
3524 1262 3703 1325 elevari

2198 1360 2407 1435 potest
2454 1356 2537 1417 ad
2592 1355 2969 1419 eliciendum
3020 1361 3245 1421 aetum
3302 1353 3544 1419 videndi
3580 1356 3705 1417 clare

2194 1450 2415 1511 Deum.
2434 1450 2736 1513 Similiter
2758 1468 2923 1529 aqua
2950 1457 3187 1514 natura
3214 1466 3335 1533 sua
3366 1454 3459 1511 est
3484 1447 3705 1514 effectiia

2194 1543 2457 1623 alicujus
2482 1544 2825 1623 qualitatis,
2858 1550 2921 1607 et
2948 1544 3103 1623 quia
3132 1543 3277 1607 hoec
3305 1542 3468 1607 ratio
3500 1542 3707 1619 qualita-

2191 1638 2273 1700 tis
2300 1637 2369 1699 in
2396 1638 2597 1717 gratia
2642 1638 2993 1717 reperitur,
3041 1634 3347 1716 quamvis
3396 1634 3611 1699 elevata
3646 1635 3705 1699 ad

2196 1731 2735 1810 supernaturalem
2762 1731 3051 1793 ordinem
3070 1774 3089 1805 ‚
3126 1730 3281 1793 ideo
3308 1744 3493 1808 aqua,
3516 1745 3611 1807 per
3624 1745 3704 1791 aa·

2193 1824 2461 1886 turalem
2510 1824 2639 1887 vim
2686 1824 2951 1887 activam
2999 1840 3203 1905 quam
3257 1821 3453 1886 habet
3498 1820 3569 1883 ad
3608 1819 3703 1881 effi·

2194 1917 2481 1979 ciendam
2508 1916 2899 1996 qualitatem,
2934 1916 3171 1981 elevari
3222 1920 3449 1995 potest,
3502 1920 3561 1975 ut
3600 1930 3703 1973 cum

2193 2010 2499 2089 superiori
2528 2009 2737 2089 aliquo
2754 2028 3065 2075 concursu
3080 2008 3328 2073 efficiat
3352 2008 3517 2093 illam
3538 2022 3703 2083 super-

2191 2104 2541 2167 naturalem
2561 2104 2927 2182 qualitatem
2945 2118 2967 2183 ;
2988 2103 3131 2168 siue
3160 2101 3527 2180 huiusmodi
3542 2105 3703 2161 autem

2192 2196 2509 2261 activitate
2534 2196 2807 2261 naturali
2834 2196 3059 2278 (aiunt)
3090 2195 3373 2275 intelligi
3394 2212 3515 2258 non
3544 2196 3705 2272 posset

2192 2290 2509 2369 quomodo
2540 2290 2619 2353 sit
2650 2290 2975 2355 elevabilis
3016 2296 3313 2353 creatura
3338 2288 3423 2351 ad
3444 2284 3703 2367 agendum

2192 2382 2431 2460 aliquid
2458 2389 2635 2445 exta-a
2660 2382 2895 2445 limites
2922 2390 3169 2447 naturoe
3202 2400 3361 2447 suae.

2272 2481 2373 2541 75.
2420 2478 2544 2541 Sed
2558 2478 2693 2543 haee
2712 2478 3028 2541 sententia
3054 2486 3119 2543 et
3146 2479 3217 2541 in
3242 2496 3313 2541 re
3342 2476 3557 2539 falsum
3572 2474 3699 2546 dicit,

2194 2577 2256 2633 et
2284 2570 2353 2632 in
2377 2571 2566 2633 modo
2596 2572 2897 2652 loquendi
2924 2590 3054 2637 nou
3098 2578 3275 2637 recte
3316 2568 3595 2651 loquitur,
3618 2584 3701 2627 nec

2188 2682 2327 2727 rem
2354 2664 2653 2729 declarat.
2688 2668 2961 2729 Primum
2998 2667 3219 2747 itaque
3248 2666 3479 2730 falsum
3518 2665 3599 2726 est
3631 2660 3701 2721 di·

2190 2777 2333 2823 cere
2358 2778 2489 2823 non
2518 2778 2701 2839 posse
2736 2767 3091 2825 creaturam
3114 2760 3358 2825 elevari
3386 2756 3465 2821 ad
3490 2751 3699 2841 aliquid,

2188 2854 2314 2915 nisi
2340 2854 2407 2915 in
2428 2872 2505 2917 ea
2532 2858 2925 2935 supponatur
2940 2856 3195 2936 propria
3216 2852 3516 2919 naturalis
3536 2853 3697 2929 poten·

2186 2946 2277 3009 tia
2306 2946 2387 3009 ad
2412 2947 2607 3011 talem
2652 2954 2863 3011 actum
2886 2949 2987 3013 vel
3030 2950 3332 3015 effectum
3352 2990 3375 3023 ,
3420 2944 3615 3010 saltem
3634 2956 3699 2999 se·

2189 3040 2467 3103 cundum
2496 3041 2775 3121 aliquam
2802 3042 3115 3107 rationem
3140 3055 3556 3107 communem.
3584 3034 3697 3095 Nam

2189 3132 2497 3212 imprimis
2531 3135 2597 3195 in
2636 3136 2917 3215 potentia
2944 3136 3197 3215 passiva
3222 3132 3567 3211 susceptiva
3590 3124 3699 3187 obe-

2190 3225 2475 3289 dientiali
2494 3226 2565 3287 id
2589 3227 2812 3291 deesse
2844 3229 3091 3293 videtur
3113 3229 3181 3291 iu
3200 3229 3419 3291 anima
3444 3217 3696 3289 rationali,

2187 3336 2327 3399 quae
2352 3337 2431 3381 ex
2458 3326 2685 3382 natura
2714 3340 2829 3383 sua
2876 3340 3007 3385 non
3045 3328 3145 3385 est
3184 3318 3545 3385 naturaliter
3568 3327 3699 3375 reee-

2184 3414 2353 3494 ptiva
2397 3416 2784 3493 immediate,
2826 3423 2891 3481 et
2916 3435 3031 3496 per
3076 3415 3493 3481 substantiam
3536 3420 3693 3477 suam,

2186 3509 2451 3589 alicujus
2480 3510 2802 3588 qualitatis
2830 3510 2913 3573 ab
2937 3512 3299 3573 extr-insece
3335 3499 3694 3574 advenientis,

2186 3619 2295 3665 seu
2328 3603 2594 3685 alicujus
2624 3604 3011 3687 mutationis;
3036 3610 3104 3665 et
3135 3596 3355 3667 famen
3380 3598 3697 3679 supernam·

2183 3698 2397 3759 raliter
2410 3702 2618 3777 potest
2634 3696 2916 3777 recipere
2937 3698 3327 3774 immediate,
3340 3713 3455 3775 per
3464 3690 3695 3751 substan·

2186 3791 2337 3853 tiam
2362 3809 2567 3867 suam,
2602 3792 2971 3873 qualitatem
3000 3792 3280 3870 aliquam
3308 3788 3697 3869 supernatura·

2185 3885 2347 3958 lem;
2380 3884 2488 3947 illa
2534 3903 2686 3967 ergo
2730 3886 3043 3967 capacitas
3086 3888 3317 3951 animae
3355 3882 3437 3945 ad
3478 3874 3697 3959 gratiam

2185 3980 2361 4040 nullo
2390 3980 2579 4041 modo
2609 3980 2939 4045 ordinatur
2962 3980 3340 4043 naturaliter
3351 3976 3446 4049 ,ad
3472 3972 3695 4047 aliquam

2186 4075 2551 4152 qualitatem
2582 4076 2961 4153 naturalem,
2983 4076 3100 4139 sed
3121 4081 3217 4139 est
3249 4090 3423 4139 mere
3451 4061 3697 4132 obedien·

2186 4168 2371 4230 tialis.
2400 4170 2535 4232 Nisi
2562 4170 2723 4234 forte
2752 4172 2895 4251 quis
2924 4170 3112 4247 dieat,
3138 4171 3419 4236 animam
3444 4178 3551 4245 per
3578 4152 3693 4217 sub-

2186 4263 2477 4324 stantiam
2504 4282 2686 4326 suam
2712 4281 2851 4329 esse
2882 4282 3179 4347 capacem
3228 4276 3487 4327 suarum
3522 4254 3693 4333 Ρθῑθῧ·

2182 4356 2435 4433 tiaram,
2488 4364 2549 4419 et
2605 4360 2695 4419 ita
2740 4357 2977 4420 habere
3004 4358 3286 4435 aliquam
3334 4346 3691 4431 capacitatem

2180 4450 2531 4513 naturalem
2562 4452 2643 4514 ad
2672 4450 2913 4531 aliquas
2948 4450 3301 4531 qualitates,
3332 4444 3452 4513 Sed
3492 4436 3566 4503 ud
3596 4432 3687 4537 13⁰⁰

2180 4546 2639 4608 excludendum
2668 4545 2801 4607 dixi
2828 4564 2957 4607 non
2976 4562 3115 4607 esse
3145 4556 3444 4623 capacem
3466 4534 3688 4605 alicujus

2178 4640 2563 4714 mutationis,
2582 4658 2699 4702 seu
2720 4638 3033 4720 qualitatis
3062 4638 3443 4701 extrinsecas
3469 4630 3688 4705 impres·

2178 4751 2281 4796 sae.
2306 4734 2621 4796 Etrevera
2640 4733 2887 4796 videtur
2903 4733 3085 4796 valde
3107 4731 3531 4812 impertinens,
3552 4706 3687 4813 ‘1¹²⁰,d

2176 4828 2471 4909 potentiae
2484 4828 2708 4889 animas
2728 4834 3158 4907 supponantur
3172 4826 3469 4889 distinctae
3480 4812 3561 4909 ‘ab
3582 4818 3685 4869 ²¹⁰¹·

2176 4938 2303 4994 ma,
2333 4927 2395 4983 et
2422 4928 2693 5001 receptas
2716 4922 2779 4982 in
2800 4922 2933 4998 illa,
2958 4928 3033 4983 ut
3054 4922 3191 5001 ipsa
3218 4916 3583 5012 intelligat&
3604 4914 3685 4962 ω’

2176 5032 2299 5096 pax
2328 5015 2579 5095 gratiae3
2610 5032 2740 5075 non
2782 5015 2949 5076 enim
2975 5030 3053 5077 ea
3076 5015 3323 5077 ratione
3351 5010 3561 5073 elevari
3593 5008 3683 5073 1³⁰-

2173 5114 2297 5172 test
2324 5110 2406 5171 ad
2432 5109 2909 5190 supernaturale
2944 5126 3085 5171 esse
3130 5110 3367 5189 gratiss,
3412 5097 3519 5165 sed
3540 5102 3677 5171 ‹1⁰¹³›

2170 5206 2394 5283 propte
2404 5222 2431 5263 ι·
2456 5201 2970 5287 convenientiam·
2993 5218 3185 5279 quam
3218 5200 3409 5263 habet
3428 5204 3563 5257 cum
3572 5184 3675 5245 130⁰

2172 5292 2237 5355 in
2265 5296 2465 5373 gradu
2494 5294 2933 5372 intellectuali,
2960 5296 3337 5375 participare*
3370 5286 3556 5371 potest
3594 5288 3676 5336 su·

2140 5388 2401 5468 'portori
2438 5388 2716 5467 quodam
2752 5388 2941 5451 modo
2987 5387 3261 5451 divinam
3304 5388 3489 5465 ipsam
3528 5371 3673 5435 natu·

2170 5498 2325 5543 ram.
2362 5480 2541 5543 Unde
2572 5481 2765 5543 multo
2796 5482 3019 5546 melius
3048 5480 3309 5543 haberet
3336 5478 3489 5540 hanc
3520 5474 3671 5541 napa·
