3892 6167
1358 309 1677 364 msPU'rA'r.
1711 311 1832 364 mv.
1867 310 2037 365 ssscT.
2073 310 2131 363 V.

96 419 384 464 servam
426 421 494 464 se
525 402 798 466 exhibet.
825 403 915 464 Ex
956 401 1094 465 aliis
1131 422 1278 467 vero
1309 405 1690 482 doctoribus,

97 493 226 574 qui
259 495 612 576 imaginem
648 494 864 558 dicunt
891 495 1138 558 adorari
1164 517 1308 560 curn
1337 503 1690 581 prototypo,

99 589 202 650 ita
228 593 460 650 tamen
489 595 560 652 ut
585 589 724 670 ipsa
748 588 940 652 etiam
970 591 1218 671 proprie
1249 589 1567 664 adoretur,
1603 593 1695 653 illi

96 683 424 745 videntur
468 683 617 746 huic
663 683 985 746 sententiae
1016 683 1260 758 favere,
1296 687 1402 766 qui
1451 685 1692 750 nullum

101 777 326 838 alium
355 777 618 840 modum
643 774 946 840 adorandi
976 777 1319 858 imaginem
1346 779 1689 856 declarant,

101 869 249 934 nisi
271 890 391 950 per
406 869 694 934 eamdem
718 868 1146 932 adorationem
1168 891 1309 933 cum
1331 879 1687 954 prototypO.

101 965 192 1024 Et
245 965 374 1026 hoc
420 963 610 1026 modo
639 963 930 1027 videntur
957 963 1168 1026 favere
1216 965 1360 1026 huic
1411 966 1690 1046 opinioni

101 1059 186 1120 D.
213 1057 500 1122 Thomas
531 1065 594 1120 et
617 1057 750 1120 fere
781 1076 1004 1120 omnes
1031 1059 1396 1133 Themistae,
1424 1059 1694 1122 maxime

105 1151 503 1234 CapreoluS,
535 1153 602 1215 in
637 1155 700 1232 3,
730 1152 794 1214 d.
829 1156 894 1228 9,
944 1153 1010 1216 in
1061 1153 1248 1215 solut.
1279 1152 1359 1215 ad
1390 1157 1425 1216 3
1465 1159 1631 1216 cont.
1655 1157 1696 1216 2

108 1247 364 1326 concl.;
383 1252 448 1309 et
467 1247 635 1310 idem
655 1246 844 1309 sentit
864 1248 935 1308 D.
963 1247 1406 1310 Bonaventura
1423 1247 1529 1322 ibi,
1548 1266 1695 1310 nam

109 1359 273 1402 cum
299 1341 369 1402 in
395 1340 583 1405 rebus
603 1339 740 1402 aliis
761 1339 952 1401 sacris
986 1339 1172 1401 talem
1202 1341 1460 1403 modum
1493 1341 1694 1402 cultus

110 1435 464 1498 admittere
513 1435 836 1511 videatur,
869 1433 948 1496 de
979 1435 1358 1516 imaginibus
1385 1435 1452 1498 id
1479 1441 1690 1518 negat.

111 1529 376 1592 Alensis
405 1547 578 1604 veru,
617 1527 962 1591 Richardus
1009 1535 1073 1589 et
1102 1529 1203 1590 alii
1249 1531 1474 1591 eodem
1503 1531 1691 1592 modo

113 1623 342 1687 favent
378 1641 503 1704 quo
546 1625 618 1685 D.
663 1625 937 1686 Thomas
960 1669 977 1698 ‚
1011 1641 1277 1704 quorum
1329 1627 1688 1701 auctoritem,

111 1717 270 1778 licet
298 1716 368 1778 in
401 1718 521 1780 hac
549 1722 755 1797 parte,
785 1716 1080 1796 negativa
1104 1723 1347 1780 tantum
1376 1719 1689 1795 videatur,

115 1810 388 1884 scilicet,
439 1809 588 1892 quia
633 1810 774 1874 talis
822 1809 1084 1871 actionis
1135 1810 1523 1874 mentionem
1566 1830 1694 1873 non

111 1907 442 1978 recerunt,
473 1911 687 1966 tamen
727 1904 777 1964 si
818 1904 1094 1966 rationes
1141 1922 1362 1964 eorum
1409 1909 1696 1986 specten-

111 2007 248 2074 tur,
303 1997 597 2060 videntur
641 2015 769 2058 non
820 1997 1023 2058 solum
1069 2004 1305 2070 tacere,
1350 1997 1463 2058 sed
1507 1999 1694 2060 etiam

115 2091 466 2156 excludere
488 2096 549 2154 et
570 2109 803 2172 negare
823 2090 992 2152 hunc
1010 2089 1393 2154 adorationis
1409 2091 1688 2153 modum.

113 2189 338 2266 Atque
366 2185 534 2247 idem
555 2183 1038 2264 argumentandi
1056 2183 1282 2246 modus
1308 2183 1466 2245 sumi
1489 2190 1694 2264 potest

115 2298 200 2340 ex
224 2278 519 2343 Consiliis
543 2283 607 2339 et
631 2277 936 2340 Patribus,

207 2375 271 2434 3.
323 2373 612 2438 Rationes
631 2389 746 2453 pro
766 2373 1067 2436 sententia
1091 2374 1424 2454 proposita.
1443 2404 1522 2418 —
1543 2373 1695 2433 Pro-

117 2469 320 2532 batur
347 2485 496 2546 ergo
526 2467 724 2547 primo
771 2465 905 2527 haec
935 2465 1269 2544 sententia,
1303 2483 1450 2526 nam
1478 2465 1697 2527 Conci-

123 2563 216 2624 lia
240 2580 386 2625 cum
422 2560 650 2622 docent
698 2557 798 2620 vel
837 2558 1146 2620 definiunt
1193 2557 1500 2639 imagines
1556 2577 1696 2622 esse

127 2655 509 2732 adorandae,
540 2659 732 2718 totam
764 2653 1072 2716 rationem
1115 2659 1175 2715 et
1220 2651 1479 2714 modum
1507 2653 1698 2734 hujus

123 2749 517 2814 adorationis
542 2749 606 2810 in
634 2766 708 2809 eo
732 2753 998 2828 ponunt,
1032 2745 1202 2828 quod
1231 2746 1610 2826 exemplaria
1630 2747 1697 2808 in

121 2847 222 2908 eis
253 2843 617 2918 adorantur,
651 2860 762 2904 seu
792 2841 960 2920 quod
975 2858 1192 2902 earum
1219 2839 1498 2902 adoratio
1525 2845 1699 2903 tran-

123 2940 212 3000 sit
247 2937 332 3000 ad
371 2935 796 3016 exemplaria3
841 2953 992 3014 ergo
1020 2933 1260 3014 absque
1298 2932 1420 2994 hac
1471 2934 1698 2996 transi-

123 3031 305 3088 tione
333 3028 428 3105 (ut
453 3024 542 3088 sic
568 3023 796 3102 dicam)
825 3020 999 3088 nulla
1052 3029 1147 3086 est
1189 3028 1358 3084 recta
1406 3021 1696 3102 imaginis

125 3119 464 3194 adorati03
514 3117 586 3180 fit
622 3124 837 3180 autem
881 3115 1180 3177 transitus
1223 3115 1302 3178 ad
1348 3115 1692 3196 exemplar,

125 3213 395 3296 quando
425 3211 489 3274 in
537 3212 692 3273 illud
723 3211 1014 3290 dirigitur
1059 3209 1339 3270 adoratio
1389 3209 1696 3288 tanquam

123 3312 200 3370 in
230 3309 547 3388 objectum
595 3303 892 3388 primario
922 3303 1246 3365 adoratum
1278 3321 1295 3375 ;
1330 3307 1480 3365 tunc
1523 3301 1690 3363 enim

123 3421 280 3464 vere
310 3401 531 3462 dicitur
568 3401 636 3460 in
661 3399 934 3479 imagine
982 3393 1250 3460 adorari.
1302 3395 1694 3458 Antecedens

125 3501 308 3575 patet
347 3511 422 3554 ex
448 3491 720 3557 Concilio
747 3490 944 3562 Trid..
976 3507 1094 3552 ses,
1139 3491 1241 3564 25,
1268 3489 1403 3564 ubi,
1432 3505 1576 3549 cum
1602 3487 1695 3548 di-

126 3590 328 3651 xisset
364 3587 669 3670 imagines
698 3605 832 3649 esse
855 3583 1232 3662 adorandaS,
1283 3601 1411 3645 non
1438 3587 1695 3664 propter

129 3681 388 3764 aliquod
416 3699 655 3744 numen
681 3679 850 3760 quod
876 3679 942 3741 in
981 3697 1050 3742 se
1096 3677 1394 3752 habeant,
1426 3675 1638 3738 subdit
1673 3694 1687 3736 ε

133 3777 270 3844 Sed
283 3772 557 3858 quoniam
583 3773 790 3848 aoros,
823 3773 928 3854 qui
954 3773 1039 3836 eis
1062 3773 1395 3844 exhibetur,
1421 3773 1694 3848 refertur

133 3869 220 3934 ad
233 3874 558 3950 prototypa
582 3883 715 3948 quoe
751 3865 877 3930 illa
902 3868 1331 3948 repraesentant
1349 3891 1375 3939 ;
1407 3871 1467 3926 et
1488 3863 1694 3926 decla-

127 3981 281 4023 rans
310 3961 576 4044 amplius
603 3959 767 4022 hanc
789 3959 1176 4038 relationem,
1209 3957 1556 4040 subjungit,
1600 3957 1694 4020 ita

128 4063 206 4118 uc
223 4075 331 4135 per
359 4052 654 4140 imaqince
681 4071 834 4136 quas
861 4052 1227 4128 osculamur,
1258 4057 1312 4115 et
1341 4067 1543 4116 coram
1561 4049 1695 4132 qui-

130 4151 243 4213 bus
255 4147 721 4234 procumbimus,
748 4143 1054 4212 Christum
1068 4147 1403 4221 adoremus,
1421 4149 1478 4208 et
1495 4143 1694 4210 Sanc·

132 4249 252 4316 tos,
276 4259 527 4324 quorum
566 4239 694 4306 ina·
743 4237 1206 4304 similitudinem
1250 4243 1489 4318 cerunt.
1547 4238 1694 4309 Quae

131 4333 434 4412 definitio,
467 4350 612 4396 cum
643 4333 722 4398 sit
747 4328 1128 4407 doctrinalia,
1157 4326 1354 4393 habet
1397 4330 1521 4391 vim
1555 4327 1694 4392 uni-

133 4427 388 4491 versalis
424 4425 890 4509 propositionis,
918 4425 978 4488 id
1019 4433 1136 4501 est,
1171 4442 1422 4486 ornnem
1469 4423 1694 4486 hones-

135 4531 265 4585 tam
290 4521 720 4584 adorationem
738 4520 1028 4600 imaginis
1056 4537 1192 4582 esse
1215 4515 1599 4600 hujusmodi,
1629 4525 1692 4580 et

135 4622 593 4697 cousequenter
615 4613 962 4680 excluditur
989 4614 1194 4676 omnis
1230 4613 1354 4676 alia
1387 4613 1685 4687 adorati0‚

133 4731 256 4792 per
281 4729 470 4792 quam
503 4709 825 4790 exemplar
854 4707 1014 4771 dicto
1026 4706 1213 4769 modo
1228 4725 1356 4769 non
1369 4707 1686 4770 adoretur.

133 4807 212 4866 Et
239 4803 426 4884 (quod
445 4803 713 4884 amplius
736 4801 848 4884 est)
878 4801 1086 4864 statim
1113 4799 1235 4863 hoc
1263 4799 1454 4861 modo
1485 4799 1691 4862 decla-

135 4904 234 4960 rat
264 4899 654 4976 superiorum
694 4895 1106 4958 Consiliorum
1153 4893 1564 4967 definitiones,
1595 4891 1690 4956 di-

137 5011 316 5053 cens:
337 4991 438 5068 Id,
452 4991 608 5072 quod
631 4987 1062 5064 Conciliorum,
1080 4988 1424 5068 prasertim
1451 5005 1585 5052 vero
1607 4985 1700 5049 II

136 5086 412 5150 Nicoenoe
465 5082 727 5166 Synodi,
775 5083 1053 5158 decretis,
1109 5086 1316 5144 contra
1355 5083 1690 5164 imaqinum

137 5183 568 5263 oppuynacores
590 5183 676 5240 esc
699 5177 1025 5240 sancitum.
1047 5173 1346 5248 Quocirca
1370 5173 1434 5234 in
1465 5173 1689 5236 eodem

140 5291 326 5335 sensu
383 5268 742 5351 accipienda
799 5276 895 5332 est
953 5268 1231 5332 definitio
1279 5265 1386 5330 VII
1428 5267 1684 5348 Synodi,

141 5374 259 5428 act.
297 5367 354 5440 7,
381 5366 442 5425 in
467 5363 712 5426 Desinit.
746 5361 933 5439 fidei;
967 5363 1098 5438 ubi,
1141 5381 1286 5426 cum
1313 5362 1571 5425 dixisset
1589 5379 1692 5423 vo-

143 5461 450 5523 nerandas
496 5459 802 5538 imagines
851 5457 1208 5522 retinendas
1269 5475 1428 5534 esse,
1483 5455 1690 5516 subdit

1777 406 2117 470 Concilium
2149 427 2162 468 :
2213 407 2361 484 Quo,
2392 403 2644 484 scilicet,
2678 425 2791 488 per
2820 409 2973 474 hane
3006 403 3343 494 imayiaum

1770 501 2080 581 pictarum
2106 501 2524 582 inspectionem
2550 519 2774 578 omnes,
2796 503 2900 583 qui
2934 507 3345 586 contemplan-

1779 597 1904 669 tur,
1939 595 2023 658 ad
2041 599 2498 676 prototyporum
2520 595 2868 657 memoriam
2897 599 2953 658 et
2980 601 3345 664 recordatio·

1775 705 1906 750 nem
1940 691 1997 751 ct
2030 687 2393 751 desiderium
2414 689 2689 765 veniant,
2706 689 2952 772 illisque
2975 689 3059 772 (id
3075 699 3167 754 est
3190 691 3345 756 ima-

1776 781 2051 864 ginibus)
2072 780 2498 846 salutationem
2525 789 2581 848 et
2610 785 3003 848 honorariam
3044 787 3345 852 adoratio·

1773 891 1906 938 nem
1947 875 2288 950 exhibeant,
2309 893 2448 950 non,
2480 879 2799 941 secundum
2818 879 2997 955 fidem
3037 885 3337 956 nostram,

1775 986 1982 1032 veram
2012 967 2295 1042 latriam,-
2326 974 2387 1030 et
2412 966 2599 1045 infra,
2628 969 2797 1032 hunc
2814 973 3113 1034 honorem
3130 972 3339 1036 decla-

1779 1079 1951 1136 rans,
1983 1059 2235 1124 subdit:
2260 1059 2567 1144 [Μαρίηἰε
2596 1064 2754 1128 enim
2778 1063 2965 1126 honor
2988 1067 3063 1128 in
3074 1072 3345 1148 prototy-

1771 1173 1922 1238 pum
1947 1153 2234 1230 resultat,
2283 1159 2339 1218 et
2380 1155 2488 1238 qui
2528 1157 2744 1220 adorat
2796 1157 3143 1238 imaqinem,
3177 1160 3247 1222 in
3276 1177 3344 1224 ea

1779 1249 1996 1314 adorat
2048 1265 2274 1332 quoquc
2316 1244 2679 1330 descriptum
2737 1255 3181 1332 aryumencum.
3226 1251 3342 1314 Ubi

1776 1343 2189 1424 ponderanda
2232 1348 2325 1406 est
2349 1341 2457 1404 illa
2484 1344 2865 1424 conjunctio,
2888 1363 3001 1407 seu
3015 1347 3341 1424 particula,

1775 1453 2022 1520 quoque;
2056 1453 2228 1510 nam,
2256 1437 2414 1499 sicut
2439 1453 2517 1500 ex
2540 1437 2644 1498 illa
2673 1437 2964 1519 superius
3011 1439 3348 1520 colligeba-

1777 1547 1940 1604 muS‚
1973 1531 2229 1610 quando
2260 1529 2563 1592 adoratur
2590 1537 2996 1614 prototypon,
3018 1533 3345 1596 coadorari

1777 1622 2144 1704 imaginem,
2172 1623 2256 1686 ita
2284 1621 2387 1685 hic
2422 1631 2588 1686 recte
2614 1624 2819 1704 colligi
2852 1630 3078 1706 potest,
3099 1627 3345 1706 quoties

1779 1719 2079 1782 adoratur
2106 1719 2340 1801 imag0,
2384 1719 2449 1778 in
2470 1735 2545 1779 ea
2571 1719 2820 1781 adorari
2842 1719 3225 1802 descriptum
3247 1740 3345 1784 ar-

1779 1818 2174 1894 gumentum,
2206 1813 2270 1874 id
2300 1819 2415 1887 est,
2449 1812 2787 1892 exemplar.
2842 1813 2980 1876 Huc
3010 1814 3198 1877 etiam
3241 1833 3347 1878 ac-

1779 1905 1944 1970 cedit
1974 1905 2259 1968 doctrina
2288 1905 2543 1968 Concilii
2563 1907 2961 1984 SenonensiS,
2981 1907 3042 1969 in
3070 1909 3345 1971 Decretis

1777 1997 1951 2076 fidei,
1995 2018 2051 2061 e.
2082 2003 2179 2075 14,
2217 2017 2357 2081 quae
2391 2001 2479 2062 sic
2514 1999 2741 2062 habet:
2782 2001 3021 2082 Neque,
3053 2003 3193 2066 dum
3233 2001 3346 2068 Ca-

1777 2091 2037 2155 tholicae
2075 2092 2382 2174 quispiam
2432 2097 2707 2157 sanctam
2738 2091 2979 2158 Christi
3025 2099 3346 2160 veneratur

1774 2183 2128 2265 imaqinem,
2160 2185 2407 2266 aliquod
2445 2203 2663 2248 numen
2716 2185 2815 2248 iza·
2861 2187 3095 2251 subesse
3127 2193 3339 2268 putat,

1775 2281 1884 2340 aut
1907 2277 2085 2360 quasi
2108 2277 2301 2342 Deum
2325 2277 2493 2353 colit,
2522 2279 2629 2342 sed
2643 2279 2711 2340 ob
2738 2279 3204 2344 recordationem
3222 2281 3345 2344 Fi-

1774 2369 1850 2433 lii
1871 2371 2014 2448 Dei,
2040 2373 2197 2434 utin
2216 2371 2351 2452 ejus
2376 2389 2580 2436 amora
2604 2371 2946 2445 recalescat,
2982 2375 3087 2452 cuj
3090 2390 3163 2437 us
3184 2373 3346 2438 ima-

1775 2464 1976 2548 qz‘nem
2018 2463 2217 2529 videre
2254 2463 2575 2530 desiderat.
2615 2463 2712 2529 Et
2746 2482 2858 2528 uos
2904 2467 3166 2546 quidem,
3226 2485 3345 2531 non

1778 2559 1959 2640 quasi
1983 2561 2125 2622 ante
2146 2557 2549 2632 divinitatem,
2572 2565 2713 2623 ante
2736 2559 3057 2638 imaqinem
3066 2567 3345 2640 proeter-

1780 2652 2009 2726 nimur,
2061 2652 2167 2714 sed
2198 2649 2378 2714 illum
2409 2653 2752 2728 adoramus,
2782 2671 2953 2734 quem
2972 2671 3084 2732 per
3124 2651 3345 2739 ἱππαρί-

1778 2762 1934 2820 nem,
1958 2749 2065 2808 aut
2078 2761 2354 2824 passum,
2386 2751 2497 2810 aut
2520 2747 2587 2807 in
2606 2743 2820 2810 throno
2839 2745 3133 2810 sedentem
3148 2765 3344 2812 reeor-

1779 2837 2017 2902 damur.
2051 2837 2369 2900 Difficilius
2390 2837 2668 2918 loquitur
2697 2837 3037 2901 Concilium
3078 2840 3343 2919 Mogun·

1778 2931 2003 3006 tinum,
2046 2951 2101 2996 c.
2124 2936 2227 3006 41,
2256 2931 2468 2995 dicens
2490 2947 2507 2994 ε
2538 2933 2828 2998 pastores
2844 2932 3043 2995 nostri
3054 2933 3341 3013 populum

1779 3031 2056 3090 accurate
2079 3031 2381 3104 moneant,
2407 3025 2701 3110 imagines
2720 3043 2838 3089 non
2868 3027 2951 3090 ad
2974 3027 3045 3090 id
3064 3029 3342 3109 proponi,

1777 3125 1849 3182 ut
1880 3119 2194 3184 adoremus
2221 3125 2331 3184 aut
2372 3121 2639 3184 colamus
2676 3139 2777 3185 eas
2800 3119 3078 3202 (scilicet,
3108 3139 3225 3200 per
3272 3141 3340 3185 se

1778 3212 1936 3274 solas
1964 3217 2025 3274 et
2068 3213 2307 3294 absque
2348 3213 2847 3296 exemplaribus).
2895 3211 3031 3280 Sea
3072 3219 3143 3278 ut
3183 3216 3347 3296 quod

1774 3305 2030 3370 adorare
2042 3313 2153 3370 aut
2178 3306 2388 3382 colere,
2410 3311 2522 3372 aut
2547 3323 2805 3388 quarum
2852 3325 3056 3370 rerum
3104 3307 3345 3372 utiliter·

1774 3398 2116 3462 meminisse
2140 3399 2432 3474 debemus,
2446 3417 2557 3480 per
2580 3399 2877 3479 imayines
2900 3401 3299 3464 recordemur.

1854 3491 1916 3552 4.
1960 3489 2249 3552 Secundo
2278 3491 2646 3566 afferuntur,
2670 3507 2784 3571 pro
2833 3490 2953 3552 hac
3002 3495 3337 3571 sententia,

1775 3585 1950 3645 varia
1981 3584 2233 3645 Patrum
2264 3584 2646 3658 testimonia,
2687 3601 2961 3662 quorum
2985 3585 3188 3646 verba
3238 3605 3342 3650 re-

1775 3673 1939 3738 ferre
1966 3674 2281 3756 prolixum
2312 3681 2478 3738 esset
2506 3684 2569 3739 et
2614 3677 2858 3756 inutile,
2888 3684 3025 3739 tum
3054 3679 3199 3758 quia
3230 3699 3344 3760 po-

1772 3769 2015 3831 tissima
2050 3787 2269 3832 eorum
2301 3770 2366 3831 in
2400 3769 2507 3832 vn
2552 3769 2811 3850 Synodo
2857 3769 3239 3849 referuntur,
3280 3780 3344 3836 et

1775 3881 1853 3925 ex
1885 3870 2066 3944 parte
2094 3863 2281 3926 allata
2328 3871 2474 3927 sunt
2502 3881 2539 3925 a
2566 3861 2751 3925 nobis
2793 3865 3071 3926 sectione
3106 3881 3339 3945 praece-

1761 3945 1991 4036 'denti3
2040 3961 2175 4019 tum
2203 3957 2390 4020 etiam
2430 3957 2578 4037 quia
2603 3957 2668 4018 in
2700 3973 2771 4020 re
2810 3955 2901 4020 nil
2946 3957 3117 4020 aliud
3142 3957 3340 4021 conti-

1774 4054 1951 4126 nent,
1980 4069 2171 4130 quam
2200 4049 2372 4130 quod
2389 4051 2455 4112 in
2478 4047 2688 4112 verbis
2712 4048 2971 4112 Concilii
2990 4049 3341 4114 Tridentini

1777 4149 1842 4205 et
1869 4145 1933 4204 in
1955 4143 2318 4206 definitione
2350 4143 2459 4206 vn
2489 4143 2727 4226 Synodi
2766 4143 3143 4222 continetur,
3179 4143 3343 4207 scili-

1777 4245 1900 4313 cet,
1935 4236 2105 4317 quod
2142 4237 2206 4299 in
2252 4237 2633 4318 imaginibus
2680 4237 3067 4318 exemplaria
3117 4237 3345 4300 adora-

1773 4349 1916 4392 mus
1939 4377 1955 4406 ,
2003 4348 2132 4392 non
2188 4331 2253 4392 in
2302 4329 2529 4393 tabulis
2570 4336 2631 4393 et
2672 4327 2987 4393 coloribus
3038 4329 3343 4394 honorem

1773 4423 2257 4500 constituentes,
2311 4424 2424 4486 sed
2466 4423 2719 4486 illorum
2750 4423 3166 4504 praedicantes
3212 4424 3342 4506 glo-

1771 4518 1956 4594 riam,
1978 4535 2137 4597 quos
2162 4517 2467 4598 imagines
2494 4515 2797 4594 referunt,
2828 4522 2897 4580 ut
2916 4519 3005 4581 ait
3023 4517 3339 4581 Adrianus

1773 4611 1965 4690 Papa,
1998 4610 2059 4670 in
2092 4609 2269 4690 epist.
2320 4609 2403 4672 ad
2447 4609 2923 4673 Constantinum
2954 4617 3019 4674 et
3060 4612 3333 4688 Irenem,

1770 4705 1972 4765 relata
2014 4703 2080 4764 in
2120 4703 2381 4765 secund.
2432 4711 2554 4765 act.
2590 4705 2693 4766 VII
2739 4704 3008 4784 Synodi,
3047 4704 3155 4766 ubi
3202 4706 3341 4767 aliis

1771 4797 2151 4859 testimoniis
2200 4803 2262 4857 et
2312 4797 2663 4860 rationibus
2709 4798 2830 4859 hoc
2880 4797 3232 4859 confirmat.
3266 4799 3339 4861 Et

1769 4894 1836 4954 in
1884 4898 2004 4953 act.
2035 4895 2073 4954 3
2122 4891 2351 4952 similia
2391 4892 2584 4954 habet
2610 4891 3017 4967 Theodortm,
3066 4893 3340 4956 Patriar-

1772 4989 1888 5048 cha
1939 4985 2568 5064 Hieros013-vmitanus,
2601 4984 2705 5045 ubi
2752 4983 3009 5046 adducit
3054 4987 3333 5048 testimo-

1771 5083 1945 5142 nium
1998 5079 2201 5142 Basilii
2249 5097 2436 5158 supra
2466 5084 2833 5150 tractatum;
2884 5086 2947 5140 ct
2982 5086 3101 5140 act.
3138 5081 3201 5156 4,
3237 5087 3332 5142 est

1773 5175 2099 5255 egregium
2131 5171 2558 5234 testimonium
2591 5169 2911 5244 Germani,
2961 5171 3333 5236 Patriarchae

1770 5271 2093 5332 Constant.
2126 5267 2198 5329 Et
2222 5267 2343 5328 hoc
2378 5265 2564 5327 etiam
2594 5261 2942 5340 confirmat,
2974 5264 3145 5345 quod
3166 5283 3335 5344 saepe

1773 5365 1852 5424 ab
1873 5365 1969 5425 his
2000 5361 2285 5425 Patribus
2336 5359 2582 5436 dicitur,
2616 5359 3001 5439 imaginihus
3053 5357 3336 5420 exhiberi

1771 5455 2083 5520 honorem
2128 5473 2241 5537 per
2298 5453 2791 5518 recordationem
2850 5460 2914 5516 et
2966 5454 3338 5516 memoriam
