3892 6167
508 436 714 509 Patre,
744 449 875 510 non
902 448 1041 501 esse
1068 431 1203 496 siue
1232 429 1565 497 sufficienti
1592 428 2066 494 determinatio-

503 546 587 592 ne
617 525 1083 606 usurpandam
1124 525 1191 590 in
1226 525 1339 590 illo
1364 524 1535 590 enim
1578 524 1725 588 loco
1766 524 1952 586 Joan.
1989 525 2064 588 14

507 621 659 684 satis
682 637 759 684 ex
779 619 1261 684 circumstantiis
1288 617 1637 692 constabat,
1650 617 1960 682 Christum
1985 615 2066 678 de

506 733 577 781 se
603 720 675 777 ut
702 713 959 790 homine
979 713 1183 793 loqui3
1208 712 1301 774 sic
1326 711 1497 774 euim
1522 709 1754 790 inquit:
1792 708 1882 782 Si,
1916 707 2066 772 dili-

507 807 731 888 qen-etis
758 824 873 880 me,
900 805 1241 886 quade-etis
1262 805 1489 886 utique,
1506 804 1653 885 quia
1674 803 1823 868 vado
1842 802 2066 869 adPa-

509 907 685 975 ενοι»,
714 899 862 980 quin
907 899 1104 964 Pater
1146 899 1348 977 major
1396 913 1489 962 mo
1526 902 1653 968 αις
1702 893 2068 960 discedebat

509 991 679 1054 enim
726 992 809 1054 ab
860 991 951 1054 eis
991 990 1338 1054 secundum
1367 989 1935 1064 humanitatem,et
1969 1004 2070 1048 se·-

508 1084 789 1151 cundum
813 1083 987 1149 illam
1008 1083 1095 1148 ad
1124 1085 1375 1148 Patrem
1391 1083 1523 1145 ibat
1536 1105 1557 1160 3
1581 1088 1647 1145 et
1670 1081 1895 1144 eodem
1924 1099 2070 1144 sen-

506 1197 583 1240 su
636 1179 839 1252 illum,
882 1178 1190 1257 majorem
1248 1195 1317 1240 se
1372 1175 1682 1257 appellat3
1730 1173 2070 1255 requiritur

509 1289 665 1351 ergo
691 1270 1147 1343 determinatio,
1168 1287 1299 1332 non
1342 1269 1546 1332 solum
1573 1274 1829 1350 propter
1868 1267 2068 1330 vitan-

509 1367 663 1437 dum
690 1363 1042 1444 periculum
1070 1363 1328 1436 errori5‚
1375 1363 1489 1426 sed
1517 1363 1706 1426 etiam
1745 1361 1813 1422 in
1856 1361 2066 1440 rigore

509 1457 817 1520 sermonis
838 1475 854 1531 ;
878 1457 1027 1537 quia
1056 1456 1111 1518 si
1128 1456 1497 1537 simpliciter
1514 1455 1626 1518 fiat
1654 1455 2064 1534 comparatio,

506 1551 573 1612 in
598 1551 809 1630 rigore
832 1549 907 1614 fit
928 1551 1093 1614 inter
1120 1567 1447 1630 personae,
1478 1549 1581 1610 vel
1617 1549 1781 1610 iuter
1800 1546 1958 1610 illud
1979 1552 2068 1610 to·

509 1651 671 1718 tum,
690 1643 866 1723 quod
906 1641 1188 1708 Christus
1232 1649 1348 1720 est,
1380 1649 1445 1707 et
1495 1643 1780 1716 Patrem;
1824 1641 1891 1702 in
1938 1658 2066 1720 quo

509 1753 705 1800 sensu
728 1755 861 1812 nou
886 1743 1092 1816 potest
1113 1736 1236 1800 dici
1255 1736 1619 1818 simpliciter
1640 1735 1867 1796 minor.
1885 1734 2064 1810 Item,

512 1829 661 1910 quia
684 1829 819 1894 haec
846 1829 1081 1892 locutio
1111 1845 1127 1892 ι
1168 1829 1417 1898 Verbum
1459 1834 1568 1895 aut
1591 1829 1806 1894 Filiae
1828 1831 1919 1891 est
1952 1829 2068 1890 mi·

506 1941 621 1986 nor
649 1925 870 1999 Patre,
892 1923 1258 2004 simpliciter
1279 1921 1439 1986 falsa
1480 1927 1599 1997 est,
1629 1921 1763 1984 sine
1795 1921 1923 1982 ulla
1953 1919 2070 1982 du·

506 2018 842 2091 bitatione3
894 2035 1045 2098 ergo
1094 2035 1213 2080 nec
1280 2017 1561 2080 Christus
1612 2015 1915 2080 dicendus
1971 2021 2068 2078 est

508 2111 871 2190 simpliciter
900 2111 1128 2186 minor,
1158 2111 1307 2192 (Ιώ
1346 2111 1521 2172 nulla
1544 2115 1641 2172 cst
1662 2110 1821 2172 ratio
1842 2127 1957 2172 cur
1975 2108 2066 2170 di-

507 2223 727 2267 camus
775 2205 895 2268 hoc
939 2203 1373 2284 praedicatum,
1399 2205 1625 2278 minor,
1652 2201 1885 2266 habere
1922 2219 2065 2264 eam

504 2299 633 2362 vim
665 2297 972 2362 limitandi
1011 2297 1388 2379 subjectum,
1440 2303 1508 2360 ut
1553 2296 1898 2360 formaliter
1949 2313 2064 2375 pro

506 2392 751 2457 Christo
777 2397 1023 2456 tautum
1048 2397 1118 2454 ιιι
1140 2391 1399 2468 homine
1418 2394 1759 2470 supponat.
1784 2388 2066 2452 Addatur

509 2502 663 2565 ergo
682 2483 1151 2560 determinatio,
1178 2502 1319 2564 quae
1350 2484 1545 2546 multo
1562 2481 1763 2563 magis
1776 2499 2067 2546 necessa-

506 2580 601 2640 ria
626 2579 767 2652 erit,
799 2580 853 2640 si
876 2579 1263 2660 comparatio
1306 2575 1529 2640 fiatad
1554 2593 1893 2657 personam
1920 2575 2068 2636 Ver-

504 2673 573 2734 bi
612 2691 727 2736 seu
752 2673 911 2749 Filii,
940 2679 1013 2734 ut
1050 2691 1129 2736 ex
1164 2672 1345 2736 dictis
1386 2671 1552 2734 circa
1580 2678 1699 2734 art.
1728 2673 1769 2732 Ξ
1797 2675 2060 2734 constat.

506 2767 725 2830 Solum
771 2773 979 2848 potest
1028 2768 1283 2831 obstare
1340 2765 1677 2828 auctoritas
1700 2766 1779 2827 D.
1809 2766 2068 2828 Thomae

504 2862 633 2938 hic,
668 2868 783 2924 art.
815 2865 876 2936 1,
906 2862 987 2924 ad
1014 2862 1308 2942 primum,
1340 2859 1449 2922 ubi
1488 2863 1735 2922 tantum
1774 2859 1885 2934 ait,
1916 2877 2068 2921 con·

504 2956 861 3020 venientius
904 2973 1045 3018 esse
1102 2971 1427 3036 apponere
1474 2951 2066 3017 determinationem

508 3049 591 3114 ad
612 3049 973 3115 evitandum
994 3066 1273 3114 errorem
1302 3049 1453 3124 Arii,
1473 3046 1579 3127 qui
1610 3047 1821 3128 posuit
1842 3047 2065 3108 Filium

506 3145 819 3208 minorem
848 3146 1051 3208 Patre.
1084 3145 1173 3208 Ac
1208 3143 1435 3206 deinde
1464 3142 1626 3204 sumi
1654 3147 1861 3222 potest
1878 3160 2066 3222 argu-

504 3243 812 3316 mentum,
844 3239 995 3318 quia
1021 3238 1195 3300 nulla
1246 3243 1510 3316 apparet
1562 3236 1851 3316 specialis
1903 3235 2062 3298 ratio

506 3330 589 3394 ob
618 3348 809 3410 quam
837 3351 967 3396 non
996 3332 1192 3413 possit
1216 3331 1297 3394 de
1314 3329 1555 3394 Christo
1585 3329 1954 3410 simpliciter
1973 3329 2063 3392 di-

506 3427 559 3486 ci
620 3443 757 3491 cese
800 3425 1111 3490 minorem
1156 3426 1337 3488 Patre
1380 3431 1491 3488 aut
1526 3425 1681 3496 Deo,
1726 3425 1890 3486 sicut
1938 3423 2064 3487 alia

504 3519 839 3600 praedicata
874 3521 956 3584 ab
982 3520 1375 3583 humanitate
1416 3521 1669 3599 sumpta
1696 3517 2063 3598 simpliciter

504 3613 585 3674 de
610 3613 716 3676 illo
744 3614 1185 3678 enuncientur.
1219 3611 1657 3693 Respondetur
1680 3611 1766 3674 ad
1792 3613 1865 3674 D.
1896 3613 2066 3676 Tho-

502 3725 701 3783 mam,
718 3725 999 3772 asserere
1012 3707 1267 3788 quidem
1294 3723 1435 3772 esse
1460 3707 1935 3772 convenientius
1953 3707 2064 3770 de-

500 3803 1009 3866 terminationem
1036 3819 1379 3883 appouere,
1406 3820 1537 3864 non
1568 3819 1801 3882 negare
1820 3807 2060 3876 autem,

504 3912 583 3957 ex
626 3893 687 3956 vi
724 3902 791 3958 et
836 3896 1046 3977 rigore
1074 3897 1382 3960 sermonis
1418 3913 1559 3960 esse
1604 3893 2059 3971 necessarium,

500 4007 711 4070 neque
731 3989 851 4052 hoc
874 3989 1417 4064 examinasse‚sed
1442 3989 1729 4052 omisisse
1757 3995 2062 4068 tanquam

500 4099 638 4146 rem
669 4084 929 4148 minoris
954 4085 1285 4148 momenti.
1318 4084 1432 4146 Vel
1479 4091 1649 4148 certe
1698 4085 1787 4148 ita
1810 4084 2062 4147 locutus

503 4183 622 4252 est,
656 4181 805 4258 quia
831 4196 963 4241 non
990 4195 1245 4259 semper
1268 4183 1367 4242 est
1406 4178 1839 4242 necessarium
1864 4177 2060 4257 expli-

501 4271 625 4336 cite
651 4271 887 4334 addere
920 4271 1511 4336 determinationem
1538 4271 1734 4348 illam,
1764 4270 1879 4334 sed
1908 4271 2062 4334 satis

503 4368 601 4426 est
622 4362 792 4442 quod
814 4381 891 4426 ex
913 4364 1425 4428 antecedentibus
1450 4371 1513 4429 et
1531 4363 2062 4444 consequentibus

502 4455 865 4536 colligatum
895 4473 1051 4520 nam
1084 4457 1191 4520 illa
1212 4463 1309 4520 est
1336 4457 1625 4538 quiedam
1668 4457 1954 4520 virtualis
1995 4464 2063 4522 et

500 4550 805 4630 implicita
842 4551 1317 4626 determinatim
1348 4558 1586 4627 tamen,
1618 4552 1769 4632 quia
1798 4553 1920 4614 hoc
1967 4552 2063 4613 in-

499 4643 753 4706 terdum
782 4647 881 4706 est
910 4644 1305 4725 ambiguum,
1329 4646 1417 4707 ait
1432 4646 1506 4709 D.
1541 4645 1814 4708 Thomas
1836 4661 2080 4708 conve--

502 4737 781 4800 nientius
808 4755 973 4814 esse,
1002 4737 1377 4818 regulariter
1405 4737 1753 4818 loquendo,
1769 4736 2066 4800 determi-

500 4830 823 4892 nationem
876 4829 1133 4894 addere.
1167 4831 1264 4892 Ad
1295 4831 1629 4906 rationem,
1654 4849 1733 4892 ex
1774 4832 1873 4892 his
1920 4847 2066 4910 quse

501 4921 806 4999 diximus,
834 4923 1019 4986 facile
1048 4923 1257 5004 colligi
1286 4930 1494 5004 potest
1519 4925 1871 4988 differentia
1898 4925 2064 4987 inter

500 5015 623 5078 hoc
641 5017 1051 5094 praedicatum
1072 5024 1136 5081 et
1162 5018 1309 5080 alia.
1326 5018 1475 5090 Qnae
1497 5016 1829 5098 dupliciter
1854 5023 2066 5098 potest

500 5107 829 5174 declarari.
876 5112 1107 5185 Primo,
1138 5111 1289 5190 quia
1342 5112 1463 5174 hoc
1489 5111 1923 5194 praedicatum,
1949 5109 2064 5174 mi«-

497 5215 649 5277 mr,
700 5209 796 5264 est
820 5203 1157 5266 relativum
1196 5209 1261 5268 et
1310 5205 1838 5284 comparativum3
1891 5203 2062 5266 unde

500 5292 787 5362 absolute
831 5297 1073 5358 Christo
1124 5298 1497 5362 attributum
1538 5305 1833 5378 respect-u
1862 5297 2062 5362 Patris

498 5399 823 5469 compa-rat
862 5397 1067 5456 totum
1112 5392 1177 5456 id
1209 5393 1383 5472 qnod
1426 5399 1525 5456 est
1556 5393 1866 5471 Christus,
1916 5411 2062 5454 cum

501 5481 685 5548 Patre
708 5530 725 5562 ,
763 5491 831 5548 et
878 5485 1159 5551 affirmat·
1193 5504 1333 5550 esse
1378 5486 1618 5570 aliquid
1668 5485 1879 5552 minus
1925 5486 2058 5564 illo,

1746 331 1981 398 QUAEST.
2017 333 2125 391 XX.
2159 337 2358 394 Anne.
2395 339 2458 392 ΙΙ.

2143 432 2318 512 quod
2365 432 2732 514 simpliciter.
2758 433 2995 502 fulsum
3019 440 3138 510 est,
3179 432 3338 512 quia
3372 433 3448 500 in
3467 431 3680 499 Christo

2147 527 2384 605 aliquid
2411 533 2530 604 est,
2561 528 2732 608 quod
2760 545 2892 592 non
2919 534 3018 590 est
3041 527 3250 596 miuus
3275 528 3682 606 qnam-Pater.

2147 621 2460 699 Secundo,
2505 629 2572 688 et
2597 621 2830 689 clarius
2859 621 3172 703 (quamvis
3210 621 3278 684 in
3305 638 3384 685 re
3409 620 3577 690 idem
3601 623 3682 702 sit)

2146 715 2294 794 quia
2326 715 2736 796 praedicatum
2759 717 2984 789 mim,
3013 713 3277 779 includit
3307 715 3686 794 negationem

2145 813 2605 889 repugnantem
2662 809 2984 889 supposito
3055 808 3316 880 Christi3
3375 806 3686 886 praedicata

2148 906 2383 974 autem,
2412 918 2554 981 quse
2586 909 2734 965 sunt
2757 901 3146 983 hujusmodi,
3184 900 3288 964 vel
3321 899 3502 962 nullo
3527 901 3687 961 modo

2149 995 2408 1057 attribui
2434 1001 2696 1076 possunt
2728 995 2997 1070 christo,
3020 994 3210 1059 etiam
3233 1010 3392 1055 cum
3423 991 3689 1054 determi-

2149 1089 2427 1166 natione,
2458 1095 2525 1153 ιιι
2552 1090 2742 1165 home,
2771 1088 2825 1149 si
2851 1086 3114 1149 fortasse
3139 1086 3248 1148 illa
3275 1103 3418 1148 non
3453 1085 3690 1148 sufficiat

2148 1181 2232 1243 ad
2265 1181 2728 1262 impediendam
2755 1180 2856 1244 vel
2902 1181 3248 1246 tollendam
3293 1179 3480 1242 illam
3527 1196 3687 1260 nega-

2147 1275 2407 1352 tionem,
2461 1276 2623 1338 sicut
2665 1275 2974 1357 contingit
3001 1276 3067 1337 in
3094 1276 3216 1338 hoe
3243 1274 3604 1356 praedicato,
3629 1275 3688 1352 fi·

2147 1369 2268 1433 lius
2281 1369 2618 1450 adoptivus,
2645 1375 2716 1432 ut
2743 1361 2858 1432 suo
2885 1369 3025 1432 loco
3053 1368 3328 1430 dicetur.
3353 1366 3481 1430 Vel
3497 1366 3688 1430 saltem

2147 1481 2275 1524 non
2317 1462 2735 1524 enuncientur
2761 1461 2842 1523 de
2875 1460 3116 1524 Christo
3160 1460 3302 1522 sine
3333 1459 3690 1522 determina-

2146 1555 2358 1628 tione,
2387 1561 2457 1620 ut
2491 1556 2683 1629 homo,
2716 1553 2970 1635 quando
3012 1554 3124 1618 illa
3153 1553 3392 1636 sufficit
3439 1551 3518 1616 ad
3555 1551 3688 1614 limi—

2147 1647 2406 1711 tandum
2459 1649 2860 1728 negationem
2909 1647 2990 1710 ad
3037 1665 3178 1710 esse
3222 1648 3610 1722 humanum,
3636 1653 3690 1707 ut

2150 1742 2456 1822 contingit
2491 1742 2560 1804 iu
2600 1741 2724 1806 hoc
2759 1742 3094 1824 praedicato
3113 1786 3134 1816 ,
3166 1740 3405 1822 incepit
3433 1757 3584 1816 assa,
3610 1739 3690 1798 vel

2150 1836 2218 1898 in
2264 1835 2384 1896 hac
2419 1853 2600 1912 voce,
2630 1843 2935 1912 meatum,
2965 1834 3254 1914 rigorose
3291 1833 3575 1914 sumpta.
3617 1833 3688 1892 lla

2151 1949 2304 2012 ergo
2331 1931 2514 1994 estin
2541 1938 2878 2011 praesente.
2909 1949 3060 1992 nam
3081 1930 3296 1992 minor
3324 1925 3588 1993 includit
3605 1945 3688 1988 ne·

2152 2025 2471 2104 gatiouem
2501 2023 2764 2105 aequalis
2784 2043 2801 2098 ς
2831 2025 2960 2086 imo
2990 2024 3100 2086 illa
3119 2022 3382 2102 negatio
3403 2026 3502 2086 est
3529 2021 3688 2082 veluti

2146 2116 2629 2180 fundamentum
2673 2123 2784 2180 aut
2811 2117 3093 2197 proxima
3119 2113 3404 2180 conditio
3449 2113 3690 2176 fundans

2147 2211 2319 2274 illam
2356 2210 2762 2284 relationem;
2799 2211 2936 2274 haec
2976 2216 3188 2277 autem
3228 2209 3492 2288 negatio
3533 2225 3687 2285 repu-

2149 2309 2300 2384 gnat
2321 2304 2530 2368 Verbo
2555 2303 2802 2377 divium
2843 2303 3013 2366 unde
3041 2303 3276 2374 nullus,
3307 2308 3381 2366 ιιι
3409 2299 3683 2368 existimo,

2145 2396 2450 2460 concedet
2476 2397 2642 2460 hauc
2661 2397 3044 2460 locutionem
3073 2395 3471 2476 simpliciter,
3497 2401 3560 2454 et
3573 2393 3684 2454 sine

2147 2489 2381 2566 addito,
2433 2489 2714 2556 Christus
2757 2505 2876 2554 non
2901 2497 2994 2556 est
3025 2491 3280 2570 oequalis
3315 2487 3540 2560 Pate-22·
3567 2501 3684 2545 cum

2145 2583 2670 2648 determinatione
2735 2590 2950 2650 autem
2971 2629 2988 2658 ,
3043 2585 3112 2646 iu
3169 2587 3470 2663 quantum
3519 2581 3682 2650 homo,

2145 2683 2320 2740 recte
2359 2676 2744 2752 conceditur,
2793 2675 2942 2756 quia
2987 2673 3296 2737 limitatur
3329 2673 3577 2753 negatio
3616 2668 3680 2730 ad

2149 2786 2288 2832 esse
2317 2770 2700 2842 humanum;
2733 2769 2904 2832 idem
2935 2786 3088 2848 ergo
3127 2774 3224 2830 est
3257 2767 3344 2830 de
3369 2764 3674 2846 praedicato

2147 2863 2366 2928 minor.
2419 2864 2554 2926 Alia
2605 2881 2752 2926 vero
2798 2863 3156 2944 praedicata,
3181 2861 3266 2922 ab
3314 2858 3678 2930 humanitate

2148 2963 2420 3037 sumpta,
2473 2975 2602 3019 nou
2640 2973 2891 3036 semper
2939 2954 3266 3017 includunt
3303 2953 3676 3034 negationem

2146 3051 2442 3126 similem,
2472 3057 2541 3113 ut
2567 3055 2812 3113 constat
2841 3067 2920 3112 ex
2947 3067 3140 3129 supra
3167 3048 3384 3124 dictis,
3417 3064 3478 3126 q.
3512 3047 3600 3110 16.
3619 3043 3679 3102 Et

2145 3144 2421 3224 signum,
2461 3143 2634 3222 quod
2673 3161 2864 3224 supra
2909 3141 3163 3217 adduxi,
3209 3145 3386 3207 reete
3429 3137 3676 3203 declarat

2144 3236 2310 3301 hanc
2335 3237 2782 3309 differentiam,
2828 3253 2980 3300 nam
3007 3234 3132 3298 alia
3175 3234 3533 3313 praedieata,
3557 3245 3676 3309 quoe

2143 3332 2438 3395 dicuntur
2470 3331 2549 3394 de
2601 3330 2841 3394 Christo
2885 3329 3252 3410 simpliciter
3297 3325 3674 3393 subnomiue

2141 3425 2386 3499 Christi,
2411 3425 2708 3488 dicuntur
2729 3425 2920 3488 etiam
2939 3424 3058 3486 sub
3079 3422 3344 3496 nomine
3369 3421 3567 3492 Verbi,
3585 3422 3674 3480 aut

2143 3517 2282 3580 Filii
2325 3518 2459 3594 nei,
2501 3518 2602 3580 vel
2645 3517 2786 3592 Dei,
2834 3516 3210 3597 regulariter
3257 3513 3589 3596 loquendo,
3619 3517 3670 3572 ut

2145 3630 2288 3676 esse
2313 3629 2594 3692 passum,
2625 3616 2964 3685 mortuum,
2999 3615 3120 3673 etc.
3153 3613 3236 3672 At
3266 3627 3422 3672 vero
3455 3607 3521 3670 in
3536 3620 3672 3686 prn-

2143 3711 2348 3782 sente,
2371 3706 2454 3768 de
2481 3704 2688 3767 Verbo
2717 3711 2830 3765 aut
2857 3704 3009 3766 Filio
3038 3703 3154 3768 Dei
3181 3721 3317 3766 non
3352 3707 3548 3783 potest
3585 3697 3670 3759 ab·

2143 3800 2348 3864 solute
2372 3799 2495 3864 dici
2523 3818 2654 3862 nou
2669 3817 2810 3862 esse
2831 3799 3166 3878 aequalem,
3193 3803 3308 3864 ant
3332 3815 3474 3860 esse
3499 3795 3668 3858 miuo-

2141 3914 2280 3960 rem
2307 3895 2512 3958 Patre.
2543 3893 2695 3967 Quis
2735 3893 2906 3956 enim
2949 3893 3184 3958 audeat
3226 3893 3314 3956 ita
3363 3889 3563 3970 loqui?
3596 3885 3669 3948 Si·

2145 4007 2342 4070 gnum
2369 4006 2521 4068 ergo
2572 3994 2692 4063 est,
2740 3987 2908 4050 inter
2953 3987 3086 4050 hese
3121 3993 3188 4050 et
3215 3987 3344 4051 ali-a
3371 3982 3666 4066 praedicata

2141 4083 2550 4146 humanitatis
2605 4099 2744 4144 esse
2793 4082 3074 4160 aliquam
3121 4081 3550 4150 differentiam,
3597 4073 3666 4136 oh

2141 4195 2336 4259 quam
2361 4195 2494 4238 non
2513 4175 2755 4256 possint
2776 4174 2884 4238 illa
2899 4175 2966 4236 iu
2980 4174 3188 4254 rigore
3215 4174 3344 4238 dici
3365 4173 3444 4239 de
3459 4170 3664 4236 Christo

2141 4272 2526 4353 simpliciter,
2547 4269 2661 4334 sed
2681 4275 2928 4332 tantum
2953 4286 3100 4332 cum
3151 4265 3657 4334 determinatione,

2139 4373 2212 4432 ut
2247 4369 2442 4430 homo,

2223 4463 2283 4523 2.
2315 4459 2560 4520 Omissa
2591 4477 2745 4539 ergo
2776 4458 3085 4522 relatione
3107 4460 3388 4533 minoris,
3418 4471 3523 4516 seu
3544 4454 3660 4514 inoe·

2141 4553 2368 4634 qualis,
2400 4552 2480 4614 de
2509 4552 2648 4614 aliis
2676 4551 2948 4626 duabus,
2977 4551 3392 4633 subjectionis,
3427 4555 3490 4610 et
3505 4541 3656 4610 smi-

2144 4646 2320 4720 tucis,
2349 4645 2672 4724 sigillatim
2697 4645 3152 4725 disputandum
3181 4651 3297 4720 est,
3325 4645 3468 4724 quia
3487 4639 3656 4715 aliquo

2144 4738 2332 4802 modo
2357 4738 2864 4820 distinguuntur,
2895 4747 2960 4804 et
2985 4741 3272 4822 proprias
3311 4735 3654 4802 difficultates

2145 4832 2405 4908 habent,
2437 4839 2507 4894 nt
2533 4832 2910 4896 videbimus.
2936 4833 3092 4906 Quia
3119 4851 3268 4894 vero
3295 4828 3652 4912 subjection-

2143 4925 2444 4988 lationem
2486 4927 2830 5004 quamdam
2875 4926 3032 4989 dicit
3077 4926 3160 4989 ad
3207 4931 3564 5006 praeceptam
3603 4917 3650 4974 οἱ

2145 5020 2590 5094 obedientiam,
2607 5019 2890 5082 consistit
2915 5021 3086 5084 enim
3101 5021 3414 5100 subjectio¹
3427 5018 3486 5078 iu
3506 5025 3648 5090 capa-

2147 5114 2332 5176 citate
2360 5114 2653 5193 praecepti
2680 5159 2696 5188 ,
2725 5120 2790 5176 et
2814 5114 2896 5176 ad
2927 5113 3104 5176 illum
3132 5113 3386 5195 proprie
3421 5108 3550 5170 dicit
3567 5117 3644 5161 re·

2145 5204 2444 5268 lationem
2465 5207 2572 5286 qui
2591 5213 2798 5286 potest
2825 5213 3192 5287 proecipere,
3213 5205 3384 5268 unde
3409 5196 3644 5284 pmptiffi

2143 5305 2321 5360 actus
2345 5317 2630 5378 pomonae
2659 5301 2983 5379 subjectis,
3027 5307 3096 5362 nt
3131 5302 3244 5375 sic,
3276 5308 3372 5363 est
3396 5290 3638 5359 obedia-u

2145 5393 2285 5455 ideo
2314 5394 2394 5456 de
2423 5395 2522 5456 his
2551 5395 2848 5457 omnibus
2883 5395 3004 5457 hoo
3031 5394 3174 5457 loeo
3215 5391 3526 5458 dicendum
3547 5385 3636 5447 0⁵²·

2145 5493 2208 5551 et
2232 5487 2405 5567 prius
2429 5489 2548 5555 erit
2575 5506 2676 5552 res
2707 5489 2838 5572 ipsa
2868 5485 3520 5570 explicanda,¹scilicess‚
3541 5487 3635 5553 <1¹¹⁰
