3892 6167
1390 354 1712 415 niseum.
1746 358 1967 414 XXXIX.
2001 357 2175 414 SEC'I'.
2207 363 2269 417 n.

204 455 280 518 in
327 455 562 529 Deum,
593 459 800 534 et-per
825 471 968 518 eam
1013 455 1488 520 conversionem
1519 459 1782 540 gloriam

213 554 620 625 meruerunt,
641 553 714 614 ut
737 549 1125 628 frequentius
1151 550 1452 633 Theologi
1481 555 1777 616 sentiunt.

213 645 294 708 Et
323 643 409 706 de
434 643 798 709 hominibus
825 643 1015 706 docet
1037 646 1112 706 D.
1142 645 1416 710 Thomas
1453 647 1684 711 debere
1715 667 1782 711 se

211 744 592 804 convertere
619 739 687 800 iu
723 740 950 814 Deum,
975 753 1044 800 se
1076 744 1143 800 et
1160 740 1374 802 omnia
1398 759 1514 803 sua
1539 743 1610 804 in
1635 759 1784 805 eum

213 832 586 908 referendo,
617 833 826 898 statim
853 851 927 894 ac
967 835 1208 898 ratione
1255 842 1320 897 et
1359 837 1648 900 libertate
1691 839 1782 900 uti

211 934 490 1006 possunt
517 945 534 1002 ς
567 927 742 1008 quod
771 927 986 990 sivein
1003 936 1388 1010 praeceptum
1415 932 1623 1008 cadat,
1649 933 1781 994 sive

215 1039 380 1096 non,
412 1027 628 1086 tamen
649 1039 779 1084 nou
809 1027 908 1084 est
951 1022 1215 1086 dubium
1247 1025 1400 1105 quin
1433 1026 1526 1088 sit·
1554 1025 1780 1088 melius

215 1122 284 1180 et
313 1115 658 1195 perfectius
683 1134 702 1189 ς
737 1132 888 1197 ergo
912 1115 1213 1192 Christus,
1243 1120 1352 1198 qui
1379 1120 1544 1182 bene
1572 1121 1784 1182 omniu

213 1209 394 1284 tecit,
427 1225 619 1288 (ruam
647 1211 925 1290 primam
953 1212 1158 1292 potuit
1185 1212 1382 1276 libere
1427 1231 1496 1276 se
1523 1231 1786 1276 cenver-

213 1309 361 1367 tere
401 1303 471 1368 in
517 1306 724 1366 Deum
763 1321 876 1385 per
903 1321 1184 1368 amorem
1213 1312 1280 1369 et
1309 1307 1736 1370 obedientiam
1759 1354 1780 1386 ,

213 1397 440 1460 statim
465 1399 604 1460 sine
628 1417 809 1460 mora
843 1399 1102 1478 perfecit
1110 1417 1134 1478 ;
1157 1401 1360 1464 nescit
1397 1402 1566 1463 enim
1603 1401 1784 1465 tarda

215 1490 554 1554 molimina
591 1491 860 1572 Spiritus
911 1495 1128 1556 Sancti
1182 1495 1401 1575 gratia.
1450 1496 1734 1575 Denique
1761 1544 1780 1572 ,

217 1583 377 1663 quia
405 1581 689 1648 Christus
715 1603 1042 1664 nunquam
1069 1589 1336 1667 profecit
1357 1589 1426 1650 in
1455 1594 1622 1651 statu
1655 1589 1785 1652 vir-

217 1678 378 1742 tutis
404 1683 520 1740 aut
543 1679 774 1754 meriti,
817 1687 886 1744 ut
913 1699 1126 1761 supra,
1153 1699 1217 1761 q.
1249 1685 1310 1753 ’1,
1337 1683 1462 1746 late
1487 1701 1568 1746 ex
1589 1685 1786 1746 Patri-

211 1775 340 1838 bus
367 1777 775 1852 ostentimus3
797 1779 1066 1840 multum
1093 1785 1304 1842 autem
1321 1781 1710 1861 profecisset,
1733 1783 1784 1844 si

214 1870 398 1948 prins
451 1871 700 1932 nullum
747 1871 1072 1938 habuisset
1099 1875 1418 1952 meritum,
1445 1881 1508 1938 et
1563 1882 1784 1954 postea

217 1963 379 2026 illud
407 1959 646 2026 h‘abere
671 1965 1002 2047 inciperet.

299 2063 364 2119 4.
420 2058 736 2124 Christum
787 2064 908 2126 tuto
959 2063 1106 2127 υἱέας
1157 2065 1440 2128 mortalis
1487 2071 1744 2146 temporo
1763 2111 1779 2142 ,

215 2153 446 2234 absque
470 2153 606 2216 ulla
623 2155 1072 2222 immissione
1097 2159 1663 2223 memissa—Circa
1693 2177 1782 2221 se-

217 2249 505 2310 cundnm
551 2247 889 2314 dicendum
935 2261 1050 2328 est,
1095 2256 1404 2317 Christum
1448 2256 1789 2348 meinum

215 2343 526 2406 continue
559 2350 624 2406 et
659 2347 794 2408 sine
836 2347 1297 2412 intermissione
1325 2351 1454 2412 ulla
1482 2353 1787 2414 meruisse

217 2456 256 2498 a
287 2435 500 2516 primo
529 2439 788 2502 instanti
819 2443 1246 2522 conceptionis
1273 2461 1436 2522 sues,
1475 2461 1676 2525 usque
1707 2445 1787 2507 ad

215 2533 468 2592 instans
515 2533 758 2594 mertis.
789 2535 964 2596 Hanc
1003 2537 1472 2600 conclusionem
1511 2538 1791 2600 indicant

215 2624 549 2702 Theologi,
580 2641 728 2687 cum
751 2628 1028 2707 magist„
1052 2630 1118 2690 in
1150 2633 1210 2705 3,
1243 2630 1305 2694 d.
1342 2634 1452 2706 ⁴83
1485 2637 1547 2693 et
1572 2633 1783 2694 Aleae.

217 2737 448 2800 supra3
483 2721 747 2795 Bonav.,
793 2721 860 2784 in
893 2723 1119 2786 Brevil.
1147 2769 1163 2801 ,
1194 2745 1259 2808 p.
1300 2728 1363 2803 4,
1405 2745 1462 2791 c.
1492 2729 1560 2805 73
1591 2727 1783 2806 Cajet.

219 2813 412 2890 infra,
439 2827 502 2892 q.
531 2815 632 2892 34,
665 2819 781 2876 art.
807 2819 870 2891 2,
901 2817 1008 2896 qui
1031 2817 1195 2880 bene
1223 2820 1515 2900 explicat,
1539 2820 1620 2881 ad
1646 2839 1789 2900 per-

215 2907 562 2969 fectionem
587 2908 810 2971 Christi
840 2911 1238 2990 pertinuisse,
1263 2919 1336 2976 ut
1361 2914 1624 2976 virtutes
1649 2914 1787 2994 ejus

219 3019 556 3081 nunquam
579 3001 813 3064 fuerint
837 3003 1074 3080 otiosae,
1095 3021 1306 3084 neque
1323 3007 1390 3068 in
1417 3013 1560 3068 actu
1585 3008 1785 3088 primo

217 3099 502 3170 tanturm
537 3113 899 3176 quanquam
943 3100 1112 3160 enim
1153 3117 1284 3161 non
1313 3117 1566 3181 semper
1591 3102 1656 3161 in
1687 3119 1788 3162 eo-

221 3189 376 3252 dem
417 3205 686 3252 numero
735 3197 880 3253 actu
922 3191 1122 3254 libero
1165 3195 1662 3272 perseveraverit
1699 3193 1788 3274 (id

221 3284 400 3344 euim
421 3283 633 3346 dicere
659 3302 792 3346 non
817 3291 914 3347 est
939 3303 1228 3362 necesse,
1253 3305 1372 3349 nec
1399 3287 1785 3368 verisimile),

221 3393 486 3456 semper
541 3383 759 3440 tamen
813 3379 1120 3444 transibat
1181 3381 1262 3442 ab
1317 3399 1446 3443 uno
1503 3388 1646 3443 actu
1711 3381 1790 3443 acl

225 3473 444 3546 alium,
479 3477 544 3532 et
561 3489 892 3552 nunquam
939 3473 1024 3534 ab
1065 3480 1210 3536 actu
1261 3475 1343 3536 ad
1383 3492 1514 3536 non
1541 3479 1784 3549 actum3

225 3566 502 3628 adhunc
527 3567 698 3628 enim
723 3566 984 3628 modum
1009 3573 1352 3647 operantur
1380 3569 1626 3648 Angeli,
1653 3569 1792 3648 qui·

222 3661 342 3720 bus
359 3660 498 3739 ipse
519 3658 738 3721 similis
759 3659 878 3721 fuit
898 3661 968 3722 in
991 3661 1312 3739 operando
1331 3677 1448 3740 per
1465 3662 1794 3724 scientiam

223 3755 526 3816 infusam.
549 3755 732 3818 Unde
759 3755 948 3816 etiam
976 3773 1168 3836 supra
1196 3757 1607 3831 ostendimus,
1629 3757 1696 3818 in
1724 3775 1789 3837 q.

227 3851 334 3922 11,
373 3865 626 3928 semper
669 3848 865 3911 fuisse
907 3849 974 3910 in
1005 3849 1234 3912 actuali
1287 3851 1790 3913 consideratione

225 3943 420 4021 hujus
459 3941 765 4015 scientim
801 3947 898 4004 est
927 3949 1140 4005 autem
1173 3943 1400 4008 eadem
1441 3945 1544 4006 vel
1588 3945 1794 4024 major

223 4035 386 4096 ratio
418 4035 497 4096 ds
523 4035 770 4097 actibus
803 4035 1163 4112 voluntatis,
1193 4037 1304 4116 qui
1331 4039 1534 4118 magis
1563 4037 1642 4099 ad
1670 4037 1793 4100 vir-

225 4129 378 4190 tutis
417 4129 872 4208 perfectionem
897 4129 1238 4208 pertinent.
1269 4132 1426 4193 Cum
1454 4131 1645 4212 igitur
1671 4131 1793 4192 hoc

227 4224 308 4284 sit
355 4222 558 4302 magis
605 4229 1099 4285 consentaneum
1129 4223 1495 4303 perfectioni
1543 4223 1786 4298 Christi,

229 4325 290 4377 et
319 4316 496 4376 nulla
524 4317 604 4378 sit
629 4317 1050 4397 repugnantia
1073 4317 1178 4378 vel
1208 4316 1565 4391 difficultas,
1597 4317 1686 4379 ita
1712 4316 1792 4378 de

229 4410 334 4471 illo
387 4410 788 4472 sentiendum
841 4416 957 4473 est.
1011 4409 1192 4473 Unde
1242 4411 1486 4472 nullum
1537 4410 1792 4472 invenio

225 4505 616 4582 'theologum
660 4504 768 4584 qui
811 4505 1191 4566 contrarium
1225 4504 1528 4566 docuerit.
1567 4506 1795 4568 Occur-

225 4599 408 4660 rebat
433 4615 584 4660 vero
605 4599 812 4660 statim
839 4598 1121 4678 quaestio,
1147 4599 1296 4679 quia
1315 4599 1564 4662 videtur
1585 4599 1788 4678 sequi,

227 4694 452 4755 merita
500 4691 724 4756 Christi
779 4699 963 4756 aucta
1008 4693 1206 4755 fuisse
1260 4711 1376 4774 per
1429 4692 1794 4774 huiusmodi

229 4785 759 4850 continu-ationem
785 4831 800 4862 ,
872 4805 985 4849 seu
1047 4787 1628 4868 multiplicationem
1693 4807 1794 4850 ac-

233 4889 430 4942 tuum.
467 4881 594 4942 Sed
638 4881 776 4942 haec
801 4882 1060 4960 quaestio
1105 4881 1254 4943 satis
1290 4886 1554 4944 tractata
1607 4889 1702 4944 est-
1731 4888 1796 4944 et

235 4975 560 5054 expedita,
593 4991 655 5054 q.
695 4979 725 5036 1
754 5019 776 5052 ,
809 4981 927 5036 art.
955 4977 995 5036 2
1012 5019 1032 5050 ,
1061 4973 1173 5034 ubi
1201 4975 1400 5037 videri
1435 4980 1677 5056 potest,
1710 4993 1792 5038 ne

233 5070 599 5132 carumdem
639 5084 866 5150 rerum
904 5067 1150 5149 prolixa
1187 5069 1560 5150 repetitione
1608 5069 1792 5133 taedio

233 5163 532 5225 lectorem
560 5162 928 5226 afficiamus.

311 5263 369 5320 5.
420 5257 682 5338 stmpue
703 5259 970 5323 νεανικαὶ
995 5275 1130 5323 cum
1154 5259 1284 5324 vita
1317 5259 1556 5340 finitur.
1574 5289 1656 5304 —
1681 5255 1794 5320 ob-

223 5355 432 5432 jectio.
461 5377 544 5401 --
585 5353 734 5414 Dico
761 5353 944 5414 tertio
973 5352 1140 5414 circa
1179 5351 1432 5412 tertium
1463 5357 1788 5432 punctum,

237 5447 544 5512 Christum
587 5447 922 5507 Dominum
965 5446 1044 5506 ab
1085 5445 1345 5506 instanti
1371 5445 1588 5506 mortis
1633 5461 1788 5520 suae,

238 5539 680 5620 nihilmpiius
720 5540 882 5602 uiti-a
911 5538 1238 5602 meruisse.
1281 5539 1429 5600 Haec
1473 5535 1788 5600 conclusio

1865 467 1961 524 est
2006 462 2357 526 communis
2400 455 2898 544 Theoloffomm,
2928 472 2995 529 et
3034 467 3121 530 ita
3148 477 3321 534 certa
3358 479 3429 537 ut

1865 556 2001 618 sine
2029 557 2381 620 temeritate
2420 559 2489 620 in
2516 559 2778 620 dubium
2806 563 3085 623 revocari
3114 581 3244 627 non
3282 584 3429 648 pos·-

1865 653 1977 726 sit;
2006 669 2147 714 eam
2178 654 2361 716 docet
2388 671 2685 734 expresse
2710 657 2782 716 D.
2808 657 3080 720 Thomas
3105 661 3229 738 hic,
3258 661 3339 724 ad
3364 665 3425 738 1,

1865 745 1977 806 ubi
2006 747 2205 826 inquit
2220 792 2241 824 ,
2270 749 2585 813 Christum
2614 769 2783 812 nunc
2810 769 2938 812 non
2968 771 3109 815 esse
3154 755 3221 815 in
3262 760 3429 818 statu

1864 841 2168 917 merendi,
2206 843 2352 922 quia
2378 863 2507 905 non
2531 849 2627 906 est
2648 845 2887 920 viator-3
2914 846 3082 908 idem
3120 848 3305 912 docet
3327 850 3429 912 in-

1861 932 1979 1008 fra,
2008 951 2071 1012 q.
2098 937 2195 1010 50,
2230 953 2289 998 a.
2312 940 2376 1013 6,
2404 939 2487 1000 ad
2514 941 2583 1012 ‘23
2618 940 2717 1015 56,
2752 955 2810 1000 a.
2840 942 2897 1014 1,
2927 938 3009 1001 ad
3038 941 3104 1015 33
3138 944 3240 1018 57,
3270 961 3329 1005 a.
3362 947 3426 1019 9,

1863 1027 1947 1088 ad
1976 1032 2035 1106 13
2066 1028 2217 1090 etin
2248 1031 2309 1105 3,
2330 1030 2393 1092 d.
2425 1034 2524 1106 18,
2550 1049 2611 1094 a.
2635 1037 2696 1109 2,
2726 1032 2806 1094 ad
2834 1035 2873 1094 2
2902 1039 2967 1096 et
2992 1037 3070 1107 33
3098 1036 3243 1098 etin
3270 1039 3333 1113 4,
3360 1037 3424 1099 d.

1869 1121 1969 1195 15,
1996 1139 2061 1201 q.
2088 1125 2153 1198 4,
2186 1141 2248 1184 a.
2278 1125 2339 1198 6,
2366 1141 2430 1204 q.
2463 1128 2523 1200 2,
2565 1126 2647 1188 ad
2679 1127 2751 1203 33
2782 1125 2999 1202 Gabr.,
3026 1129 3095 1188 iu
3124 1131 3185 1204 3,
3226 1129 3289 1191 d.
3326 1133 3426 1206 48,

1861 1231 1929 1292 q.
1972 1215 2180 1291 unica,
2212 1217 2295 1278 ad
2326 1217 2513 1280 finem
2532 1235 2553 1297 3
2586 1221 2777 1295 Scot.,
2824 1221 3127 1296 Durand.,
3162 1223 3425 1298 Bonav„

1865 1308 2143 1386 Richar„
2182 1311 2383 1390 Maj0r
2412 1319 2475 1374 et
2514 1314 2775 1389 Marsil.,
2802 1315 2957 1376 locis
2984 1331 3174 1395 sup-ra
3200 1317 3424 1391 citatis,

1869 1402 1977 1480 qui
2008 1403 2172 1466 inter
2210 1405 2605 1470 conditiones
2640 1409 3029 1470 necessarias
3079 1409 3160 1470 ad
3209 1411 3429 1474 Christi

1866 1497 2163 1560 meritum
2197 1507 2444 1579 ponunt
2472 1507 2699 1564 statum
2723 1503 3001 1564 viatoris,
3032 1502 3206 1564 Idem
3248 1504 3431 1566 docet

1868 1591 2078 1665 Sotus,
2111 1593 2179 1653 in
2204 1595 2268 1669 4,
2296 1593 2360 1655 d.
2391 1598 2451 1672 1,
2478 1613 2541 1675 q.
2572 1597 2631 1671 3,
2665 1614 2724 1658 a.
2754 1599 2814 1673 5,
2842 1595 2950 1657 ubi
2980 1597 3041 1657 in
3068 1597 3432 1676 particulari

1867 1683 2016 1748 dicit
2068 1705 2195 1748 non
2249 1687 2452 1751 selum
2506 1693 2649 1770 post
2696 1691 3219 1754 resurrectionem
3241 1738 3256 1769 ,
3316 1693 3429 1756 sed

1865 1779 2057 1841 etiam
2100 1779 2379 1844 animam
2426 1789 2783 1864 separatam
2836 1785 3061 1847 Christi
3112 1785 3175 1846 in
3222 1786 3431 1848 triduo

1863 1891 1996 1934 non
2015 1873 2339 1938 meruisse.
2364 1877 2543 1938 Ratio
2568 1885 2779 1939 autem
2806 1879 3009 1958 prima
3034 1884 3097 1940 et
3115 1880 3433 1960 praecipua

1864 1967 2055 2046 hujus
2084 1969 2499 2032 conclusionis
2544 1971 2852 2034 sumenda
2897 1977 2995 2034 est
3042 1991 3121 2034 ex
3150 1974 3435 2053 generali

1865 2061 2005 2140 lege
2048 2079 2086 2124 a
2114 2063 2243 2124 Deo
2273 2069 2524 2139 statuta,
2566 2071 2639 2126 ut
2680 2065 2995 2141 homines,
3034 2067 3337 2146 quamdiu
3368 2067 3431 2128 in

1867 2155 1989 2217 hac
2006 2155 2133 2217 vita
2150 2157 2389 2230 vivunt,
2410 2159 2639 2220 mereri
2660 2159 2923 2238 possint,
2948 2165 3197 2240 tempus
3218 2164 3432 2222 autem

1867 2249 2156 2312 merendi
2178 2269 2323 2312 cum
2342 2251 2480 2331 ipsa
2500 2252 2629 2314 vita
2654 2252 2931 2315 finiatur.
2952 2254 3061 2316 Est
3090 2254 3259 2314 enim
3279 2259 3434 2316 tem-

1869 2360 1990 2423 pus
2021 2344 2206 2422 hujus
2248 2345 2390 2406 vitoe
2420 2345 2785 2408 hominibus
2826 2365 3224 2424 concessum,
3254 2355 3325 2410 ut
3368 2348 3435 2408 in

1871 2454 1949 2498 eo
1978 2437 2209 2500 lucrari
2238 2438 2499 2518 possint,
2527 2446 2591 2500 et
2614 2439 2797 2517 quasi
2823 2441 2887 2502 in
2919 2441 3121 2502 >stadio
3154 2457 3431 2518 currere,

1869 2548 1985 2594 seu
2010 2532 2079 2592 in
2130 2550 2336 2612 agone
2366 2535 2789 2611 contendere,
2834 2541 2905 2596 ut
2933 2537 3151 2614 postea
3194 2535 3435 2614 possint

1869 2626 2433 2705 comprehendere,
2464 2633 2527 2690 et
2549 2627 2974 2708 incorruptam
3004 2646 3303 2690 coronam
3332 2645 3434 2692 ae-

1869 2719 2107 2799 cipere‚
2136 2724 2209 2781 ut
2234 2719 2463 2782 dicitur
2498 2724 2529 2782 1
2565 2720 2646 2784 ad
2666 2723 2809 2784 Cor.
2840 2725 2908 2796 93
2940 2727 3003 2784 et
3029 2721 3172 2784 ideo
3198 2722 3429 2784 Eccles.

1869 2819 2087 2876 monet
2110 2813 2375 2893 Sapiens
2411 2831 2429 2876 :
2468 2815 2863 2906 Quomque
2878 2820 3079 2898 potest
3110 2832 3285 2896 ayere
3310 2834 3437 2880 ma-

1867 2923 1985 2971 nus
2008 2913 2151 2984 tua,
2182 2907 2487 2974 nutante,-
2515 2927 2759 2991 operaro
2771 2935 2797 2983 ,·
2828 2909 2971 2989 quia
2996 2925 3101 2972 neo
3126 2926 3297 2989 opus,
3330 2926 3437 2973 mc

1867 3002 2053 3074 ratio,
2078 3019 2181 3065 neo
2216 3003 2543 3084 sapientia,
2566 3019 2672 3066 nec
2699 3002 2949 3067 semia
2976 3007 3065 3066 est
3090 3003 3257 3082 apud
3284 3003 3436 3080 infe·

1867 3113 1993 3170 roe,
2022 3112 2137 3177 quo
2183 3102 2257 3160 τοι
2291 3113 2622 3176 proptu-as,-
2662 3097 2866 3176 quod,
2904 3102 2972 3159 ut
3018 3097 3435 3177 Hieronymus

1871 3191 2157 3268 exponit,
2188 3190 2673 3269 intelligendum
2698 3197 2797 3254 est
2832 3191 2911 3254 de
2952 3209 3145 3271 opere
3182 3191 3435 3252 merito·

1869 3284 1988 3360 rio,
2024 3290 2086 3346 et
2114 3284 2193 3346 de
2224 3286 2483 3347 scientia
2515 3292 2579 3349 et
2604 3287 2933 3366 sapientia,
2982 3291 3170 3366 prout
3208 3285 3297 3346 illi
3329 3284 3437 3348 de-

1871 3377 2171 3439 serviunt.
2194 3377 2347 3439 Cum
2371 3381 2541 3440 enim
2565 3380 2859 3458 loquatur
2874 3380 3138 3459 Sapiens
3154 3378 3243 3461 (ut
3268 3379 3436 3442 idem

1871 3471 2237 3551 Hieronym.
2272 3475 2485 3552 notat)
2519 3474 2865 3552 generatim
2892 3473 2973 3534 de
3002 3471 3253 3534 inferno
3278 3515 3293 3546 ‚
3327 3474 3436 3552 qui

1873 3564 2117 3626 animas
2144 3565 2513 3645 purgatorii,
2536 3572 2599 3628 et
2620 3584 2695 3628 eo
2724 3571 3004 3646 tempore
3026 3567 3269 3627 animas
3294 3585 3439 3627 san-

1873 3665 2115 3722 ctorum
2140 3659 2391 3720 Patrum
2412 3659 2792 3736 continebat,
2808 3677 3041 3740 negare
3062 3677 3189 3720 non
3210 3661 3435 3739 potnit,

1873 3751 2237 3833 simpliciter
2266 3769 2403 3814 esse
2425 3753 2491 3813 in
2509 3751 2757 3815 inferno
2778 3753 3148 3814 charitatem
3178 3757 3241 3814 et
3269 3753 3439 3814 bona

1873 3865 2100 3926 opera3
2130 3863 2394 3908 necesse
2434 3853 2529 3908 est
2571 3865 2721 3926 ergo
2750 3851 2822 3907 ut
2848 3846 2929 3908 de
2958 3863 3151 3930 opere
3180 3848 3440 3908 merito-

1873 3941 1967 4002 rio
1998 3941 2313 4018 loquatur.
2346 3941 2423 4001 Et
2446 3939 2592 4000 ideo
2620 3939 2853 4002 ibidem
2884 3940 2972 4000 ait
3003 3945 3282 4001 mortuos
3310 3957 3439 4000 uon

1875 4035 2113 4096 habere
2139 4035 2303 4096 ultra
2330 4033 2726 4108 mercedem3
2758 4036 2822 4095 et
2848 4034 2933 4094 ita
2962 4033 3249 4112 exposuit
3273 4033 3441 4093 hunc

1873 4130 2083 4191 locum
2114 4129 2303 4190 etiam
2332 4127 2622 4204 Gregor.,
2649 4126 2754 4187 lib.
2784 4129 2825 4187 4
2853 4127 3121 4206 Dialog.,
3150 4145 3207 4188 c.
3236 4129 3337 4188 39.
3364 4128 3441 4189 Et

1873 4223 2021 4284 ideo
2054 4223 2116 4284 in
2162 4220 2480 4300 Scriptura
2512 4238 2767 4298 semper
2806 4219 3131 4282 retributio
3176 4237 3440 4299 operum

1875 4317 2104 4380 dicitur
2150 4333 2289 4376 esse
2318 4314 2387 4375 in
2432 4314 2655 4376 ordine
2703 4314 2783 4376 ad
2816 4333 3009 4394 opera
3055 4313 3245 4394 hujus
3274 4314 3439 4390 vitae,

1873 4417 1942 4472 ut
1986 4409 2222 4471 Eccles.
2256 4411 2325 4470 11
2368 4409 2634 4472 :Facile
2672 4415 2761 4471 eat
2804 4425 3006 4472 eoram
3052 4409 3179 4470 Deo
3228 4409 3298 4470 in
3347 4409 3443 4470 dio

1851 4504 2068 4583 ,obibus
2082 4503 2413 4567 retribuere
2430 4503 2753 4583 unicnique
2772 4503 3089 4566 eamdam
3108 4501 3245 4566 viae
3264 4517 3441 4575 swas,-

1875 4605 1937 4661 et
1967 4616 2020 4661 c.
2054 4600 2131 4660 14
2156 4615 2172 4658 :
2198 4597 2361 4660 Ante
2390 4597 2613 4660 obitum
2640 4613 2885 4676 operare
2899 4597 3263 4676 justitiam;
3289 4601 3357 4658 et
3380 4615 3438 4657 c.

1874 4697 1955 4756 18
1987 4712 2001 4754 ε
2036 4691 2197 4755 Ante
2218 4691 2549 4772 judicium,
2584 4691 2781 4769 quod,
2813 4689 3051 4752 scilicet
3072 4735 3087 4764 ,
3130 4690 3197 4749 in
3240 4695 3441 4750 morte

1871 4788 1967 4864 fit,
1994 4803 2153 4867 para
2166 4785 2484 4866 justitiam
2512 4783 2663 4855 εἰδῇ·
2684 4789 2747 4845 et
2775 4784 2869 4845 ita·
2888 4783 3148 4844 inferius
3176 4782 3387 4843 subdit
3420 4801 3434 4843 ε

1875 4883 1977 4948 No
2012 4877 2281 4944 verearis
2324 4873 2511 4960 usqae
2554 4878 2637 4940 ad
2678 4883 2927 4940 mortem
2960 4875 3327 4956 justificari,
3376 4875 3443 4936 id

1875 4982 1995 5052 est,
2014 4973 2337 5054 injustitia
2364 4989 2671 5048 crescere,
2696 4977 2765 5033 ut
2784 4971 3075 5051 exposuit
3096 4970 3441 5032 Concilium

1871 5067 2177 5143 Trident.,
2210 5083 2362 5128 sess.
2396 5067 2459 5144 6,
2492 5083 2551 5127 c.
2583 5067 2685 5139 10,
2716 5081 2837 5126 nec
2866 5065 3003 5125 sine
3038 5083 3225 5126 causa
3262 5062 3442 5124 addi-

1873 5170 2008 5226 tum
2028 5169 2133 5225 est
2164 5181 2179 5222 ε
2226 5161 2421 5244 Usque
2450 5161 2532 5224 ad
2552 5165 2803 5222 mortem
2821 5203 2837 5233 ,
2870 5157 2983 5220 sed
3010 5165 3081 5219 ut
3108 5159 3441 5219 denotetur

1871 5258 2049 5318 illum
2080 5273 2221 5318 esse
2248 5254 2531 5318 merendi
2562 5253 2923 5316 terminum.
2952 5253 3027 5314 Et
3049 5251 3193 5312 ideo
3218 5247 3437 5312 Matth.

1871 5355 1975 5425 25,
2022 5351 2088 5412 in
2132 5349 2434 5430 parabola
2476 5348 2555 5409 de
2596 5347 2875 5425 quinque
2922 5345 3195 5418 talentiS,
3246 5359 3443 5403 unus-

1873 5445 2141 5524 quisque
2164 5444 2386 5522 recipit
2408 5444 2597 5522 prout
2632 5440 2911 5500 lucratus
2928 5438 3137 5498 fuerat
3168 5441 3315 5497 ante
3340 5453 3442 5494 ra-

1871 5538 2109 5599 tionem
2136 5556 2175 5596 a
2198 5535 2461 5596 Domino
2490 5531 2873 5612 postulatam
2889 5545 2909 5608 3
2941 5529 3293 5608 postulatur
3328 5545 3441 5588 au-
