3892 6167
1332 370 1651 449 nissum-r.
1686 370 1865 427 xxix.
1898 372 2070 427 sacr.
2107 374 2144 427 ι.

134 478 451 558 explicant
476 482 691 538 tamen
730 474 811 537 de
833 473 1073 536 naturis
1098 472 1429 552 specificis,
1458 491 1589 535 non
1618 472 1699 535 de

130 572 508 646 individuis3
540 571 767 632 Scotus
804 586 977 642 vero,
1006 566 1071 627 iu
1102 568 1157 639 3,
1183 566 1245 627 d.
1282 570 1382 642 14,
1415 584 1477 645 q.
1524 568 1585 638 3,
1636 572 1701 627 et

128 666 405 740 Gabriel,
456 662 803 745 quaestione
830 661 1051 742 prima,
1086 660 1347 721 articulo
1392 660 1695 733 secunde,

132 760 329 821 conci.
370 766 399 820 1
436 766 501 823 et
528 761 603 831 2,
646 765 719 818 ut
758 774 947 835 supra
972 798 989 827 ,
1034 754 1195 833 disp.
1240 757 1317 815 27
1344 800 1361 827 ,
1407 760 1560 817 sect.
1622 756 1695 831 1,

132 854 333 914 vimm
353 856 473 928 est,
492 852 687 914 etiam
705 850 965 931 singulis
980 848 1315 911 individuis
1338 847 1553 909 dicunt
1572 866 1699 909 res·-

138 946 413 1026 pondere
444 944 727 1025 singulas
772 943 1013 1023 species
1052 941 1495 1021 intelligibiles.
1528 940 1699 1003 Fun-

138 1041 500 1101 damentum
546 1037 739 1118 hujus
792 1037 1113 1098 sententiae
1164 1042 1261 1097 est
1284 1080 1305 1110 ,
1354 1036 1503 1114 quia
1563 1035 1697 1095 haec

136 1133 393 1194 scientia
423 1132 575 1193 data
602 1139 699 1194 est
724 1132 985 1203 Christo,
1006 1130 1197 1191 modo
1224 1128 1699 1209 proportionata

130 1234 193 1289 et
258 1226 653 1288 connaturali
701 1225 927 1287 animai
978 1226 1301 1297 humanae;
1336 1229 1431 1285 est
1482 1228 1699 1285 autem

129 1321 543 1381 connaturale
570 1320 717 1381 huie
744 1320 1393 1398 animae-,cognoscere
1424 1334 1537 1396 per
1556 1332 1701 1396 spe-

130 1416 261 1476 cies
280 1414 603 1489 limitatas,
634 1420 697 1475 et
724 1414 931 1473 minus
952 1412 1335 1474 universales
1354 1428 1544 1491 quam
1574 1409 1701 1471 sint

129 1511 455 1587 angelicae.
484 1511 633 1584 Quoe
687 1507 995 1569 sententia
1048 1513 1143 1567 est
1188 1504 1531 1585 probabilis
1560 1520 1702 1583 pro·

126 1611 271 1684 pter
292 1606 737 1666 auctoritatem
770 1604 843 1663 D.
888 1602 1145 1662 Thomas
1173 1618 1189 1673 3
1222 1598 1703 1661 fundamentum

130 1699 303 1760 enim
334 1700 475 1776 ejus
518 1714 743 1777 parum
782 1694 1029 1771 suadet,
1060 1700 1125 1755 et
1166 1692 1311 1755 ideo
1362 1692 1571 1753 media
1600 1692 1701 1751 via

130 1794 561 1855 incedendum
586 1790 743 1853 mihi
774 1790 1039 1852 videtur.

202 1890 265 1949 3.
314 1888 469 1949 Dico
494 1902 643 1967 ergo
665 1886 891 1965 prime,
918 1882 1159 1963 species
1176 1880 1595 1961 intelligibiles
1610 1880 1699 1941 in·

120 1982 295 2041 fusas
324 1983 389 2041 in
414 1982 533 2041 hac
558 1980 817 2041 scientia
838 1994 977 2041 esse
1005 1976 1237 2057 plnres,
1269 1980 1333 2036 et
1354 1992 1480 2037 non
1508 1992 1699 2035 unam

116 2080 395 2137 tantum.
430 2076 575 2135 Haee
602 2072 907 2135 sententia
948 2076 1045 2133 est
1080 2071 1151 2130 D.
1178 2070 1433 2131 Thomae
1474 2069 1601 2146 hic,
1632 2074 1695 2130 et

120 2170 185 2228 in
221 2170 285 2244 3,
322 2168 468 2230 dist.
514 2170 612 2235 14.
646 2173 761 2228 art.
788 2168 849 2238 3,
876 2172 939 2227 et
966 2165 1049 2225 ibi
1082 2170 1177 2226 est
1202 2164 1597 2235 communis:
1631 2168 1697 2225 et

124 2262 341 2342 opinio
368 2262 627 2324 Marsilii
652 2266 749 2323 est
776 2258 1131 2339 singularis,
1165 2264 1231 2321 et
1280 2258 1425 2320 ideo
1449 2276 1579 2319 non
1604 2258 1695 2317 vi-

120 2357 311 2418 detur
362 2355 665 2426 tenenda,
696 2370 1059 2433 quanquam
1104 2351 1431 2414 evidenter
1460 2352 1695 2431 impro-

124 2451 260 2512 bari
294 2468 429 2511 non
467 2448 683 2530 possit,
716 2448 863 2528 quia
896 2464 1117 2508 revera
1148 2462 1275 2506 non
1304 2446 1551 2507 videtur
1582 2445 1699 2506 im·

124 2543 421 2622 possibile
474 2542 645 2622 quod
676 2542 963 2617 affirmat,
992 2544 1063 2601 ut
1102 2540 1431 2620 probatum
1472 2545 1587 2601 est.
1632 2539 1695 2601 Si

124 2644 340 2700 autem
368 2635 761 2717 impossibile
798 2652 923 2695 non
949 2636 1062 2710 est,
1090 2652 1235 2696 cum
1261 2633 1496 2695 factum
1534 2650 1699 2713 pen-

118 2731 269 2791 dent
315 2750 395 2792 ex
444 2731 767 2790 voluntate
818 2728 944 2799 Dei,
974 2744 1115 2805 quse
1156 2744 1285 2789 non
1330 2728 1701 2789 auctoritate

120 2824 363 2903 aliqua,
382 2824 499 2887 sed
534 2822 909 2903 conjecturis
938 2820 1285 2901 colligenda
1316 2828 1436 2898 est,
1458 2824 1701 2883 constat

122 2926 427 2980 neutram
452 2924 695 2998 partem
739 2915 1119 2977 sufficienter
1141 2934 1329 2996 posse
1370 2916 1693 2991 convinci3

118 3020 342 3075 tamen
368 3030 503 3073 non
528 3008 831 3090 quidquid
860 3008 1241 3089 impossibile
1268 3028 1397 3071 non
1432 3016 1548 3085 est,
1580 3016 1701 3071 sta-

120 3106 225 3166 tim
260 3103 675 3167 tribuendum
702 3106 799 3164 est
820 3103 1045 3164 animoe
1072 3102 1320 3179 Christi,
1352 3105 1699 3182 praesertim

114 3198 383 3279 quando
418 3199 593 3260 nulla
641 3200 737 3257 est
776 3198 1138 3273 necessitaS,
1172 3202 1235 3258 et
1274 3214 1417 3257 cum
1463 3197 1697 3276 alioqui

110 3292 305 3353 valde
322 3290 575 3354 difficile
605 3290 924 3352 intellectu
946 3291 1047 3363 sit,
1070 3308 1171 3352 res
1198 3290 1699 3352 distinctissimas

115 3392 177 3447 et
203 3386 269 3447 di
281 3402 609 3447 versorum
634 3384 943 3457 ordinum,
974 3384 1294 3445 naturales
1312 3390 1375 3446 et
1396 3402 1699 3463 superna·-

112 3479 363 3540 turales
396 3478 609 3552 etiam,
641 3496 757 3558 per
786 3477 1075 3539 eamdem
1126 3480 1420 3557 speciem,
1454 3478 1521 3538 in
1552 3496 1699 3558 pro-

113 3574 257 3651 prio
293 3590 533 3652 genere
570 3572 1029 3652 repraesentari.
1062 3572 1361 3651 Denique,
1390 3589 1535 3634 cum
1562 3571 1697 3633 haec

112 3666 387 3727 scientia
418 3666 627 3727 minus
644 3666 918 3746 perfecta
946 3666 1027 3726 sit
1048 3682 1239 3745 quam
1267 3666 1699 3740 beata,minus

114 3760 402 3839 simplex
434 3766 497 3823 et
522 3760 697 3821 unita
716 3766 841 3832 est;
878 3778 1005 3821 non
1036 3776 1189 3839 ergo
1203 3775 1319 3839 per
1340 3778 1535 3821 unam
1558 3776 1701 3840 spe-

116 3856 321 3925 ciem,
356 3855 475 3917 sed
502 3872 619 3934 per
650 3854 863 3933 plures
889 3862 1225 3932 cognoscet
1252 3854 1495 3934 objecta
1520 3872 1657 3915 sua.

198 3952 269 4010 4.
318 3948 767 4013 Universalitas
790 3950 1117 4027 specierum
1144 3950 1497 4026 infusarum
1524 3948 1705 4013 Cleri·

116 4044 225 4107 sii.
258 4078 341 4089 -
363 4044 519 4104 Dico
546 4042 823 4104 secundo
854 4060 869 4101 τ
902 4042 1001 4103 hae
1022 4042 1267 4121 species
1298 4042 1705 4103 universalio-

115 4158 219 4201 res
246 4143 404 4200 sunt
432 4154 621 4218 quam
644 4136 772 4198 sint
798 4136 1043 4216 species
1062 4136 1501 4197 connaturales
1524 4135 1705 4197 intel·

116 4230 319 4294 lectui
364 4231 669 4291 humano.
700 4230 841 4290 Hoec
892 4228 1209 4290 conclusio
1265 4228 1579 4307 colligitur
1628 4244 1707 4289 ex

118 4326 422 4387 doctrina
450 4324 731 4405 Cajetani
760 4324 879 4399 hic,
901 4340 1093 4403 quam
1122 4322 1457 4385 admittunt
1484 4338 1705 4383 omnes

116 4418 509 4493 Thomistae;
540 4418 765 4480 docent
794 4418 961 4480 enim
990 4436 1184 4479 unam
1219 4419 1443 4479 harum
1468 4417 1705 4499 specie-

119 4532 297 4591 rum,
338 4514 425 4576 ad
452 4512 807 4585 minimum,
831 4518 1279 4593 repraesentare
1310 4528 1500 4574 unam
1522 4518 1706 4573 natu-

120 4627 267 4669 ram
298 4606 685 4687 specificam,
716 4612 779 4667 et
815 4606 1025 4667 omnia
1080 4605 1398 4667 individua
1450 4604 1569 4667 sub
1598 4604 1707 4666 illa

120 4706 480 4775 contenta3
534 4699 891 4778 hujusmodi
924 4705 1136 4761 autem
1193 4698 1563 4761 universalis
1614 4716 1708 4759 re·

124 4791 540 4875 praesentatio
562 4792 792 4873 speciei
811 4810 941 4854 non
961 4798 1055 4856 est
1084 4791 1503 4854 connaturalis
1528 4792 1708 4853 intel·

122 4891 331 4953 lectui
360 4888 666 4961 hnmano,
694 4892 764 4950 ut
791 4896 1052 4951 constat.
1086 4889 1238 4951 Item
1270 4906 1385 4969 per
1412 4906 1603 4950 unam
1630 4904 1707 4950 ex

124 4985 231 5045 his
264 4980 605 5063 speciebus
632 4988 1117 5061 repraesentatur
1141 4991 1366 5043 natura
1416 4979 1707 5061 specifica

134 5097 279 5139 cum
317 5077 615 5139 omnibus
644 5076 772 5136 suis
794 5076 1299 5155 proprietatibus,
1330 5078 1413 5138 ita
1446 5082 1517 5138 ut
1546 5092 1709 5137 com·

136 5170 454 5252 prehendi
482 5170 698 5251 possit,
725 5169 869 5248 quia
899 5168 1171 5231 Christus
1184 5186 1299 5251 per
1322 5168 1485 5231 hanc
1512 5168 1712 5231 scien-

142 5266 292 5327 tiam
362 5262 941 5345 comprehendebat
1008 5264 1349 5343 quamlibet
1418 5270 1709 5324 naturam

154 5368 450 5436 creatam,
510 5358 705 5421 etiam
737 5357 1126 5438 superiorem
1164 5358 1479 5431 humana3
1514 5362 1577 5419 at
1604 5372 1709 5419 ve·

154 5472 219 5516 ro
238 5454 369 5517 haec
422 5453 903 5534 repraesentatio
940 5452 1183 5515 excedit
1222 5452 1577 5515 naturalem
1603 5468 1705 5514 ca·

160 5551 483 5627 pacitatem
532 5545 775 5625 ingenii
822 5545 1099 5609 humani.
1158 5538 1393 5608 Deinde
1445 5544 1703 5619 docent,

1618 5744 1639 5775 Q

3263 372 3342 435 63

1780 490 1895 552 per
1930 473 2048 535 has
2095 474 2336 554 species
2363 474 2552 554 hujus
2578 473 2854 537 scientia!
2910 481 3345 557 repraesentari

1778 568 2048 642 infinita,
2069 576 2139 631 ut
2159 576 2372 650 aperte
2387 568 2576 631 tradit
2593 570 2786 631 etiam
2805 570 2880 632 D.
2899 572 3196 647 Thomas,
3222 582 3338 637 art.

1780 666 1841 736 ὃ,
1869 663 1952 725 ad
1981 668 2050 741 23
2077 664 2190 726 sed
2217 682 2342 725 non
2365 670 2622 745 possunt
2643 669 3078 743 repraesentari
3105 668 3344 731 infinita

1782 776 1894 839 per
1938 759 2182 838 species
2229 759 2650 837 intelligibiles
2679 759 3078 823 multitudine
3112 764 3341 839 finitas,

1780 852 1897 913 nisi
1930 852 2142 931 aliqua
2171 868 2386 915 earum
2419 860 2820 932 repraesentet
2847 853 3108 931 infinita,
3133 862 3204 917 ut
3233 874 3344 935 per

1780 962 1849 1006 se
1906 952 2192 1018 constat;
2227 964 2378 1025 ergo
2409 964 2670 1008 necesse
2723 951 2912 1009 estut
2949 948 3046 1009 hae
3102 950 3344 1029 species

1780 1042 2022 1098 tantam
2053 1037 2330 1099 habeant
2373 1040 2929 1113 universalitatem,
2953 1048 3022 1102 ut
3051 1062 3178 1104 una
3203 1062 3344 1123 spe·

1779 1130 1905 1191 cies
1950 1131 2158 1193 valeat
2209 1139 2664 1211 repraesentare
2711 1153 2810 1195 res
2863 1135 3158 1209 infinitas,
3207 1156 3344 1217 quae

1778 1224 2052 1285 maxima
2077 1224 2214 1286 sine
2243 1225 2434 1287 dubio
2467 1233 2578 1301 est,
2611 1236 2832 1307 etqua·
2860 1246 2988 1289 non
3011 1230 3214 1291 solum
3243 1250 3347 1293 ca-

1776 1318 2110 1396 pacitatem
2161 1320 2512 1381 naturalem
2557 1322 2812 1382 hnmani
2863 1323 3214 1385 intellectus
3244 1344 3348 1387 ex-

1782 1410 1989 1483 cedat,
2009 1411 2120 1473 sed
2145 1414 2408 1492 angelici
2433 1415 2620 1475 etiam
2645 1417 3062 1479 intellectibus
3075 1419 3174 1479 vix
3201 1438 3346 1483 con·

1782 1506 2062 1569 cedatur.
2095 1508 2272 1569 Ratio
2301 1508 2576 1589 denique
2605 1518 2720 1583 est,
2749 1512 2896 1590 quia
2941 1512 3074 1573 istas
3107 1514 3346 1592 species

1782 1608 1929 1663 sunt
1953 1602 2292 1683 superioris
2313 1603 2574 1679 ordinm,
2597 1611 2661 1666 et
2687 1624 2816 1666 non
2855 1615 3004 1668 sunt
3033 1608 3212 1687 quasi
3249 1626 3346 1670 co·

1782 1702 2032 1757 arctatoe
2081 1700 2142 1757 et
2169 1696 2448 1758 limitatae
2480 1698 2562 1758 ad
2612 1698 3150 1778 imperfectionem
3197 1720 3346 1763 sen·-

1780 1808 2004 1861 suum,
2039 1806 2116 1850 ex
2167 1808 2290 1869 qua
2327 1791 2525 1852 oritur
2553 1794 2724 1853 tanta
2771 1792 3077 1867 limitetis,
3111 1801 3344 1873 quanta

1780 1888 1877 1945 est
1919 1882 1986 1942 in
2043 1883 2373 1961 speciebus
2411 1902 2570 1963 quas
2617 1886 2968 1947 humanum
3019 1888 3344 1967 ingenium

1778 1992 1895 2057 per
1918 1994 2144 2038 sensus
2174 1978 2477 2057 acquirit;
2511 1980 2672 2041 sicut
2699 1998 2850 2061 ergo
2880 1982 3088 2042 anima
3121 1983 3342 2043 Christi

1776 2086 1893 2151 per
1929 2070 2098 2131 hanc
2151 2072 2478 2133 scientiam
2535 2072 2774 2134 elevata
2813 2080 2906 2135 est
2937 2074 3016 2135 ad
3061 2074 3344 2137 altiorem

1774 2164 2032 2225 modum
2065 2166 2508 2245 cognoscendi,
2544 2167 2628 2227 ita
2655 2172 2716 2229 et
2746 2168 2822 2228 ad
2865 2168 3346 2231 universaliores

1776 2258 2042 2338 species.
2081 2260 2156 2321 Et
2194 2260 2330 2321 hoec
2357 2260 2678 2323 conclusio
2705 2262 2904 2341 magis
2941 2280 3014 2323 ex
3059 2264 3343 2341 sequenti

1778 2352 2038 2433 patebit.

1857 2449 1919 2509 s.
1969 2445 2250 2527 objectio.
2285 2480 2367 2495 -
2405 2448 2756 2531 Responsio.
2791 2482 2873 2497 -
2909 2452 3136 2512 Contra
3177 2452 3346 2513 illam

1777 2558 1931 2603 vero
1961 2540 2146 2621 objici
2197 2548 2402 2623 potest
2453 2544 2933 2606 tundamentum
2965 2546 3037 2607 D.
3067 2545 3341 2621 Thema»,

1779 2636 1929 2715 quia
1965 2635 2207 2714 species
2265 2636 2488 2700 infusae
2537 2645 2684 2701 sunt
2725 2640 2914 2701 modo
2957 2640 3346 2701 connaturali

1780 2730 2006 2791 animae
2031 2728 2340 2791 humanae.
2379 2732 2506 2794 Sed
2535 2750 2790 2795 necesse
2822 2736 2918 2794 est
2945 2740 3014 2794 ut
3041 2734 3160 2813 ipsi
3187 2735 3348 2795 Tho·

1779 2822 1980 2884 mistae
2009 2822 2164 2884 illud
2211 2825 2475 2901 solvant,
2509 2826 2778 2888 dicendo
2823 2828 2986 2889 hanc
3021 2830 3348 2891 scientiam

1780 2934 1908 2977 non
1940 2934 2080 2979 esse
2111 2917 2382 2979 infusam
2413 2920 2594 2999 juxta
2635 2922 3046 3001 capacitatem
3103 2926 3346 2985 tantum

1779 3010 2157 3083 naturalem,
2188 3010 2296 3072 sed
2323 3012 2504 3091 juxta
2549 3012 3059 3091 obedientialem,
3093 3022 3156 3077 et
3203 3014 3346 3078 ideo

1778 3103 2038 3164 modum
2077 3105 2216 3183 ejus
2241 3122 2370 3165 non
2415 3124 2554 3168 esse
2603 3110 3096 3171 mensurandum
3127 3128 3198 3171 ex
3231 3130 3346 3173 na·-

1780 3196 1970 3256 turali
1993 3196 2182 3257 modo
2221 3199 2526 3277 operandi
2563 3199 2766 3279 ipsius
2793 3204 3106 3281 potentiae,
3131 3203 3242 3265 sed
3271 3222 3344 3264 ex

1778 3288 2162 3367 perfectione
2188 3290 2398 3353 debita
2441 3292 2560 3372 ipsi
2585 3296 2862 3355 scientim
2909 3296 2988 3357 ad
3020 3314 3208 3375 quam
3243 3316 3346 3376 po-

1778 3382 1976 3443 tentia
1999 3382 2320 3455 elevatum
2353 3384 2512 3446 sicut
2549 3386 2612 3446 in
2641 3387 2878 3450 visione
2929 3390 3110 3451 bonta
3146 3390 3347 3451 cleva-

1776 3478 1880 3537 tur
1921 3476 2202 3555 potentia
2263 3476 2343 3538 ad
2393 3478 2694 3541 unionem
2746 3500 2888 3542 cum
2944 3484 3080 3563 ipsa
3134 3502 3347 3544 essen-

1778 3570 1865 3632 tia
1903 3571 2112 3630 divina
2157 3588 2272 3651 per
2301 3572 2560 3633 modum
2604 3575 3068 3653 perfectissimae
3103 3582 3164 3637 et
3213 3577 3346 3637 uni-

1778 3662 2214 3725 versalissimae
2275 3666 2528 3744 speciei,
2563 3672 2625 3727 et
2680 3668 2763 3729 ibi
2823 3686 2948 3729 non
3005 3670 3350 3732 attenditur

1780 3756 2087 3819 naturalis
2118 3756 2390 3820 conditio
2420 3762 2732 3838 potentiae,
2767 3762 2878 3823 sed
2919 3762 3216 3842 perfectio
3257 3762 3348 3825 lu·

1782 3868 1991 3911 minis,

1864 3946 1922 4007 6.
1975 3946 2220 4026 Species
2245 3947 2468 4025 infusor
2514 3949 2732 4009 animoe
2783 3948 3021 4013 Christi
3053 3952 3348 4031 speciebus

1786 4040 2083 4124 anyeliois
2129 4042 2614 4103 universaliores.
2647 4074 2728 4089 -
2771 4042 3048 4123 objectio.
3080 4076 3164 4091 —
3201 4046 3350 4109 Res-

1780 4134 2017 4217 ponsio.
2039 4132 2294 4193 -Dico
2327 4133 2531 4205 tertie,
2564 4134 2680 4195 has
2711 4136 2950 4214 species
2985 4136 3178 4199 fuisse
3215 4136 3352 4198 uni·

1784 4228 2160 4288 versaliores
2183 4244 2374 4307 quam
2403 4226 2526 4288 sint
2555 4230 2795 4307 species
2825 4230 3229 4311 Angelorum.
3257 4232 3349 4294 Ita

1786 4322 1978 4382 sentit
2009 4322 2080 4381 D.
2115 4319 2408 4392 ThomaS,
2444 4321 2504 4380 in
2559 4324 2620 4397 3,
2655 4322 2798 4384 dist.
2851 4326 2948 4397 14,
2975 4331 3091 4386 art.
3130 4328 3210 4397 33
3243 4324 3350 4388 Ri-

1786 4416 1988 4489 char.,
2031 4418 2148 4475 art.
2183 4416 2243 4489 4,
2277 4432 2339 4494 q.
2373 4416 2456 4492 23
2495 4414 2686 4492 Soet,
2719 4434 2779 4497 q.
2804 4420 2866 4493 4,
2899 4420 3066 4498 quia,
3089 4418 3232 4481 licet
3263 4420 3351 4500 ip-

1786 4528 1855 4573 se
1888 4526 2098 4589 neque
2125 4510 2190 4569 in
2229 4508 2508 4590 Angelis,
2539 4528 2748 4591 neque
2776 4512 2844 4573 in
2888 4514 3096 4574 anima
3127 4512 3350 4577 Christi

1787 4602 2076 4665 admittat
2101 4603 2490 4665 universales
2523 4606 2784 4684 species,
2819 4604 2966 4668 dicit
2991 4612 3206 4669 tamen
3237 4608 3350 4670 has

1786 4696 2028 4777 species
2063 4696 2288 4758 animae
2325 4698 2548 4761 Christi
2590 4698 2784 4761 fuisse
2813 4700 3218 4778 perfectiores
3244 4718 3351 4762 an·

1789 4791 2004 4873 gelicis
2019 4812 2037 4867 ς
2061 4790 2192 4851 imo
2219 4790 2408 4851 sentit
2437 4808 2576 4853 esse
2605 4790 3088 4872 perfectissimas
3111 4810 3250 4873 quae
3272 4794 3350 4857 de

1788 4888 2070 4966 potentia
2098 4884 2382 4945 absoluta
2422 4900 2562 4945 esse
2606 4890 2892 4965 possunt,
2927 4886 3096 4965 quod
3131 4904 3352 4948 neces-

1788 4978 2024 5040 sarium
2051 4994 2182 5039 non
2207 4982 2320 5039 est.
2356 4974 2662 5039 Probatur
2687 4994 2838 5058 ergo
2869 4980 3184 5042 conclusio
3227 4980 3354 5060 pri·-

1788 5088 1917 5147 m0,
1951 5070 2100 5150 quia
2129 5070 2192 5131 in
2216 5070 2506 5131 omuibus
2529 5068 3175 5150 aliispert‘eetionibus
3214 5082 3354 5155 gr·-

1788 5168 1893 5228 tiae
1923 5173 1985 5227 et
2013 5166 2307 5240 scientiae,
2327 5166 2541 5227 anima
2553 5164 2776 5228 Christi
2805 5168 3122 5248 superavit
3146 5169 3349 5247 Ange·

1790 5260 1915 5335 los;
1944 5276 2059 5321 cur
2080 5274 2206 5321 non
2245 5260 2434 5321 etiam
2461 5261 2528 5320 in
2555 5259 2710 5321 ista?
2737 5262 3138 5343 Respondent
3163 5262 3352 5340 aliqui

1788 5354 2149 5427 Thomistae‚
2187 5370 2314 5415 non
2357 5370 2496 5416 esse
2528 5354 2810 5417 eamdem
2840 5356 3170 5427 rationem,
3206 5354 3352 5434 quia

1791 5448 2030 5530 species
2056 5448 2278 5511 infusoe
2307 5454 2454 5509 sunt
2495 5448 2934 5512 connaturales
2961 5450 3186 5511 animai
3237 5451 3354 5511 hu·

1790 5556 2014 5620 mansi,
2048 5548 2102 5607 et
2128 5543 2335 5605 anima
2369 5538 2592 5605 Christi
2619 5546 2934 5624 superavit
2984 5544 3253 5624 Angelos
3289 5546 3352 5607 in
