3892 6167
484 335 604 396 540

991 533 1414 600 ARTICULUS
1457 538 1530 600 11.

499 721 564 785 U
564 725 729 785 trum
755 723 1106 788 humanitas
1136 723 1376 788 Christi
1417 726 1738 790 adoranda
1771 725 1854 790 sit
1891 727 2043 791 ado·

974 816 1212 880 ratione
1263 815 1472 883 latrice
1503 821 1548 883 ¹.

567 1001 621 1062 Ι.
668 997 777 1061 Aa
828 1001 1149 1065 secundum
1210 1002 1300 1066 sic
1340 1003 1716 1083 proceditur.
1785 1003 2044 1070 Videtur

481 1093 642 1172 quod
661 1093 1016 1158 humanitas
1037 1093 1278 1159 Christi
1302 1113 1424 1159 non
1446 1097 1532 1159 sit
1558 1097 1878 1160 adoranda
1899 1097 2043 1160 ado-

481 1187 718 1248 ratione
746 1185 972 1252 latrice.
1013 1186 1173 1262 Quia
1199 1208 1381 1272 super
1403 1187 1582 1254 Psal.
1615 1193 1692 1253 98
1721 1206 1738 1252 :
1767 1189 2043 1253 Adorate

481 1279 808 1343 scabellum
840 1282 1066 1362 pedum
1103 1283 1255 1364 ejus,
1284 1283 1570 1363 quoniam
1611 1287 1884 1347 sanctum
1915 1286 2005 1344 est
2025 1329 2043 1356 ,

485 1371 635 1436 dicit
665 1371 934 1440 Gtosest:
963 1374 1147 1452 Caro,
1181 1395 1220 1439 a
1255 1375 1443 1444 Verbo
1461 1375 1581 1438 Dei
1603 1381 1939 1458 assumpta,
1968 1375 2049 1438 si·

481 1483 556 1530 ne
575 1468 888 1548 impietate
915 1471 1218 1532 adoratm·
1245 1487 1283 1531 a
1303 1468 1471 1532 nobis
1490 1492 1515 1540 ;
1543 1469 1690 1548 quia
1711 1487 1880 1533 nemo
1909 1487 2053 1534 car-

481 1578 616 1623 nem
668 1561 798 1640 ejus
839 1561 1258 1643 spiritualiter
1308 1563 1663 1638 manducat,
1699 1563 1824 1627 nisi
1869 1563 2053 1644 prius

481 1655 694 1718 adoret
712 1679 738 1725 ,·
765 1673 884 1718 non
901 1653 1023 1718 illa
1044 1657 1174 1720 dico
1189 1657 1544 1720 adoratione
1565 1675 1701 1736 ques
1720 1657 1916 1720 latria
1936 1661 2047 1732 est,

481 1763 618 1828 quoe
643 1746 925 1812 Creatori
953 1751 1214 1814 debetur.
1254 1748 1412 1814 Caro
1440 1753 1641 1814 autem
1699 1749 1937 1815 Christi
1961 1756 2049 1814 est

473 1859 635 1922 pars
685 1843 1110 1908 humanitatis.
1172 1844 1351 1927 Eryo
1406 1845 1760 1910 humanitas
1808 1844 2049 1909 Christi

482 1954 601 1999 non
628 1945 714 2000 est
743 1939 1061 2002 adoranda
1089 1941 1446 2002 adoratione
1473 1939 1700 2004 latrice.

561 2033 618 2093 2.
655 2029 990 2108 Proeterea,
1034 2031 1234 2094 cultus
1282 2031 1491 2098 latria
1530 2031 1696 2095 nulli
1749 2038 2045 2098 creatura·

483 2124 727 2186 debetur
739 2147 765 2196 ;
795 2143 866 2188 eu
916 2126 1023 2190 hoc
1076 2127 1236 2189 enim
1291 2127 1696 2208 reprobantur
1740 2125 2041 2202 Gentiles,

480 2218 640 2294 quod
666 2215 978 2281 coluerunt
1007 2225 1062 2282 et
1088 2221 1425 2284 servierunt
1445 2225 1763 2297 creaturae,
1787 2225 1857 2284 ut
1885 2223 2046 2286 dici-

481 2315 586 2370 tm·
611 2307 787 2374 Rom.
825 2315 880 2378 1.
910 2309 1040 2376 Sed
1083 2314 1438 2376 humanitas
1481 2311 1722 2378 Christi
1753 2318 1843 2378 est
1870 2333 2047 2379 crea-

481 2407 647 2466 tura.
679 2401 856 2486 Eryo
883 2423 1004 2468 non
1043 2411 1130 2470 est
1180 2407 1502 2472 adoranda
1551 2408 1908 2471 adoratione
1943 2407 2047 2472 la-

482 2497 648 2562 trioe.

1707 339 1940 402 QUAEST.
1978 339 2127 396 XXV.
2162 339 2365 394 Anne.
2402 337 2463 392 11.

2122 442 2278 508 sicut
2294 443 2553 507 adorare
2572 447 2787 507 vestem
2814 443 3001 526 repis,
3014 439 3179 506 nihil
3204 449 3292 506 est
3312 441 3494 510 aliud
3518 465 3693 528 quam

2125 537 2385 601 adorare
2409 553 2609 619 reqem
2626 537 2928 602 vestitum.
2950 535 3047 600 Et
3068 537 3407 601 secundum
3428 537 3539 605 hoc
3558 546 3697 606 ado-

2126 632 2290 695 ratio
2322 631 2725 694 humanitatis
2755 629 2995 696 Christi
3022 636 3110 696 est
3140 633 3433 696 adoratio
3464 633 3691 701 latria.

2124 723 2275 788 Alio
2300 725 2473 788 modo
2484 727 2687 807 potest
2719 723 2999 808 intelligi
3022 725 3312 790 adm‘atio
3340 727 3697 792 humanita-

2124 819 2209 881 tis
2235 817 2497 892 Christi,
2533 834 2667 897 qua·
2688 819 2770 880 sit
2800 818 3040 881 ratione
3065 817 3493 883 hmanitatis
3524 820 3701 885 Chri-

2122 911 2209 974 sti
2246 914 2542 993 perfecte
2586 911 2749 973 omni
2810 927 3054 974 munere
3097 913 3490 994 qratia-rum,
3520 919 3577 974 et
3622 917 3702 978 sie

2122 1005 2403 1068 adoratio
2429 1004 2837 1069 humanitatis
2876 1003 3119 1068 Christi
3142 1021 3271 1068 non
3302 1011 3395 1068 est
3422 1007 3700 1070 adoratio

2124 1093 2353 1170 latrioe,
2382 1097 2491 1161 sed
2530 1097 2811 1160 adoratio
2836 1096 3041 1162 dulim.
3078 1096 3213 1171 Ita,
3240 1097 3515 1171 scilicet,
3550 1101 3699 1176 quod

2123 1207 2249 1254 una
2278 1195 2337 1252 et
2368 1191 2575 1254 eadem
2596 1207 2863 1272 persona
2894 1188 3135 1254 Christi
3158 1191 3465 1254 adoretur
3492 1194 3701 1256 adora-

2128 1285 2287 1347 tione
2344 1281 2557 1348 latrioe
2600 1288 2859 1366 propter
2909 1301 3083 1348 suam
3142 1284 3549 1348 divinitatem
3580 1333 3599 1359 ,
3652 1293 3699 1348 et

2129 1377 2484 1442 adoratione
2513 1375 2701 1441 dulice
2728 1381 2989 1460 propter
3010 1377 3461 1460 perfectionem
3490 1379 3699 1444 huma-

2128 1472 2368 1536 nitatis,

2212 1565 2293 1630 N
2287 1585 2349 1631 ee
2367 1567 2474 1630 hoc
2492 1569 2578 1629 est
2592 1565 3040 1629 inconveniens:
3056 1567 3208 1646 quia
3222 1567 3355 1648 ipsi
3370 1565 3511 1630 Deo
3520 1567 3703 1634 Patri

2135 1659 2378 1722 debetur
2398 1661 2584 1721 honor
2609 1657 2817 1721 latrioe
2826 1663 3086 1740 propter
3104 1660 3427 1734 deitatem,
3446 1665 3507 1722 et
3528 1663 3701 1724 hom

2132 1751 2319 1816 dulioe
2340 1757 2600 1834 propter
2638 1753 2991 1825 dominium,
3026 1769 3143 1834 quo
3188 1755 3509 1835 pubes-nat
3554 1775 3701 1819 crea·

2127 1849 2351 1909 turam.
2416 1845 2595 1908 Unde
2638 1863 2821 1928 super
2860 1844 3029 1908 illud
3080 1843 3261 1910 Psal.
3304 1847 3347 1910 7
3382 1863 3403 1908 ε
3454 1847 3703 1912 Domine

2126 1939 2290 2002 Deus
2328 1955 2513 2014 meus,
2544 1938 2615 2000 in
2652 1943 2710 2002 te
2741 1939 3007 2020 speravi,
3039 1938 3195 2002 dicit
3240 1935 3449 2004 Closs.
3486 1941 3505 1980 ¹
3534 1960 3553 2002 ε
3586 1941 3703 2004 Do-

2123 2035 2335 2098 minus
2353 2033 2640 2107 omnium,
2660 2051 2782 2116 per
2796 2033 3163 2116 potentiam,
3192 2033 3297 2098 cui
3324 2033 3587 2098 debetur
3602 2036 3705 2098 du-

2127 2125 2219 2188 lia
2231 2150 2258 2198 ;
2285 2127 2454 2190 Deus
2482 2125 2747 2189 omnium
2768 2144 2886 2208 per
2912 2125 3297 2202 creationem,
3333 2127 3445 2192 cui
3470 2127 3705 2192 debetur

2129 2217 2345 2284 latria.

2207 2313 2605 2396 Adprimum
2631 2331 2771 2397 eryo
2797 2312 3138 2388 dicendum,
3162 2315 3333 2395 quod
3366 2313 3577 2380 Gloss.
3600 2318 3627 2354 ²
3644 2317 3705 2378 il-

2129 2407 2195 2469 la
2224 2425 2344 2470 non
2382 2413 2471 2471 est
2490 2409 2580 2472 sic
2603 2406 3034 2488 intelligenda,
3056 2409 3239 2488 quasi
3268 2427 3558 2474 seorsum
3580 2413 3707 2472 ado-

2126 2505 2301 2562 retur
2322 2518 2464 2564 caro
2484 2499 2723 2564 Christi
2746 2501 2820 2563 ab
2844 2499 2974 2578 ejus
3001 2501 3334 2566 divinitate
3365 2524 3395 2571 ,·
3424 2504 3545 2566 hoc
3569 2504 3705 2565 enin

563 2593 620 2656 3.
647 2591 984 2670 Praeterea,
1012 2597 1292 2660 adoratio
1328 2597 1537 2660 latrioe
1555 2599 1798 2660 debetur
1827 2597 1953 2662 Deo
1979 2599 2047 2660 in
2118 2598 2321 2674 posset
2351 2595 2695 2678 continyere
2722 2591 2917 2657 solum
2946 2593 3055 2658 hoc
3087 2595 3286 2671 modo,
3312 2595 3375 2658 si
3408 2600 3571 2660 esset
3592 2594 3707 2658 alia

479 2686 943 2767 reeoynitionem
960 2691 1216 2752 onaaimi
1243 2691 1518 2766 dmninii,
1534 2691 1852 2753 secundum
1878 2689 2047 2753 illud

482 2777 804 2844 Deuteron.
837 2783 906 2844 6:
931 2781 1256 2846 Dominum
1303 2783 1500 2848 Deum
1537 2789 1708 2846 tuum
1734 2783 2041 2856 adorabis,

484 2876 542 2933 et
579 2871 688 2935 illi
735 2873 854 2936 soli
907 2877 1144 2940 servies.
1203 2874 1334 2940 Sed
1381 2875 1688 2951 Christus,
1721 2877 2044 2942 secundum

483 2967 642 3044 quod
663 2971 750 3030 est
775 2970 969 3044 homo,
996 2973 1084 3032 est
1123 2969 1322 3032 minor
1365 2969 1584 3034 Patre.
1618 2969 1796 3053 Eryo
1823 2971 2043 3036 huzma-

481 3058 651 3121 nitas
671 3059 802 3139 ejus
817 3077 939 3124 non
961 3065 1049 3124 est
1081 3063 1439 3126 adoratione
1465 3061 1674 3128 latrice
1695 3065 2039 3131 adoranda.

566 3151 699 3216 Sed
741 3159 952 3219 contra
992 3160 1080 3220 est
1127 3158 1288 3236 quod
1325 3157 1736 3223 Damascenus
1784 3160 1936 3223 dicit
1977 3159 2045 3223 in

485 3248 525 3308 3
553 3244 666 3310 tib:
693 3247 754 3312 ³:
787 3248 1112 3314 Adoratur
1143 3257 1344 3316 autem
1379 3271 1520 3316 caro
1553 3251 1798 3317 Christi
1830 3254 2046 3318 incar-

481 3344 626 3401 nato
671 3341 860 3406 Verbo
881 3343 1030 3418 Deo,
1058 3363 1179 3407 non
1196 3351 1456 3428 propter
1468 3347 1753 3428 seipsam,
1781 3347 1888 3410 sed
1891 3365 2051 3426 pro-

475 3441 623 3514 pter
647 3435 889 3498 imitmn
921 3437 978 3500 ei
1003 3441 1327 3503 secundum
1365 3440 1748 3520 hypostasim
1793 3440 2053 3508 Verbum

485 3525 623 3590 Dei.
655 3527 752 3590 Εἰ
797 3547 978 3612 super
1011 3530 1178 3595 illud
1205 3529 1384 3597 Psal.
1422 3535 1500 3596 98
1531 3551 1546 3592 :
1593 3531 1871 3595 Adorate
1913 3551 2053 3596 sca-

487 3619 710 3684 bellum
727 3625 958 3706 pedum
985 3625 1133 3704 ejus,
1166 3627 1318 3692 dicit
1344 3623 1563 3690 Glossa
1583 3626 1606 3665 ⁴
1641 3644 1658 3687 ε
1689 3625 1808 3700 Qui
1829 3625 2054 3689 adorat

488 3733 704 3798 corpus
731 3717 990 3796 Christi,
1012 3739 1132 3784 non
1168 3724 1400 3784 terram
1418 3721 1711 3796 intuetur,
1738 3721 1844 3784 sed
1869 3719 2052 3781 illum

475 3812 688 3892 potius
713 3813 884 3894 eujus
898 3813 1225 3880 scabellum
1253 3820 1362 3886 est,
1389 3815 1564 3895 cujus
1587 3815 1658 3878 in
1680 3815 1898 3877 honore
1921 3832 2053 3878 sca-

489 3902 711 3966 bellum
739 3909 982 3973 adorat.
1019 3907 1151 3972 Sed
1193 3909 1451 3976 Verbum
1478 3909 1873 3974 incarnatum
1897 3909 2049 3971 ado-

484 4001 668 4060 ratur
693 4001 1050 4065 adoratione
1080 4001 1307 4068 latria.
1343 4001 1523 4085 Erqo
1552 4007 1607 4066 et
1648 4019 1864 4084 corpus
1896 4000 2047 4081 ejus,

485 4089 608 4153 sice
635 4093 765 4171 ejice
790 4095 1160 4161 humanitas.

568 4183 918 4268 Respondeo
945 4189 1282 4269 dicendimi,
1313 4191 1496 4271 quod,
1525 4190 1684 4256 sicut
1701 4205 1892 4272 supra
1918 4190 2053 4254 dic-

488 4284 620 4342 tum
665 4285 752 4344 est
781 4283 829 4354 ⁵,
859 4283 1050 4346 honor
1099 4283 1481 4348 adorationis
1501 4281 1758 4365 proprie
1813 4282 2057 4346 debetur

489 4373 807 4454 hypostasi
827 4375 1175 4440 subsistenti
1194 4400 1222 4448 ,·
1251 4381 1454 4440 tamen
1478 4375 1645 4439 ratio
1673 4373 1918 4438 honoris
1933 4393 2056 4456 po-

490 4469 610 4528 test
633 4483 754 4530 esse
791 4465 1037 4547 aliquid
1060 4487 1180 4532 non
1220 4468 1548 4533 subsistens
1590 4472 1852 4552 propter
1897 4469 2059 4550 quod

491 4559 828 4622 honoratur
860 4579 1124 4644 persona
1169 4562 1270 4628 cui
1308 4561 1476 4626 illud
1525 4562 1704 4626 inest.
1748 4559 2055 4626 Adoratio

489 4653 688 4735 iqitur
739 4655 1144 4720 humanitatis
1198 4655 1437 4721 Christi
1490 4655 1820 4738 dupliciter
1851 4659 2055 4736 potest

489 4747 785 4831 intelliyi.
829 4750 968 4815 Uno
995 4751 1191 4825 modo,
1220 4755 1291 4815 ut
1315 4752 1398 4814 sit
1418 4749 1548 4832 ejus
1581 4751 1741 4816 sicut
1780 4749 1873 4813 rei
1899 4750 2053 4814 ado-

489 4846 647 4905 ratoe
669 4867 694 4912 ,·
723 4845 895 4909 etsie
921 4845 1180 4908 adorare
1219 4863 1465 4909 carnem
1504 4845 1743 4910 Christi
1771 4841 1934 4907 nihil
1966 4849 2053 4908 est

489 4934 670 4999 aliud
695 4954 878 5018 quam
906 4939 1164 5004 adorare
1205 4938 1462 5007 Verbum
1484 4939 1604 5004 Dei
1618 4938 2008 5004 incarnatum
2023 4962 2051 5010 ,-

578 5125 705 5199 13,
755 5122 820 5186 d.
860 5123 1014 5205 9,q.
1057 5128 1115 5200 1,
1165 5143 1223 5188 a.
1256 5128 1320 5204 2,
1357 5143 1420 5206 q.
1460 5130 1521 5206 1,
1565 5132 1632 5189 et
1669 5143 1733 5206 q.
1770 5127 1832 5202 4,
1862 5125 1945 5188 ad
1989 5127 2046 5187 1.

571 5215 599 5258 ²
637 5217 800 5280 Glos.
833 5217 967 5280 ord.
1003 5217 1115 5296 ibi,
1137 5219 1499 5302 exAugust.
1526 5219 1709 5302 ibid„
1745 5225 1899 5284 tom.
1927 5221 1988 5282 8.

577 5309 604 5352 ³
631 5309 891 5375 orthod.
923 5310 1060 5389 fid..
1089 5331 1144 5375 e.
1171 5315 1234 5390 3,
1265 5315 1414 5379 cire.
1445 5315 1609 5396 prin.

577 5404 602 5444 ⁴
631 5405 740 5467 Est
764 5406 1030 5486 August.
1061 5404 1246 5484 ibid„
1283 5413 1435 5472 tom.
1469 5411 1531 5472 8.
1589 5467 1600 5480 ,

581 5501 604 5538 ⁵
637 5500 766 5560 Art.
805 5517 994 5580 praec.
1493 5497 1500 5502 ’

2126 2689 2475 2772 hypostasis
2520 2689 2642 2752 Dei
2668 2693 2727 2754 et
2772 2687 3049 2753 hominis.
3094 2687 3229 2752 Sed
3254 2687 3439 2768 quia,
3470 2693 3547 2752 ut
3586 2689 3701 2750 Da-

2124 2799 2383 2846 mascen.
2436 2781 2585 2847 dicit
2616 2781 2664 2852 ⁸,
2699 2781 2759 2844 si
2805 2781 3048 2845 dividas
3079 2779 3420 2846 subtilibus
3474 2781 3701 2844 intelli-

2123 2875 2351 2957 gentiis
2379 2877 2402 2916 ⁴
2428 2875 2591 2956 quod
2616 2876 2880 2952 videtur,
2914 2875 2991 2938 ab
3018 2893 3081 2938 eo
3106 2875 3273 2956 quod
3296 2871 3697 2956 intelliyitur‚

2124 2969 2533 3034 inadorabilis
2551 2975 2638 3033 est
2658 2973 2728 3032 ut
2746 2973 3054 3046 creatwra,
3084 2968 3326 3033 scilicet
3356 2970 3703 3034 adoratione

2127 3062 2354 3129 lab-icc.
2390 3061 2483 3125 Et
2525 3067 2668 3126 tunc
2703 3063 2791 3126 sic
2836 3059 3189 3138 intellectis,
3214 3065 3289 3126 ut
3316 3068 3637 3144 separata·
3670 3081 3703 3126 a

2124 3157 2246 3220 Dei
2288 3157 2497 3234 Verbo,
2530 3157 2841 3218 deberetur
2866 3154 2987 3217 sibi
3012 3155 3297 3218 adoratio
3324 3153 3577 3226 dulim
3601 3172 3699 3216 non

2126 3250 2523 3332 cujuscunque
2572 3247 2771 3331 (puta,
2802 3267 2937 3330 quoe
2962 3249 3366 3313 communiter
3404 3249 3702 3312 exhibetur

2132 3343 2281 3406 aliis
2324 3341 2676 3428 creaturis),
2706 3343 2812 3406 sed
2860 3341 3175 3421 cujusdam
3230 3341 3695 3414 excellentioris,

2132 3452 2247 3515 qua
2256 3455 2315 3496 m
2342 3435 2777 3518 hyper-duliam
2798 3439 3033 3500 vocant.

2212 3529 2307 3592 Et
2332 3547 2452 3610 per
2478 3531 2591 3594 hoc
2617 3530 2804 3594 etiam
2830 3533 3012 3611 patet
3036 3527 3347 3610 responsio
3382 3533 3476 3595 ad
3503 3549 3697 3598 secun-

2134 3625 2277 3686 dum
2307 3629 2365 3686 et
2392 3623 2644 3687 tertium
2660 3647 2687 3694 ,·
2713 3626 2864 3704 quia
2892 3623 3175 3689 adoratio
3206 3622 3431 3688 latria·
3458 3644 3583 3688 non
3606 3645 3695 3690 es-

2133 3720 2372 3782 hibetur
2416 3718 2794 3782 humanitati
2840 3717 3080 3784 Christi
3106 3719 3356 3784 ratione
3395 3721 3693 3803 suiipsius,

2130 3813 2235 3876 sed
2282 3813 2519 3875 ratione
2561 3812 2914 3878 divinitatis
2962 3812 3061 3878 eui
3089 3812 3333 3888 unitur,
3392 3815 3693 3879 secundun

2132 3923 2318 3986 quam
2354 3904 2641 3969 Christus
2665 3923 2787 3968 non
2814 3911 2902 3971 est
2925 3907 3125 3970 minor
3146 3905 3373 3972 Patre.

2214 4027 2361 4100 Quas
2382 4028 2549 4092 circa
2568 4027 3025 4109 expositionem
3042 4027 3273 4092 horum
3298 4029 3695 4094 articulorum

2134 4122 2336 4184 notari
2368 4125 2644 4202 possent,
2675 4122 2903 4184 melius
2925 4121 2993 4185 in
3019 4122 3315 4199 sequenti
3340 4121 3690 4204 disputatio-

2136 4233 2216 4278 ne
2244 4215 2589 4280 tradentur.

2624 4395 3077 4458 DISPUTATIO
3116 4398 3217 4460 LI.

2497 4529 2555 4582 In
2597 4533 2705 4583 tres
2746 4527 3015 4582 sectiones
3046 4527 3355 4584 distributa.

2229 4689 2305 4738 na
2342 4690 2721 4740 monnone
2762 4690 3031 4751 cameto,
3072 4691 3149 4740 m·
3188 4691 3333 4756 nm,
3354 4692 3603 4743 mm.

2218 4847 2525 4921 Quoniam
2550 4849 2850 4927 Christus,
2872 4853 3038 4914 Deus
3064 4857 3129 4914 et
3150 4851 3351 4916 homo
3382 4860 3511 4931 est,
3536 4857 3685 4915 ante·

2134 4959 2325 5023 quam
2378 4943 2719 5008 doceamus
2752 4962 2881 5024 qua
2924 4945 3297 5010 adoratione
3342 4945 3681 5012 adorandus

2218 5133 2236 5169 ¹
2268 5129 2435 5191 Glos.
2462 5128 2893 5206 interlinealis,
2921 5128 3072 5192 ibid.

2214 5223 2242 5261 ²
2265 5221 2464 5286 Citata
2499 5221 2566 5284 in
2590 5239 2841 5302 argum.
2884 5225 2944 5285 ί.

2217 5314 2242 5355 ³
2272 5315 2407 5378 Lib.
2442 5317 2505 5392 3,
2538 5332 2594 5378 e.
2628 5317 2691 5390 3,
2723 5315 2870 5380 cire.
2898 5316 3062 5397 prin.

2216 5407 2240 5448 ⁴
2270 5407 2557 5488 Epinaeis,
2582 5407 2647 5472 id
2676 5413 2793 5486 est,
2824 5409 3311 5490 cogitationibus
3338 5429 3459 5478 seu
3482 5409 3673 5476 mentis

2140 5501 2490 5584 conceptib.
