3892 6167
589 303 716 368 2⁰2

586 406 760 488 quis,
790 423 939 472 eum
964 403 1071 470 ille
1098 405 1276 471 actus
1316 422 1449 470 non
1483 403 1565 468 sit
1592 401 1851 470 omnino
1903 403 2154 468 ahsolu-

585 506 713 576 tus,
744 500 856 564 sed
880 499 1145 580 simplex
1172 498 1457 575 affectus,
1482 515 1631 562 cum
1658 497 1764 561 illo
1794 497 1984 560 simul
2011 513 2154 562 esse

588 598 791 674 potest
814 601 993 658 actus
1038 593 1381 676 appetendi
1429 599 1490 659 et
1528 591 1937 672 aggrediendi
1988 609 2156 658 mor-

590 695 741 764 tem,
785 688 1137 752 obediendo
1164 687 1471 769 superiori
1510 686 1761 761 rationi,
1788 686 1909 748 hoc
1936 685 2158 766 praeci·

588 782 829 866 pienti3
867 800 993 864 quo
1033 800 1223 846 sensu
1270 781 1686 862 Augustiana,
1727 780 1839 845 lib.
1874 782 1956 844 ¹0
2001 780 2156 844 Cou-

590 879 959 956 fessionum,
1000 897 1057 940 c.
1088 879 1195 952 28,
1245 877 1325 940 de
1367 876 1573 958 poenis
1628 876 1917 954 loquens,
1949 873 2148 938 dixit:

594 973 881 1038 stus-ara
922 990 1027 1036 eas
1056 972 1261 1052 jubes,
1286 988 1407 1034 m
1454 988 1686 1048 amare,
1710 987 1879 1032 nemo
1924 974 2150 1044 autem,

589 1068 749 1150 quod
793 1067 1035 1142 tolerat,
1087 1069 1281 1144 aaut,
1334 1065 1610 1146 quamvis
1662 1063 1917 1130 toln-ara
1964 1067 2154 1128 amat.

589 1161 826 1225 Deinde
848 1160 1211 1239 hujusmodi
1238 1159 1499 1224 affectus
1522 1177 1655 1224 non
1681 1157 1799 1220 fuit
1824 1157 1893 1220 in
1914 1155 2158 1222 Christo

590 1255 1067 1329 involuntariae,
1082 1253 1195 1316 sed
1214 1253 1559 1334 prudenter
1586 1251 1894 1316 admissus
1924 1269 2004 1312 ex
2023 1251 2154 1314 dic·

589 1350 823 1414 tamine
850 1350 1111 1414 rationis
1140 1346 1501 1428 superioris,
1546 1346 1719 1410 etita
1768 1345 2010 1408 nullam
2037 1345 2154 1410 ha-

588 1442 781 1506 hebat
804 1445 1117 1506 rationem
1160 1440 1416 1515 fomitis,
1442 1459 1559 1504 nec
1614 1439 1950 1520 specialem
1977 1439 2152 1518 inge·

586 1537 765 1600 rebat
805 1537 1235 1600 difficultatem
1286 1534 1593 1598 voluntati
1644 1533 1891 1608 Christi,
1922 1537 2152 1613 praeter

586 1651 726 1696 eam
754 1648 897 1709 quae
920 1631 1265 1694 intrinseca
1292 1635 1429 1694 erat
1448 1628 1692 1709 objecto
1708 1627 1853 1690 telis
1878 1626 2146 1690 virtutis.

585 1731 747 1792 Tum
788 1727 961 1806 quia,
1000 1733 1072 1788 ut
1126 1725 1367 1787 dictum
1423 1729 1557 1800 est,
1588 1722 1853 1802 ipsemet
1894 1720 2152 1786 affectus

586 1821 951 1899 hujusmodi
978 1839 1059 1884 ex
1087 1821 1309 1884 Christi
1354 1821 1679 1884 voluntate
1720 1817 2060 1899 pendebat,
2091 1825 2154 1884 et

588 1915 791 1978 solum
822 1914 1179 1994 explicabat
1202 1914 1687 1994 propensionem
1710 1919 1990 1987 naturam
2015 1919 2154 1978 tum

590 2009 783 2072 etiam
812 2009 959 2088 quia
1002 2009 1199 2072 virtus
1244 2014 1309 2072 et
1350 2008 1627 2072 efficacia
1664 2007 1927 2070 rationis
1973 2011 2152 2070 tanta

590 2107 724 2166 erat
766 2103 837 2164 in
878 2102 1145 2179 Christo,
1176 2109 1247 2166 ut
1296 2120 1426 2166 non
1472 2108 1685 2182 posset
1740 2100 2149 2175 commoveri,

587 2213 709 2260 nec
732 2196 1043 2258 retardari
1070 2215 1111 2258 a
1150 2194 1374 2277 quovis
1398 2195 1666 2278 simplici
1708 2195 1937 2258 affectu
1991 2193 2152 2258 iufe-

586 2289 771 2353 rioris
796 2290 1137 2370 appetitus.

666 2383 731 2448 6.
780 2383 1045 2464 Objwtio
1076 2385 1281 2450 tortia.
1314 2417 1397 2435 -·-
1436 2383 1791 2466 Bormum.
1814 2413 1897 2434 ι·-
1918 2381 2143 2445 Dices:

588 2493 741 2555 ergo
768 2476 1075 2542 idemmet
1111 2479 1429 2558 appetitus
1457 2477 1791 2540 sensitivus
1832 2475 2060 2538 Christi
2085 2482 2152 2538 et

586 2569 939 2650 refugiebat
964 2577 1235 2634 mortem
1270 2589 1351 2634 ex
1376 2572 1617 2652 impetu
1644 2577 1911 2646 naturas,
1951 2572 2014 2633 et
2043 2587 2152 2649 ap·

586 2663 843 2744 petebat
867 2664 1041 2728 illam
1062 2683 1141 2730 ex
1164 2665 1429 2745 imperio
1454 2665 1829 2738 voluntatis3
1859 2681 2000 2742 quse
2026 2664 2154 2726 duo

586 2757 883 2820 videntur
932 2775 1293 2839 repugnare
1348 2760 1419 2822 in
1478 2759 1761 2840 appetitu
1808 2759 2110 2822 sensitivo
2129 2803 2148 2834 ,

588 2851 842 2929 quinon
862 2851 1113 2914 videtur
1138 2869 1339 2932 capax
1370 2859 1549 2916 actus
1598 2853 2035 2929 conditionati,
2065 2851 2154 2917 si·-

587 2951 695 3008 cut
720 2945 1053 3019 voluntem
1084 2945 1333 3008 videtur
1360 2947 1529 3008 euim
1563 2945 1843 3026 pendere
1882 2965 1965 3008 ex
1994 2963 2152 3026 qun·-

587 3037 736 3100 dam
767 3037 1101 3100 collatione
1128 3045 1193 3101 et
1230 3038 1535 3101 discursu.
1586 3039 2026 3120 Respondetur
2051 3057 2152 3101 re-

586 3132 851 3195 veraita
880 3149 1043 3206 esse,
1084 3138 1151 3194 et
1190 3131 1337 3195 illos
1382 3137 1561 3194 actus
1594 3151 1725 3194 non
1776 3151 1915 3196 esse
1959 3151 2152 3214 repu-

586 3231 887 3306 gnantes,
939 3227 1087 3304 quia
1132 3243 1299 3288 unus
1344 3231 1443 3288 est
1488 3232 1795 3306 tanquam
1844 3226 2148 3307 appetitio

588 3319 831 3391 efficax,
868 3337 1131 3382 movens
1158 3320 1497 3382 efficaciter
1524 3320 1607 3382 ad
1634 3338 1819 3400 opust,
1848 3321 2012 3382 alius
2039 3339 2150 3383 ve·-

585 3429 661 3476 ro
686 3413 891 3475 solum
920 3431 1036 3494 per
1058 3414 1319 3476 modum
1346 3413 1647 3494 simplicia
1677 3415 2150 3494 complacenties

586 3523 701 3569 sen
720 3506 1131 3586 displicentiae
1148 3526 1164 3580 3
1198 3508 1347 3587 quia
1364 3525 1495 3568 non
1518 3507 1717 3570 tendit
1736 3508 1803 3568 in
1826 3509 1929 3588 obj
1938 3515 2150 3572 ectum

586 3600 872 3664 absolute
904 3607 967 3663 et
992 3601 1357 3682 simpliciter
1396 3601 1883 3676 consideratum,
1934 3608 2006 3665 ut
2045 3602 2151 3666 hic

586 3699 651 3755 et
668 3711 837 3756 nunc
852 3695 1299 3773 exequendum
1327 3695 1429 3756 vel
1451 3694 1847 3775 fugiendum,
1880 3703 2148 3775 pensata

586 3787 757 3849 omni
785 3789 1029 3850 ratione
1056 3789 1209 3851 honi
1254 3795 1319 3852 et
1360 3789 1509 3851 mali
1538 3804 1729 3868 quam
1772 3788 1987 3865 habet,
2034 3789 2150 3852 sed

582 3885 829 3944 tantum
854 3881 1323 3946 consideratum
1350 3883 1703 3946 secundum
1736 3883 2018 3961 aliquam
2043 3903 2152 3946 ra·-

582 3974 821 4038 tionem
845 3975 1000 4040 boni
1024 3983 1133 4040 aut
1158 3978 1311 4040 mali
1335 3977 1593 4058 praecise
1623 3983 1970 4056 sumptam,
2003 3997 2078 4040 ac
2097 3979 2150 4042 si

584 4075 753 4133 esset
772 4069 933 4148 sola,
954 4077 1023 4134 et
1043 4072 1125 4134 ab
1146 4072 1283 4134 aliis
1310 4071 1645 4151 disjuncta.
1660 4072 1737 4132 Et
1754 4071 1897 4134 ideo
1920 4071 2151 4134 dieitur

586 4163 689 4226 ille
716 4169 896 4228 actus
924 4165 1415 4240 conditionatos,
1448 4165 1597 4244 quia
1625 4165 1860 4228 virtute
1882 4164 2150 4228 includit

582 4257 1031 4332 conditionem,
1060 4265 1123 4320 et
1144 4277 1261 4338 per
1284 4275 1427 4320 eum
1456 4259 1823 4338 explicatur,
1854 4260 2148 4337 quamvis

579 4347 1109 4414 formaliterillam
1124 4350 1613 4414 conditionalem
1642 4352 2144 4432 propositionem

581 4459 713 4504 non
736 4443 1018 4507 includat
1042 4465 1061 4520 3
1084 4463 1275 4525 quem
1298 4444 1561 4506 modum
1584 4445 1925 4524 appetendi
1951 4447 2140 4508 etiam

580 4535 649 4597 in
667 4535 1209 4600 brutisinterdum
1224 4538 1441 4600 videre
1462 4537 1627 4612 licet,
1650 4544 1955 4618 appetunt
1973 4539 2146 4602 enim

582 4629 841 4708 aliquod
874 4629 1214 4710 objectum,
1235 4637 1299 4694 et
1316 4636 1489 4693 metu
1521 4632 2040 4710 continentur,ne
2063 4632 2146 4695 ad

582 4723 739 4785 illud
758 4729 1155 4800 moveantur,
1189 4725 1361 4804 quod
1384 4731 1479 4787 est
1497 4725 1772 4804 signum,
1804 4724 1982 4788 illum
2005 4743 2148 4790 esse

582 4817 929 4897 appetitum
948 4817 1297 4897 simplicem
1324 4825 1387 4880 et
1408 4819 1815 4880 inefficacem.

663 4911 723 4970 ’1.
745 4909 889 4972 Dice
910 4911 1209 4988 secundo,
1234 4929 1367 4974 non
1394 4912 1584 4974 fuisse
1604 4912 1671 4972 iu
1695 4912 1937 4975 Christo
1963 4913 2149 4977 fomi-

584 5006 737 5074 tem,
762 5003 949 5064 etiam
973 5004 1185 5082 quoad
1203 5010 1411 5068 actum
1434 5005 1733 5084 primum.
1754 5007 1866 5068 Hic
1896 5013 1992 5068 est
2003 5025 2148 5070 sen-

581 5113 687 5156 sus
716 5097 785 5160 D.
818 5097 1073 5160 Thomae
1107 5099 1233 5173 hic,
1268 5104 1335 5160 et
1361 5099 1631 5161 eliorum
1652 5099 2139 5180 Theologorum,

583 5189 651 5250 in
678 5191 739 5266 3,
768 5189 915 5252 dist.
942 5193 1047 5266 15,
1080 5193 1187 5272 qui
1216 5193 1405 5255 etiam
1426 5193 1493 5254 in
1528 5193 1902 5256 Beatissima
1944 5195 2148 5275 Virgi-

582 5301 666 5345 ne·
694 5283 908 5348 dicunt
932 5284 1125 5348 fuisse
1157 5288 1497 5350 extinctum
1518 5287 1823 5358 fomitem,
1864 5287 2090 5350 saltem
2109 5308 2150 5352 a

580 5383 865 5456 tempore
887 5378 1365 5455 incarnationis,
1412 5387 1477 5442 et
1522 5381 1871 5460 loquuntur
1894 5380 1976 5444 de
2001 5389 2150 5445 actu

582 5469 787 5550 primo
814 5491 827 5549 ;
860 5489 1009 5534 uam
1054 5481 1265 5554 actum
1310 5465 1683 5550 secundum,
1734 5492 1851 5538 seu
1903 5479 2146 5538 motum

1830 305 2068 370 QUAEST.
2097 303 2206 362 XV.
2239 306 2444 366 sanc.
2476 307 2560 364 w.

2233 402 2494 480 fomitis,
2523 421 2852 486 nunquam
2879 405 3138 473 omuino
3161 409 3406 476 habuit.
3441 413 3508 478 Et
3529 421 3716 496 probari

2233 502 2442 576 potest
2470 497 2608 562 haee
2633 499 2954 564 conclusio
2984 519 3064 566 ex
3113 505 3480 584 supradietis
3499 510 3718 580 interre-

2233 590 2564 654 ferendam
2598 593 2878 660 Dux-audi
2907 595 3315 676 opinionem3
3349 606 3412 664 et
3453 605 3719 682 explicatur

2235 685 2494 748 tandem
2519 686 2640 750 hoc
2670 687 2863 751 fuisse
2897 689 3214 770 possibile,
3245 693 3398 772 quia
3417 694 3592 760 fomes
3615 699 3718 766 dicit

2235 780 2606 860 appetitum,
2633 799 2762 844 non
2785 785 3131 864 utcunque,
3175 784 3296 848 sed
3348 788 3603 865 proxime
3635 793 3719 854 dis-

2233 873 2510 952 positum
2542 879 2606 936 et
2627 875 3014 956 expeditum,
3037 881 3232 957 etque
3263 879 3423 942 adeo
3447 882 3550 944 sibi
3591 886 3718 948 relic-

2235 969 2395 1043 tum,
2427 974 2492 1028 ut
2529 969 2724 1048 possit
2765 969 2935 1033 exire
2977 969 3044 1034 in
3081 978 3298 1035 actum
3345 981 3550 1038 contra
3584 982 3719 1042 ratio-

2237 1078 2410 1138 nem,
2465 1068 2528 1124 et
2568 1062 2870 1128 inclinare
2901 1065 2984 1131 ad
3031 1070 3366 1146 peccatum
3397 1085 3413 1142 ;
3443 1074 3619 1150 potest
3647 1091 3722 1136 au-

2235 1159 2362 1216 tem
2392 1173 2652 1218 manere
2681 1158 2998 1238 appetitus
3029 1160 3364 1222 sensitivus
3383 1207 3400 1237 ,
3435 1169 3494 1224 et
3531 1183 3634 1226 non
3665 1168 3720 1230 ita

2233 1247 2594 1330 dispositae,
2619 1252 2732 1317 sed
2751 1253 2927 1334 quasi
2953 1260 3276 1318 correctus
3297 1257 3540 1318 omniuo
3563 1265 3614 1320 et
3629 1260 3718 1322 frae·

2229 1351 2448 1420 natus3
2483 1363 2636 1426 ergo
2662 1352 2872 1426 potest
2895 1347 2962 1412 in
2985 1347 3092 1411 illo
3127 1350 3290 1413 ratio
3317 1348 3542 1415 fomitis
3577 1355 3720 1416 extin-

2231 1437 2362 1518 gui.
2396 1438 2576 1514 Quod
2599 1445 2836 1517 autem,
2864 1441 2916 1504 si
2941 1441 3064 1504 hoc
3083 1447 3180 1504 est
3201 1439 3519 1522 possibile,
3549 1444 3618 1506 ita
3635 1446 3722 1510 fao-

2231 1538 2366 1594 tum
2397 1532 2584 1596 fuerit
2615 1533 2684 1600 in
2711 1533 2979 1610 Christe,
3007 1533 3218 1601 nullus
3249 1535 3530 1602 dubitare
3555 1547 3720 1618 potest,

2233 1632 2369 1690 tum
2410 1627 2558 1706 quia
2581 1627 2648 1690 in
2701 1627 2944 1692 Christo
2972 1646 3100 1692 nou
3145 1629 3268 1694 fuit
3313 1631 3486 1711 origo
3530 1630 3720 1710 fomitis,

2233 1738 2376 1802 quse
2407 1727 2504 1784 est
2531 1721 2836 1802 originale
2863 1728 3218 1803 peccatum,
3261 1729 3330 1788 et
3353 1741 3494 1788 cum
3528 1725 3654 1788 alias
3671 1729 3722 1793 ad

2231 1821 2580 1894 peccatum·
2595 1815 2874 1892 inclinet,
2894 1833 3020 1876 non
3043 1816 3260 1878 decuit
3283 1815 3607 1892 Christum
3633 1825 3720 1882 tum

2237 1909 2428 1984 etiam
2465 1909 2616 1988 quia
2645 1909 2928 1972 Christus
2953 1911 3146 1988 venit,
3177 1915 3252 1974 ut
3294 1928 3412 1975 uos
3437 1910 3720 1976 liberareta

2231 2003 2372 2084 lege
2401 2004 2642 2083 peccati
2677 2009 2740 2068 et
2763 2003 3021 2078 fomitis,
3045 2005 3130 2070 ad
3155 2007 3343 2070 Rom.
3360 2009 3396 2068 7
3423 2011 3482 2068 et
3497 2007 3552 2082 8,
3570 2005 3634 2068 ad
3649 2007 3720 2068 Ga·

2233 2097 2342 2162 lat.
2392 2101 2430 2162 3
2469 2103 2532 2160 et
2565 2099 2607 2162 4
2638 2120 2656 2174 ;
2695 2097 2780 2162 ad
2821 2097 2994 2163 hunc
3033 2105 3253 2165 autem
3289 2099 3479 2166 finem
3501 2119 3612 2162 non
3643 2100 3720 2162 tuit

2231 2192 2571 2271 expediens
2598 2199 2668 2254 ut
2689 2192 2826 2274 ipse
2857 2192 3233 2258 subderetur
3257 2193 3386 2274 legi
3407 2192 3630 2270 fomitis,
3647 2193 3720 2257 sed

2227 2287 2436 2368 potius
2465 2290 2536 2348 ut
2563 2286 2822 2350 omuino
2847 2290 3016 2349 esset
3043 2305 3082 2348 a
3107 2287 3537 2366 peccatoribus
3572 2305 3718 2366 segre·

2231 2387 2438 2461 gatus.
2473 2377 2654 2454 Quod
2677 2380 2728 2442 si
2763 2381 3119 2460 inquiratur
3149 2400 3276 2461 per
3319 2381 3472 2460 quid
3501 2381 3718 2444 semesis

2229 2475 2466 2541 Christo
2489 2474 2680 2538 fuerit
2701 2475 3036 2549 extinctus,
3059 2477 3199 2554 ,ism
3219 2477 3348 2540 hoc
3373 2475 3502 2538 fere
3521 2475 3716 2554 explica-

2227 2575 2364 2632 tum
2387 2572 2484 2632 est
2509 2568 2676 2632 cirea
2697 2573 2816 2632 art.
2849 2570 2974 2632 21).
2997 2568 3276 2634 Thomae.
3310 2568 3570 2634 Primum
3603 2568 3714 2631 enim

2235 2668 2676 2744 supponuntur
2721 2661 3158 2743 perfectissimi
3205 2663 3459 2726 habitus
3491 2662 3712 2724 virtutum

2233 2755 2696 2821 moderantium
2749 2757 3124 2836 appetitum.
3175 2756 3422 2822 Deinde
3461 2763 3582 2820 erat
3611 2753 3714 2818 ratio

2232 2856 2538 2930 perpetuo
2566 2849 2856 2931 vigilans,
2887 2856 2952 2915 et
3001 2857 3230 2932 potens
3287 2850 3610 2932 praevenire
3641 2847 3712 2910 ol)-

2225 2945 2394 3025 Jectu
2421 2944 2636 3008 omnia
2661 2963 2804 3025 quse
2829 2946 3178 3026 appetitum
3205 2953 3322 3010 aut
3347 2947 3598 3010 excitare
3625 2959 3714 3022 pot·

2230 3045 2378 3102 aunt
2403 3045 2516 3102 aut
2539 3057 2818 3104 movere.
2863 3041 3200 3115 Praeterea,
3253 3041 3536 3104 voluntas
3583 3037 3714 3098 hahe-

2227 3133 2336 3199 bat
2357 3133 2709 3213 perfectum
2735 3133 3083 3197 dominium
3107 3151 3305 3213 super
3327 3151 3540 3200 ornnes
3561 3135 3714 3211 poten·

2229 3228 2350 3290 tias
2375 3245 2548 3302 suas,
2576 3227 2680 3290 vel
2716 3234 2974 3307 propter
3025 3229 3331 3294 unionem
3362 3228 3444 3292 ad
3481 3225 3710 3294 Verbum,

2228 3321 2333 3386 vel
2358 3326 2614 3400 propter
2641 3320 3155 3400 perfectissimam
3181 3324 3454 3402 gratiam
3483 3329 3542 3384 et
3579 3319 3712 3380 virtu·

2226 3421 2356 3478 tem
2379 3415 2604 3478 animm
2630 3414 2856 3490 beate,
2881 3431 3022 3494 quse
3049 3433 3166 3478 suo
3191 3417 3456 3482 arbitrio
3465 3413 3640 3494 potest
3653 3409 3714 3470 in·

2227 3506 2488 3572 ferieres
2505 3507 2818 3587 potentias
2846 3525 2961 3588 per
2987 3510 3366 3588 superiores
3409 3507 3709 3588 gubernare.

2309 3603 2368 3664 8.
2415 3602 2636 3666 Fames
2657 3601 2824 3666 nullo
2843 3603 3012 3668 modo
3037 3604 3241 3684 potuit
3269 3602 3495 3670 assumi
3519 3593 3712 3664 acm

2229 3700 2314 3771 to,
2343 3694 2526 3760 stiam
2541 3695 2740 3775 quoad
2757 3701 2958 3760 aetum
2980 3697 3274 3775 primam.
3307 3731 3388 3747 --
3413 3694 3529 3760 Sed
3571 3685 3710 3769 φωτὶ

2228 3786 2488 3852 tandem
2523 3793 2734 3866 potest
2771 3803 2854 3850 un
2895 3787 2978 3850 de
3031 3790 3316 3868 potentia
3363 3787 3617 3852 absoluta
3640 3797 3711 3860 po·

2228 3881 2418 3946 tuerit
2459 3880 2736 3946 Christus
2779 3880 3068 3948 fomitem
3131 3899 3476 3950 assumere.
3515 3877 3712 3942 videtur

2226 3975 2418 4049 enim,
2449 3976 2514 4038 iu
2534 3975 2656 4038 hoc
2685 3974 2926 4038 nullam
2952 3993 3092 4038 esse
3115 3984 3404 4056 apertam
3427 3983 3712 4053 repugnan-

2225 4067 2399 4143 tiam,
2437 4068 2598 4132 siout
2630 4085 2820 4146 supro.
2849 4066 2915 4134 in
2945 4067 3254 4132 similibus
3303 4067 3498 4134 dubiis
3538 4065 3608 4126 de
3645 4075 3710 4120 ω’·

2225 4179 2370 4226 rore
2399 4168 2464 4226 et
2485 4161 2808 4224 habitibus
2847 4163 3144 4228 vitiorum
3193 4164 3484 4230 diximus.
3518 4153 3708 4234 Proprie

2226 4259 2442 4322 tamen
2467 4257 2786 4336 loquendo
2809 4257 2892 4320 de
2920 4257 3160 4332 fomite,
3183 4257 3372 4338 pro'ut
3394 4255 3534 4320 dicit
3553 4257 3706 4314 actum

2226 4350 2312 4412 ita
2355 4349 2804 4428 inordinatum,
2837 4356 2910 4412 ut
2951 4352 3090 4414 sine
3137 4358 3394 4431 peccato
3431 4339 3708 4411 voluntarie

2225 4443 2446 4506 haberi
2473 4461 2602 4510 non
2629 4445 2849 4525 possit,
2875 4443 3268 4522 probabilius
3315 4444 3580 4508 existimo
3618 4447 3708 4495 noll

2225 4536 2504 4618 potuisse
2523 4538 2762 4603 assumi
2783 4537 2976 4600 talem
3005 4545 3240 4615 actum,
3265 4539 3414 4618 quia
3434 4540 3524 4600 est
3551 4547 3640 4610 por
3657 4539 3708 4586 ⁵0

2223 4631 2570 4709 indecens3
2595 4649 2716 4694 nec
2743 4637 2954 4710 potest
2973 4631 3102 4692 ulla
3137 4649 3278 4696 esse
3309 4631 3462 4696 ratio
3501 4621 3702 4690 honesta

2227 4724 2312 4788 ad
2339 4724 2518 4788 illum
2531 4723 2992 4788 admittendum
3017 4725 3084 4788 in
3100 4726 3350 4806 propria
3368 4728 3584 4790 natura,
3601 4723 3704 4774 0¹¹¹ss

2226 4823 2558 4895 tamen‚ut
2588 4835 2784 4896 :supra
2809 4817 3048 4882 dictum
3087 4825 3202 4893 est,
3257 4819 3338 4884 ad
3385 4809 3702 4895 suppositum

2228 4917 2470 4976 naturae
2517 4911 2832 4991 pertineat
2874 4911 3110 4977 similes
3161 4912 3506 4978 indecentes
3549 4904 3702 4966 mom

2227 5005 2539 5085 impedire
2557 5005 2634 5070 ‚in
2661 5005 2920 5085 propria
2934 5011 3183 5084 natura,
3208 5007 3264 5070 si
3286 5008 3499 5086 potest.
3515 5001 3696 5089 Atverq

2227 5100 2306 5162 de
2325 5099 2464 5162 aliis
2481 5097 3062 5178 imperfectionibus
3100 5117 3210 5164 seu
3261 5095 3594 5165 defectibus,
3623 5097 3700 5162 ΨΒ

2229 5211 2358 5256 non
2381 5199 2527 5256 sunt
2544 5193 2634 5254 ita
2651 5211 2797 5256 eum
2825 5193 3010 5274 ctxlpa
3037 5195 3372 5273 conjuncti,
3396 5187 3604 5255 facilius
3619 5172 3696 5238 ad⁴

2229 5287 2390 5350 mitti
2405 5291 2612 5366 potest
2633 5287 2910 5366 potuisse
2931 5289 3173 5350 assumi
3183 5287 3266 5350 de
3295 5281 3547 5368 potentis
3565 5274 3694 5336 abso·

2226 5382 2378 5455 luta,
2409 5379 2604 5444 etiam
2637 5381 2690 5442 si
2722 5380 2804 5444 de
2829 5381 2996 5446 facto
3023 5385 3280 5462 propter
3304 5380 3577 5458 majorem
3595 5377 3693 5446 1²0¹·

2225 5474 2584 5552 sectionem,
2615 5475 2944 5552 magisque
2975 5481 3420 5556 congruentem
3457 5465 3692 5532 rationem
