3892 6167
1363 358 1685 415 mSPUTAT.
1718 356 1839 411 mv.
1871 356 2042 412 sssc'r.
2077 360 2164 413 111.

154 460 321 543 ginis
358 460 488 526 dici
516 480 667 525 vere
697 478 771 525 ac
802 461 1057 543 proprie
1096 459 1389 542 imaginis
1441 458 1723 523 adoratio

154 562 261 617 aut
287 556 523 633 cultuS,
560 556 707 637 quia
754 555 1037 619 adoratio
1076 554 1228 617 dicit
1274 555 1623 617 humanam
1662 559 1724 615 et

152 650 581 714 voluntariam
620 651 953 723 actionem,
1012 650 1461 731 procedentem
1490 664 1569 711 ex
1607 665 1723 708 vo-

154 744 401 807 luntate
438 744 767 811 adorandi.
810 744 1016 821 Unde,
1046 744 1195 806 licet
1224 742 1449 806 demus
1500 740 1726 804 adora·

156 838 401 900 tionem
446 840 611 902 hanc
638 856 753 921 per
783 838 1157 901 exteriorem
1202 838 1517 900 actionem
1565 853 1722 897 con-

152 933 491 1010 summari,
538 938 753 995 tamen
805 930 1079 994 exterior
1110 930 1274 993 actio
1292 978 1313 1009 ,
1342 930 1587 993 seclusa
1613 947 1726 990 vo-

148 1024 403 1089 luntate
439 1026 766 1101 adorandi,
791 1044 919 1087 non
946 1030 1157 1107 potest
1179 1042 1327 1088 vere
1367 1042 1443 1087 ac
1470 1022 1723 1105 proprie

152 1118 447 1183 adoratio
497 1120 828 1201 appellari,
876 1120 1047 1199 quia,
1106 1124 1177 1181 ut
1230 1124 1557 1181 ostensum
1604 1122 1722 1193 est,

150 1212 448 1276 adoratio
472 1221 565 1277 est
594 1213 851 1295 quidam
874 1214 1115 1286 honor-3
1148 1214 1353 1275 honor
1376 1217 1591 1274 autem
1618 1228 1718 1273 ex·

150 1308 365 1369 hiberi
394 1327 526 1371 non
550 1314 757 1390 potest
789 1308 923 1371 sine
954 1307 1305 1370 intentione
1346 1304 1719 1369 honorandi.

150 1403 225 1463 Et
248 1402 377 1464 hac
400 1403 667 1478 ratione,
700 1402 811 1483 qui
854 1402 1131 1465 exterius
1162 1400 1415 1465 exhibet
1442 1398 1609 1461 idolo
1641 1397 1724 1459 si·

152 1514 361 1576 gnum
386 1496 648 1558 honoris
698 1497 833 1559 sine
885 1496 1233 1559 intentione
1281 1494 1554 1570 colendi,
1592 1510 1721 1553 non

150 1606 307 1651 vere
346 1589 622 1652 honorat
652 1590 755 1653 vel
782 1590 1004 1651 adorat
1034 1588 1295 1663 idolum,
1328 1588 1443 1651 sed
1472 1586 1724 1648 simulat

152 1700 222 1743 se
258 1683 554 1744 adorare.
580 1682 763 1747 Unde
789 1701 919 1745 non
948 1684 1201 1763 proprie
1230 1680 1559 1744 committit
1582 1698 1723 1760 pro-

150 1775 367 1855 prium
390 1782 455 1839 et
464 1774 813 1857 perfectum
841 1775 1211 1839 idololatrias
1237 1780 1589 1857 peccatum,
1612 1772 1727 1836 sed

150 1868 574 1932 simulationis
610 1869 1003 1933 idololatriae.
1036 1870 1215 1942 Quod
1258 1870 1308 1930 si
1338 1886 1468 1929 non
1521 1867 1726 1929 solum

150 1962 627 2025 sinevoluutate
640 1962 965 2038 adorandi,
988 1963 1103 2025 sed
1131 1964 1319 2025 etiam
1348 1962 1483 2024 sine
1506 1960 1726 2023 volun-

150 2062 281 2118 tate
324 2056 665 2119 simulandi
700 2056 1157 2131 adorationem,
1188 2057 1381 2119 talem
1410 2056 1722 2117 actionem

152 2150 471 2231 quispiam
498 2158 841 2227 exerceret,
862 2168 993 2214 non
1018 2151 1221 2214 solum
1244 2167 1373 2213 non
1404 2150 1718 2225 adoraret,

152 2246 267 2307 sed
282 2262 501 2326 neque
529 2246 721 2308 etiam
738 2244 1171 2308 adorationem
1192 2244 1537 2307 simularet.
1560 2242 1723 2318 Quo·

154 2338 346 2401 modo
370 2338 557 2401 multi
584 2344 908 2420 exponunt
943 2338 1180 2402 factum
1216 2340 1521 2411 Naaman,
1552 2336 1717 2417 Syri,

156 2434 197 2493 4
222 2434 383 2515 Reg.
428 2436 493 2507 5,
526 2439 597 2495 ut
631 2432 845 2495 videre
872 2434 1019 2496 licet
1046 2433 1114 2493 in
1142 2431 1444 2505 AbulenS‚
1486 2428 1600 2505 ibi,
1654 2447 1718 2509 q.

162 2528 264 2588 25.
295 2527 459 2589 Tota
488 2542 641 2605 ergo
668 2528 833 2589 ratio
864 2526 1249 2591 adorationis
1274 2542 1354 2587 ex
1396 2523 1721 2586 voluntate

168 2622 463 2684 adorandi
503 2622 763 2704 pendet,
799 2640 920 2685 nec
957 2640 1109 2685 vera
1138 2620 1421 2684 adoratio
1456 2620 1591 2681 sine
1618 2618 1720 2682 in-

162 2717 443 2779 tentione
473 2719 680 2780 cultus
710 2718 976 2799 intelligi
1001 2720 1227 2796 potest.

240 2812 345 2873 23.
386 2812 622 2876 Esurio
658 2815 989 2885 refutatur.
1009 2812 1235 2873 -Nec
1285 2808 1645 2885 satisfaciet,
1669 2806 1722 2870 si

158 2906 301 2984 quis
328 2904 709 2986 respondeat
754 2924 974 2968 verum
1013 2905 1271 2985 quidem
1302 2921 1441 2967 esse
1480 2902 1723 2965 nullam

156 2999 592 3062 adorationem
619 3016 835 3061 veram
868 2998 1145 3062 exerceri
1173 2996 1498 3080 possejnisi
1523 3015 1602 3059 ex
1616 2996 1721 3057 in-

154 3094 445 3155 tentione
472 3092 703 3167 cultus,
728 3110 860 3155 non
878 3099 1093 3157 tamen
1126 3108 1265 3155 esse
1291 3091 1719 3153 necessarium

154 3194 229 3249 ut
257 3185 541 3249 adoratio
577 3192 641 3248 et
664 3187 927 3249 intentio
942 3187 1145 3249 cultus
1161 3186 1243 3248 ad
1258 3186 1428 3248 idem
1445 3185 1719 3248 referan-

154 3288 298 3355 tur-3
348 3280 441 3343 sic
478 3298 629 3362 ergo
675 3281 955 3344 adoratio
984 3280 1279 3361 imaginis
1310 3278 1595 3361 procedit
1640 3296 1719 3339 ex

154 3376 511 3436 intentione
548 3374 797 3437 colendi
823 3374 1148 3455 exemplar
1162 3388 1184 3452 3
1214 3379 1279 3436 et
1304 3374 1427 3435 hoe
1452 3370 1603 3434 satis
1624 3376 1722 3433 est

152 3474 227 3530 ut
256 3470 458 3551 possit
486 3487 629 3531 esse
656 3486 806 3531 vera
838 3468 1121 3531 adoratio
1148 3466 1466 3547 imaginis,
1498 3482 1721 3546 quam·

150 3564 249 3624 vis
294 3580 425 3625 non
472 3563 775 3643 procedat
826 3580 906 3625 ex
940 3562 1289 3624 intentione
1339 3560 1585 3622 colendi
1624 3560 1723 3639 ip-

154 3674 295 3717 sam
332 3656 699 3735 imaginem.
726 3656 857 3717 Hoc
872 3655 1177 3735 (inquam)
1208 3652 1569 3716 satisfacere
1588 3670 1717 3714 non

142 3754 384 3829 potest,
414 3751 588 3830 quia,
618 3750 781 3812 sicut
804 3765 957 3812 vera
982 3748 1263 3812 adoratio
1292 3758 1364 3810 ut
1392 3748 1481 3809 sic
1502 3764 1721 3809 essen-

144 3844 385 3908 tialiter
404 3862 483 3908 ac
498 3844 843 3908 formaliter
855 3844 1121 3927 requirit
1133 3844 1547 3907 intentionem
1568 3840 1719 3903 ado·

142 3938 331 4001 randi
348 3984 372 4016 ,
406 3939 495 4001 ita
522 3938 807 4001 adoratio
833 3938 1021 4020 hujus
1047 3938 1151 4001 vel
1184 3938 1353 3999 illius
1376 3936 1469 3999 rei
1500 3952 1716 3997 essen-

142 4032 381 4094 tialiter
426 4031 693 4111 requirit
741 4030 1280 4115 proportionalem
1306 4028 1720 4093 intentionem

143 4124 459 4189 adorandi
474 4124 671 4189 talem
696 4142 833 4190 rem
852 4144 868 4201 ;
899 4132 995 4189 est
1018 4126 1188 4188 enim
1208 4122 1433 4187 eadem
1460 4140 1718 4204 propor-

142 4219 401 4281 tionalis
428 4219 613 4283 ratio.
656 4219 815 4283 Item
846 4220 996 4300 quia
1023 4218 1307 4282 adoratio
1357 4234 1435 4280 ex
1463 4216 1715 4298 propria

144 4315 395 4375 ratione
414 4312 571 4376 dicit
584 4312 926 4390 actionem,
953 4330 1095 4395 quse
1121 4312 1203 4377 ad
1227 4312 1499 4375 alterum
1520 4309 1713 4372 refer-

144 4414 280 4482 tur;
314 4422 497 4488 ergo,
548 4413 616 4469 ut
644 4408 727 4471 sit
754 4426 905 4471 vera
934 4406 1217 4471 adoratio
1264 4405 1550 4485 alicujus,
1601 4420 1715 4464 ne-

146 4520 329 4565 cesse
358 4508 459 4565 est
485 4507 558 4564 ut
580 4503 699 4565 sub
728 4520 805 4565 ea
830 4502 1075 4565 ratione
1119 4499 1202 4562 ad
1224 4498 1404 4562 illum
1430 4498 1716 4561 volunta·

142 4596 237 4657 rie
256 4596 595 4659 referatur.
624 4596 806 4673 Item,
832 4596 981 4677 quia
1004 4595 1212 4658 honor
1236 4593 1427 4655 unius
1449 4609 1578 4654 non
1606 4609 1716 4672 po-

148 4695 269 4752 test
294 4706 453 4753 vere
498 4690 621 4753 dici
672 4690 875 4753 honor
920 4691 1179 4753 alterius
1228 4688 1321 4751 rei
1378 4686 1709 4759 distinctae,

144 4784 265 4844 nisi
289 4783 355 4845 in
380 4782 561 4847 illam
586 4783 799 4865 aliquo
824 4783 1015 4848 modo
1043 4782 1439 4859 refundatur,
1490 4796 1601 4841 seu
1632 4777 1714 4840 ab

142 4876 249 4939 illa
278 4876 697 4958 participetur
707 4892 727 4956 ;
758 4878 873 4942 sed
898 4877 1111 4958 imago
1157 4882 1251 4940 est
1280 4893 1383 4937 res
1424 4871 1713 4935 distIncta

142 4973 225 5033 ab
254 4971 611 5053 exemplari
624 4989 647 5051 ;
682 4990 835 5054 ergo
862 4990 991 5034 non
1016 4978 1224 5053 potest
1251 4970 1455 5030 honor
1496 4983 1711 5028 exem-

140 5066 341 5147 plaris
364 5066 493 5128 dici
520 5067 1051 5145 honorimaginiS,
1078 5065 1283 5126 nisiin
1302 5063 1475 5124 illam
1502 5061 1711 5139 aliquo

140 5161 337 5223 modo
366 5158 777 5235 refundatur;
808 5176 959 5240 ergo
992 5158 1112 5220 sub
1133 5175 1209 5220 ea
1228 5157 1473 5220 ratione
1505 5158 1715 5234 potest

142 5262 201 5315 et
218 5254 426 5316 debet
442 5252 709 5330 intendi,
724 5258 796 5316 ut
816 5252 899 5315 sit
913 5272 1065 5315 vera
1086 5249 1367 5313 adoratio
1392 5248 1706 5328 imaginis.

138 5346 438 5409 Tandem
463 5346 817 5409 declaratur
840 5344 1148 5426 exemplo,
1183 5360 1355 5418 nam,
1386 5341 1442 5403 si
1470 5339 1608 5421 quis
1638 5356 1716 5400 ex

138 5458 327 5503 mera
360 5428 719 5504 intentione
749 5438 1123 5503 humiliandi
1154 5456 1269 5501 seu
1308 5431 1717 5499 submittendi

140 5556 207 5599 se
240 5538 413 5613 Dee,
444 5540 682 5597 terram
709 5534 1127 5611 deosculatur,
1170 5548 1319 5595 vere
1358 5548 1433 5593 ac
1466 5526 1719 5610 proprie

3249 356 3363 419 611

1803 475 1933 520 non
1964 458 2186 521 adorat
2238 463 2498 535 terram,
2539 456 2662 522 sed‘
2699 458 2902 524 solum
2954 464 3179 541 Deum,
3219 465 3368 545 qnia

1804 556 2050 613 tantum
2079 550 2486 615 materialiter
2535 559 2784 615 exercet
2833 556 3144 619 actionem
3192 558 3367 619 illam

1806 644 1971 706 circa
2000 651 2235 707 terram
2265 664 2342 707 ex
2371 646 2720 708 intentione
2750 646 2952 711 cultus
2986 650 3178 713 solius
3207 652 3315 713 Dei
3345 670 3362 725 ;

1808 756 1984 819 ergo,
2015 744 2086 801 ut
2113 738 2278 801 actio
2327 738 2560 801 babeat
2592 739 2902 802 rationem
2937 760 3103 805 verae
3135 744 3367 806 adora-

1804 832 1997 895 tionis
2011 838 2302 914 respectu
2334 832 2500 895 illius
2527 833 2642 907 rei,
2671 831 2836 897 circa
2863 852 3053 915 quam
3081 838 3367 918 proxime

1806 935 2158 1004 exercetur,
2189 944 2318 989 non
2341 928 2568 990 sufficit
2593 926 2859 1008 simplex
2875 931 3165 993 voluntas
3191 950 3368 993 exer-

1806 1024 1989 1086 cendi
2020 1022 2214 1085 talem
2240 1022 2550 1087 actionem
2579 1022 2743 1085 circa
2784 1022 2974 1085 talem
2999 1042 3135 1088 rem
3171 1044 3252 1088 ex
3278 1027 3369 1086 in-

1806 1118 2086 1180 tentione
2115 1116 2321 1179 cultus
2371 1115 2534 1179 circa
2567 1116 2776 1193 aliam,
2813 1118 2926 1179 sed
2969 1138 3226 1182 necesse
3273 1124 3369 1181 est

1804 1218 1879 1273 ut
1901 1212 2165 1275 intentio
2193 1212 2399 1275 cultus
2427 1230 2496 1274 se
2521 1211 2818 1275 extendat
2848 1214 2928 1275 ad
2957 1232 3210 1279 omnem
3229 1232 3368 1277 rem

1806 1320 1945 1385 quse
1977 1304 2230 1386 proprie
2261 1304 2514 1367 adorari
2543 1304 2795 1369 dicitur.

1884 1401 1987 1461 24.
2031 1399 2262 1462 Ultimo
2313 1404 2576 1479 possunt
2617 1400 2699 1461 ad
2745 1401 2910 1465 hanc
2952 1402 3367 1467 assertionem

1802 1492 2302 1554 confirmandam
2332 1492 2633 1573 applicari
2663 1497 2896 1571 omnia,
2941 1514 3082 1577 quae
3112 1498 3179 1559 in
3211 1516 3366 1559 con-

1800 1586 2226 1649 firmationem
2274 1587 2490 1668 primae
2545 1588 2904 1651 assertionis
2951 1590 3326 1653 adduximus
3341 1606 3364 1669 3

1803 1698 1952 1741 nam
1982 1680 2090 1743 illa
2117 1668 2388 1761 probant
2407 1679 2840 1743 adorationem
2869 1682 3050 1763 dirigi
3079 1702 3266 1764 posse
3288 1682 3371 1745 ad

1806 1790 1945 1836 rem
1963 1774 2153 1837 etiam
2167 1774 2607 1851 inanimatam,
2629 1780 2941 1852 quatenus
2960 1793 3075 1855 per
3093 1776 3370 1855 aliquam

1804 1866 2367 1929 sanctificationem
2396 1868 2607 1947 aliqua
2633 1868 3037 1932 veneratione
3060 1869 3250 1951 digna
3280 1868 3370 1930 ef-

1804 1961 2032 2039 ficitur,
2063 1962 2244 2041 juxta
2272 1960 2428 2024 illud
2456 1982 2472 2020 :
2503 1960 2772 2027 Adorato
2799 1962 3118 2028 scabellum
3147 1962 3370 2045 pedum

1806 2054 1962 2134 ojus,
1994 2056 2279 2135 quoniam
2309 2060 2585 2120 sanctum
2609 2060 2741 2126 θεὴ·
2783 2054 2994 2135 imago
3033 2060 3269 2131 autem,
3299 2060 3370 2117 ut

1802 2154 1972 2209 recte
2001 2146 2158 2209 dixit
2181 2148 2592 2230 Epiphanius,
2619 2147 2686 2208 in
2723 2147 2830 2211 VII
2857 2148 3122 2229 Synod.,
3155 2154 3274 2211 act.
3303 2152 3364 2222 6,

1800 2247 1956 2303 tom.
1973 2244 2012 2305 3
2035 2247 2102 2305 et
2114 2244 2178 2317 4,
2191 2260 2308 2322 per
2331 2258 2578 2304 sacram
2588 2242 3209 2321 repraesentationem
3229 2241 3371 2305 abs-

1803 2352 1929 2414 que
1982 2334 2107 2396 alia
2155 2335 2518 2415 precatione
2567 2334 2950 2398 venerabilis
3002 2336 3208 2397 existit
3235 2380 3252 2411 ,
3307 2340 3372 2397 et

1802 2428 2144 2507 quamdam
2183 2429 2744 2492 sanctificationem
2789 2428 3044 2509 accipit3
3080 2446 3232 2509 ergo
3289 2428 3374 2490 ad

1800 2521 1975 2584 illam
2013 2528 2222 2604 potest
2250 2522 2533 2585 adoratio
2581 2529 2646 2585 et
2673 2522 2938 2585 intentio
2984 2522 3370 2584 adorationis

1801 2616 2014 2695 aliquo
2041 2614 2232 2678 modo
2255 2616 2501 2679 referri.
2525 2616 2613 2679 De
2637 2634 2764 2697 qua
2781 2616 3027 2679 ratione
3053 2616 3214 2678 etde
3235 2618 3368 2679 tota

1801 2708 1994 2791 hujus
2013 2710 2375 2773 assertionis
2390 2708 2866 2772 confirmatione
2887 2710 3168 2771 dicemus
3182 2708 3368 2789 plura

1801 2804 1867 2865 in
1894 2802 2142 2865 duabus
2171 2802 2551 2865 sectionibus
2580 2803 3014 2883 sequentibuS,
3039 2803 3150 2865 ubi
3178 2804 3366 2865 etiam

1801 2896 1992 2959 latius
2057 2896 2516 2960 satisfaciemus
2573 2894 2986 2959 fundamento
3044 2896 3370 2958 contrariis

1802 2990 2154 3051 sententias.
2179 2992 2359 3053 Nunc
2383 2988 2659 3052 breviter
2679 2989 2926 3065 dicitur,
2968 2986 3198 3051 falsum
3228 3006 3367 3051 esse

1800 3100 1937 3145 rem
1968 3082 2383 3147 inanimatam
2409 3100 2552 3147 esse
2579 3083 2837 3145 omnino
2869 3086 3239 3164 incapacem
3267 3082 3369 3145 vel

1798 3176 2104 3257 ineptam,
2127 3181 2200 3239 ut
2225 3178 2306 3239 ad
2321 3176 2492 3239 illam
2509 3176 2776 3239 intentio
2809 3175 3014 3239 cultus
3031 3174 3362 3251 referatur,

1798 3270 2053 3349 quando
2069 3270 2173 3333 ille
2206 3271 2411 3333 cultus
2434 3288 2562 3331 non
2593 3274 2690 3332 est
2719 3268 3067 3348 absolutus,
3099 3271 3215 3331 sed
3239 3288 3372 3332 res-

1798 3362 2100 3443 pectivus,
2125 3370 2187 3426 et
2205 3368 2463 3446 propter
2482 3362 2920 3426 excellentiam
2944 3362 3367 3425 extrinsecam

1800 3457 2111 3520 tribuitur.
2134 3459 2354 3539 Neque
2372 3456 2560 3519 etiam
2581 3460 2678 3519 est
2704 3472 2962 3519 necesse
2983 3460 3054 3518 ut
3075 3474 3203 3529 res,
3226 3472 3367 3537 quae

1802 3550 2125 3627 adoratur,
2168 3552 2495 3632 percipere
2542 3548 2744 3631 possit
2793 3550 3105 3612 honorem
3155 3550 3262 3629 qui
3307 3550 3369 3613 ei

1799 3643 2124 3719 tribuitur-3
2158 3662 2372 3725 neque
2403 3644 2592 3707 etiam
2620 3648 2716 3706 est
2763 3642 2843 3705 de
2874 3642 3120 3705 ratione
3145 3644 3369 3705 adora-

1798 3738 2008 3813 tioniS‚
2041 3744 2111 3800 ut
2135 3738 2257 3801 hac
2281 3736 2634 3800 intentione
2659 3734 2996 3811 tribuatur,
3024 3735 3139 3798 sed
3159 3736 3365 3798 solum

1798 3824 1972 3911 quod
2001 3850 2400 3913 unaquaeque
2421 3848 2524 3895 res
2541 3832 2721 3911 juxta
2751 3830 3164 3912 capacitatem
3185 3848 3366 3893 suam

1797 3934 2162 3989 reverenter
2189 3929 2515 4002 tractetur,
2553 3932 2616 3989 et
2646 3924 2818 4005 quod
2859 3926 2996 4005 ipsa
3024 3926 3207 4007 signa
3257 3942 3363 3987 ex-

1798 4027 1981 4082 terna
2011 4020 2443 4084 testimonium
2469 4020 2798 4101 praebeant
2847 4018 3014 4083 illius
3051 4020 3360 4101 religiosae

1800 4114 2298 4192 existimationis,
2341 4130 2482 4193 quae
2507 4112 2588 4175 de
2635 4130 3020 4193 unaquaque
3060 4131 3131 4185 re
3157 4112 3362 4175 habe·-

1796 4214 1923 4286 tur,
1965 4210 2064 4271 vel
2115 4208 2339 4271 haberi
2366 4206 2578 4270 debet.
2620 4204 2721 4269 Sic
2751 4206 2918 4268 enim
2961 4207 3042 4271 de
3070 4206 3363 4287 imagini-

1792 4300 1914 4363 bus
1939 4302 2462 4365 existimationem
2489 4298 2825 4375 habemuS,
2851 4316 2984 4361 non
3003 4298 3359 4380 vulgarem,

1795 4394 2050 4473 qualem
2101 4394 2416 4457 habemus
2445 4392 2524 4456 de
2570 4392 2709 4455 aliis
2737 4391 2924 4455 rebus
2953 4392 3254 4472 profanis
3286 4392 3364 4453 Et

1795 4490 1962 4552 hane
1987 4488 2510 4551 existimationem
2531 4486 2808 4549 indicare
2828 4486 3141 4562 volumus,
3161 4504 3362 4567 quan·

1794 4584 1877 4645 do
1894 4602 2004 4647 eas
2017 4589 2386 4646 reverenter
2410 4588 2770 4644 tractamus.
2797 4581 3004 4659 Atque
3029 4580 3150 4643 hoc
3167 4579 3358 4641 modo

1794 4678 2210 4741 intentionem
2233 4676 2439 4741 cultus
2463 4681 2531 4739 et
2546 4675 2804 4738 honoris
2832 4674 2914 4737 ad
2949 4692 3059 4737 eas
3087 4674 3360 4754 dirigere

1793 4790 2154 4854 possumus,
2185 4772 2262 4835 Et
2305 4772 2430 4834 hoc
2465 4770 2713 4831 videtur
2740 4768 3086 4849 explicasse
3121 4766 3362 4828 Thara-

1796 4869 1952 4944 siuS,
1999 4869 2064 4930 in
2093 4871 2212 4930 act.
2247 4871 2288 4928 4
2337 4855 2446 4928 vn
2473 4864 2735 4946 Synodi,
2769 4862 2901 4939 ubi,
2946 4879 3090 4923 cum
3122 4880 3201 4923 ex
3243 4862 3353 4922 lib.

1794 4961 2046 5025 Maximi
2070 4959 2330 5023 Abbatis
2355 4959 2492 5021 11ωο
2516 4957 2705 5020 verba
2733 4954 2930 5017 relata
2961 4959 3215 5017 essent:
3253 4954 3362 5021 Ve-

1792 5056 2122 5121 onerandam
2149 5070 2402 5125 crucem,
2431 5056 2490 5115 ot
2516 5050 2839 5132 imayinem
2859 5048 2978 5111 Dei
3001 5046 3363 5113 salvatoris

1792 5152 1990 5212 nostri
2035 5150 2090 5211 J
2091 5165 2196 5212 esu
2253 5145 2512 5220 Christi,
2542 5160 2765 5207 necnon
2815 5142 3092 5205 Domiuoe
3132 5149 3360 5203 nostra.»

1795 5244 2079 5321 Deiparoe
2092 5240 2469 5314 salutarunt,
2497 5234 2963 5311 Constantinus,
2981 5230 3168 5314 Cypri
3183 5232 3360 5312 Epis-

1797 5350 2017 5414 copus,
2047 5332 2357 5413 exposuit,
2387 5328 2650 5392 verbum
2679 5329 3055 5403 salutarunt,
3085 5324 3357 5407 positum

1800 5446 1937 5491 esse
1967 5445 2081 5508 pro
2115 5424 2312 5489 verbo
2339 5424 2693 5488 adorarunt.
2717 5420 3058 5482 Tharasius
3083 5434 3232 5481 vero
3257 5418 3365 5479 ad-

1802 5523 1892 5585 dit
1911 5540 1926 5583 :
1945 5516 2556 5586 Animadvertendum
2571 5516 2676 5581 hoo
2688 5514 2953 5592 verbum,
2981 5514 3364 5589 salutarunt,
