3892 6167
575 409 876 472 cedamus
898 404 1288 470 voluntatem
1305 398 1528 466 Christi
1551 413 1682 462 non
1703 399 2003 462 habuisse
2022 417 2137 479 ps·-

573 507 782 566 ratum
801 500 914 564 Dei
939 512 1316 562 concursum
1335 493 1418 559 ad
1441 492 1839 556 efficiendum
1857 494 2133 574 aliquem

573 602 786 660 actum
809 590 1147 658 voluntatis
1165 587 1524 670 positivum,
1557 603 1684 666 quo
1711 587 1898 652 veliet
1927 594 2135 650 trans-

577 688 755 769 gredi
785 687 906 752 tale
939 685 1352 766 praeceptum,
1375 697 1490 744 seu
1519 697 1648 759 quo
1673 680 1871 746 nollet
1887 681 2133 744 efficere

575 788 788 847 actum
839 783 1224 861 praeceptum
1240 821 1261 852 ,
1313 781 1380 840 et
1433 781 1894 854 consequenter
1943 775 2135 839 etiam

577 872 1057 938 concedendum
1085 871 1165 934 sit
1195 885 1323 931 non
1349 866 1646 932 habuisse
1689 867 1999 932 Christum
2024 883 2135 947 po·

576 973 870 1032 testatem
893 965 1222 1047 physicam
1269 979 1390 1028 nec
1433 960 1822 1039 libertatem3
1871 968 1958 1037 et,
1986 961 2133 1026 licet

576 1065 1030 1140 cousequenter
1057 1058 1249 1125 etiam
1277 1053 1699 1120 concedamus
1723 1073 1854 1120 non
1880 1054 2135 1118 hahuis-

577 1173 646 1220 se
664 1154 974 1222 Christum
1011 1155 1386 1234 potestatem
1413 1147 1764 1230 physicam,
1795 1167 1915 1212 nec
1946 1148 2139 1214 liber·

575 1253 774 1314 tatem
802 1247 884 1311 ad
913 1244 1314 1314 efficiendum
1335 1249 1544 1307 actum
1567 1241 1908 1318 nomionis,
1931 1248 2137 1306 stante

577 1347 912 1423 proecepto,
967 1338 1176 1402 adhuc
1225 1354 1356 1402 uon
1403 1335 1690 1415 sequitur
1747 1337 2141 1400 voluntatem

581 1435 808 1500 Christi
853 1434 1052 1500 fuisse
1098 1431 1410 1511 privatam
1437 1435 1750 1509 potestate
1778 1429 1884 1492 illa
1907 1447 2143 1494 conna-

576 1527 788 1604 turali,
811 1543 1004 1608 quam
1027 1523 1324 1600 habebat,
1353 1522 1436 1590 ad
1463 1523 2004 1603 suspendendum,
2027 1541 2140 1588 ssu

574 1639 706 1687 non
753 1618 1136 1684 eliciendum
1183 1617 1377 1682 talem
1421 1621 1656 1693 actum,
1685 1617 1840 1695 quia
1877 1616 1962 1679 ad
1992 1633 2139 1696 pro·-

573 1715 786 1796 prium
859 1729 1048 1776 usum
1102 1711 1242 1792 ejus
1315 1710 1646 1792 potestatis
1705 1727 1834 1774 non
1893 1709 2139 1789 indiget

575 1808 842 1890 positivo
910 1807 1024 1870 Dei
1073 1821 1416 1879 concursu,
1467 1803 1614 1884 quia
1669 1821 1822 1864 usus
1875 1802 1980 1866 ille
2038 1809 2139 1864 est

575 1917 754 1964 mere
795 1899 1150 1980 negativus,
1181 1897 1289 1978 qui
1339 1913 1470 1960 non
1497 1897 1563 1962 in
1600 1895 1873 1976 agendo,
1909 1895 2025 1958 sed
2066 1895 2134 1960 in

577 2010 705 2057 non
755 1992 1006 2073 agendo
1047 1989 1352 2066 consistit,
1391 1993 1456 2055 et
1497 1989 1642 2056 ideo
1695 2007 1824 2050 uon
1869 1989 2132 2068 requirit

575 2085 914 2167 positivum
973 2084 1082 2146 Dei
1129 2083 1438 2149 inflexum
1456 2127 1480 2158 ,
1537 2081 1652 2148 sed
1702 2081 1905 2144 solum
1960 2081 2133 2146 hunc

577 2179 969 2258 negativum.
995 2176 1167 2258 quod
1193 2177 1356 2238 Deus
1381 2192 1510 2238 non
1553 2175 1873 2256 imprimat
1911 2176 2135 2238 volun-

573 2270 686 2335 tati
732 2271 1079 2336 motionem
1133 2269 1410 2348 aliquem
1464 2266 1782 2348 previam,
1813 2284 1940 2346 qua
1970 2269 2131 2348 phy-

575 2363 706 2428 sice
751 2364 928 2426 illam
962 2361 1472 2442 proedeterminet
1499 2361 1585 2424 ad
1623 2360 1989 2424 exercitium
2032 2378 2131 2422 ac·

572 2464 678 2523 tus
692 2503 714 2534 ,
757 2463 822 2522 et
865 2457 1310 2523 necessitatem
1351 2454 1448 2518 illi
1517 2453 1766 2519 inferat.
1835 2453 2134 2528 Quamvis

574 2557 790 2616 autem
821 2550 1044 2615 Christi
1093 2548 1382 2614 voluntas
1438 2546 1684 2628 privata
1723 2546 1916 2610 fuerit
1966 2548 2137 2628 posi-

427 2702 444 2720 .
573 2646 702 2714 tivo
754 2663 1064 2710 concursu
1101 2643 1184 2706 ad
1209 2641 1448 2704 malum
1481 2645 1688 2704 actum
1713 2639 2134 2716 efficiendum,

575 2745 948 2802 nontamen
973 2737 1094 2800 fuit
1121 2736 1344 2798 affecta
1371 2733 1652 2798 motione
1681 2733 1892 2812 aliqua
1925 2733 2141 2815 physi-

576 2851 652 2896 ce
677 2830 1268 2911 praedeterminante
1300 2829 1473 2892 illam
1497 2827 1578 2891 ad
1609 2826 2006 2890 efficiendum
2036 2845 2143 2890 ac·

577 2935 713 2990 tum
741 2931 1145 3006 paeceptum,
1187 2924 1336 3004 quia
1383 2922 1530 2986 talis
1569 2921 1762 2984 motio
1807 2939 2019 3002 neque
2049 2927 2141 2984 est

579 3018 1006 3083 connaturalis
1056 3015 1366 3080 voluntati
1423 3014 1667 3088 liberm,
1699 3019 1771 3076 ut
1823 3031 2135 3095 suppono,

579 3113 740 3176 alias
761 3117 927 3174 esset
949 3108 1356 3174 connaturale
1380 3107 1468 3170 illi
1487 3106 1716 3190 privari
1745 3125 1866 3169 usu
1887 3107 2140 3170 liberta·

577 3209 680 3279 tie,
715 3204 889 3288 quod
929 3209 1274 3284 repugnat3
1299 3217 1510 3282 neque
1541 3207 1638 3262 est
1683 3199 1892 3262 debita
1917 3200 2007 3262 ilii
2034 3219 2141 3262 vo·

578 3297 806 3360 luntati
829 3297 1072 3360 ratione
1103 3295 1378 3371 unionis,
1405 3295 1554 3375 quia
1581 3311 1792 3374 neque
1823 3299 1916 3356 est
1943 3294 2003 3356 ei
2026 3293 2139 3356 de·-

577 3392 805 3468 hitum,
833 3398 902 3454 ut
926 3391 1203 3470 privetur
1241 3407 1356 3452 suo
1406 3388 1797 3452 connaturali
1835 3389 2139 3468 operandi

579 3484 794 3560 modo,
824 3499 1034 3564 neque
1081 3489 1178 3546 est
1218 3482 1286 3545 id
1327 3482 1754 3544 necessarium
1785 3482 1868 3544 ad
1917 3481 2137 3544 Christi

580 3577 1191 3661 impeccabilitatem,
1221 3595 1370 3638 nam
1401 3576 1672 3638 suaviori
1701 3575 1892 3637 modo
1931 3580 2139 3655 potest

577 3674 746 3736 Deus
767 3671 938 3734 illam
963 3670 1350 3734 voluntatem
1369 3685 1616 3750 regere,
1633 3675 1706 3732 ut
1731 3666 2141 3730 infallibiliter

579 3783 712 3827 non
741 3771 981 3844 peccet,
1008 3771 1080 3826 ut
1111 3763 1460 3842 expositum
1487 3768 1605 3838 est,
1633 3760 1806 3840 quod
1849 3765 1944 3823 est
1986 3761 2140 3822 satis

581 3858 664 3920 ad
691 3856 1278 3938 impeccabilitatem
1323 3855 1571 3930 Christi,
1597 3859 1670 3915 ut
1687 3855 1822 3934 jam
1851 3852 2139 3916 declara-

579 3950 708 4025 bo;
739 3951 930 4030 igitur
955 3967 1086 4012 non
1133 3954 1232 4013 est
1279 3948 1448 4010 unde
1489 3947 1600 4010 illa
1640 3947 1930 4010 voluntas
1952 3945 2141 4010 fuerit

579 4045 824 4125 privata
862 4043 1211 4106 intrinseca
1260 4040 1556 4104 facultate
1601 4057 1794 4122 quam
1846 4039 2039 4102 habet
2064 4059 2141 4103 ex

583 4144 811 4202 natura
839 4155 954 4200 sua
982 4136 1064 4199 ad
1087 4135 1604 4217 suspendendum
1629 4135 1734 4197 vel
1754 4153 1883 4196 non
1907 4135 2141 4197 facien-

583 4233 736 4296 dum
769 4231 964 4294 talem
1003 4236 1214 4292 actum
1228 4247 1251 4309 3
1284 4247 1459 4310 ergo,
1498 4247 1628 4292 non
1657 4229 1949 4291 obstante
1976 4247 2143 4310 prae·

583 4329 790 4404 cepto,
806 4323 1038 4386 mansit
1054 4322 1276 4399 libera,
1295 4323 1519 4384 saltem
1539 4321 1749 4401 quoad
1773 4323 2142 4386 exercitium

586 4421 788 4480 actus.
821 4415 1261 4489 confirmatur,
1288 4415 1439 4495 quia
1463 4414 1620 4476 alias
1647 4420 2029 4495 praeceptum
2046 4416 2143 4498 ip-

455 4581 462 4588 ,
586 4528 728 4572 sum
755 4507 1050 4572 redderet
1067 4507 1420 4588 subiectum
1451 4508 1722 4588 incapax
1747 4509 2049 4590 precepti
2080 4517 2145 4574 et

588 4601 964 4665 ohedientia
983 4647 1004 4678 ‚
1053 4601 1222 4682 quod
1289 4607 1630 4682 repugnem
1693 4605 2143 4684 consequentia

586 4701 785 4777 patet,
817 4695 988 4774 quia,
1009 4695 1120 4758 ubi
1141 4713 1273 4756 non
1301 4701 1396 4756 est
1417 4713 1574 4758 usus
1593 4695 1918 4771 libertatis,
1934 4715 2142 4778 neque

588 4793 684 4852 est
712 4788 904 4850 etiam
933 4803 1083 4850 vera
1115 4787 1500 4865 obedientia,
1531 4805 1650 4851 nec
1679 4791 1932 4870 propria
1982 4793 2143 4856 ratio

586 4889 696 4944 aut
725 4880 1080 4944 observatio
1123 4881 1453 4961 praecepti3
1497 4881 1550 4942 si
1579 4901 1730 4963 ergo
1760 4892 2143 4966 proseptum

581 4973 745 5038 tollit
784 4973 1087 5037 libertatis
1115 4991 1323 5050 usum,
1365 4973 1630 5039 destruit
1677 4976 2144 5055 quodammodo

585 5069 884 5147 seipsum,
915 5084 1224 5148 suumque
1250 5067 1604 5148 subjectum
1635 5076 1700 5132 et
1721 5077 1953 5133 actum.

667 5163 768 5223 19.
817 5158 1014 5222 Aliter
1057 5179 1210 5244 ergo
1252 5162 1756 5224 satisfaciendum
1813 5173 1906 5228 est
1952 5184 2145 5248 urgu-

586 5261 826 5329 mento,
859 5251 1286 5329 concedendo,
1319 5259 1522 5324 stante
1574 5257 1942 5320 affirmativo
1984 5275 2147 5338 prae-

586 5353 794 5428 cepto,
837 5347 1246 5430 quantumvis
1272 5347 1711 5426 determinato,
1741 5351 2049 5416 mansisse
2078 5353 2145 5419 in

587 5439 808 5504 Christi
837 5441 1154 5504 voluntate
1173 5457 1388 5504 veram
1415 5441 1768 5507 libertatem
1793 5443 2065 5510 faciendi
2084 5453 2146 5508 et

1766 301 2003 366 QuAEs'r.
2036 301 2212 356 xvlu.
2245 302 2446 357 Alme.
2484 303 2565 358 lv.

2216 417 2347 464 non
2386 397 2661 464 faciendi
2714 397 2905 460 talem
2958 399 3193 470 actum,
3248 400 3315 457 et
3364 394 3683 464 nihilominus

2218 494 2583 575 simpliciter
2620 491 2973 572 loquendo,
3016 507 3145 550 non
3200 488 3395 552 fuisse
3432 490 3489 550 in
3522 510 3581 552 eo
3610 511 3683 572 po-

2215 592 2505 674 testatem
2532 586 2857 668 peccandi.

2296 683 2401 744 20.
2450 682 2725 758 Qualiter
2778 681 2979 764 aliqui
3025 681 3687 759 mecona-maim-

2216 778 2497 842 cultatem
2538 777 2824 858 positam.
2848 805 2935 824 --
2960 773 3273 853 usitatim·
3312 771 3687 836 nomm

2216 872 2331 936 tia.
2354 903 2435 922 -···
2458 868 2785 944 Quomodo
2818 873 3030 930 autem
3076 865 3211 928 hnc
3240 865 3373 926 duo
3390 863 3687 936 cehaereant,

2214 964 2302 1026 ita
2362 981 2401 1024 a
2462 961 2842 1043 quibusdam
2898 957 3235 1040 exponitur
3266 1003 3284 1034 ,
3338 957 3479 1038 qaia
3526 975 3691 1038 prasos

2215 1064 2389 1140 ptum
2418 1057 2661 1122 Christo
2710 1055 3075 1136 impositum
3090 1097 3106 1127 ‚
3156 1052 3289 1117 tale
3324 1050 3441 1114 fuit
3482 1056 3541 1113 ut
3568 1053 3693 1112 illan

2218 1153 2339 1214 sub
2366 1157 2625 1233 peceato
2652 1167 2783 1212 non
2810 1147 3199 1230 obligaverit.
3245 1145 3381 1220 Quo
3418 1143 3485 1208 iit
3500 1151 3575 1221 ut,
3598 1146 3695 1210 lieu

2219 1263 2335 1326 per
2378 1244 2765 1324 impossibile
2798 1242 2953 1305 illud
3002 1259 3133 1303 non
3182 1237 3571 1319 implevisset,
3610 1257 3693 1300 non

2220 1345 2557 1419 peccasset,
2584 1337 2695 1400 sed
2722 1337 2805 1400 ad
2852 1351 3173 1397 summum
3212 1329 3559 1412 important·
3596 1348 3693 1410 cpe-

2218 1439 2497 1508 metui-3
2542 1437 2731 1512 atque
2772 1430 2884 1506 ita,
2915 1430 3063 1490 licet
3088 1425 3387 1490 hahuerit
3426 1425 3693 1505 potentiam

2217 1543 2347 1586 non
2396 1524 2665 1588 faciendi
2706 1541 2867 1604 opus
2898 1527 3310 1602 paeceptum,
3338 1535 3467 1582 nou
3506 1518 3625 1582 inde
3652 1518 3697 1580 tit

2218 1618 2516 1681 habuisse
2540 1619 2886 1700 potentiam
2914 1615 3243 1698 peccandi.
3302 1613 3425 1676 Sed
3470 1615 3581 1674 hoc
3608 1631 3697 1676 res·

2214 1715 2439 1794 ponsio
2466 1714 2625 1776 falso
2654 1711 2965 1794 principio
2991 1711 3320 1773 fundatur.
3353 1707 3697 1788 supponimus

2216 1825 2393 1888 ergo,
2432 1825 2510 1870 ex
2540 1806 2825 1870 dicendis
2860 1804 3046 1882 infra,
3078 1822 3141 1885 q.
3172 1805 3284 1877 20,
3314 1801 3594 1866 Christum
3626 1801 3697 1860 tn·
3763 1867 3765 1872 ,

2212 1900 2427 1964 buisse
2455 1917 2674 1963 verum
2718 1919 2795 1962 ac
2840 1898 3171 1980 proprium
3224 1898 3613 1976 praeoptem,
3650 1911 3697 1954 ex

2214 2013 2341 2074 quo
2384 1994 2743 2056 necessario
2796 1992 2869 2056 fit
2908 1992 3087 2054 illam
3118 1987 3587 2055 conditionalem
3606 2003 3697 2048 essa

2210 2105 2427 2150 veram
2454 2105 2472 2149 ε
2498 2087 2562 2150 Si
2586 2087 2935 2150 voluntarie
2962 2085 3289 2148 omitteret
3314 2090 3517 2144 actum
3536 2095 3699 2159 prees·

2208 2185 2412 2262 ptum,
2434 2199 2512 2244 eo
2546 2187 2825 2261 tempore
2856 2197 2985 2259 quo
3012 2183 3398 2260 praeceptum
3426 2173 3694 2254 obligabat,

2210 2281 2537 2358 peccaret;
2570 2275 2718 2354 quia
2764 2279 2982 2355 ageret
3010 2276 3229 2335 contra
3273 2273 3637 2352 praeceptum,
3662 2273 3699 2327 et

2212 2377 2543 2450 peccatum
2596 2367 2752 2428 nihil
2789 2367 2961 2429 aliud
3018 2371 3114 2430 est
3148 2381 3347 2444 quam
3400 2363 3604 2429 dictum
3632 2361 3698 2419 vel

2214 2461 2449 2525 factum
2472 2467 2691 2524 contra
2723 2463 2933 2541 legem
2962 2459 3095 2522 Dei.
3122 2460 3309 2535 item,
3350 2457 3493 2536 quia
3534 2469 3697 2533 prece·

2218 2563 2399 2638 ptum
2426 2555 2665 2618 inducit
2692 2553 3175 2634 obligationem3
3208 2569 3367 2632 ergo
3415 2549 3516 2628 qui
3546 2547 3697 2607 volun-

2221 2649 2377 2711 tarie
2400 2653 2573 2710 caret
2598 2653 2740 2710 actu
2764 2648 2956 2722 bono,
2980 2663 3091 2708 seu
3114 2645 3405 2707 bonitate
3423 2648 3577 2703 actus
3594 2655 3699 2718 pre-

2221 2747 2432 2823 cepta,
2446 2735 2621 2804 cai-'et
2640 2741 2921 2804 bonitate
2950 2755 3144 2820 quam
3164 2738 3365 2802 dehet
3386 2734 3620 2804 habam
3636 2749 3698 2791 sr-

2222 2853 2303 2917 go
2346 2835 2541 2898 habet
2566 2852 2695 2896 non
2722 2839 2968 2898 tantum
2996 2833 3426 2914 negationem,
3450 2827 3551 2888 sed
3572 2825 3697 2888 etiam

2220 2929 2637 3010 privationem
2674 2928 2931 2990 moralis
2978 2925 3285 2988 bonitatis
3328 2917 3697 2986 moraliterdo-

2220 3021 2399 3094 hitaez
2436 3037 2587 3101 ergo
2642 3021 2953 3083 contrahit
3008 3020 3327 3082 defectum
3368 3023 3432 3078 et
3476 3010 3697 3076 malitiam

2222 3114 2526 3176 moralem
2568 3119 2786 3176 contra
2822 3114 3069 3194 legem3
3125 3129 3282 3192 ergo
3322 3113 3561 3190 peccat3
3598 3119 3696 3182 ergo

2224 3225 2304 3270 ex
2351 3208 2472 3271 hoc
2512 3207 2716 3287 capite
2745 3224 2876 3269 non
2916 3205 3071 3268 satis
3098 3203 3453 3268 excluditur
3496 3203 3699 3279 potestas

2218 3300 2545 3380 peccandi.
2580 3302 2669 3361 Eo
2716 3300 2814 3361 vel
2860 3299 3131 3360 maxime
3182 3295 3361 3376 quod
3400 3311 3519 3356 non
3560 3289 3697 3352 solun
3763 3305 3765 3312 ·

2218 3400 2534 3474 repugnat
2556 3394 2801 3456 Christo
2824 3398 3175 3472 peccatum,
3198 3407 3425 3452 verum
3458 3387 3613 3450 etiam
3632 3382 3699 3442 ille

2218 3486 2697 3566 imperfectionis
2724 3485 2973 3562 modus,
2992 3485 3103 3564 qui
3136 3490 3231 3546 est
3258 3480 3569 3546 dissentire
3599 3473 3699 3537 adi·

2221 3579 2367 3640 vina
2392 3579 2721 3641 voluntate
2758 3578 2877 3640 sibi
2918 3577 3240 3658 proposita
3282 3581 3357 3638 ut
3398 3570 3592 3652 regulo
3612 3579 3697 3626 ⁵⁰⁸2

2222 3671 2623 3750 operationis.

2298 3766 2403 3826 21.
2446 3763 2733 3828 Aliorum
2760 3763 3099 3828 solutio.---
3120 3763 3603 3844 Improbum—
3626 3750 3697 3812 Alii

2220 3857 2626 3937 respondent,
2666 3856 2978 3920 Christum
3018 3857 3296 3936 potuisse
3342 3855 3601 3916 omittere
3632 3863 3699 3906 sc-

2220 3957 2356 4014 tum
2390 3959 2770 4032 proeceptum
2799 3969 2915 4032 per
2938 3967 3165 4030 puram
3198 3950 3695 4017 omlssionem,non

2218 4063 2371 4108 vero
2398 4061 2515 4124 per
2536 4051 2745 4107 actum
2770 4044 3130 4124 positivum,
3156 4061 3283 4122 quo
3310 4037 3615 4104 formaliter
3634 4029 3695 4090 vel

2219 4138 2569 4202 virtualiter
2616 4137 2807 4201 veliet
2858 4155 2988 4198 non
3032 4136 3245 4200 facere
3300 4141 3501 4198 actum
3536 4139 3697 4210 prace-

2210 4236 2399 4312 ptum
2419 4275 2434 4304 ‚
2470 4230 2617 4310 quia
2649 4230 2793 4293 talis
2822 4235 2999 4292 actus
3026 4236 3193 4292 esset
3220 4229 3513 4312 positivus
3534 4230 3586 4284 et
3607 4235 3699 4279 ma·

2220 4323 2321 4386 lus
2332 4345 2351 4399 3
2393 4323 2492 4385 ad·
2508 4323 2872 4404 hujusmodi
2918 4341 3071 4385 vero
3124 4329 3338 4386 actum
3384 4337 3504 4382 non
3546 4309 3695 4376 habuit

2223 4433 2601 4479 concursum
2642 4435 2722 4478 ex
2766 4423 2943 4498 parte
2994 4416 3106 4478 Dei
3154 4417 3469 4487 oblatum3
3510 4417 3565 4470 et
3604 4405 3695 4465 ideo

2224 4511 2587 4590 simpliciter
2613 4527 2741 4572 nou
2786 4511 2989 4590 potuit
3028 4510 3221 4572 talem
3252 4513 3455 4572 actum
3491 4502 3689 4566 efficere,

2222 4605 2317 4666 Ad
2348 4621 2531 4666 usum
2560 4609 2774 4665 autem
2802 4603 3105 4665 libertatis
3146 4603 3361 4682 quoad
3386 4593 3690 4663 exercitium,

2224 4699 2451 4762 sufficit
2483 4702 2760 4777 potestas
2804 4697 3133 4759 omittendi
3176 4702 3385 4759 actum
3412 4711 3513 4774 per
3536 4695 3689 4768 param

2225 4789 2653 4865 omissionem,
2685 4807 2827 4870 quae
2866 4796 3079 4852 tamen
3108 4807 3237 4851 non
3274 4787 3494 4850 sufficit
3526 4779 3591 4842 ad
3620 4790 3691 4872 1³⁰1

2224 4888 2509 4945 testatem
2536 4883 2861 4962 peccandi,
2880 4882 3031 4963 quia
3053 4899 3212 4962 pura
3240 4878 3503 4950 omissio,
3518 4873 3687 4934 etiamsi

2224 4977 2361 5040 fieri
2389 4979 2710 5059 contingat
2725 5023 2747 5054 ,
2777 4995 2906 5040 non
2948 4984 3045 5040 est
3074 4984 3421 5058 peccatum,
3449 4971 3571 5050 quia
3594 4975 3689 5044 1¹⁰⁰·

2226 5079 2437 5134 catum
2481 5089 2612 5132 non
2652 5077 2747 5134 est
2780 5071 2899 5132 nisi
2938 5070 3387 5142 voluntariumg
3418 5067 3511 5128 illa
3542 5063 3687 5122 sutem

2227 5166 2509 5241 omissio,
2536 5167 2683 5226 licet
2710 5165 2792 5226 sit
2819 5161 3031 5244 aliquo'
3062 5165 3253 5226 modo
3281 5163 3484 5235 libere,
3509 5171 3605 5216 non
3627 5153 3686 5246 ἰξ-

2224 5272 2373 5320 men
2421 5263 2517 5320 est
2560 5257 2933 5332 voluntaria,
2976 5257 3125 5337 quin
3164 5253 3549 5318 voluntarium
3585 5239 3682 5303 dien

2225 5351 2804 5417 denominationem
2850 5351 3179 5432 positivam
3230 5350 3315 5412 ab
3354 5348 3539 5425 aliquo
3570 5337 3680 5398 actm

2228 5453 2289 5510 et
2317 5447 2459 5510 ideo
2487 5465 2613 5508 non
2658 5451 2863 5526 petest
2892 5465 3029 5508 esse
3056 5462 3283 5526 purum
3332 5431 3686 5506 voluntarium.
