3892 6167
569 399 650 458 42

1842 397 2077 462 QUAEST.
2112 395 2197 450 xl.
2233 393 2435 449 Anne.
2468 397 2511 450 1.

570 499 914 564 mationem
965 505 1238 582 negatur
1287 498 1574 582 sufficere
1629 497 1858 562 animae
1913 494 2138 560 Christi
2216 495 2446 570 tentia3
2476 493 2793 574 loquimur
2822 493 2991 558 enim
3010 495 3088 558 de
3118 495 3359 560 actibus
3402 501 3791 564 conflatura·
3877 485 3879 568 ?

571 595 898 658 scientiam
923 593 1150 656 harum
1180 611 1390 656 rerum
1411 591 1884 656 connaturalem
1913 591 2139 653 animae
2219 591 2384 653 libus
2410 591 2527 672 ipsi
2555 591 2886 670 potentiae3
2924 591 3146 654 eadem
3174 611 3321 656 vero
3348 593 3468 656 erit
3506 595 3677 658 ratio
3714 597 3791 661 de

571 689 891 764 humanae,
918 689 1069 768 quia
1098 688 1202 750 illa
1231 696 1326 752 est
1352 687 1743 769 imperfecta,
1769 691 1829 750 et
1851 685 1997 748 ideo
2030 687 2141 746 ha-
2222 684 2827 768 supernaturalibus,
2860 685 2913 748 si
2943 686 3025 747 ad
3079 687 3423 768 potentiam
3473 689 3793 752 elevatam
3877 691 3878 744 ξ

569 781 726 846 here
753 781 970 844 debuit
1003 781 1192 843 aliam
1233 781 1470 845 altioris
1499 781 1759 844 ordinis.

651 879 712 940 9.
756 877 1084 955 Responsio
1134 877 1214 940 ad
1250 881 1632 956 aryamenta.
1659 909 1742 926 --
1777 873 1874 938 Ad
1906 871 2131 936 funda-

572 974 856 1032 mentum
878 987 1026 1030 vero
1055 969 1222 1032 Scoti
1255 969 1468 1049 quoad
1505 970 1777 1049 primam
1819 967 1959 1048 ejus
1986 985 2131 1048 par·

569 1068 700 1124 tem
726 1061 1142 1144 respondetur
1162 1061 1390 1143 primo,
1413 1080 1542 1124 non
1571 1061 1921 1142 oportuisse
1954 1066 2022 1123 ιιι
2048 1059 2127 1122 de

571 1155 835 1236 singulis
882 1155 1220 1218 individuis
1268 1155 1530 1217 haberet
1561 1154 1844 1236 singulas
1887 1152 2133 1234 species

567 1248 1014 1330 intelligibiles,
1069 1250 1188 1312 hoc
1235 1251 1427 1326 enim,
1461 1248 1544 1312 ad
1573 1267 1911 1325 summum,
1945 1247 2133 1310 habet

567 1343 778 1406 locum
807 1344 872 1404 in
897 1343 1154 1407 scientia
1183 1343 1454 1407 naturali
1502 1361 1618 1406 suo
1649 1360 1882 1426 genere
1921 1340 2133 1420 acqui-

571 1435 724 1508 sita:
752 1443 986 1500 atvero
1015 1437 1256 1519 species
1283 1437 1490 1498 infusa
1523 1442 1733 1518 potest
1755 1455 1880 1498 una
1901 1451 2130 1518 reprae-

569 1536 820 1592 sentare
849 1537 910 1595 et
939 1537 1131 1594 totam
1165 1531 1522 1613 specificam
1552 1537 1870 1610 naturam,
1903 1536 1969 1592 et
1996 1547 2131 1592 om·

567 1622 674 1685 nia
703 1625 840 1706 ejus
895 1624 1243 1702 individua,
1277 1632 1349 1686 ut
1382 1625 1546 1688 bene
1590 1627 1868 1706 Cajetan.
1906 1624 2032 1698 hic,
2068 1629 2131 1685 et

569 1725 686 1781 art.
707 1721 766 1782 6.
800 1719 1041 1781 Deinde
1068 1719 1392 1782 individua
1422 1719 1854 1783 substantialia
1893 1719 2129 1794 futura,

571 1812 748 1874 finita
777 1817 946 1888 sunt,
971 1819 1036 1876 et
1083 1831 1198 1894 per
1239 1815 1514 1894 speciem
1553 1815 1894 1896 perfectam
1945 1813 2133 1874 unius

571 1905 872 1968 individui
907 1913 1166 1988 possunt
1195 1909 1489 1990 cognosci
1535 1907 1616 1970 ab
1647 1908 1859 1970 anima
1903 1907 2131 1971 Christi

569 2001 920 2064 accidentia
942 2003 1102 2082 ejus,
1132 2008 1224 2076 nt,
1254 2001 1429 2065 verbi
1453 2002 1679 2082 gratia,
1713 2021 1830 2083 per
1853 2001 2131 2083 speciem

570 2095 755 2157 unius
798 2097 1024 2175 Angeli
1069 2114 1288 2159 omnes
1337 2096 1730 2176 cognitiones
1780 2097 1941 2176 ejus,
1986 2095 2134 2158 licet

569 2189 634 2250 in
671 2187 988 2250 infinitum
1035 2188 1546 2270 multiplicentur.
1578 2189 1756 2263 Quod
1785 2190 1840 2252 si
1867 2189 2131 2253 fortasse

567 2283 773 2366 potnit
824 2282 1103 2345 Christus
1143 2303 1522 2364 cognoscere
1568 2303 1684 2366 per
1735 2283 1897 2348 hanc
1928 2284 2133 2346 scien-

567 2376 720 2439 tiam
746 2379 960 2440 omnia
983 2377 1304 2441 individua
1345 2378 1780 2442 substantialia
1828 2383 2130 2442 contenta

567 2471 635 2530 in
655 2473 936 2550 potentia
965 2477 1289 2548 creaturoe,
1317 2473 1507 2536 etiam
1530 2473 1581 2534 si
1611 2491 1939 2554 nunquam
1966 2471 2130 2534 futu·

567 2582 637 2626 ra
668 2565 814 2640 sint,
838 2564 942 2628 illa
963 2585 1346 2649 cognoscere
1371 2568 1574 2648 potuit
1595 2586 1710 2648 per
1725 2567 1969 2649 species
1984 2584 2129 2628 cau-

567 2675 778 2722 sarum
801 2678 956 2741 quas
971 2662 1570 2743 comprehendebat,
1596 2662 1770 2726 etita
1789 2661 1995 2744 potnit
2012 2679 2131 2743 per

569 2753 812 2833 species
848 2754 1056 2818 finitas
1097 2775 1480 2838 cognoscere
1523 2759 1736 2820 omnia
1781 2757 2125 2834 individua,

568 2847 758 2910 etiam
811 2847 1078 2912 infinita.
1130 2851 1352 2926 Quoad
1388 2852 1652 2914 alteram
1693 2871 1842 2916 vero
1883 2855 2131 2933 partem

563 2941 1004 3024 respondetur,
1021 2946 1292 3024 speciem
1311 2945 1584 3008 infusam
1597 2963 1782 3026 posse
1799 2944 1923 3008 dici
1944 2945 2132 3008 indit·-

567 3033 876 3098 ferentem
917 3035 999 3098 ad
1045 3039 1624 3117 repreasentandum
1666 3057 1802 3102 rem
1847 3057 1985 3102 esse
2024 3039 2126 3102 vel

567 3145 696 3190 non
750 3147 912 3202 esse,
951 3149 1078 3192 non
1133 3133 1446 3212 negative,
1479 3133 1734 3208 scilicet,
1774 3133 1925 3214 quia
1970 3151 2127 3195 neu-

567 3227 734 3284 trum
763 3231 1215 3304 repraesentare
1247 3233 1483 3307 potest;
1516 3226 1630 3290 sed
1661 3227 1950 3307 positive,
1977 3227 2127 3307 quia

565 3323 772 3398 potest
793 3335 927 3380 esse
943 3319 1318 3401 principium
1342 3320 1765 3400 cognoscendi
1787 3326 2126 3402 utrumque

565 3408 632 3472 in
661 3411 930 3488 obiecto,
949 3414 1130 3492 juxta
1151 3413 1316 3476 illius
1330 3421 1563 3476 statum
1577 3433 1692 3476 sen
1720 3414 2125 3496 exigentiam3

567 3505 739 3583 quia,
769 3507 1023 3585 quando
1074 3525 1176 3570 res
1226 3507 1451 3582 existit,
1497 3514 1703 3590 potest
1747 3509 2125 3585 intellectus,

565 3615 682 3680 per
722 3601 996 3680 speciem
1040 3609 1592 3683 repraesentantem
1635 3603 1810 3665 illam
1848 3611 1910 3667 et
1955 3602 2130 3682 quid-

567 3692 720 3774 quid
743 3695 936 3757 inilia
963 3701 1078 3769 est,
1109 3703 1172 3760 et
1200 3698 1282 3760 ad
1318 3698 1519 3778 ipsam
1546 3698 1848 3772 converti,
1881 3698 2129 3760 atillam

569 3788 816 3865 intueri,
848 3797 1036 3870 prout
1061 3791 1126 3852 in
1155 3809 1224 3853 se
1247 3792 1358 3873 lest
1403 3799 1546 3854 actu
1595 3793 1893 3868 existens,
1931 3798 1996 3855 et
2020 3801 2127 3854 se'-

567 3883 842 3946 cundum
888 3901 1108 3948 omnes
1145 3885 1532 3952 conditiones
1559 3887 1929 3966 existentiae,
1957 3886 2130 3968 quod

569 3983 664 4041 est
687 3977 860 4041 illam
877 3978 1128 4043 intueri.

1188 4165 1405 4222 sssc'rto
1437 4167 1501 4221 11.

577 4277 762 4336 Utrum
810 4287 964 4340 actus
1015 4279 1180 4338 liberi
1223 4290 1276 4338 et
1310 4284 1681 4356 contingentia
1709 4283 1902 4354 futura
1925 4283 2131 4342 cadant

941 4364 1038 4422 sub
1065 4364 1275 4439 objecto
1295 4365 1457 4442 hujus
1481 4367 1748 4426 scientiae.

650 4551 709 4608 1.
753 4545 986 4607 Praeter
1011 4561 1110 4606 res
1130 4544 1450 4608 naturales
1479 4545 1710 4609 suntin
1734 4546 1926 4610 rebus
1952 4563 2129 4609 crea-

571 4639 650 4703 tis
674 4639 798 4702 duo
828 4637 1078 4701 ordines
1103 4656 1342 4715 rerum,
1381 4657 1523 4720 quae
1575 4657 1784 4720 neque
1817 4639 1898 4702 ab
1927 4639 2127 4702 homi-

572 4753 676 4808 ne,
705 4751 912 4813 neque
943 4732 1022 4794 ab
1058 4732 1300 4814 Angelo
1336 4739 1598 4813 possunt
1632 4732 2002 4796 naturaliter
2031 4751 2129 4796 co·

571 4827 809 4908 gnosci,
839 4825 1096 4900 scilicet,
1130 4832 1307 4886 actus
1333 4824 1535 4902 liberi,
1569 4833 1632 4890 et
1660 4827 1962 4908 mysteria
1990 4845 2131 4909 gra-

569 4921 704 4994 tiae3
745 4919 826 4982 de
859 4919 1089 5000 quibus
1138 4926 1600 5000 consequenter
1643 4920 1983 4984 dicendum
2037 4925 2134 4982 est

570 5013 886 5096 quomodo
926 5011 1044 5076 snb
1082 5014 1246 5075 hanc
1291 5013 1616 5076 scientiam
1645 5013 1897 5078 cadant.
1939 5015 2132 5077 Actus

568 5126 716 5170 vero
765 5107 970 5184 liberi,
1006 5107 1086 5170 de
1116 5105 1344 5188 quibus
1375 5115 1468 5170 est
1518 5127 1797 5188 praesens
1845 5107 2128 5188 quaestiO,

570 5201 956 5264 considerari
979 5207 1264 5285 possunt,
1303 5202 1404 5265 vel
1433 5208 1502 5266 ιιι
1530 5207 1894 5282 praesentes,
1929 5199 2028 5264 vel
2066 5206 2134 5262 ut

570 5295 784 5374 futuri,
801 5297 900 5359 vel
931 5303 1000 5360 ιιι
1027 5297 1322 5378 praeteriti
1333 5313 1356 5376 ;
1380 5316 1532 5358 nam
1559 5297 1612 5359 si
1639 5302 1884 5358 tantum
1931 5295 2134 5358 consi-

569 5391 873 5454 derentur
917 5396 988 5453 ut
1029 5389 1384 5471 possibiles,
1428 5390 1745 5471 pertinent
1801 5388 2009 5469 potius
2052 5388 2133 5450 ad

571 5485 860 5550 ordinem
889 5500 1102 5546 rerum
1135 5483 1538 5558 naturalium,
1569 5489 1881 5564 quatenus
1927 5488 2001 5544 ιιι
2046 5481 2134 5544 sic

569 5577 805 5642 habent
855 5577 1276 5641 necessarium
1329 5575 1614 5640 ordinem
1662 5595 1806 5640 cum
1853 5577 1991 5656 ipsa
2024 5595 2136 5658 po-

2222 785 2683 858 comparentur.
2726 779 2808 841 Hi
2858 797 3008 858 ergo
3062 786 3261 853 actus,
3290 787 3359 844 ut
3408 788 3787 862 praesenteS,
3877 783 3878 808 ³

2212 873 2336 936 dici
2366 873 2571 935 solent
2610 873 3022 954 cogitationes
3050 873 3368 947 cordium;
3408 893 3559 937 cum
3620 879 3793 936 enim

2209 969 2277 1029 in
2306 966 2720 1048 quaestionem
2746 968 3025 1042 vertitur,
3058 986 3140 1029 an
3183 968 3408 1049 aliquis
3436 968 3647 1050 possit
3694 987 3791 1032 co-

2208 1061 2935 1144 gnoscerecogitationes
2960 1061 3265 1138 cordium,
3294 1063 3412 1124 sub
3464 1063 3588 1126 hac
3636 1082 3791 1126 voce
3877 1063 3878 1100 ³

2216 1155 2837 1236 comprehenduntur
2882 1173 3104 1218 omnes
3142 1163 3315 1220 actus
3364 1156 3555 1219 liberi
3604 1155 3790 1220 intel·

2214 1249 2415 1312 lectus
2440 1255 2505 1312 et
2533 1248 2871 1312 voluntatis
2910 1256 3053 1312 actu
3081 1251 3445 1314 existentes.
3474 1251 3560 1315 Ut
3586 1251 3789 1312 futuri
3877 1245 3878 1318 Ῑ

2212 1361 2387 1420 vero,
2414 1343 2710 1408 dicuntur
2735 1343 2947 1405 futura
2975 1343 3427 1424 contingentia,
3454 1363 3611 1406 nam
3648 1363 3790 1424 pro-

2211 1438 2525 1520 priissima
2550 1437 2975 1520 contingentia
2996 1437 3353 1500 futurorum
3394 1457 3471 1500 ex
3502 1437 3611 1500 his
3645 1435 3791 1500 acti-

2210 1531 2330 1594 bus
2357 1531 2637 1613 pendent
2646 1549 2667 1610 3
2686 1532 2928 1611 reliqua
2950 1532 3117 1595 enim
3145 1533 3377 1608 futura,
3409 1551 3553 1612 quse
3584 1551 3671 1594 ex
3689 1549 3791 1594 va·
3877 1585 3878 1610 2

2210 1625 2303 1688 rio
2315 1644 2623 1689 concursu
2647 1643 2860 1688 rerum
2880 1627 3259 1688 naturalium
3282 1626 3625 1706 contingen
3636 1625 3787 1687 tiam

2214 1721 2473 1799 habent,
2512 1722 2657 1784 licet
2682 1725 2973 1804 respectu
3002 1721 3188 1782 unius
3236 1738 3443 1782 causae
3474 1720 3785 1800 proximae
3877 1775 3879 1784 ,

2213 1815 2639 1896 contingentia
2670 1815 2813 1890 sint,
2846 1821 3059 1877 tamen
3116 1821 3406 1896 respectu
3459 1815 3663 1877 totius
3696 1833 3789 1876 or·

2212 1909 2375 1971 dinis
2412 1927 2743 1972 causarum
2796 1908 3179 1972 naturalium
3226 1909 3592 1972 necessario
3646 1927 3790 1970 eve-

2212 2002 2417 2078 niunt,
2462 2009 2526 2066 et
2578 2003 2657 2066 ita
2719 2001 2981 2064 dubium
3026 2021 3155 2064 non
3224 2007 3319 2064 est
3364 2002 3515 2083 quin
3570 2002 3789 2065 anima

2213 2097 2435 2160 Christi
2476 2096 2585 2160 illa
2638 2097 2999 2180 cognoverit
3045 2117 3159 2178 per
3216 2097 3383 2160 hanc
3420 2096 3783 2168 scientiam,

2213 2193 2363 2274 quia
2388 2193 2753 2274 simpliciter
2780 2193 3099 2274 pertinent
3138 2191 3219 2254 ad
3246 2191 3532 2254 ordinem
3565 2209 3783 2254 rerum
3877 2215 3878 2230 ι

2211 2287 2593 2350 naturalium
2614 2307 2629 2360 ;
2651 2285 2729 2349 de
2750 2287 3081 2367 praeteritis
3107 2287 3349 2349 actibus
3373 2285 3593 2349 liberis
3624 2284 3788 2348 nihil
3877 2277 3878 2294 l

2212 2381 2333 2444 dici
2363 2381 2543 2458 solet,
2575 2398 2776 2461 pauca
2799 2381 3101 2444 tamenin
3122 2379 3252 2443 fine
3278 2380 3634 2462 subjiciam.
3877 2427 3878 2462 3

2292 2481 2353 2540 2.
2400 2477 2489 2538 De
2520 2475 2761 2538 actibus
2794 2493 2945 2554 ergo
2963 2475 3200 2553 liberis,
3226 2483 3288 2538 et
3309 2475 3669 2557 praesertim
3708 2475 3789 2540 de

2208 2569 2457 2646 futuris,
2508 2575 2601 2632 est
2652 2568 2942 2648 quaedam
2978 2571 3288 2633 sententia
3340 2589 3609 2652 neganS,
3642 2571 3788 2632 ani-
3877 2571 3878 2648 ῗ

2210 2681 2379 2727 mam
2411 2662 2631 2725 Christi
2667 2681 3050 2742 cognoscere
3076 2663 3214 2725 illos
3242 2682 3356 2744 per
3383 2663 3547 2726 hanc
3576 2665 3787 2726 scien·
3877 2657 3878 2738 ζ

2212 2759 2463 2834 tiam,et
2479 2763 2940 2835 consequenter
2961 2757 3099 2819 illos
3122 2757 3436 2838 pertinere
3455 2757 3539 2820 ad
3564 2757 3790 2838 objec-
3877 2823 3878 2830 χ

2210 2859 2343 2915 tum
2370 2853 2557 2932 huJus
2587 2851 2881 2914 scientias.
2911 2851 3005 2914 Ita
3032 2852 3222 2914 sentit
3244 2853 3317 2912 D.
3344 2851 3599 2928 Thom.‚
3621 2851 3694 2912 in
3718 2853 3783 2929 3,
3877 2883 3879 2892 ν

2212 2945 2274 3010 d.
2312 2950 2410 3021 14,
2460 2963 2523 3026 q.
2584 2945 2779 3021 unic„
2824 2947 2943 3008 art.
2979 2947 3041 3022 3,
3082 2952 3145 3008 et
3193 2946 3422 3008 clarius
3469 2963 3532 3025 q.
3574 2945 3659 3006 20
3698 2945 3786 3006 de

2209 3041 2431 3113 Verit.,
2457 3046 2575 3102 art.
2620 3041 2680 3102 6.
2722 3039 2899 3114 Quod
2930 3039 3090 3101 solet
3143 3040 3364 3102 exiliis
3393 3038 3785 3103 testimoniis
3877 3063 3878 3098 ι

2208 3135 2541 3215 Scripturae
2588 3131 2864 3214 probari,
2916 3133 3145 3213 quibus
3200 3131 3428 3195 dicitnr
3464 3134 3784 3212 cognitio·

2208 3247 2353 3292 nem
2380 3227 2602 3289 harum
2630 3245 2843 3290 rerum
2876 3246 3012 3292 esse
3041 3229 3361 3308 propriam
3404 3226 3550 3302 Dei;
3583 3233 3652 3288 ut
3682 3233 3785 3289 est
3877 3281 3878 3306 ,

2210 3321 2363 3384 illud
2402 3321 2546 3383 Isai.
2593 3323 2671 3383 14
2704 3339 2718 3382 ε
2752 3320 3137 3386 Annunciate
3187 3321 3357 3384 nobis
3408 3323 3661 3398 futura,
3724 3326 3783 3384 et
3877 3341 3878 3350 ³

2208 3417 2469 3482 dicemus
2516 3417 2663 3498 quia
2710 3417 2824 3480 Dii
2844 3417 2992 3480 estis
3031 3433 3173 3490 νοις
3203 3414 3615 3495 unde-neque
3642 3421 3785 3478 An·
3877 3453 3878 3460 ι

2210 3509 2335 3590 geli
2362 3526 2478 3590 per
2500 3508 2743 3587 species
2769 3508 3010 3570 infusas
3048 3509 3181 3570 haec
3211 3525 3595 3588 cognoscere
3628 3527 3787 3588 pos-

2211 3608 2379 3664 sunt.
2411 3601 2537 3664 Sed
2568 3601 2879 3663 difficilius
2906 3602 3388 3664 fundamentum
3410 3601 3603 3682 hujus
3628 3621 3787 3664 sen-

2211 3697 2421 3758 tentiae
2464 3695 2630 3757 infra
2688 3695 3088 3775 tractabitur,
3125 3697 3243 3760 hoc
3304 3699 3473 3759 enim
3530 3703 3788 3758 constat

2210 3790 2445 3852 nullius
2463 3807 2596 3852 esse
2620 3791 2955 3864 momenti;
2980 3791 3151 3872 quia,
3170 3791 3316 3854 licet
3344 3791 3422 3853 sit
3444 3791 3785 3871 proprium

2208 3885 2319 3947 Dei
2346 3882 2480 3947 haec
2509 3902 2888 3965 cognoscere
2908 3884 3161 3966 propria
3193 3893 3255 3948 et
3276 3886 3547 3948 naturali
3570 3885 3786 3947 scien-

2208 3979 2318 4054 tia,
2344 3981 2559 4040 tamen
2597 3987 2837 4039 certum
2881 3985 2997 4050 est,
3042 3997 3156 4060 per
3206 3978 3423 4040 lumen
3455 3985 3517 4041 et
3566 3979 3781 4040 scien-

2206 4072 2359 4136 tiam
2410 4071 2951 4153 supernaturalem
3008 4091 3194 4154 posse
3246 4092 3285 4135 a
3338 4080 3626 4136 creatura
3666 4091 3784 4136 co-

2210 4167 2458 4250 gnosci,
2486 4165 2643 4227 alias
2664 4184 2872 4248 neque
2898 4185 3013 4248 per
3037 4167 3360 4230 scientiam
3390 4165 3643 4229 beatam
3666 4185 3783 4228 co-

2210 4261 2526 4342 gnovisset
2570 4261 2708 4323 haec
2760 4261 2970 4324 omnia
3004 4262 3211 4324 anima
3262 4261 3509 4338 Christi,
3561 4279 3783 4340 neque

2210 4373 2325 4436 per
2370 4354 2584 4417 lumen
2636 4355 3077 4438 propheticum
3138 4357 3430 4436 cognosci
3486 4361 3777 4437 possent.

2209 4449 2391 4512 Unde
2421 4449 2666 4512 nullum
2693 4449 2883 4512 etiam
2914 4449 3183 4512 sumitur
3220 4457 3665 4530 argumentum
3699 4469 3785 4514 ex

2208 4544 2478 4606 naturali
2519 4545 2780 4606 scientia
2819 4543 3227 4624 Angelorum,
3275 4545 3422 4623 quia
3465 4543 3687 4606 lumen
3714 4552 3787 4608 et

2210 4639 2453 4720 species
2482 4637 2672 4720 hujus
2700 4637 2976 4702 scientiae
2998 4657 3115 4720 per
3143 4657 3211 4700 se
3239 4637 3460 4702 infusae
3490 4639 3785 4719 superio-

2210 4732 2298 4794 ris
2326 4731 2562 4796 ordinis
2596 4738 2762 4795 sunt.

2293 4827 2352 4888 3.
2398 4827 2548 4890 Dico
2574 4844 2725 4907 ergo
2752 4825 2958 4906 primo
2986 4843 3002 4890 ε
3031 4825 3243 4888 anima
3286 4825 3509 4890 Christi
3535 4844 3782 4907 cogno-

2211 4920 2302 4983 vit
2327 4938 2442 5001 per
2479 4921 2643 4982 hanc
2672 4919 2996 4982 scientiam
3026 4921 3435 5002 cogitationes
3458 4921 3779 4998 cordium,

2214 5035 2328 5080 seu
2352 5023 2532 5078 actus
2558 5015 2789 5080 liberos
2819 5016 3179 5080 existentes.
3214 5018 3363 5080 Haec
3376 5024 3472 5080 est
3518 5023 3788 5080 senten-

2213 5111 2299 5174 tia
2326 5111 2399 5174 D.
2430 5109 2652 5173 Thom.
2686 5111 2813 5187 hic,
2846 5115 2909 5174 et
2955 5112 3240 5174 omnium
3278 5111 3781 5186 Thomistarum,

2214 5222 2403 5284 quam
2432 5207 2847 5268 communiter
2875 5212 3227 5286 sequuntur
3252 5207 3580 5285 Theologi,
3612 5206 3679 5266 in
3715 5207 3781 5280 3,

2215 5297 2276 5361 d.
2322 5301 2423 5372 14,
2457 5304 2519 5360 et
2540 5304 2745 5378 potest
2780 5317 2858 5360 ex
2882 5300 3201 5380 Scriptura
3227 5307 3289 5362 et
3320 5301 3606 5363 Patribus
3630 5319 3787 5380 pro-

2214 5390 2504 5454 babiliter
2548 5391 2805 5472 colligi3
2836 5398 3086 5455 constat
3112 5393 3281 5456 enim
3308 5393 3623 5454 Christum
3666 5389 3789 5456 ho·

2214 5483 2453 5548 minem
2470 5485 2781 5548 revelasse
2805 5485 3167 5550 hominibus
3192 5486 3311 5550 has
3336 5485 3783 5567 cogitationes3

2216 5578 2635 5661 cognoscebat
2690 5597 2841 5660 ergo
2884 5579 3019 5642 illas
3036 5597 3057 5660 5
3102 5587 3165 5644 et
3221 5577 3507 5659 quamvis
3554 5578 3785 5644 referri
