3892 6167
552 321 674 382 7¹6

551 415 983 474 subsistentiam
1003 415 1101 475 sic,
1123 421 1176 468 et
1194 413 1364 467 multo
1382 411 1564 465 minus
1578 407 1758 471 Verbi,
1779 404 2119 476 principium

613 491 877 562 operandi
913 503 1026 546 non
1049 496 1147 554 est,
1173 491 1270 544 sed
1289 489 1560 542 terminus
1580 492 1811 543 naturai.
1840 483 1895 536 d.
1921 485 1973 546 t,
1998 495 2025 534 s
2048 485 2119 534 t..

549 567 907 625 subsistentia
951 565 1114 620 Verbi
1156 567 1437 634 adaequate
1479 567 1532 617 et
1567 557 2001 618 convertibiliter
2039 561 2120 610 est

621 647 764 700 idem
787 657 914 700 cum
936 645 1131 700 Verbo.
1161 643 1238 696 ib.

1929 309 2113 364 {snex
2150 307 2380 368 annm.

2256 405 2603 492 consuetudo
2631 403 2853 459 dicandi
2888 405 3084 474 templa
3104 407 3298 466 sanctis
3312 427 3453 482 quam
3470 431 3617 499 antiqua

2258 488 2312 536 et
2331 481 2641 545 laudabilis,
2665 479 2721 534 d.
2746 484 2825 545 52,
2854 493 2896 534 s.
2926 486 2975 535 1.

2840 619 3097 662 ratuinus.

615 723 731 777 Non
765 727 846 775 est
875 721 1029 789 prior
1060 717 1347 772 existentia
1379 715 1616 786 propriae
1647 718 1884 777 naturae,
1928 722 2031 764 nee
2062 687 2147 762 se’
2194 709 2433 764 Termini
2456 722 2485 763 a
2514 721 2627 778 quo
2648 716 2700 763 et
2720 709 2789 762 ad
2804 721 2967 776 quem
2992 710 3383 786 incarnationis,
3396 721 3495 778 vide
3510 729 3627 788 ωας.

619 796 821 850 habent
851 800 914 849 ut
944 787 1186 862 p‘otentia
1208 798 1262 845 et
1283 798 1453 853 actus,
1474 791 1529 844 d.
1556 795 1603 854 8,
1625 803 1669 842 s.
1693 793 1741 842 1.

616 873 707 926 Est
736 877 919 925 tamen
947 869 1146 924 modus
1175 865 1603 931 existentiae,‚ib.

621 948 736 1000 Non
761 945 1043 1012 attingitur
1065 943 1376 997 immediate
1409 941 1479 996 ab
1497 940 1683 1008 aliquo
1706 943 1915 1006 agente,
1938 937 2035 991 sed
2056 948 2122 989 ex

2258 785 2427 839 natio·

2823 901 3117 942 raaoaocu.

623 1023 740 1090 ipsa
772 1028 965 1076 natura
1003 1021 1240 1084 resultat,
1277 1032 1376 1086 per
1403 1018 1672 1072 actionem
1702 1013 2033 1078 distinctam,
2070 1017 2122 1065 et
2195 1010 2487 1080 Theologia
2504 1012 2969 1080 tripliciterneum
2998 1013 3312 1081 considerat,
3327 1017 3379 1072 in
3393 1033 3457 1086 se,
3478 1024 3519 1077 in
3534 1039 3632 1086 crea.

619 1097 979 1166 separabilem
1003 1111 1036 1150 a
1069 1096 1390 1164 productiva
1417 1099 1643 1158 naturae,
1672 1091 1746 1145 ib.

617 1175 734 1228 Non
775 1171 1009 1240 pertinet
1026 1173 1098 1226 ad
1131 1171 1590 1239 complementum
1609 1170 1865 1222 humante
1892 1173 2120 1226 naturae.

625 1260 728 1302 nec
756 1248 998 1302 hominis
1030 1253 1090 1301 ut
1117 1249 1280 1301 homo
1307 1251 1406 1307 est,
1433 1245 1504 1298 ib.

2260 1088 2414 1153 turis,
2436 1095 2499 1142 ut
2528 1089 2697 1142 flncm
2721 1087 2989 1154 ultimum,
3020 1091 3218 1145 Praefat.

2260 1164 2637 1220 consideratio
2668 1164 2737 1219 de
2773 1165 3146 1222 incarnatione
3164 1165 3231 1221 ad
3262 1169 3537 1242 'theologum
3556 1189 3632 1250 qui.

2258 1237 2363 1292 bus
2390 1239 2573 1294 modis
2592 1239 2831 1306 attineat,
2856 1237 2934 1293 ib.

561 1323 918 1377 subsistentia
964 1323 1184 1391 propria
1219 1327 1272 1376 et
1315 1321 1508 1376 modus
1533 1319 1761 1375 unionis
1801 1331 1913 1373 nou
1947 1329 2125 1384 oppo-
2194 1312 2489 1384 Theoiogia
2514 1315 2792 1384 quomodo
2815 1315 2984 1370 vitam
3009 1323 3060 1370 et
3076 1323 3293 1372 mortem
3315 1321 3483 1379 christi
3505 1333 3627 1400 inm,

627 1405 852 1464 nuntur,
889 1400 964 1452 ib.

561 1473 621 1527 in
653 1477 758 1528 beo
787 1482 866 1529 est
881 1488 996 1530 una
1014 1476 1276 1538 absoluta,
1303 1485 1426 1541 quae
1449 1471 1746 1528 sonnaiiter
1765 1475 1844 1524 est
1862 1469 2123 1538 perfectio

624 1550 965 1617 simpliciter.
997 1551 1072 1603 ib.

563 1623 922 1680 subsistentia
947 1626 1130 1684 Verbi.
1155 1639 1280 1678 cum
1297 1637 1409 1679 non
1427 1625 1498 1678 sit
1513 1623 1724 1685 modus„
1749 1621 1985 1688 qualiter
2000 1631 2123 1674 vere

626 1713 750 1754 cum
771 1709 949 1755 creata
971 1707 1164 1756 natura
1182 1704 1490 1767 componat,
1516 1697 1588 1752 ib.

563 1777 919 1833 subsistentia
939 1777 1125 1845 aliquo
1147 1777 1312 1832 modo
1331 1781 1515 1829 causat
1531 1773 1890 1829 accidentales
1909 1771 2123 1839 periec-

627 1852 802 1906 tiones
831 1852 978 1906 unde
1005 1853 1061 1905 in
1087 1851 1404 1905 substantiis
1435 1855 1488 1904 et
1527 1847 1901 1902 accidentibus
1935 1847 2089 1901 omni
2109 1873 2125 1884 ·

627 1926 729 1981 bus
745 1927 1088 1995 supponitur,
1105 1933 1160 1980 et
1179 1927 1236 1980 in
1260 1925 1456 1980 Christi
1479 1925 1664 1978 anima
1683 1923 1838 1992 prius
1860 1921 1968 1977 fuit
1989 1922 2125 1976 unio

627 2002 696 2056 ad
737 2002 903 2068 iliam,
939 2015 1104 2070 quam
1137 2002 1322 2068 aliqua
1353 1999 1707 2055 accidentalis
1739 1997 2002 2067 perfectio
2066 1998 2121 2052 d.

631 2081 708 2140 ιο,
738 2091 782 2130 s.
817 2081 866 2129 a.

625 2152 822 2220 Estque
845 2151 1088 2207 conditio
1107 2153 1368 2220 requisita
1401 2153 1469 2206 ad
1509 2148 1874 2205 accidentium
1909 2152 2125 2203 susten·

630 2227 908 2294 tationem,
937 2229 1093 2292 (1.17,
1127 2243 1171 2282 s.
1199 2235 1226 2280 5

628 2305 883 2358 Absoluta
909 2303 1450 2359 incommunicabilis
1479 2314 1591 2358 non
1621 2309 1700 2356 est
1728 2315 1784 2355 in
1811 2303 1942 2366 beo,
1962 2302 2017 2354 d.
2048 2305 2124 2364 lt,

629 2392 672 2432 S.
703 2387 751 2434 8.

631 2455 796 2509 Secus
816 2455 1325 2518 communicabilis,
1370 2467 1494 2521 quae
1519 2467 1644 2510 cum
1673 2454 1848 2508 tribus
1886 2453 2129 2508 relativis

631 2531 958 2598 quibuscum
998 2541 1138 2585 stare
1185 2537 1356 2599 potest
1381 2571 1394 2594 ,
1431 2531 1485 2584 in
1540 2530 1780 2598 ipsisque
1828 2529 2129 2584 includitur

633 2607 843 2672 intime,
868 2607 1277 2675 quaternarium
1311 2619 1604 2662 numerum
1630 2619 1740 2660 non
1755 2605 1991 2671 coniicit,
2010 2620 2053 2660 s.
2079 2610 2124 2660 t.

569 2683 668 2747 Qui
701 2691 906 2750 negant
939 2683 998 2736 in
1030 2685 1140 2739 beo
1173 2695 1520 2738 communem
1549 2681 1985 2746 subsistentiam,
2027 2682 2124 2750 hy-

634 2760 888 2826 postasim
923 2759 1256 2826 intelligunt,
1281 2759 1352 2812 ib.

631 2836 739 2888 Cur
763 2839 870 2888 tres
888 2834 1264 2889 subsistentias
1277 2835 1458 2902 potius
1489 2846 1652 2902 quam
1687 2833 1787 2886 tria
1809 2845 1924 2886 esse
1947 2833 2005 2886 in
2020 2835 2131 2888 Deo

630 2921 952 2976 asseramus,
981 2911 1054 2962 ib.

569 2971 802 3026 Ulterior
821 2973 1092 3026 terminus
1111 2971 1345 3038 qualiter
1361 2971 1726 3026 subsistentiae
1743 2975 2025 3037 repugnet,
2052 2970 2126 3023 ib.

569 3045 928 3102 subsistentia
961 3055 1018 3102 et
1047 3047 1240 3103 relatio
1271 3048 1506 3115 qualiter
1526 3047 1584 3101 in
1617 3049 1726 3101 beo
1760 3047 1923 3114 idem,
1952 3047 2007 3100 d.
2050 3051 2129 3114 ta,

569 3129 972 3286 οοῖπίιὶιιιιίοαῆ
1031 3204 1235 3266 potest,
1273 3211 1385 3254 non
1439 3199 1840 3254 communicata
1879 3211 2128 3282 persona,

571 3273 926 3404 sulb’sistentia
951 3355 1132 3404 creata
1153 3361 1253 3403 cur
1273 3361 1372 3417 per
1399 3350 1694 3403 increatam
1725 3350 1967 3416 suppleri
2002 3363 2131 3418 pos-

635 3425 739 3488 sit,
771 3437 882 3478 non
909 3431 1088 3479 ereata
1125 3424 1419 3480 intellectio
1451 3437 1550 3492 per
1581 3425 1910 3482 increatam.
1945 3427 2001 3479 d.
2048 3432 2133 3490 2⁴,

573 3507 930 3631 susbsistentia
947 3589 1043 3630 seu
1075 3575 1434 3644 personalitas
1453 3583 1660 3632 naturai
1683 3583 1876 3632 creatae
1905 3589 2019 3632 non
2054 3584 2135 3632 est

636 3654 706 3707 de
731 3654 854 3720 ejus
877 3654 1133 3713 essentia.
1155 3653 1208 3708 d.
1240 3659 1319 3715 ³6,
1351 3667 1393 3706 s.
1424 3659 1470 3707 1.

637 3728 716 3782 ΑΙ)
745 3730 1078 3783 humanitate
1110 3729 1306 3783 Christi
1347 3731 1584 3797 separari
1629 3730 1832 3800 potuit,
1877 3737 2134 3784 manente

640 3805 856 3873 propria
875 3805 1178 3870 existentia,
1206 3805 1281 3858 il).

1200 3936 1496 3976 SUPPOSITUU
1503 3963 1516 3976 .

578 4036 715 4099 Quid
748 4038 1034 4106 signitlcet,
1056 4039 1112 4092 d.
1136 4043 1187 4101 8,
1209 4051 1255 4092 s.
1275 4043 1326 4091 ⁸.

582 4112 720 4177 Quid
746 4125 911 4182 supra
933 4119 1184 4168 naturam
1209 4113 1388 4175 addat,
1414 4114 1469 4166 d.
1493 4119 1543 4175 ⁸,
1571 4127 1615 4167 s.
1642 4118 1690 4168 t.

581 4188 853 4255 suppositi
891 4189 1074 4243 unitas
1099 4191 1276 4257 major
1305 4201 1472 4257 quam
1500 4195 1708 4244 naturae
1738 4201 1804 4243 ex
1833 4191 2058 4244 materia
2085 4197 2139 4246 et

645 4262 820 4317 lerina
851 4265 1181 4332 composita,
1215 4267 1270 4320 d.
1299 4271 1351 4329 9,
1379 4276 1424 4318 s.
1451 4269 1500 4318 1.

642 4340 890 4394 creatum
919 4340 1157 4394 alienam
1186 4347 1434 4395 naturam
1459 4341 1786 4409 hypostatice
1821 4342 2011 4408 nequit
2042 4355 2137 4395 su-

641 4412 862 4472 stinere.
883 4416 940 4469 d.
965 4421 1044 4480 ta,
1075 4429 1120 4469 s.
1147 4422 1196 4468 3.

581 4489 928 4556 suppositam
958 4498 1014 4545 et
1045 4502 1278 4558 persona
1312 4492 1368 4546 in
1401 4493 1612 4546 Christo
1643 4492 1807 4556 idem,
1837 4492 1892 4547 d.
1927 4497 1979 4557 7,
2014 4505 2057 4545 s.
2088 4499 2134 4546 3.

582 4563 655 4615 lle
675 4577 870 4631 unum,
891 4567 985 4620 sed
1007 4566 1064 4620 in
1085 4565 1284 4634 duplex
1305 4581 1401 4634 per
1433 4573 1726 4635 conceptus
1757 4567 2023 4634 partibile,
2062 4567 2135 4621 ib.

1332 4745 1388 4820 'l'

1235 4945 1484 4986 tutulu-

581 5031 852 5086 Posterius
883 5031 1052 5100 priori
1089 5032 1146 5086 in
1179 5037 1446 5086 structura
1478 5030 1804 5099 ignobilius,
1835 5032 1907 5087 ob
1939 5033 2137 5087 christi

645 5109 860 5162 bomini
887 5110 1232 5176 praesentiam
1267 5109 1532 5163 illustrius
1559 5109 1850 5173 redditum,
1875 5110 1994 5171 d.t,
2016 5125 2059 5163 s.
2091 5117 2138 5163 3.

643 5181 783 5237 iilud
807 5184 866 5235 in
895 5185 1062 5250 priori
1097 5182 1332 5238 adventu
1359 5185 1600 5239 christus
1621 5185 1913 5252 ingressae„
1939 5198 2053 5239 non
2079 5185 2139 5239 in

643 5259 945 5324 posteriori,
974 5260 1048 5312 ib.

578 5333 660 5392 Ab
690 5334 894 5390 Herode
913 5335 1216 5391 secuudum
1247 5337 1510 5404 templum
1533 5343 1902 5394 constructum
1933 5343 2032 5400 est,
2058 5337 2133 5392 ib.

580 5411 862 5481 Templum
905 5412 962 5466 in
989 5412 1282 5468 Jerusalem
1309 5413 1411 5467 sub
1439 5413 1576 5480 cyro
1605 5413 1937 5480 inchoatum,
1972 5421 2024 5469 et
2055 5414 2141 5469 al·

646 5497 756 5544 lare
783 5493 1038 5552 erectum,
1065 5487 1118 5542 d.
1153 5494 1198 5552 lt,
1225 5503 1269 5542 S.
1295 5493 1342 5542 1.

2266 1388 2339 1442 ib.

2830 1509 2878 1547 ο.
2920 1507 3131 1547 raons.

2199 1617 2259 1670 D.
2285 1616 2519 1670 Thomas
2540 1619 2831 1685 praelarus
2870 1617 3086 1672 itineris
3117 1619 3398 1690 'theologici
3418 1626 3522 1687 dux.
3538 1629 3641 1688 Prael.

2199 1691 2348 1821 uetus
2375 1693 2437 1821 icil.
2470 1691 2690 1821 {homa}
2719 1693 2789 1748 de
2824 1695 3071 1750 interiori
3112 1697 3401 1754 adoratione
3432 1709 3641 1772 perpendi.

2286 1780 2365 1832 ur,
2436 1807 2449 1820 .
2547 1782 2627 1833 ,s.
2692 1811 2702 1821 .

2638 1921 2807 1973 rmoa,
2836 1920 2991 1963 rmoa
3018 1923 3067 1962 iu
3102 1923 3308 1966 enemo.

2200 2029 2438 2084 Timoris
2462 2032 2671 2088 donum
2698 2033 2755 2088 in
2782 2034 2999 2090 christo
3020 2040 3075 2090 et
3098 2035 3279 2101 beatis,
3308 2038 3357 2092 d.
3380 2045 3449 2104 ao,
3464 2055 3498 2096 s.
3518 2047 3553 2096 a

2200 2103 2439 2158 Timoris
2466 2107 2607 2162 varii
2628 2109 2797 2172 modi,
2822 2110 2897 2164 ib.

2199 2180 2386 2235 Timor
2433 2184 2807 2238 reverentialis
2838 2193 2893 2238 et
2923 2191 3133 2250 castuS,
3176 2188 3302 2252 quid
3327 2197 3373 2244 et
3410 2191 3583 2258 qualiter
3606 2199 3641 2248 iu

2266 2258 2497 2322 christo,
2531 2259 2603 2314 ib.
3218 2301 3228 2308 -

2202 2333 2279 2386 De
2310 2333 2521 2388 rationo
2556 2334 2785 2401 timoris,
2806 2349 2933 2403 quae
2956 2335 3107 2404 suga,
3126 2336 3281 2403 (1.34,
3306 2353 3349 2392 s.
3368 2346 3411 2392 t.

2203 2407 2439 2462 Timoris
2463 2415 2617 2463 actus
2640 2410 2935 2477 dupliciter
2968 2412 3157 2466 haberi
3185 2419 3358 2480 potest,
3376 2415 3433 2472 il).

2204 2483 2409 2539 Timuit
2434 2485 2679 2540 Christus
2700 2487 2905 2542 malum
2928 2488 3080 2555 quod
3098 2494 3181 2544 ast
3196 2489 3253 2543 in
3268 2497 3435 2554 morte.
3450 2493 3507 2546 ib.

2203 2563 2399 2617 nalum
2437 2563 2617 2629 facile,
2640 2563 2737 2619 sed
2766 2577 2879 2620 non
2908 2567 3137 2621 honeste
3170 2567 3391 2633 vitabile,
3416 2577 3543 2635 paea
3564 2584 3638 2624 ese

2270 2637 2481 2694 timoris
2512 2639 2807 2708 objectum,
2834 2641 2910 2695 ib.

2862 2795 3108 2837 tamus.

2207 2903 2485 2961 Trinitatis
2510 2909 2827 2976 mysterium
2858 2909 2916 2963 in
2944 2923 3063 2978 quo
3082 2911 3341 2975 consistat,
3362 2912 3408 2965 d.
3434 2913 3575 2974 tiss.

2268 2981 2471 3036 nostrie
2502 2983 2630 3039 fldei
2652 2990 2734 3038 est
2758 2983 3202 3053 fundamentum,
3230 2999 3269 3041 S.
3290 2991 3333 3040 1.

2271 3058 2522 3126 Alterius,
2556 3061 2612 3115 d.
2632 3065 2679 3124 a,
2704 3077 2749 3115 s.
2770 3067 2817 3115 1.

2208 3133 2485 3188 Trinitatis
2506 3147 2753 3202 personat
2778 3144 2908 3192 sunt
2942 3137 3094 3191 idem
3124 3137 3181 3190 in
3202 3143 3376 3192 natura
3394 3137 3541 3202 majori
3560 3139 3643 3190 uni-

2274 3213 2396 3274 tate,
2431 3223 2597 3276 quam
2630 3225 2739 3278 qua
2781 3213 3119 3280 hypostatice
3150 3214 3409 3280 uniuntur,
3447 3213 3539 3266 licet
3562 3214 3645 3280 ipa}

2276 3297 2389 3338 non
2420 3287 2701 3353 uniantur,
2727 3289 2782 3342 d.
2818 3291 2867 3349 7,
2902 3303 2948 3342 s.
2986 3291 3039 3342 ⁴.

2208 3361 2489 3416 Trinitatis
2514 3375 2679 3430 opera
2706 3363 2776 3418 ad
2802 3370 2952 3420 extra
2978 3362 3239 3428 indivisa,
3260 3365 3313 3419 d.
3336 3369 3403 3430 1ο,
3432 3377 3467 3416 s.
3491 3369 3526 3417 1.

2209 3437 2301 3490 Est
2324 3449 2486 3493 causa
2512 3437 2751 3494 efficiens
2770 3439 3104 3508 principalis
3120 3441 3314 3508 gratiae,
3336 3439 3398 3494 ib.

2270 3515 2471 3567 Nomen
2514 3515 2609 3581 qui
2656 3522 2755 3582 est,
2790 3515 3057 3571 convenit
3080 3515 3315 3569 Trinitati
3346 3516 3516 3569 ratione
3543 3513 3655 3566 unius

2275 3590 2592 3656 existentiae,
2616 3592 2672 3645 d.
2694 3595 2775 3658 11,
2798 3605 2843 3646 s.
2878 3597 2927 3646 1.

2209 3667 2447 3724 Trinitas
2473 3682 2587 3724 non
2616 3669 2777 3726 habet
2796 3671 3082 3740 propriam
3104 3669 3415 3726 efficientiam
3436 3681 3561 3736 supra
3574 3679 3657 3736 per—

2273 3757 2463 3799 sonam
2490 3745 2671 3810 verbi,
2706 3746 2759 3801 d.
2792 3751 2872 3814 to,
2906 3761 2947 3800 s.
2978 3751 3031 3803 1.

2274 3821 2511 3876 Trinitas
2536 3835 2647 3877 non
2682 3829 2763 3877 est
2794 3823 3102 3888 incarnata,
3131 3823 3185 3877 d.
3205 3827 3278 3890 12,
3301 3835 3338 3874 s.
3367 3826 3407 3874 1.

2272 3898 2362 3952 Est
2383 3904 2565 3952 tamen
2588 3899 2809 3966 speciali
2842 3901 3009 3955 modo
3042 3901 3100 3954 in
3133 3897 3453 3958 humanitate,
3482 3895 3540 3946 ib.

2210 3974 2445 4028 Trinitas
2472 3981 2555 4029 est
2576 3975 2792 4029 infinita
2815 3977 3157 4044 simpliciter,
3178 3980 3228 4028 et
3240 3971 3463 4042 quaelibet
3479 3970 3570 4036 ejus
3582 3979 3663 4036 per·

2274 4061 2440 4114 sona;
2476 4055 2531 4104 et
2556 4050 2723 4114 uude,
2754 4051 2809 4104 d.
2840 4055 2922 4117 11,
2942 4065 2987 4104 s.
3020 4055 3071 4104 8.

2274 4127 2332 4177 ln
2389 4125 2653 4180 Trinitate
2697 4137 2811 4180 non
2858 4127 3287 4194 multiplicantur
3330 4125 3564 4184 conoeeta,
3592 4115 3661 4170 nisi

2274 4198 2650 4268 multiplicatis
2668 4199 2880 4264 formis3
2902 4215 2947 4256 s,
2974 4205 3021 4254 ⁴.

2212 4275 2560 4342 Unaquaeque
2604 4289 2837 4343 persona
2868 4283 2949 4332 est
2974 4279 3133 4340 Deus,
3178 4280 3227 4329 et
3252 4285 3424 4328 omnes
3450 4279 3534 4325 tres
3565 4279 3665 4322 unus

2278 4356 2488 4404 tantum
2512 4353 2671 4417 Deus„
2705 4350 2761 4405 d.
2792 4357 2875 4417 1⁸,
2903 4365 2945 4406 s.
2977 4356 3023 4406 4.

2274 4427 2391 4480 Non
2419 4433 2599 4480 tamen
2646 4439 2841 4482 omnes
2864 4432 2973 4482 tres
3016 4439 3191 4482 unum
3222 4425 3517 4494 simpliciter,
3546 4421 3661 4479 (1.15.

2274 4517 2317 4556 ε.
2356 4506 2403 4556 i.

2210 4577 2489 4632 Trinitatis
2508 4578 2827 4645 mysterium
2847 4579 3106 4634 omnibus
3118 4579 3373 4635 occultum
3390 4593 3401 4641 ;
3418 4571 3661 4628 incarnatie

2276 4655 2365 4706 nis
2395 4654 2557 4708 etiam
2584 4661 2773 4709 notum
2807 4655 2911 4723 ipsi
2932 4655 3032 4708 soii
3055 4655 3316 4718 Trinitati,
3340 4653 3391 4706 d.
3412 4656 3481 4716 2⁵,
3506 4663 3542 4702 s.
3566 4652 3600 4696 ³.

2214 4729 2506 4783 praedicata
2530 4743 2653 4797 quae
2678 4729 3019 4785 conveniunt
3046 4733 3151 4784 beo
3183 4731 3249 4784 ab
3274 4735 3453 4798 aeterno
3486 4733 3658 4778 commn-

2278 4806 2371 4858 nia
2394 4812 2523 4859 sunt
2540 4808 2633 4860 toti
2662 4807 2936 4872 Trinitati,
2968 4820 3123 4862 secus
3142 4820 3259 4874 qnae
3286 4818 3375 4876 per
3396 4810 3589 4858 natutam
3604 4811 3656 4850 2<-

2276 4888 2564 4949 sumptam‚
2590 4882 2647 4936 d.
2676 4887 2756 4947 ³5,
2785 4897 2829 4936 a.
2856 4888 2903 4936 1.

2560 5061 2797 5102 ῒΙΙΞΤΠΙΑ
2815 5091 2827 5112 ,
2861 5063 3095 5103 ἹἍΙΒΪΠΙΑ
3124 5063 3175 5102 ut
3206 5059 3409 5100 08118ΐο-

2215 5185 2465 5239 Tristitiae
2487 5185 2759 5252 objectum
2787 5187 2956 5254 quod,
2986 5187 3041 5242 d.
3062 5191 3139 5248 8⁴,
3158 5201 3201 5240 s.
3222 5189 3267 5238 3.
3366 5189 3375 5200 ’

2278 5261 2339 5313 ln
2362 5261 2574 5315 Christo
2604 5261 2823 5315 tristitia
2860 5263 2965 5317 fuit
3006 5262 3208 5316 ratione
3234 5260 3315 5314 sui
3345 5263 3394 5312 et
3424 5256 3605 5309 altorum
3622 5247 3659 5299 in

2278 5341 2507 5404 utraque
2534 5337 2784 5406 portione
2804 5337 3113 5404 voluntatis,
3134 5337 3207 5392 ib.

2216 5413 2453 5468 Tristitia
2485 5417 2540 5468 et
2568 5413 2830 5482 gaudium
2878 5413 3043 5470 simui
3084 5414 3142 5469 in
3177 5412 3373 5467 christo
3402 5405 3598 5462 ruerunt.
3627 5403 3659 5448 εἰ

2281 5488 2530 5557 qualiter,
2553 5489 2878 5547 miraculose
2908 5499 3103 5545 tamen.
