3892 6167
1383 339 1699 392 aisrurnr.
1733 337 1854 390 uv.
1890 341 2061 394 secr.
2094 343 2133 410 ι,

133 432 416 495 Taurini
439 436 676 496 servari
696 441 759 496 et
775 434 1190 498 demonstrari
1209 434 1458 499 dicitur.
1481 435 1718 508 Tertio,

131 525 318 589 misit
343 527 618 608 effigiem
642 545 820 589 suam
846 529 1156 608 Abagaro,
1187 530 1318 608 regi
1345 530 1620 604 Edessae,
1653 535 1722 592 ut

131 625 472 682 testantur
513 621 873 702 Stephanus
903 628 964 684 et
1003 622 1316 684 Adrianus
1364 621 1716 698 Pontifices,

132 713 326 793 apud
377 715 666 791 ivonem,
709 717 750 776 4
783 721 944 794 part.
981 717 1078 777 sui
1114 715 1386 789 decreti,
1418 735 1472 778 c.
1511 718 1624 793 833
1657 720 1722 778 et

131 807 432 869 habetur
457 807 646 870 etiam
671 809 734 868 in
757 808 866 869 lib.
897 807 1182 884 Adriani,
1207 809 1288 872 de
1314 811 1716 888 Imaginibus,

129 917 280 960 non
315 901 506 979 longe
549 919 590 960 a
639 901 835 981 princ.
856 947 874 972 ,
903 903 970 963 in
999 904 1038 964 3
1072 909 1242 965 tomo
1269 901 1716 980 Consiliorum3

129 1001 204 1054 et
255 994 550 1056 eamdem
593 993 914 1057 historiam
955 994 1150 1056 refert
1188 997 1504 1070 Damaso„
1533 996 1644 1058 lib.
1678 999 1718 1058 4

127 1087 226 1148 de
261 1087 439 1162 Fide,
469 1105 522 1149 c.
559 1091 662 1164 17,
683 1095 748 1149 et
775 1096 932 1151 orat.
958 1091 988 1151 1
1025 1088 1106 1150 de
1131 1090 1534 1170 Imaginibus,
1555 1092 1720 1152 circa

127 1182 350 1242 finem
375 1203 394 1257 ς
421 1187 484 1243 et
515 1183 840 1262 Evagrius,
869 1183 983 1244 lib.
1016 1187 1056 1246 4
1087 1183 1270 1260 Hist,
1298 1203 1352 1246 c.
1383 1187 1486 1256 26,
1519 1183 1714 1259 addit,

125 1275 230 1335 ob
299 1277 700 1356 praesentiam
771 1276 934 1338 illins
997 1278 1294 1356 imaginis
1326 1324 1343 1351 ,
1404 1278 1716 1340 civitatem

123 1369 408 1432 Edessae
435 1385 602 1448 soepe
629 1369 822 1432 fuisse
851 1369 1141 1433 incendio
1168 1371 1522 1434 liberatam.
1544 1371 1718 1433 idem

123 1461 358 1522 refert
397 1461 759 1542 Nicephor„
789 1461 898 1524 lib.
939 1466 979 1525 Ξ
1027 1464 1216 1539 nist„
1260 1483 1398 1546 cap.
1445 1468 1546 1538 17,
1577 1465 1726 1526 sub-

117 1558 458 1636 jungens,
509 1555 735 1620 eodem
791 1565 1098 1639 tempore,
1131 1578 1318 1640 reges
1363 1561 1720 1636 Persarum,

127 1649 382 1712 Christi
403 1655 469 1713 et
495 1651 636 1731 ejus
659 1652 876 1712 matris
903 1653 1212 1734 imagines
1237 1654 1578 1733 accepisse.
1606 1654 1722 1716 Re-

127 1743 370 1804 ferunt
415 1744 604 1806 etiam
655 1744 818 1805 hane
865 1745 1209 1825 imaginem
1260 1753 1480 1827 postea
1528 1745 1720 1809 fuisse

127 1835 760 1918 Constantinopolim
797 1839 1188 1914 translatam,
1217 1841 1482 1920 ejusque
1512 1847 1720 1904 trans-

129 1931 410 1994 lationis
457 1930 688 1992 festum
741 1933 1165 1996 anniversaria
1215 1935 1574 1998 Graecorum
1625 1953 1720 1998 so-

127 2023 482 2086 lemnitate
512 2023 846 2100 celebrari,
879 2027 958 2088 16
1001 2029 1300 2107 Augusti,
1339 2037 1412 2090 ut
1441 2035 1614 2108 patet
1643 2048 1720 2092 ex

129 2117 526 2181 calendario
551 2119 786 2191 Groeco,
816 2135 929 2181 seu
957 2121 1350 2201 menologio,
1383 2123 1554 2201 quod
1579 2123 1721 2185 lati·

133 2229 310 2272 num
355 2211 503 2274 fecit
539 2212 908 2284 Genebrar.,
941 2220 1004 2276 et
1051 2215 1318 2278 habetur
1348 2223 1498 2279 tom.
1533 2219 1576 2278 4
1621 2217 1719 2278 Bi-

133 2305 332 2366 bliot.
357 2313 555 2366 sanct.
580 2305 838 2379 Quarto,
860 2315 958 2370 est
975 2315 1156 2370 vetus
1175 2309 1434 2372 historia
1456 2311 1538 2372 de
1561 2311 1718 2372 ima-

139 2400 302 2478 gine
329 2398 548 2460 Christi
579 2399 827 2460 Domini
862 2401 1138 2463 crucifixi
1169 2419 1206 2463 a
1239 2402 1579 2466 Nicodemo
1609 2403 1716 2466 de-

139 2492 344 2572 picta,
367 2507 558 2571 quam
590 2499 808 2572 postea
843 2494 1040 2556 Judaei
1071 2495 1470 2558 contumeliis
1493 2497 1716 2559 affece-

141 2591 340 2660 runt,
369 2593 434 2648 et
460 2585 674 2648 lancea
709 2586 1190 2663 transfixerunt,
1223 2594 1286 2652 et
1313 2589 1395 2652 ab
1425 2589 1530 2650 illa
1573 2607 1714 2651 san-

141 2679 296 2759 guis
349 2680 641 2758 profluxit
669 2726 686 2754 ,
744 2698 872 2760 quo
929 2682 1272 2746 multorum
1332 2702 1596 2764 corpora
1651 2691 1716 2747 et

141 2778 402 2833 mentes
429 2778 666 2836 sanatae
683 2781 853 2850 sunt,
880 2781 1040 2837 teste
1054 2777 1422 2853 Athanasio,
1441 2777 1564 2854 vel,
1595 2779 1715 2841 sub

139 2866 412 2927 nomine
439 2867 600 2946 ejus,
632 2867 844 2946 aliquo
873 2869 1132 2947 antiqno
1162 2879 1444 2945 auctore,
1475 2891 1598 2935 ser.
1631 2873 1712 2934 de

139 2959 452 3022 Passieno
503 2961 796 3040 imaginis
839 2961 1110 3036 Domini,
1155 2982 1348 3044 quam
1391 2965 1711 3028 historiam

145 3055 258 3114 vn
291 3054 471 3132 Syn„
501 3060 623 3117 act.
654 3059 720 3128 4,
753 3060 812 3116 et
843 3053 992 3117 citat
1017 3063 1076 3118 et
1105 3059 1430 3138 approbat.
1461 3060 1710 3138 Quinto,

141 3145 424 3206 liabetur
466 3146 655 3207 etiam
689 3147 950 3226 antiqua
982 3149 1353 3223 traditione,
1383 3151 1711 3213 mulierem

143 3238 349 3310 illam,
383 3255 571 3317 quam
599 3239 876 3302 Christus
904 3259 943 3301 a
983 3241 1156 3303 fluxu
1187 3245 1512 3323 sanguinis
1557 3245 1714 3308 libe-

143 3331 335 3407 ravit,
365 3332 430 3391 in
453 3334 822 3394 memoriam
855 3335 1009 3396 tanti
1035 3335 1348 3412 beneficii,
1375 3339 1715 3418 imaginem

145 3442 268 3486 seu
331 3429 602 3486 statuam
659 3423 994 3490 Salvatoris
1056 3429 1349 3492 Caesareae
1415 3432 1710 3509 erexisse,

147 3517 328 3597 quod
359 3517 552 3581 refert
595 3519 768 3592 Eus.,
798 3521 840 3580 l.
871 3523 909 3582 7
937 3521 1123 3594 nist„
1151 3542 1208 3584 c.
1245 3528 1343 3596 14,
1375 3525 1486 3587 ubi
1511 3525 1708 3602 addit,

137 3613 324 3692 juxta
353 3611 526 3674 iliam
565 3611 908 3695 imaginem
947 3616 1116 3680 nasci
1147 3618 1390 3680 solitam
1422 3619 1707 3694 herbam,

145 3725 293 3785 quae
321 3723 464 3768 cum
495 3707 766 3786 primum
791 3709 1106 3772 fimbriam
1133 3712 1424 3793 imaginis
1450 3715 1712 3795 attinge-

145 3801 282 3872 bat,
315 3799 582 3863 similem
627 3803 915 3864 morbum
963 3805 1242 3868 cnrabat.
1279 3807 1476 3878 Quam
1521 3809 1712 3870 histo-

145 3895 308 3956 riam
339 3895 559 3974 recipit
587 3895 774 3956 etiam
805 3895 971 3959 dicta
1013 3898 1120 3958 vn
1164 3899 1317 3978 Syn.
1337 3947 1352 3973 ,
1383 3907 1508 3962 act.
1537 3905 1614 3976 4,
1645 3903 1709 3964 in

146 4003 252 4066 ep.
297 3987 626 4064 Germani,
659 3988 1029 4052 Patriarchoe
1079 3991 1465 4056 Constantia.
1496 4041 1511 4065 ,
1543 3995 1709 4057 eirca

147 4079 260 4140 fin.
285 4102 304 4156 3
333 4081 621 4159 ejusdem
651 4083 936 4146 meminit
961 4083 1220 4164 Niceph.
1241 4130 1261 4159 ,
1287 4084 1332 4147 l.
1361 4089 1404 4144 6
1433 4087 1615 4163 Hist.,
1649 4105 1703 4151 c.

150 4176 258 4249 155
293 4179 358 4236 et
387 4175 692 4248 Damaso„
720 4183 878 4237 orat.
912 4181 950 4241 3
977 4177 1059 4240 de
1103 4179 1514 4259 Imaginibus,
1543 4181 1708 4244 circa

147 4267 462 4342 medium3
496 4272 562 4331 et
585 4269 961 4352 Theophyl.,
991 4271 1210 4334 Matth.
1245 4278 1308 4340 9.
1337 4275 1574 4338 Iudicat
1599 4293 1708 4337 au-

147 4366 276 4422 tem
322 4361 562 4437 Ambr„
593 4362 636 4423 l.
679 4361 758 4424 de
787 4364 1154 4442 Salomone,
1186 4386 1241 4429 c.
1275 4371 1337 4444 5,
1379 4369 1707 4430 mulierem

143 4455 320 4516 illam
342 4455 538 4518 fuisse
559 4455 890 4531 Martham,
914 4460 1082 4539 quod
1106 4479 1182 4523 ex
1207 4463 1476 4523 Eusebio
1503 4463 1706 4543 colligi

145 4565 278 4609 non
311 4554 547 4627 potest:
582 4551 786 4612 solnm
831 4553 997 4613 enim
1027 4554 1178 4616 dicit
1207 4573 1284 4616 ex
1325 4555 1429 4618 illa
1461 4557 1706 4620 civitate

145 4643 450 4704 Caesareae
477 4643 666 4706 fuisse
695 4645 1026 4708 oriundam
1045 4694 1066 4723 ,
1097 4659 1162 4710 et
1191 4667 1304 4728 pro
1331 4649 1572 4711 foribus
1601 4650 1709 4712 do-

143 4753 294 4798 mus
359 4754 487 4800 snas
551 4737 720 4800 illam
769 4745 1036 4801 statuam
1099 4759 1342 4804 teneam
1399 4745 1704 4823 posuisse.

144 4834 367 4903 Sexte,
396 4839 488 4894 est
513 4833 790 4914 vulgaris
816 4835 1087 4911 traditio,
1109 4836 1290 4915 cujus
1317 4837 1418 4898 bic
1445 4839 1516 4900 D.
1543 4839 1709 4901 Tho-

143 4943 313 4998 maS,
344 4925 424 4986 ad
449 4928 518 4998 4,
553 4927 860 5000 meminit,
886 4927 966 4990 de
994 4929 1372 5010 imaginibus
1399 4930 1616 4993 Christi
1647 4940 1710 4994 et

146 5019 426 5098 Virginis
471 5041 506 5082 a
556 5022 626 5084 B.
655 5022 820 5083 Luca
849 5021 1143 5102 depictis,
1171 5025 1234 5085 in
1277 5041 1544 5102 quarum
1582 5043 1710 5087 me-

143 5113 418 5174 moriam
457 5122 519 5176 et
541 5117 1012 5178 venerationem
1040 5117 1425 5198 amplissima
1463 5123 1527 5180 et
1553 5118 1710 5180 anti·

146 5207 458 5288 quissima
500 5218 908 5272 monumenta
952 5218 1306 5274 constructa
1353 5216 1519 5287 sunt,
1564 5229 1704 5292 quae

147 5299 360 5362 adhue
384 5301 582 5363 oculis
601 5311 963 5366 cernuntur.
990 5305 1222 5366 Harum
1251 5307 1598 5386 imaginum
1622 5304 1708 5367 fe·

151 5397 236 5460 cit
263 5397 648 5460 mentionem
675 5400 958 5480 Niceph„
990 5401 1034 5463 l.
1067 5403 1108 5462 Ξ
1135 5401 1317 5475 Risi„
1348 5417 1402 5462 c.
1436 5401 1538 5474 ⁴3,
1568 5407 1632 5464 et
1659 5399 1703 5465 l.

153 5496 216 5569 6,
249 5511 303 5555 c.
341 5493 454 5567 16,
486 5493 618 5556 etl.
657 5497 750 5565 14,
783 5512 838 5559 c.
871 5497 942 5575 23
975 5499 1036 5562 et
1065 5495 1282 5558 Simon
1309 5493 1611 5582 Metaph„
1643 5495 1708 5560 iu

3246 329 3359 390 597

1803 438 1942 500 Vita
1976 439 2041 501 S.
2074 437 2275 500 Lucoe.
2308 435 2613 516 Septimo,
2642 432 2951 496 habemus
2986 450 3059 494 ex
3092 431 3365 510 antiquis

1801 531 2078 593 historiis
2116 530 2502 611 Sylvestrum
2550 529 2807 608 Papam,
2849 526 3158 597 imagines
3201 525 3366 587 Petri

1803 634 1866 688 et
1899 626 2096 696 Pauli,
2130 643 2287 703 quas
2316 622 2484 703 apud
2514 641 2581 684 se
2626 620 2924 692 habebat,
2956 617 3361 682 Constantino

1801 717 2165 798 imperatori
2214 715 2589 790 ostendisse,
2634 714 2865 793 quibus
2914 712 3019 774 ille
3074 711 3365 791 cognovit

1803 811 2061 874 eosdem
2098 830 2235 874 esse
2266 809 2372 890 qui
2409 809 2529 870 sibi
2555 808 2620 868 in
2649 808 2886 870 visione
2916 813 3358 886 apparuerant.

1799 905 1890 966 Ita
1917 905 2107 966 refert
2130 903 2413 984 Niceph„
2434 903 2479 964 l.
2506 908 2542 966 ’1
2572 901 2753 976 Ηίεῐ.,
2777 919 2833 962 c.
2858 901 2959 970 33,
2987 897 3137 960 etin
3163 895 3365 958 edicto

1800 997 2223 1067 Constantini,
2264 996 2435 1077 quod
2477 1003 2499 1056 t
2534 1003 2686 1059 tom.
2726 993 3144 1056 Consiliorum
3172 990 3365 1052 habe·

1803 1098 1939 1166 tur,
1976 1091 2081 1153 ubi
2110 1092 2300 1153 etiam
2328 1090 2557 1152 dicitur
2584 1087 2841 1150 eosdem
2876 1086 3265 1166 sylvestrum
3304 1089 3367 1146 et

1803 1184 2301 1258 Constantinum,
2324 1183 2510 1246 variis
2536 1180 2855 1244 oedificatis
2883 1178 3158 1258 tempIiS,
3182 1177 3245 1238 in
3276 1177 3365 1238 eis

1801 1279 2033 1339 multas
2088 1278 2395 1358 imagines
2450 1277 2755 1356 posuisse,
2814 1292 2973 1354 quos
3029 1278 3365 1351 sequentes

1809 1372 2137 1434 Pontifices
2158 1372 2380 1434 imitati
2400 1379 2568 1446 sunt,
2592 1377 2660 1433 ut
2684 1387 2759 1431 ex
2782 1370 3075 1439 Damaso,
3099 1365 3361 1439 Platina,

1808 1470 1872 1528 et
1891 1467 2056 1540 aliis,
2082 1466 2189 1546 qui
2214 1466 2371 1527 vitas
2395 1463 2763 1526 Pontificum
2788 1461 3193 1542 scripserunt,
3220 1475 3366 1519 con-

1806 1566 1951 1623 stat.
1980 1560 2265 1622 Meminit
2290 1560 2479 1622 etiam
2502 1557 2833 1631 EusebiuS,
2863 1555 2908 1619 l.
2942 1558 2968 1616 1
3004 1552 3185 1627 nist„
3220 1569 3359 1630 cap.

1809 1655 1946 1726 ult„
1976 1659 2038 1715 et
2058 1653 2166 1713 lib.
2194 1656 2255 1725 7,
2298 1671 2355 1713 c.
2390 1655 2486 1724 14,
2512 1650 2859 1730 imaginum
2893 1647 3055 1708 Petri
3080 1651 3143 1706 et
3162 1643 3360 1718 Pauli,

1801 1747 2033 1828 quibus
2056 1745 2187 1810 fere
2222 1765 2259 1808 a
2303 1745 2607 1827 principio
2634 1740 2907 1805 Ecclesia
2928 1741 3210 1802 Romana
3246 1753 3362 1798 usa

1803 1849 1919 1903 est.

1879 1939 1940 1997 4.
1989 1936 2241 2007 Octavo,
2270 1933 2477 2012 colligi
2534 1937 2739 2011 potest
2787 1931 2918 1990 haee
2970 1925 3195 1988 eadem
3237 1928 3365 1987 tra-

1803 2030 1955 2092 ditio
1978 2047 2057 2090 ex
2076 2029 2479 2108 antiquorum
2498 2028 2751 2089 Patrum
2772 2021 3038 2101 scriptia,
3055 2015 3359 2098 Dionysii,

1805 2122 2133 2192 Attianae..
2166 2123 2380 2191 Basil.‚
2412 2121 2759 2198 Chrysost.,
2795 2121 2857 2177 et
2880 2113 3172 2186 aliorum,
3205 2126 3360 2189 quo·

1799 2234 1942 2278 rum
1971 2215 2329 2278 testimonia
2358 2215 2421 2276 iu
2452 2214 2561 2276 Vll
2594 2209 2859 2291 synod..
2890 2212 3014 2269 act.
3045 2207 3107 2278 3,
3138 2207 3177 2266 4
3204 2209 3268 2266 et
3294 2205 3357 2276 5,

1801 2327 2033 2389 magna
2062 2327 2139 2370 ex
2170 2312 2347 2388 parte
2378 2307 2759 2370 referuntur.
2788 2302 2971 2364 Plura
2998 2300 3186 2361 etiam
3210 2314 3362 2358 con·

1798 2403 1993 2482 gessit
2032 2403 2432 2477 Damascen„
2476 2405 2633 2462 orat.
2682 2402 2708 2460 1
2768 2403 2831 2458 et
2872 2397 2909 2458 3
2950 2393 3030 2455 de
3064 2390 3360 2472 Imagini-

1796 2496 1938 2572 buS,
1986 2496 2093 2575 qui
2124 2496 2315 2556 etiam
2350 2495 2391 2557 l.
2419 2496 2461 2556 4
2486 2493 2566 2556 de
2596 2491 2777 2566 Fide,
2809 2507 2865 2552 e.
2909 2489 2986 2550 16
3019 2505 3036 2548 ε
3070 2484 3355 2558 Statum,

1795 2589 2023 2669 inquit,
2055 2587 2425 2654 Sanctorum
2440 2589 2754 2670 eripimus,
2772 2589 2827 2646 et
2850 2580 3116 2646 visibiles
3141 2577 3360 2659 imaqt'-

1795 2700 1922 2748 nes.
1955 2685 2027 2747 Et
2054 2685 2353 2760 August„
2384 2680 2430 2742 1.
2464 2685 2544 2743 10
2575 2679 2849 2741 ConsesS.
2878 2723 2895 2750 ,
2928 2693 2983 2736 c.
3012 2676 3115 2748 34,
3145 2687 3359 2752 repre-

1795 2776 2015 2840 hendit
2044 2777 2358 2857 picturas,
2394 2773 2650 2855 quando
2680 2773 2745 2833 in
2774 2770 2867 2832 eis
2912 2787 3045 2832 non
3074 2771 3359 2828 servatur

1795 2888 1949 2931 usus
1979 2871 2398 2944 necessarius,
2439 2875 2502 2931 et
2525 2867 2629 2947 pia
2654 2863 3061 2946 significatio5
3094 2865 3157 2922 et
3184 2858 3293 2920 lib.
3321 2860 3353 2919 1

1796 2962 1875 3025 de
1903 2965 2227 3026 Conseusu
2260 2963 2669 3042 Evangelist.,
2700 2979 2757 3022 c.
2803 2961 2903 3030 10,
2936 2956 3087 3016 satis
3118 2949 3359 3031 signifi-

1795 3063 1898 3120 cat
1933 3076 2049 3120 suo
2081 3063 2367 3138 tempore
2394 3057 2585 3118 fuisse
2616 3055 2679 3115 in
2711 3071 2827 3116 usu
2860 3050 3167 3130 imagines
3189 3045 3351 3108 Petri

1795 3156 1858 3213 et
1880 3151 2093 3223 Panli;
2126 3159 2191 3216 et
2217 3150 2261 3213 l.
2290 3154 2391 3224 20,
2422 3156 2634 3212 centra
2674 3147 2913 3219 Faust.,
2940 3162 2995 3205 c.
3043 3142 3142 3211 73,
3180 3137 3353 3200 idem

1794 3243 1987 3306 habet
2018 3245 2101 3306 de
2142 3245 2418 3323 imagine
2458 3241 2723 3304 Abrahae
2762 3239 2961 3300 filium
2994 3232 3349 3296 sacrificare

1798 3337 2099 3410 volentis3
2136 3343 2199 3399 et
2226 3337 2335 3398 lib.
2365 3340 2403 3398 5
2433 3342 2649 3399 eontra
2680 3333 2913 3396 Julian.
2938 3375 2958 3405 ‚
2986 3325 3210 3388 similia
3238 3325 3353 3387 do-

1795 3437 1894 3493 cet
1931 3431 2013 3492 de
2040 3431 2423 3511 imaginibus
2452 3429 2601 3490 Adoe
2631 3431 2695 3488 et
2720 3428 2892 3493 Evae:
2924 3428 2985 3486 et
3011 3417 3350 3498 Gregorius

1791 3521 1900 3584 lib.
1933 3526 1998 3598 9,
2028 3524 2205 3603 epist.
2234 3525 2298 3598 9,
2330 3519 2737 3601 reprehendit
2766 3519 3075 3580 Serenum
3096 3510 3350 3591 Episco-

1793 3637 1942 3699 pum
1975 3616 2145 3696 quod
2170 3617 2483 3697 imagines
2508 3610 2950 3691 confregisset,
2982 3619 3347 3688 quanquam

1793 3711 1856 3772 id
1887 3729 2013 3772 non
2042 3717 2171 3774 tam
2200 3729 2277 3773 ex
2304 3727 2517 3774 errore
2548 3725 2739 3788 quam
2760 3723 2838 3766 ex
2855 3701 2989 3766 zelo
3009 3697 3345 3761 indiscreto

1789 3806 2015 3868 fecisse
2042 3804 2373 3886 significet.
2407 3805 2591 3866 Plura
2612 3804 2861 3863 Petrum
2889 3791 3249 3858 testimonia
3275 3789 3345 3850 in

1791 3899 2201 3977 sequentibus
2220 3897 2343 3960 add
2352 3913 2625 3958 ocemuS.

1873 3996 1932 4055 5.
1978 3992 2109 4056 Ars
2144 3993 2483 4073 imayimtm
2520 3987 2825 4069 effectiva,
2859 3985 3105 4048 honesta
3147 3982 3345 4042 est.—

1789 4087 2019 4149 Ultimo
2067 4090 2475 4164 argumentor
2516 4081 2756 4143 ratione
2778 4123 2794 4152 ,
2831 4077 2977 4158 quia
3040 4071 3140 4134 vel
3191 4088 3345 4132 usus

1791 4180 2015 4241 harum
2053 4177 2397 4257 imaginum
2428 4181 2525 4236 est
2558 4173 2758 4235 malus
2789 4170 3142 4242 intrinsece,
3178 4171 3239 4228 et
3265 4180 3344 4226 ex

1789 4280 2015 4336 natura
2054 4291 2167 4334 sua
2185 4317 2206 4349 ‚
2234 4271 2334 4334 vel
2366 4270 2511 4350 quia
2539 4268 2889 4350 prohibitus
2918 4259 3171 4345 speciali
3199 4260 3344 4366 lege

1790 4368 2053 4449 positiva
2072 4366 2279 4428 divina
2298 4372 2406 4426 aut
2439 4364 2736 4434 humana,
2766 4361 2866 4424 vel
2893 4358 3166 4436 denique
3194 4372 3344 4435 quia

1789 4460 2155 4524 scandalum
2201 4479 2313 4522 seu
2364 4458 2709 4539 periculum
2750 4452 3116 4518 idololatrias
3168 4449 3345 4511 indu·

1789 4573 1932 4617 cere
1963 4561 2186 4634 potest.
2234 4554 2401 4615 Nihil
2441 4560 2653 4615 autem
2690 4553 2919 4613 horum
2956 4545 3079 4608 dici
3120 4547 3339 4622 potest.

1791 4649 2065 4710 Primum
2094 4648 2263 4709 enim
2312 4654 2405 4708 est
2444 4647 2633 4727 plane
2679 4644 2949 4716 falsum,
3000 4636 3147 4719 quia
3192 4649 3345 4740 usus

1787 4741 2137 4819 imaginum
2166 4739 2452 4802 absolute
2490 4747 2554 4803 et
2582 4738 2946 4819 simpliciter
2971 4748 3095 4793 non
3129 4735 3221 4789 est
3246 4743 3346 4788 in-

1789 4835 2058 4898 trinsece
2116 4834 2359 4906 malus3
2419 4852 2572 4914 ergo
2627 4852 2745 4895 nec
2802 4845 2952 4892 usus
2994 4821 3345 4902 imaginum

1791 4935 2149 4990 sanctorum
2197 4928 2559 4998 hominum;
2606 4925 2911 5006 probatur
2952 4932 3347 4996 consequen·-

1789 5023 1904 5096 tia,
1941 5021 2090 5100 quia
2119 5020 2171 5082 si
2198 5021 2263 5084 in
2294 5020 2647 5100 aliquarum
2682 5015 3033 5094 imaginum
3072 5028 3187 5072 usu
3234 5025 3345 5088 po-

1789 5123 1912 5180 test
1943 5117 2245 5178 honestas
2282 5120 2345 5176 et
2372 5113 2607 5175 utilitas
2646 5108 2936 5182 inveniri,
2969 5105 3237 5167 maxime
3276 5100 3345 5162 in

1789 5211 1864 5272 iis
1889 5227 2028 5288 quae
2048 5210 2309 5271 Sanctus
2334 5209 2819 5286 reproesentant,
2841 5209 2974 5264 tum
3000 5197 3145 5278 quia
3172 5197 3345 5300 tanto

1791 5303 2100 5382 imagines
2140 5307 2286 5363 sunt
2328 5301 2667 5380 digniores.
2699 5303 2935 5378 quanto
2964 5289 3347 5370 exemplaria

1789 5396 2042 5459 utiliora
2072 5401 2217 5457 sunt
2258 5403 2319 5457 et
2360 5394 2721 5455 honestiora
2744 5415 2762 5468 ;
2808 5399 2940 5452 tuni
2974 5386 3161 5450 etiam
3209 5401 3349 5465 pro·

1791 5499 1932 5580 pter
1974 5491 2181 5554 varias
2214 5489 2513 5554 utilitates
2562 5504 2702 5570 quse
2738 5486 2803 5550 in
2844 5484 2924 5552 iis
2969 5479 3349 5564 imaginibus
