3892 6167
511 349 634 415 tae

511 457 705 521 refert
745 455 918 536 quod
965 457 1124 520 ratio
1169 455 1336 520 facta
1377 455 1460 520 de
1506 455 1900 519 humanitate
1943 469 2075 516 non

513 552 842 616 convincat
868 571 887 628 3
929 569 1140 634 neque
1185 551 1355 616 enim
1403 567 1666 614 necesse
1715 555 1812 614 est
1857 547 2076 612 omnia

511 645 700 708 simul
729 651 792 707 et
819 645 1044 707 eadem
1071 643 1314 707 ratione
1340 645 1615 726 probari.
1648 646 1866 723 Neque
1891 660 2077 724 argu-

510 745 798 802 mentum
825 757 862 800 a
899 737 1144 800 Christo
1185 744 1256 800 ιιι
1292 738 1550 802 homine
1593 739 1675 801 ad
1717 737 2079 800 humanita-

510 838 633 894 tem
659 877 680 907 ,
726 849 934 913 neque
977 850 1014 894 e
1059 832 1374 894 contrario
1421 832 1502 893 ab
1550 833 1942 894 humanitate
1992 828 2077 891 ad

511 924 820 986 Christum
834 932 906 987 ut
925 925 1269 1000 hominem,
1299 931 1398 988 est
1419 925 1682 988 formale
1707 943 1724 999 3
1753 941 1884 986 non
1905 923 2077 986 enim

511 1020 828 1100 sequitur:
853 1019 1226 1082 Humanitas
1251 1025 1344 1083 est
1367 1019 1548 1082 unita
1571 1038 1589 1093 ς
1613 1037 1766 1099 erge
1793 1017 2077 1082 Christus

509 1118 584 1173 ut
605 1112 796 1174 homo
815 1119 911 1175 est
931 1114 1178 1190 unitus3
1199 1131 1315 1177 nee
1336 1114 1624 1194 sequitur
1645 1131 1660 1174 t
1681 1109 2069 1175 Humanitati

510 1211 606 1268 est
645 1206 810 1268 facta
848 1208 1087 1288 gratia;
1121 1225 1274 1287 ergo
1315 1207 1562 1270 Christo
1591 1211 1664 1270 ut
1702 1207 1942 1270 homini
1976 1211 2075 1272 est

505 1299 673 1362 facta
702 1302 902 1380 gratia
924 1347 940 1376 ,
979 1307 1052 1362 ut
1077 1321 1242 1382 saepe
1269 1309 1364 1364 est
1393 1303 1456 1364 in
1489 1302 1916 1383 superioribus
1941 1301 2075 1362 dic-

507 1400 683 1471 tum3
721 1411 804 1456 an
831 1413 982 1457 vero
1007 1397 1252 1458 ratione
1279 1398 1558 1459 materiae
1582 1403 1798 1458 teneat
1825 1396 1890 1456 in
1925 1394 2076 1456 ado-

505 1488 724 1568 ptione
765 1489 871 1551 illa
911 1491 1307 1564 consecutio,
1347 1491 1513 1551 infra
1550 1489 1924 1564 declarab03
1966 1487 2075 1555 nbi

509 1583 700 1644 etiam
724 1585 1073 1661 ostendam,
1105 1585 1416 1647 rationem
1441 1587 1628 1661 hanc,
1661 1591 1905 1646 servata
1929 1601 2073 1664 pro·

505 1679 819 1756 portione,
849 1679 1036 1740 etiam
1065 1679 1131 1740 in
1159 1679 1550 1741 humanitate
1573 1676 1810 1742 habere
1832 1677 2065 1752 locum,

506 1775 577 1831 ut
605 1768 688 1830 ab
718 1770 825 1832 illa
854 1773 1226 1834 excludatur
1251 1772 1528 1853 adoptio.

585 1865 648 1926 7.
695 1865 1026 1930 Diem-m
1057 1865 1134 1931 S.
1178 1867 1426 1931 Pkomae
1449 1865 1816 1930 declaratur.
1855 1895 1937 1916 --
1978 1864 2071 1926 Ex

505 1959 626 2020 hae
646 1975 798 2021 vero
823 1961 1066 2024 ratione
1093 1962 1182 2022 sic
1209 1959 1509 2041 exposita,
1539 1979 1682 2042 quin
1707 1977 1839 2024 non
1862 1959 2071 2022 solum

505 2051 724 2115 efficax
747 2059 810 2116 et
837 2053 1326 2117 fundamentalis
1355 2060 1452 2117 est
1475 2100 1490 2130 ,
1540 2055 1656 2118 sed
1687 2055 1751 2116 in
1775 2071 1847 2116 re
1875 2054 2069 2117 etiam

503 2147 713 2221 unica,
743 2153 815 2208 ιιι
843 2149 1153 2222 existimo,
1185 2149 1414 2228 colligo
1441 2147 1752 2229 imprimis
1775 2165 1903 2228 quo
1931 2164 2071 2210 sen-

503 2259 578 2304 su
603 2242 944 2322 procedere
971 2243 1092 2306 hoc
1119 2245 1258 2306 loco
1293 2245 1492 2326 possit
1520 2244 1681 2306 ratio
1707 2245 1782 2306 D.
1817 2244 2064 2317 Thom.,

501 2343 570 2401 ut
604 2343 774 2399 recte
817 2339 1064 2418 probet.
1109 2339 1290 2412 Quod
1329 2341 1499 2402 enim
1540 2339 1658 2414 ait,
1696 2339 2065 2400 filiationem

504 2447 642 2492 esse
681 2449 970 2511 personne
1007 2433 1456 2514 proprietatem
1479 2479 1500 2508 ,
1535 2451 1666 2496 non
1707 2439 1802 2496 est
1841 2449 2069 2495 sensus

501 2521 868 2588 filiationem
903 2527 1114 2589 inesse
1161 2527 1274 2588 soli
1323 2527 1640 2608 supposito
1681 2525 1774 2606 (ut
1810 2524 2069 2607 quidam

503 2617 641 2698 ejus
682 2621 1068 2700 expositores
1109 2620 1268 2682 salso
1318 2621 1734 2700 contendunt)
1761 2667 1783 2698 ,
1833 2627 1898 2683 et
1937 2637 2068 2682 non

501 2713 688 2774 etiam
737 2723 980 2776 naturae
1001 2759 1018 2788 ,
1056 2715 1330 2776 maxime
1377 2715 1634 2796 quando
1681 2715 1788 2778 illa
1837 2723 2067 2778 natura

501 2823 631 2868 non
669 2813 763 2869 est
801 2807 1138 2870 intrinseca
1179 2813 1243 2870 et
1285 2809 1633 2871 essentialis
1673 2810 1788 2872 tali
1833 2829 2069 2890 suppo-

501 2899 618 2962 sito
631 2916 653 2978 3
696 2899 762 2962 in
800 2901 922 2964 boc
953 2904 1118 2964 enim
1159 2921 1352 2964 sensu
1386 2903 1732 2984 propositio
1767 2903 1907 2976 illa,
1946 2921 2067 2968 nec

499 2995 566 3055 in
591 2993 940 3076 theologia,
975 3015 1186 3076 neque
1214 2999 1279 3058 in
1307 2995 1708 3076 philosophia
1732 2995 1922 3060 habet
1952 2999 2067 3058 ali-

499 3088 671 3170 quod
703 3087 1209 3165 fundamentum,
1245 3107 1449 3171 neque
1472 3091 1798 3153 veritatem
1827 3091 2063 3154 habere

498 3188 726 3264 potest,
757 3183 904 3262 quia
927 3201 1058 3247 non
1079 3185 1284 3247 solum
1305 3183 1589 3246 Verbum
1613 3186 1963 3246 secundum
1994 3203 2063 3247 se

500 3279 598 3338 est
621 3295 914 3356 persona,
941 3278 1056 3341 sed
1079 3279 1268 3340 etiam
1295 3283 1483 3359 prout
1511 3279 1920 3358 conjunctum
1950 3280 2063 3340 hu-

498 3371 734 3432 munita
743 3369 807 3447 ti,
834 3371 920 3434 ita
943 3379 1016 3434 ut
1035 3371 1156 3435 hoc
1178 3375 1598 3452 compositum
1619 3391 1770 3435 vera
1792 3389 2064 3454 persona

497 3463 928 3528 substantialis
956 3467 1064 3546 sit,
1103 3483 1266 3546 quaa,
1311 3471 1380 3528 ιιι
1417 3467 1762 3548 composita
1790 3473 1913 3545 est,
1964 3468 2065 3530 in-

494 3561 764 3622 trinsece
787 3559 1050 3624 includit
1079 3561 1242 3622 hanc
1261 3567 1554 3624 naturam
1582 3568 1971 3644 assumptam
2000 3569 2063 3624 et

497 3653 662 3715 hanc
684 3670 1020 3732 personam
1041 3673 1156 3716 seu
1176 3655 1645 3717 subsistentiam
1665 3673 1682 3729 ;
1715 3673 1890 3735 ergo,
1916 3655 2063 3718 licet

493 3743 712 3810 filiatio
739 3749 820 3810 ait
849 3749 1200 3829 proprietas
1227 3767 1510 3830 personae
1536 3796 1551 3826 ,
1595 3750 1824 3830 poterit
1849 3767 1963 3829 per
1988 3767 2057 3812 se

493 3841 698 3922 primo
743 3843 1078 3906 convenire
1114 3845 1258 3906 huic
1283 3861 1566 3926 personia
1595 3843 1957 3923 compositae
1986 3849 2058 3908 ut

495 3935 620 4014 sic;
666 3955 816 4018 ergo
841 3938 1070 4018 poterit
1096 3957 1235 4001 esse
1261 3955 1390 4000 non
1418 3943 1664 4001 tantum
1687 3938 1755 3999 in
1779 3955 2053 4020 persona

493 4031 839 4093 secundum
867 4049 962 4108 se,
993 4031 1106 4094 sed
1135 4033 1323 4094 etiam
1351 4031 1417 4093 in
1443 4038 1693 4108 natura,
1725 4033 1818 4093 vel
1847 4033 2055 4114 potius

490 4123 558 4184 in
584 4125 926 4204 composito
947 4143 1024 4187 ex
1045 4133 1338 4206 utraque3
1365 4126 1526 4188 sicut
1549 4127 1739 4188 etiam
1765 4127 2057 4208 generari

492 4221 604 4276 aut
652 4217 898 4297 concipi
939 4220 1238 4281 convenit
1286 4237 1574 4300 personae
1618 4221 1827 4300 potius
1863 4237 2058 4300 quam

492 4315 768 4386 naturas,
807 4313 1095 4391 quamvis
1131 4330 1261 4375 nou
1295 4331 1566 4394 persona
1603 4315 1953 4376 secundum
1992 4333 2057 4377 se

491 4405 877 4484 concipiatur
899 4450 916 4481 ,
961 4407 1078 4469 sed
1117 4426 1390 4488 persona
1428 4409 1772 4490 composita
1803 4425 1882 4471 ex
1909 4409 2058 4472 sub·

491 4497 772 4559 sistentia
803 4506 864 4561 et
887 4505 1111 4562 natura
1136 4517 1158 4579 3
1191 4507 1252 4563 et
1277 4500 1420 4563 ideo
1448 4502 1666 4564 relatio
1695 4500 1828 4578 filii,
1859 4519 2052 4582 quam

489 4587 767 4652 Christus
790 4593 979 4654 habet
1004 4593 1088 4657 ad
1105 4601 1395 4672 matrem,
1421 4593 1568 4659 licet
1591 4613 1880 4676 personae
1899 4615 2055 4659 eon-

487 4685 721 4761 veniat,
743 4703 871 4748 non
891 4693 1107 4750 tamen
1135 4689 1342 4750 Verbo
1373 4691 1719 4752 secundum
1748 4707 1837 4769 se,
1871 4691 1959 4753 ita
1982 4695 2053 4754 ut

487 4774 578 4838 illi
607 4779 720 4842 soli
749 4779 1114 4844 immediate
1135 4782 1306 4856 insit,
1338 4787 1448 4846 aut
1483 4783 1690 4846 inesse
1739 4785 2052 4868 concipia-

486 4875 631 4946 tur3
669 4881 831 4938 esset
859 4877 1027 4938 enim
1057 4877 1216 4940 falsa
1247 4881 1612 4960 conceptio:
1657 4897 1808 4942 nam
1835 4925 1852 4955 ,
1890 4881 2051 4946 sicut

488 4963 763 5029 Verbum
798 4969 1144 5034 secundum
1175 4990 1242 5034 se
1273 4991 1404 5034 uon
1432 4979 1772 5054 generatur
1796 4991 1873 5038 ex
1900 4993 2045 5037 ma-

485 5068 582 5123 tre
606 5107 629 5138 ,
673 5061 785 5125 sed
811 5065 1052 5129 ratione
1081 5068 1375 5130 humanae
1405 5076 1646 5132 naturoe
1662 5114 1684 5147 ,
1729 5085 1844 5134 seu
1871 5089 2044 5134 com-

483 5157 760 5237 positum
787 5175 866 5220 ex
891 5159 1092 5224 Verbo
1134 5168 1196 5225 et
1227 5159 1619 5227 humanitate
1647 5209 1666 5240 ,
1711 5165 1803 5227 ita
1828 5183 2041 5246 neque

483 5244 760 5313 Verbum
785 5253 1133 5315 secundum
1159 5273 1224 5318 se
1243 5255 1532 5332 refertur,
1559 5256 1670 5320 sed
1693 5263 1764 5319 ιιι
1787 5277 2039 5340 compo-

477 5341 572 5406 nit
613 5361 807 5408 uuam
839 5365 1177 5428 personam
1210 5365 1355 5413 cum
1400 5349 1829 5427 humanitate·;
1883 5371 2037 5436 ergo

482 5445 601 5500 nec
621 5439 830 5504 Verbo
847 5442 1192 5506 secundum
1215 5459 1284 5508 se
1301 5445 1462 5508 inest
1481 5445 1702 5511 relatio
1720 5446 2037 5511 filiationis

486 5527 566 5598 ad
595 5539 881 5615 matrem,
914 5537 1025 5600 sed
1048 5538 1256 5608 media
1289 5540 1712 5621 humanitate,
1745 5541 1846 5604 vel
1875 5559 2037 5626 qra-

1715 353 1952 419 QuAEsT.
1986 351 2161 407 xxm.
2196 349 2400 406 Alme.
2434 348 2517 402 tv.

2156 457 2343 514 tenus
2392 465 2541 512 cum
2576 447 2687 512 illa
2741 448 3065 528 componit
3106 463 3309 512 unam
3356 463 3731 527 personam.

2156 545 2335 610 Idem
2372 561 2527 624 ergo
2564 542 2689 608 erit
2724 541 2807 605 de
2846 541 3149 606 filiatione
3194 539 3281 606 ad
3318 541 3565 616 Deum,
3604 559 3735 622 qna

2158 638 2436 706 Christus
2458 643 2531 700 ut
2552 637 2743 700 homo
2764 635 2991 700 dicitur
3006 635 3198 702 Filius
3224 636 3341 700 Dei
3360 652 3383 714 ;
3414 654 3579 702 nam
3603 637 3735 702 hac

2159 734 2349 797 etiem
2381 750 2510 794 uon
2538 730 2829 796 convenit
2854 729 3065 796 verbo
3089 730 3445 796 secundnm
3466 747 3551 792 ae
3568 773 3589 804 ‚
3618 748 3737 794 nee

2156 827 2445 908 proxime
2468 825 2769 888 fundatur
2793 824 2861 887 in
2885 829 3125 888 interna
3150 825 3603 902 generatione,
3626 825 3741 886 aed

2157 922 2225 984 in
2278 921 2479 1002 gratia
2521 918 2775 982 unionis
2820 917 2987 982 facta
3026 916 3433 982 humanitati.
3488 917 3739 980 Dicitur

2160 1031 2311 1098 ergo
2342 1013 2556 1076 filiatio
2586 1011 2921 1076 convenire
2944 1029 3229 1094 personae
3254 1056 3273 1086 ,
3302 1016 3449 1074 tum
3472 1011 3643 1090 quia
3666 1010 3741 1072 it-

2148 1110 2279 1170 iam
2310 1109 2565 1192 proprie
2588 1107 2993 1180 denominat,
3025 1109 3163 1170 tum
3195 1105 3349 1185 quia
3374 1103 3481 1169 vel
3516 1104 3613 1169 ini
3638 1121 3741 1166 se-

2154 1203 2429 1266 cundum
2452 1221 2523 1266 ee
2545 1201 2863 1276 convenit,
2892 1201 2943 1263 si
2970 1199 3055 1264 sit
3082 1198 3567 1280 simplicissima
3592 1217 3737 1277 per-

2155 1315 2333 1372 sona,
2360 1298 2460 1360 vel
2488 1315 2619 1360 non
2644 1295 2803 1358 inest
2827 1301 3066 1358 uatum
3092 1294 3215 1359 uisi
3254 1299 3325 1356 ut
3356 1291 3737 1360 subsistenti

2158 1398 2221 1454 et
2248 1391 2677 1454 determinem
2698 1389 2767 1452 in
2792 1389 3001 1468 aliqua
3032 1405 3309 1468 persona
3326 1432 3348 1465 ,
3392 1389 3449 1452 ai
3478 1387 3569 1452 sit
3594 1403 3739 1466 per·

2156 1503 2313 1549 sona
2364 1485 2711 1568 composita
2743 1529 2763 1560 ,
2806 1491 2883 1546 ut
2914 1483 3103 1548 latius
3148 1481 3635 1548 declarabimus
3670 1481 3737 1544 in

2151 1599 2287 1662 seq.
2319 1586 2515 1657 teme,
2546 1599 2611 1660 q.
2644 1581 2745 1644 35.

2232 1679 2291 1738 8.
2326 1677 2416 1738 Ex
2435 1673 2555 1738 hae
2576 1681 2789 1738 autem
2807 1673 3232 1756 propositione
3252 1671 3346 1734 sic
3372 1671 3731 1746 intellecta,

2152 1770 2465 1852 colligitur
2504 1770 2767 1832 ulterius
2790 1815 2808 1840 ,
2860 1772 3166 1848 quantum
3206 1767 3293 1829 ad
3339 1771 3729 1846 presentem

2150 1865 2565 1945 quaestionem
2584 1865 2832 1940 attinet,
2852 1863 3216 1926 filiationem
3235 1860 3321 1925 ad
3332 1861 3575 1930 Deum.
3598 1877 3733 1937 quin

2152 1961 2393 2022 Christo
2430 1965 2499 2022 ut
2538 1959 2777 2022 homini
2824 1957 3157 2033 convenit,
3206 1973 3339 2018 non
3382 1953 3729 2018 convenire

2150 2055 2529 2116 humanitati
2556 2054 2807 2134 proprie
2836 2059 2899 2114 et
2926 2051 3277 2114 secundum
3316 2067 3389 2112 se
3413 2092 3432 2123 ,
3468 2047 3595 2112 aed
3622 2065 3731 2127 per

2151 2165 2219 2210 se
2246 2149 2449 2228 primo
2478 2149 2815 2210 convenire
2845 2147 2991 2208 huie
3018 2163 3305 2226 persono
3330 2142 3725 2221 composite,

2150 2259 2263 2305 seu
2296 2241 2499 2305 Verbo
2528 2248 2601 2303 ut
2624 2241 2987 2304 subsistenti
3022 2240 3087 2301 in
3128 2237 3529 2300 humanitate
3558 2279 3581 2311 ,
3614 2253 3727 2296 seu

2150 2337 2529 2400 humanitati
2556 2343 2627 2398 ut
2652 2339 3016 2398 sustentatas
3042 2351 3084 2396 a
3112 2333 3345 2395 Verbo.
3378 2329 3573 2396 Unde
3598 2335 3727 2392 tun·

2149 2432 2297 2494 dem
2322 2431 2743 2506 concluditur,
2772 2430 2945 2492 illam
2971 2428 3343 2492 filiationem
3370 2444 3509 2488 non
3540 2442 3725 2504 posse

2149 2527 2387 2589 habere
2426 2527 2879 2606 proprietatem
2919 2527 3385 2604 repugnantem
3430 2519 3721 2599 dignitati

2148 2621 2335 2683 Verbi
2342 2665 2363 2696 ,
2396 2639 2541 2684 cum
2568 2619 2725 2682 illud
2758 2619 3033 2681 maxime
3060 2616 3381 2695 respiciat,
3408 2615 3575 2676 lieet
3598 2631 3719 2674 non

2148 2715 2393 2776 nudum
2414 2760 2435 2791 ,
2478 2715 2590 2778 sed
2616 2715 2909 2777 vestitum
2944 2711 3342 2774 humanitate
3362 2755 3381 2784 ,
3426 2715 3495 2770 et
3514 2709 3595 2770 in
3620 2707 3717 2770 ino

2146 2810 2429 2891 proxime
2482 2809 2799 2883 fundetur,
2854 2809 3004 2868 licet
3042 2825 3171 2868 non
3216 2803 3583 2868 secundnm
3630 2820 3717 2877 se,

2146 2905 2258 2966 sed
2286 2911 2357 2967 ut
2380 2904 2837 2966 communicato
2863 2901 3261 2964 humanitati.
3290 2899 3387 2963 Ad
3414 2899 3591 2962 hane
3612 2915 3719 2960 au-

2144 3003 2275 3063 tem
2302 3001 2673 3082 dignitatem
2700 2999 2887 3060 Verbi
2914 3003 3189 3078 spectat,
3218 3001 3294 3056 ut
3318 2994 3499 3058 nullo
3530 2992 3715 3056 modo

2142 3098 2339 3178 possit
2378 3097 2619 3160 censeri
2662 3099 2965 3158 extranea
3014 3092 3117 3156 vel
3158 3090 3371 3153 aliena
3410 3105 3713 3170 persona,

2142 3209 2272 3252 non
2316 3191 2521 3252 solum
2557 3189 2625 3251 iu
2662 3189 2917 3270 propria
2954 3193 3183 3249 natura
3206 3231 3225 3260 ,
3268 3201 3501 3248 verum
3526 3183 3713 3246 etiam

2142 3301 2257 3347 nec
2288 3286 2354 3346 in
2386 3285 2616 3361 aliena,
2644 3301 2839 3363 quam
2866 3299 2983 3364 per
3002 3278 3509 3360 assumption-em
3536 3294 3709 3340 snam

2143 3378 2327 3457 fecit,
2372 3385 2436 3440 et
2462 3378 2751 3440 faciendo
2780 3395 2995 3452 suam,
3030 3375 3371 3438 intrinsece
3398 3377 3467 3436 et
3494 3388 3617 3452 per
3646 3388 3707 3432 se

2140 3471 2287 3534 fecit
2330 3473 2420 3534 ini
2461 3473 2737 3536 debitam
2782 3473 3057 3536 divinam
3094 3469 3559 3542 hereditatem,
3602 3481 3708 3544 per

2142 3583 2211 3628 se
2236 3567 2447 3646 ipsum
2472 3567 2827 3630 deificando
2848 3567 3045 3630 talem
3071 3571 3411 3628 naturam:
3454 3577 3535 3624 ae
3570 3575 3705 3640 pro-

2142 3663 2357 3740 pterea
2384 3660 2607 3724 filiatio
2634 3663 2780 3724 talis
2812 3676 3119 3742 personas,
3142 3658 3341 3722 etiam
3376 3658 3445 3718 in
3470 3671 3705 3718 assum·

2138 3759 2245 3835 pta
2292 3761 2541 3832 natura,
2588 3771 2719 3816 non
2770 3759 2977 3836 potest
3018 3767 3159 3816 esee
3207 3752 3539 3832 adoptiva,
3572 3766 3705 3830 quo

2137 3847 2411 3910 alienam
2452 3853 2515 3911 et
2546 3855 2909 3912 extraneam
2938 3863 3278 3928 personam
3304 3844 3605 3925 respicit,
3642 3849 3699 3902 et

2134 3943 2535 4021 negationem
2561 3943 2985 4005 connaturalis
3005 3941 3325 4004 filiationis
3352 3939 3635 4002 includit.

2214 4039 2276 4098 9.
2324 4037 2397 4098 Et
2430 4037 2550 4098 hoc
2586 4055 2773 4098 sensu
2804 4034 3267 4099 accommodari
3296 4035 3363 4096 in
3390 4037 3695 4112 prasente

2136 4129 2325 4192 debet
2358 4129 2533 4191 aliud
2562 4131 2937 4212 principium
2978 4132 3051 4192 D.
3083 4129 3373 4201 Thomas,
3406 4128 3645 4189 scilicet
3672 4145 3691 4188 z

2136 4223 2213 4291 N
2209 4239 2283 4286 on
2308 4225 2609 4310 recipitur
2633 4226 2875 4306 aliquid
2902 4225 3022 4289 dici
3058 4223 3522 4304 participative,
3554 4221 3699 4303 qumi

2133 4334 2247 4398 per
2270 4335 2335 4380 ae
2362 4319 2593 4382 dicitur
2612 4345 2639 4392 ,0
2674 4325 2771 4380 est
2802 4319 2973 4380 enim
3002 4319 3123 4380 hoo
3150 4318 3433 4378 maxime
3460 4333 3687 4388 verum,

2138 4413 2393 4491 quaudo
2419 4412 2823 4495 praedlcatum
2854 4431 2971 4494 per
2995 4412 3545 4492 participationem
3570 4411 3691 4472 dio

2135 4513 2269 4569 tum
2299 4507 2559 4572 includit
2582 4507 3123 4588 imperfectionem
3150 4505 3499 4568 intrinsece
3520 4521 3693 4585 repu-

2134 4609 2433 4681 gnantem
2460 4603 2521 4664 ei
2544 4603 2714 4683 quod
2750 4607 2844 4664 est
2876 4619 2991 4684 per
3016 4619 3087 4662 se
3118 4601 3263 4674 tale,
3294 4615 3569 4680 eamque
3592 4601 3685 4660 im·

2130 4693 2581 4774 perfectionem
2618 4695 2892 4776 postulat
2926 4696 2993 4756 in
3027 4711 3304 4774 persona
3348 4693 3685 4756 secundum

2132 4807 2199 4851 se
2223 4806 2242 4864 3
2264 4793 2337 4850 ut
2364 4807 2491 4852 non
2532 4795 2737 4871 potest
2764 4790 2886 4853 dici
2920 4789 3220 4863 Christus,
3261 4789 3462 4850 etiam
3493 4797 3567 4850 ut
3588 4789 3685 4849 ho·

2130 4899 2259 4960 mo,
2279 4901 2551 4964 persona
2574 4893 2807 4961 creata,
2823 4891 2932 4948 aut
2954 4885 3152 4960 finita,
3176 4887 3444 4964 propter
3466 4884 3683 4946 dictam

2123 4995 2409 5050 causam;
2441 4977 2804 5060 hujusmodi
2838 4985 3051 5042 autem
3082 4984 3178 5042 est
3205 4977 3431 5040 filiatio
3456 4978 3683 5060 adopti-

2120 5089 2222 5147 va,
2252 5089 2329 5134 eo
2358 5073 2531 5152 quod
2558 5073 2831 5136 alienam
2860 5079 2924 5136 et
2958 5079 3325 5136 extraneam
3355 5087 3681 5152 personam

2120 5168 2432 5248 requiram
2470 5173 2535 5230 et
2560 5167 2703 5231 ideo
2732 5186 2860 5230 non
2880 5169 3100 5249 ‚vpotest
3129 5166 3379 5231 Christo
3406 5165 3675 5242 attribui,

2122 5261 2311 5324 etiam
2342 5269 2411 5325 ut
2442 5263 2701 5326 homiui.
2748 5263 3045 5326 Existimo
3086 5269 3239 5343 'ergo
3258 5307 3280 5340 ,
3332 5261 3673 5324 discursum

2118 5356 2290 5419 hunc
2316 5356 2383 5418 in
2412 5355 2531 5420 hoc
2560 5374 2749 5420 sensu
2773 5375 2912 5420 esse
2938 5357 3283 5429 efficacem,
3316 5359 3382 5418 et
3406 5373 3549 5418 esse
3568 5355 3673 5420 ad·-

2117 5449 2375 5513 modum
2404 5450 2789 5515 conformem
2810 5450 3140 5513 intentioni
3166 5449 3236 5514 D.
3254 5450 3542 5522 Thomae,
3565 5467 3671 5510 uec

2116 5559 2303 5625 posse
2337 5543 2457 5607 alia
2486 5545 2585 5609 via
2625 5551 2685 5610 et
2722 5544 2911 5608 modo
2938 5546 3066 5610 vim
3103 5546 3177 5606 et
3200 5541 3551 5608 efficaciam
3574 5547 3667 5606 ha-
