3892 6167
543 330 661 390 4ῗὲ

544 436 611 497 in
652 438 761 500 illo
790 437 961 502 dono
997 431 1489 506 esse‘divinum‚
1542 429 1716 510 quod
1760 427 2112 490 formaliter

546 529 787 593 confert
810 531 917 610 jus
942 527 1026 590 ad
1062 525 1352 607 gloriam,
1384 524 1645 604 quodin
1676 539 1755 586 eo
1777 521 2105 593 fundatur,

542 640 671 687 non
702 643 817 706 per
842 627 963 686 hoc
988 623 1117 703 jus,
1152 615 1263 680 sed
1285 635 1396 698 per
1424 617 1689 697 gratiam
1716 621 1788 678 nt
1814 613 1923 676 dat
1951 612 2106 674 illud

544 735 706 793 esse,
739 718 1045 781 efficimur
1072 713 1184 776 filii
1214 711 1423 792 quoad
1442 709 1771 791 proprium
1805 712 1943 789 ejus
1967 707 2108 768 fun·

544 811 909 874 dementum
940 817 1003 874 et
1037 806 1245 889 quoad
1274 804 1685 867 substantiam
1726 801 1873 878 filii,
1914 806 1987 861 ut
2021 799 2107 860 sic

546 906 773 982 dicam,
812 923 951 986 quse
976 901 1256 964 consistit
1284 900 1349 962 in
1376 899 1523 972 hoc,
1554 897 1727 977 quod
1755 897 1897 975 quis
1914 893 2108 956 habet

544 1019 581 1060 a
609 1005 787 1080 patre
820 1017 959 1060 esse
988 996 1079 1058 illi
1108 994 1344 1067 simile;
1380 993 1550 1074 quod
1566 995 1635 1056 in
1664 992 1781 1054 hac
1805 989 2106 1052 filiatione

544 1093 729 1155 datar
772 1107 887 1172 per
937 1091 1201 1171 gratiam
1228 1133 1243 1160 ‚
1301 1094 1616 1168 quatenus
1668 1093 1767 1148 est
1813 1081 2107 1146 divinitas

548 1186 836 1264 quaedam
857 1204 973 1265 per
998 1183 1562 1264 participationem.
1588 1183 1791 1261 Atque
1817 1179 1963 1241 hinc
1987 1177 2108 1240 col-

547 1279 655 1360 ligi
705 1287 913 1360 potest
961 1277 1145 1340 tertia
1199 1275 1574 1347 differentia,
1626 1275 1773 1354 quia
1826 1271 2108 1334 humana

545 1369 801 1452 adoptio
837 1372 1076 1433 nullam
1109 1368 1301 1432 habet
1342 1369 1650 1430 rationem
1682 1367 2108 1448 generationis

541 1467 817 1546 physicae
841 1483 913 1526 ac
942 1463 1149 1538 realis,
1183 1464 1331 1543 quia
1354 1461 1425 1524 fit
1450 1481 1565 1542 per
1584 1461 1783 1523 solam
1810 1462 2107 1523 extrinse-

542 1575 680 1620 cam
709 1559 1235 1639 acceptationem;
1271 1563 1335 1619 at
1362 1556 1572 1617 divina
1601 1556 1859 1635 adoptio
1884 1571 2108 1632 quam·

548 1651 695 1713 dam
722 1653 1034 1714 rationem
1062 1650 1485 1731 generationis
1512 1657 1573 1710 et
1594 1648 1935 1711 nativitatis
1963 1665 2106 1728 par·

552 1746 793 1826 ticipat,·
822 1753 891 1808 nt
942 1765 1019 1808 ex
1086 1747 1289 1808 Sacrae
1343 1745 1667 1824 scripturae
1726 1743 2103 1805 testimoniis

546 1839 738 1919 paulo
782 1847 931 1901 ante
980 1839 1179 1902 citatis
1226 1843 1504 1913 constat,
1536 1838 1681 1918 quia
1723 1837 1791 1897 in
1830 1855 1906 1898 ea
1952 1853 2104 1897 con-

546 1933 745 1998 fertur
792 1953 861 1995 re
900 1935 1047 2013 -ipsa
1090 1934 1493 1995 intrinsecum
1542 1931 1861 2011 quoddam
1922 1948 2098 2002 esse,

546 2029 713 2108 quod
732 2031 964 2097 tamen,
984 2027 1129 2106 quia
1148 2043 1277 2088 non
1304 2034 1401 2088 est
1422 2027 1627 2105 ipsum
1652 2042 1788 2086 csse
1808 2023 2100 2086 naturale

543 2121 683 2196 Dei,
726 2138 851 2182 non
902 2122 1050 2183 facit
1095 2120 1257 2181 {ilios
1308 2121 1417 2182 Dei
1454 2119 1810 2195 naturales;
1861 2125 2096 2191 tamen,

544 2213 690 2292 quia
720 2217 817 2274 est
844 2229 967 2293 per
998 2214 1537 2294 participationem
1573 2211 1907 2291 gratuitam
1946 2209 2103 2270 divi-

541 2323 643 2368 nae
666 2312 928 2382 naturae,
961 2308 1043 2370 ad
1070 2323 1262 2386 quam
1286 2306 1693 2386 consequitur
1716 2306 1833 2385 fjus
1860 2303 1943 2365 ad
1970 2303 2102 2364 hae,

540 2397 889 2474 reditatem,
924 2399 1255 2461 facit'filios
1306 2399 1651 2478 adoptivos
1682 2397 1770 2459 Ex
1802 2397 1899 2458 his
1920 2396 2102 2458 deni·

540 2509 665 2574 que
696 2493 889 2556 oritur
934 2495 1229 2573 quartum
1260 2493 1621 2565 discrimen,
1658 2491 1805 2568 qnia
1834 2507 1911 2552 cx
1951 2489 2099 2550 ado·

542 2585 757 2666 ptione
794 2586 1073 2648 humana
1120 2605 1253 2648 non
1298 2586 1556 2648 resultat
1600 2585 1825 2648 relatio
1864 2583 2052 2645 realis
2078 2628 2094 2658 ,

544 2677 659 2740 sed
689 2679 943 2741 rationis
982 2685 1266 2753 tantum,
1305 2679 1453 2758 quia
1480 2679 1547 2738 in
1574 2678 1706 2739 sola
1748 2677 2099 2740 extrinseca

539 2773 1053 2835 denominatione
1079 2772 1401 2849 fundatur3
1428 2789 1505 2832 ex
1528 2771 1861 2852 adoptione
1887 2774 2101 2832 autem

540 2867 755 2928 divina
772 2866 1027 2928 resultat
1042 2866 1271 2928 relatio·
1289 2865 1605 2928 filiationis
1626 2864 1811 2926 realis
1835 2862 2102 2925 fundata

540 2961 606 3020 in-
644 2959 799 3021 reali
829 2967 889 3021 et
920 2959 1255 3022 intrinseca
1282 2957 1747 3038 justificatione,
1810 2973 1952 3036 quae
2005 2960 2100 3018 est

540 3073 689 3116 vera
720 3055 1065 3136 generatio,
1093 3056 1161 3117 in
1205 3054 1676 3118 similitudinem
1720 3052 1943 3114 divinas
1989 3069 2099 3112 na·

544 3156 718 3223 turae,
750 3149 1183 3228 imperfectam
1224 3147 1480 3228 quidem
1529 3154 1591 3209 et
1620 3146 2097 3221 accidentalem,

542 3241 780 3304 realem
816 3249 1051 3304 tamen.
1104 3242 1249 3315 Quae
1276 3242 1421 3303 duae
1450 3240 1817 3302 differentiae
1862 3240 2100 3319 optime

542 3337 903 3412 ostendunt,
929 3337 1093 3399 hanc
1121 3337 1527 3416 adoptionem
1552 3354 1693 3398 esse
1714 3334 2105 3415 perfectioris

545 3429 801 3505 ordiniS,
833 3431 1117 3511 quamvis
1142 3430 1462 3510 propriam
1490 3430 1800 3490 rationem
1820 3425 2104 3507 adoptio·

544 3523 641 3584 nis
669 3517 801 3584 non
828 3521 1253 3600 transcendat,
1268 3527 1341 3584 ut
1367 3523 1575 3595 latins,
1610 3521 1907 3600 disputat.
1936 3538 2099 3599 seq„

546 3622 701 3677 sect.
732 3620 795 3690 4,
827 3617 1090 3696 dicetur.

624 3713 684 3770 7.
732 3710 801 3772 In
830 3710 1249 3780 solutionibus
1276 3715 1795 3792 argumentorum
1822 3710 2000 3790 ponit
2027 3711 2100 3771 D.

538 3803 813 3867 Thomas
840 3805 995 3866 alias
1022 3811 1151 3868 tres
1192 3805 1574 3868 differentias
1601 3805 1768 3868 inter
1800 3804 1915 3864 has
1957 3802 2107 3866 ado-

540 3901 810 3982 ptiones.
846 3900 1049 3963 Prima
1097 3903 1285 3964 estin
1334 3901 1647 3962 solutione
1677 3899 1758 3961 ad
1805 3897 2103 3980 primurn,

542 3992 690 4074 qnia
736 3995 800 4055 in
854 3994 1189 4076 adoptione
1242 3995 1521 4056 hamana
1542 4039 1560 4069 ,
1592 4011 1867 4073 persona
1887 4038 1906 4069 ,
1965 4011 2105 4074 quae

542 4087 897 4169 adoptatur,
930 4105 1056 4150 non
1091 4087 1371 4168 procedit
1396 4089 1465 4150 in
1502 4105 1617 4149 suo
1660 4105 1799 4149 esse
1828 4086 1982 4149 reali
2023 4086 2106 4148 ab

542 4181 914 4262 adoptantc;
961 4187 1025 4244 at
1064 4201 1212 4245 vero
1243 4183 1305 4244 in
1334 4181 1568 4255 divina,
1602 4191 1863 4242 neccsse
1892 4188 1986 4244 est
2037 4187 2106 4241 ut

544 4273 765 4336 saltem
812 4294 927 4355 per
977 4276 1358 4337 creationem
1406 4291 1681 4355 persona
1726 4274 1907 4354 ipsa,
1963 4291 2104 4352 qnae

545 4367 901 4448 adoptatur,
952 4387 988 4428 a
1035 4367 1166 4430 Deo
1196 4369 1496 4450 procedat
1548 4375 1609 4430 et
1638 4369 1927 4450 pendeat.
1963 4366 2111 4440 Quae

547 4461 895 4523 differentia
924 4461 1343 4525 accidentaria
1376 4469 1469 4524 est
1498 4463 1583 4524 ad
1614 4463 1923 4526 rationem
1961 4463 2112 4524 ado-

546 4555 805 4635 ptionis3
838 4573 952 4634 per
997 4573 1065 4618 se
1099 4556 1267 4618 enim
1314 4563 1377 4617 et
1418 4555 1769 4618 formaliter
1814 4557 1970 4618 satis
2015 4563 2110 4620 est

544 4647 714 4728 quod
740 4649 980 4711 ratione
1011 4649 1349 4710 creationis
1376 4665 1506 4710 non
1536 4650 1769 4712 haheat
1796 4651 1987 4711 homo
2003 4651 2108 4731 jus

542 4737 624 4802 ad
670 4742 1215 4820 supernaturalem
1256 4741 1689 4805 haereditatem
1711 4789 1733 4819 ,
1786 4743 1867 4803 ad
1915 4761 2108 4822 qnam

541 4839 759 4914 postea
790 4835 1128 4914 adoptatur
1138 4853 1161 4914 ;
1197 4837 1315 4896 hac
1346 4835 1515 4896 enim
1541 4835 1784 4898 ratione
1814 4841 2104 4916 respectu

542 4925 712 4988 illius
744 4937 1039 4990 censetur
1060 4945 1337 5008 persona
1361 4933 1681 5002 extranea,
1716 4929 1875 4990 sicut
1906 4948 2108 5009 nepos

546 5020 759 5099 aliquo
788 5021 975 5082 modo
1002 5022 1287 5101 procedit
1322 5021 1405 5082 ab
1430 5037 1547 5082 avo
1570 5021 1793 5082 saitem
1810 5041 1923 5101 per
1953 5026 2111 5084 acci·

544 5113 703 5175 dens
743 5121 807 5175 et
846 5115 1155 5188 mediate;
1189 5120 1429 5189 tamen,
1460 5114 1603 5193 quia
1638 5115 1881 5176 ratione
1920 5114 2109 5195 hujus

540 5208 957 5287 processionis
984 5227 1115 5268 non
1144 5208 1333 5269 habet
1354 5207 1677 5286 proprium
1698 5208 1807 5287 jus
1826 5205 1963 5283 filii,
1991 5228 2105 5288 po—

540 5307 663 5361 test
691 5300 767 5360 ad
798 5300 949 5362 illud
976 5301 1280 5380 adoptari.

624 5394 684 5454 8.
718 5393 1005 5456 Secunda
1034 5393 1303 5456 habetur
1328 5395 1392 5457 in
1422 5394 1730 5458 solutione
1760 5395 1849 5458 ad·
1869 5413 2099 5460 secun·

548 5485 723 5564 dum,
768 5487 914 5569 quia
946 5489 1106 5551 inter
1142 5488 1427 5554 homines
1462 5487 2097 5572 adoptio-introducta

1770 324 2010 388 cumr.
2045 324 2218 376 xxia.
2251 325 2454 378 Anne.
2493 327 2531 378 ι.

2191 432 2291 488 est
2331 445 2414 488 ex
2439 426 2692 490 defectu
2717 424 2822 488 vel
2869 423 3220 506 indigentia
3239 427 3543 492 natm-alis
3573 432 3683 510 Εἰς

2191 527 2256 582 at
2283 539 2432 584 vero
2459 521 2672 583 divina
2700 520 2980 600 adoptio,
3013 537 3150 582 non
3170 527 3426 600 propter
3455 523 3688 606 indigen·

2187 615 2376 690 tiam,
2413 615 2527 677 sed
2565 633 2645 676 ex
2669 613 2918 676 infinita
2947 612 3329 693 perfectione
3377 621 3450 678 et·
3461 614 3688 686 bonitate

2186 708 2547 772 introducta
2569 716 2692 785 cst,
2723 717 2792 771 ut
2829 708 3171 771 simititndo
3202 707 3324 770 fita·
3337 711 3615 775 naturalis
3637 715 3690 778 fl·

2187 801 2285 863 liis
2313 802 2624 882 adoptivis
2661 803 3186 874 communicetur,
3219 807 3282 862 et
3307 802 3388 864 in.
3413 801 3569 865 hunc
3593 825 3690 868 mo-

2187 895 2340 957 dmn
2369 897 2638 976 explicat
2665 899 2736 958 D.
2769 897 3042 958 Thomas
3059 895 3226 956 illud
3252 894 3336 956 ad
3363 897 3606 958 nomn.
3629 909 3688 962 s:

2191 987 2354 1064 Qum
2396 992 2736 1070 proeseivit,
2785 995 2846 1054 et
2892 989 3360 1069 pradestinavit
3413 992 3692 1064 masma

2181 1084 2322 1164 fieri
2367 1083 2657 1168 imayinis
2711 1083 2874 1147 Filii
2925 1082 3064 1156 σείς
3091 1082 3176 1144 de
3217 1100 3350 1163 qno
3378 1083 3692 1148 testimonio

2188 1177 2370 1257 ptura
2393 1197 2434 1238 a
2460 1178 2644 1240 nohis
2673 1179 2736 1239 in
2769 1176 3202 1257 superioribus
3238 1175 3408 1238 dieta
3433 1182 3583 1239 snut.

2271 1273 2333 1334 9.
2380 1273 2492 1334 Hic
2527 1291 2676 1335 vero
2711 1277 3018 1334 annotare
3053 1271 3213 1332 libet
3241 1270 3574 1350 qnamdam
3595 1291 3696 1334 cca-

2187 1366 2492 1428 ditionem
2531 1384 2723 1446 qnam
2771 1366 2966 1443 aliqui
3003 1365 3092 1426 ad
3139 1363 3544 1444 adoptionem
3585 1365 3696 1428 diti·

2187 1478 2336 1520 nam
2365 1460 2720 1538 requirnnt,
2757 1459 3056 1520 nimirum
3101 1458 3283 1540 qnod
3301 1458 3372 1521 in
3400 1465 3602 1519 natura
3633 1460 3696 1521 di—

2188 1554 2332 1614 vina
2363 1555 2447 1615 sit:⁴
2465 1553 2692 1633 aliquis
2729 1553 2926 1616 Fitius
2947 1552 3276 1628 natus-aiis,-
3309 1558 3452 1613 tum
3493 1556 3556 1614 a!
3587 1570 3694 1618 enm

2187 1648 2458 1728 adoptivi
2479 1648 2588 1708 filii
2611 1648 2968 1724 imitentur-3
2985 1653 3122 1708 tum
3153 1648 3352 1709 etiam
3371 1647 3517 1727 quia
3539 1649 3595 1708 in
3613 1648 3696 1709 lm·

2186 1761 2374 1804 mana
2398 1742 2734 1824 adoptione
2763 1742 2931 1822 exigi:
2959 1743 3124 1806 sodet
3138 1742 3318 1822 quod
3337 1741 3622 1822 adeptam
3643 1747 3694 1808 sit

2185 1855 2262 1899 ex
2281 1855 2352 1900 se
2377 1845 2561 1918 aptus
2585 1839 2662 1899 ad
2697 1836 3160 1917 generandum,
3183 1838 3342 1918 qnia
3379 1837 3693 1916 adoption-

2184 1938 2388 1995 tumm
2425 1932 2748 2006 imitatur,
2775 1938 2850 1992 ut
2887 1931 2978 1992 ait
3009 1936 3218 1994 textus
3247 1931 3314 1992 in
3347 1929 3394 2010 ᾖ
3419 1929 3694 2010 anjam,

2183 2025 2446 2086 Institut.
2499 2024 2578 2087 de
2609 2023 3088 2104 Adoptionibus.
3134 2025 3230 2085 Ex
3274 2041 3412 2103 qno
3451 2026 3694 2105 principio

2185 2116 2268 2176 ibi
2299 2117 2616 2194 definitur,
2649 2117 3058 2197 adoptantem
3081 2119 3328 2180 debere
3371 2135 3512 2179 esse
3546 2121 3694 2198 majo·

2183 2227 2320 2270 rem
2353 2217 2505 2272 natu
2529 2210 2852 2290 adoptato,
2879 2213 2966 2273 ita
2993 2219 3065 2274 ut
3089 2211 3282 2292 plena
3299 2211 3636 2291 puberum.
3655 2217 3692 2272 id

2187 2310 2306 2377 est,
2343 2305 2418 2365 14
2445 2305 2656 2379 annis,
2683 2304 2809 2382 vel,
2850 2312 2918 2368 ut:
2955 2305 3078 2368 alia
3107 2305 3298 2368 lectio
3349 2304 3556 2376 habet,
3581 2315 3692 2366 octn-

2181 2396 2410 2469 decim,
2437 2396 2616 2458 illum
2637 2399 2974 2478 praecedat.
2997 2399 3080 2460 nt
3095 2417 3178 2460 ex
3191 2399 3432 2460 eodem
3450 2399 3690 2478 principis

2183 2489 2410 2552 dicitur
2433 2490 2500 2552 in
2529 2491 2568 2572 ἓ
2617 2492 2744 2556 Sed
2795 2500 2861 2554 et
2885 2491 3064 2569 illaad,
3095 2493 3326 2554 eodem
3381 2491 3577 2562 titulo,
3597 2511 3688 2557 ιω.

2179 2585 2286 2666 qui
2308 2585 2402 2647 ita
2423 2585 2560 2648 nati
2583 2592 2727 2650 sunt
2751 2593 2822 2650 ut
2841 2602 3128 2670 ymni-e
3145 2605 3264 2650 usa
3285 2587 3556 2668 pastae,
3576 2587 3687 2648 sati-

2181 2685 2266 2740 cet
2293 2681 2614 2752 castratos,
2643 2679 2934 2759 adeptura
2956 2697 3076 2742 non
3095 2699 3294 2760 posse.
3326 2679 3492 2741 {linc
3519 2681 3684 2758 ergoin

2182 2773 2514 2852 praesentia
2563 2771 2820 2849 quidam
2871 2773 3262 2834 meditantur
3275 2818 3295 2849 ,
3351 2774 3548 2834 Deum
3585 2775 3687 2833 ado-

2182 2872 2362 2946 ptare
2381 2883 2563 2945 posse
2580 2911 2600 2942 ,
2619 2867 2768 2945 quia
2791 2883 3008 2944 verum
3039 2874 3114 2930 ct·
3133 2866 3502 2928 natur-ulem
3528 2865 3689 2927 Filium

2184 2975 2489 3038 generare
2535 2961 2770 3039 potuit,
2821 2978 3032 3038 quern·
3061 2961 3406 3024 imitantur
3453 2959 3688 3038 adoptati.

2174 3052 2359 3131 juxta
2399 3053 2555 3114 illud
2593 3053 2678 3115 ad
2705 3055 3028 3117 Romanos
3053 3059 3133 3117 8:
3169 3053 3690 3137 Quos-firmantia*

2177 3144 2270 3209 vit
2297 3149 2634 3223 consumes
2659 3147 2804 3224 fieri
2842 3148 3106 3230 innuptis&
3125 3149 3298 3210 Fati
3344 3149 3592 3227 ajars-At
3621 3165 3692 3206 su·

2181 3239 2370 3302 binde
2399 3240 2600 3318 aiunt,
2637 3241 2708 3321 si,
2729 3243 2898 3303 Deus
2927 3260 3238 3322 generare
3283 3242 3382 3303 ad
3418 3242 3570 3302 intra
3605 3259 3689 3300 aon

2185 3341 2422 3414 posset,
2451 3334 2586 3396 fore
2618 3341 2688 3396 ut
2731 3353 2850 3397 nec
2885 3335 3190 3416 adoptare
3223 3335 3401 3397 filios
3426 3333 3686 3415 potuim

2187 3427 2364 3501 Quod
2394 3428 2450 3490 si
2471 3429 2730 3509 objicias
2757 3429 2960 3510 sequi,
2992 3445 3118 3492 nec
3153 3428 3462 3502 Verbum,
3487 3428 3690 3506 mespi-

2183 3521 2376 3582 ritum
2401 3523 2701 3584 Sanctum
2733 3541 2910 3602 posse
2941 3523 3276 3603 adoptare,
3305 3523 3590 3603 quiam
3616 3541 3690 3599 ge

2185 3631 2412 3677 nerarc
2437 3622 2708 3696 possunt
2726 3665 2744 3691 ‚
2783 3615 3262 3698 respondebunt
3297 3615 3584 3697 neg-ando
3601 3616 3690 3676 ith-

2185 3709 2446 3780 tionem·,
2479 3709 2628 3789 quia
2669 3711 2734 3771 in
2763 3710 2856 3772 eis
2893 3711 3118 3773 eadem
3147 3717 3250 3772 est
3293 3711 3570 3789 potentia
3598 3727 3690 3788 qm

2187 3802 2371 3863 estin
2398 3805 2602 3877 Patre,
2633 3804 2802 3882 licet,
2829 3811 3020 3885 prout
3047 3805 3238 3868 estin
3259 3805 3388 3879 eis,
3412 3821 3535 3864 nen
3551 3803 3690 3882 punit

2189 3897 2252 3958 in
2281 3904 2492 3960 actum
2527 3899 2955 3979 generationis
2991 3899 3248 3978 prodire
3259 3921 3280 3976 ;
3328 3900 3540 3980 itaque
3586 3897 3690 3960 stis

2187 4011 2326 4054 esse
2352 3993 2603 4067 dicitur,
2643 3993 2816 4074 quod
2845 3994 2916 4054 in
2951 3995 3080 4055 Deo
3109 3995 3312 4073 possit
3333 4011 3470 4056 esse
3491 4009 3690 4073 gesen·

2187 4088 2298 4148 tio.
2343 4088 2419 4148 Et
2461 4088 2818 4150 confirmari
2863 4089 2980 4149 h'oc
3019 4093 3262 4166 potest,
3280 4089 3443 4167 quia
3475 4084 3687 4167 Angctm

2185 4178 2330 4242 ideo
2369 4199 2496 4242 non
2527 4187 2733 4260 potest
2753 4181 2921 4243 filios
2947 4181 3274 4261 adoptare,
3315 4182 3472 4262 qnia
3491 4199 3590 4242 nec
3610 4198 3686 4259 pa·

2189 4279 2313 4335 test
2337 4293 2667 4354 generare.

2273 4369 2368 4432 10.
2419 4368 2538 4430 Sed
2562 4368 2667 4430 hic
2703 4371 2930 4431 modus
2957 4370 3286 4450 loquendi,
3315 4370 3466 4432 licet
3501 4371 3570 4430 sit
3587 4385 3686 4448 pro·

2191 4460 2438 4536 babilis,
2467 4479 2593 4522 non
2635 4469 2734 4524 est
2758 4469 2976 4525 tamen
3005 4466 3438 4538 necessarium
3461 4465 3686 4524 namna-

2191 4555 2408 4636 primis
2460 4556 2528 4616 in
2571 4556 2852 4634 humana
2905 4555 3244 4637 adoptione
3293 4557 3502 4619 civiles
3539 4555 3680 4634 legae.

2189 4665 2310 4710 nec
2339 4665 2614 4728 semper,
2636 4667 2846 4730 neque
2866 4650 3234 4732 simpliciter
3249 4651 3436 4712 illam
3452 4647 3682 4711 conditio-

2191 4760 2335 4803 nem
2365 4743 2727 4821 reqnirunt3
2761 4763 2910 4806 nam
2951 4745 3014 4805 in
3049 4743 3088 4824 ἓ
3123 4744 3346 4806 Sedet
3367 4743 3534 4817 illud,
3556 4739 3681 4802 insti-

2186 4842 2306 4897 tut.
2329 4837 2414 4897 de
2442 4836 2917 4915 Adoptionibus‚
2946 4837 3262 4918 generalis
3291 4837 3508 4918 regida
3527 4832 3680 4897 8(ιωί-

2193 4935 2314 5005 tur,
2361 4948 2472 4992 eos
2527 4930 2829 5010 adoptare
2873 4949 3082 5011 posse,
3115 4931 3230 5010 qui
3281 4947 3572 5011 generare
3591 4943 3678 4986 non

2189 5031 2455 5101 possunt
2469 5040 2492 5102 ;
2523 5032 2609 5099 et,
2637 5024 2690 5085 si
2721 5024 2786 5084 in
2813 5024 3030 5102 aliquo
3052 5043 3208 5086 >casn
3235 5025 3568 5105 oppedum
3592 5026 3682 5082 su-

2191 5116 2406 5188 mitur,
2451 5119 2738 5196 exceptio
2789 5117 2860 5180 fit
2903 5136 2984 5180 ex
3029 5118 3152 5180 hac
3199 5118 3482 5199 generali.
3503 5115 3679 5194 munh

2189 5216 2446 5288 propter
2473 5210 3118 5290 aliqnamspecialem
3169 5213 3469 5276 rationem
3509 5207 3576 5270 ad
3601 5208 3678 5267 im·

2181 5302 2632 5382 perfectionem
2655 5307 3103 5384 pertinentem,
3127 5313 3196 5368 nt
3219 5307 3394 5368 estin
3415 5323 3487 5366 eo
3502 5303 3676 5381 quiesi

2181 5397 2442 5458 minoris
2471 5397 2698 5476 uetans,
2719 5403 2833 5460 aut
2845 5399 2962 5480 qui
2995 5418 3074 5462 ex
3099 5405 3276 5465 utero
3305 5398 3508 5460 mauis
3527 5412 3672 5458 em·

2181 5489 2336 5555 ehns
2373 5496 2465 5554 est
2493 5499 2700 5564 natus,
2726 5494 2872 5576 qnia
2902 5493 2967 5554 in
3011 5493 3112 5557 his
3131 5492 3518 5558 videturesse
3535 5501 3667 5572 qon-
