3892 6167
593 419 742 478 ante
769 408 1077 474 Christum
1121 403 1368 482 missos,
1397 402 1560 466 filios
1587 401 1777 464 inisse
1805 401 2151 482 adoptivos,

591 505 906 572 Christum
958 518 1110 564 vero
1167 498 1378 562 vocari
1429 497 1752 578 proprium
1787 495 2035 570 Filium,
2088 499 2157 558 ut

593 599 768 662 Paul.
801 597 978 672 dixit,
1007 593 1090 656 ad
1118 595 1300 656 Rom.
1329 595 1392 654 8.
1419 590 1598 678 Unde
1625 588 1943 680 Ambros„
1974 587 2083 650 lib.
2120 585 2151 652 1

593 693 674 756 de
707 690 868 766 Fid„
902 707 959 752 c.
990 690 1030 751 9
1061 706 1080 748 ι
1111 687 1274 762 Nos,
1305 683 1546 764 inquit,
1577 683 1706 762 filii
1745 701 1858 764 por
1885 681 2157 764 adoptio-

1799 301 2031 365 QUAEST.
2068 301 2239 356 xxm.
2275 300 2475 358 Anne.
2510 303 2594 356 tv.

3757 7 3763 302 ἐ

2236 401 2623 482 percipiens,
2659 399 2771 464 sed
2798 398 3147 476 indefinite,
3176 404 3245 462 ut
3267 396 3353 472 is,
3390 399 3501 484 qui
3522 400 3723 484 adoptio·

2237 511 2391 556 nem
2434 493 2657 574 recipit
2706 492 3093 574 (quicunque
3138 491 3239 554 ille
3281 491 3391 572 sit)
3422 537 3443 568 ,
3485 492 3586 556 fiat
3620 493 3727 558 filius

2237 587 2347 650 Dei
2378 605 2394 661 ς
2434 585 2556 651 hoc
2587 587 2757 652 enim
2804 606 2993 650 seusu
3022 585 3288 649 causalis
3332 585 3477 649 haec
3507 605 3729 654 consonat
3764 620 3766 666 ι

2236 681 2651 763 propositioni
2695 681 3057 744 immediate
3106 679 3519 762 praecedenti,
3562 681 3644 742 cui
3667 684 3731 744 ad·
3765 685 3766 696 ¹

593 803 752 862 noni,
771 783 878 848 ille
895 799 1009 864 por
1035 785 1344 844 naturam.
1372 777 1572 854 Idem,
1597 777 1708 840 lib.
1734 775 1810 840 de
1837 777 2153 840 Incarnat.
2232 772 2549 854 Jungitur3
2576 779 2639 838 et
2663 775 2851 838 verba
2881 775 3015 856 ipsa
3040 775 3270 858 optime
3293 771 3611 856 patiuntur
3624 773 3733 838 hum
3764 803 3766 818 ·

595 878 767 946 dom.
799 894 1098 950 sacram„
1124 892 1178 936 c.
1213 875 1277 947 ὃς
1301 871 1591 954 August„
1626 889 1728 952 ep.
1759 871 1900 946 120,
1927 887 1983 932 c.
2006 873 2069 944 4,
2097 871 2161 930 et

593 971 704 1034 lib.
731 977 951 1034 contra
979 966 1406 1032 Secundinum
1445 961 1886 1038 Manicheum,
1917 981 1976 1026 c.
2004 961 2067 1035 5,
2096 960 2161 1022 et

593 1063 706 1128 lib.
739 1065 777 1125 3
803 1068 1023 1126 contra
1051 1061 1288 1137 Faust„
1331 1077 1468 1140 cap.
1501 1060 1573 1134 3,
1621 1057 1730 1119 ubi
1775 1055 1883 1120 illa
1913 1055 2159 1118 ratione

597 1157 816 1231 utitur,
843 1154 1010 1236 quod
1059 1153 1223 1215 filius
1263 1149 1592 1232 adoptivus
1619 1149 1796 1231 prius
1843 1155 1938 1212 est
1966 1166 2159 1230 quam

597 1253 678 1316 sit
701 1250 888 1328 filius,
913 1265 1106 1328 quam
1133 1245 1296 1310 infra
1323 1244 1762 1320 tractabimus3
1785 1248 1850 1306 et
1878 1242 1985 1305 lib.
2012 1245 2043 1304 1
2076 1241 2155 1304 de

595 1344 922 1412 consensu
935 1341 1346 1422 Evangelist„
1363 1359 1420 1401 c.
1435 1341 1494 1416 3,
1510 1339 1658 1402 dicit
1683 1337 1942 1402 Paulum
1960 1335 2155 1400 fuisse

597 1456 784 1500 usum
823 1437 1080 1500 nomine
1117 1434 1500 1514 adoptionis,
1539 1436 1610 1493 ut
1650 1431 1817 1494 inter
1843 1429 2156 1496 Christum

597 1539 664 1594 et
709 1549 826 1594 nos
871 1527 1337 1594 distinctionem
1393 1531 1680 1606 poneret.
1741 1524 1915 1588 Idem
1974 1522 2159 1588 docet

596 1621 1262 1700 Irenoe.,lib.3contra
1289 1621 1544 1694 haeres„
1565 1639 1620 1682 c.
1653 1619 1836 1694 2l,in
1857 1616 2063 1680 verbis
2094 1614 2159 1680 il·

595 1718 722 1780 lis:
749 1717 1016 1796 Propter
1043 1715 1154 1780 Ιιοσ
1179 1713 1340 1778 enim
1379 1711 1628 1780 Verbum
1656 1711 1798 1787 Dei,
1847 1711 2041 1785 homo,
2094 1715 2154 1776 et

597 1812 704 1892 qui
729 1807 939 1874 Filius
977 1807 1098 1872 Dei
1135 1813 1248 1886 est,
1284 1806 1459 1884 filias
1497 1803 1759 1870 hominis
1785 1807 1987 1886 factus
2029 1807 2151 1882 est,

597 1902 942 1968 convniam
1001 1899 1182 1968 Verbo
1235 1900 1375 1972 Dei,
1411 1905 1482 1964 ut
1531 1899 1904 1980 adoptionem
1956 1896 2158 1980 peroi-

589 1999 770 2078 pienc
791 1998 908 2076 liat
943 1995 1120 2074 filius
1147 1994 1284 2058 Dei.
1317 1993 1435 2056 Ubi
1481 1989 1934 2055 Feuardentius
1978 1989 2159 2054 intel·

595 2090 774 2167 laxit,
817 2091 1128 2154 Irenaeum
1165 2087 1438 2152 sensisse
1478 2087 1885 2164 contrarium,
1929 2083 2164 2149 scilicet

600 2184 910 2248 Christum
926 2184 1111 2264 juxta
1133 2181 1480 2244 humanam
1504 2187 1792 2244 naturam
1825 2178 2163 2260 adoptione

599 2279 874 2342 evasisse
901 2275 1102 2340 filium
1130 2275 1264 2350 Dei,
1286 2273 1456 2338 unde
1483 2274 1614 2356 ipse
1638 2271 1814 2336 illum
1839 2272 1944 2354 pie
1973 2271 2167 2335 inter·

599 2377 911 2452 pretatur,
937 2377 1006 2436 ut
1033 2388 1150 2452 per
1179 2369 1585 2452 adoptionem
1618 2367 1886 2449 gratiam
1913 2365 2167 2431 unionis

601 2467 927 2548 intelligat.
967 2467 1100 2546 Ego
1145 2484 1296 2530 vero
1336 2465 1517 2528 aliter
1555 2463 1766 2528 locum
1809 2462 2033 2526 Irenaei
2070 2461 2167 2526 in·-

603 2560 1082 2642 terpretandnm
1110 2560 1425 2638 existimo,
1441 2563 1514 2622 ut
1533 2557 1798 2640 adoptio,
1823 2575 1953 2618 non
1978 2555 2057 2617 ad
2078 2556 2167 2638 ip·

603 2673 744 2722 sum
785 2654 1123 2731 Christum,
1161 2653 1277 2718 sed
1319 2653 1402 2716 ad
1443 2671 1560 2716 nos
1603 2651 1931 2716 referatur.
1988 2648 2168 2724 Quod

601 2749 700 2828 (ut
721 2749 970 2828 opinor)
991 2747 1174 2812 facile
1198 2746 1568 2828 probabitur
1591 2745 2012 2808 consideranti
2040 2743 2169 2806 sin-

599 2859 746 2906 cere
771 2849 840 2905 et
861 2847 1096 2904 attente
1121 2845 1320 2904 totum
1349 2839 1568 2904 Irensei
1592 2846 1977 2902 contextum.
2010 2837 2170 2902 Pau-

599 2937 666 3002 lo
713 2935 884 3000 enim
929 2935 1222 3016 superius
1261 2940 1540 3000 tractam
1589 2934 1700 2996 illa
1743 2933 1973 2996 verba:
2018 2931 2163 3014 Eoo

601 3030 781 3094 diei:
806 3029 920 3094 Dii
945 3028 1122 3102 ucis,
1165 3031 1223 3092 et
1263 3028 1392 3106 filii
1433 3025 1756 3094 altissimi
1799 3044 2027 3100 omnes,
2058 3044 2164 3090 voe

601 3127 804 3188 autom
827 3123 990 3188 siout
1033 3119 1298 3186 laomim
1325 3120 1711 3197 morimini,
1741 3120 1879 3184 ait:
1915 3119 2027 3186 Ad
2071 3137 2165 3187 eos

599 3217 756 3281 dicit
769 3259 792 3292 ‚
819 3216 930 3299 qui
954 3233 1073 3280 non
1099 3213 1397 3298 recipiant
1425 3232 1644 3280 munuc
1672 3213 2034 3296 adoptionis,
2066 3215 2171 3279 sod

600 3314 976 3376 mentuunt
1016 3309 1496 3373 incarnationem
1510 3331 1537 3379 ‚·
1565 3314 1628 3371 et
1667 3307 1830 3370 infra
1861 3326 1877 3368 :
1912 3307 2163 3392 Ieprati

599 3401 923 3468 emicantes
990 3400 1170 3468 Verbo
1216 3402 1362 3476 Dei,
1411 3401 1570 3484 quod
1609 3400 1999 3466 incarnatum
2046 3405 2160 3478 est,

591 3501 845 3576 propter
886 3495 1090 3578 ipsas,-
1129 3501 1192 3558 et
1231 3495 1442 3559 subdit
1471 3514 1490 3557 ε
1537 3493 1808 3576 ,Propter
1857 3495 1965 3560 boc
2006 3495 2165 3560 onim

611 3586 866 3656 Verbum
903 3587 1060 3663 Dei,
1087 3587 1296 3663 bomo,
1323 3593 1384 3654 et
1420 3585 1526 3670 qui
1568 3587 1776 3652 Filius
1804 3588 1959 3662 Dei,
1986 3589 2167 3666 filius

597 3679 866 3746 metis
889 3685 1096 3762 sactus
1127 3687 1240 3758 est,
1273 3682 1622 3748 commistus
1685 3681 1867 3750 Verbo
1906 3682 2049 3758 Dei,
2091 3687 2165 3748 ut

601 3775 978 3855 adoptionem
1015 3775 1381 3864 percipiens,
1434 3776 1555 3853 fiat
1608 3774 1782 3854 filius
1828 3774 1966 3840 Dei.
2014 3775 2164 3844 Non

601 3867 760 3930 onim
799 3872 1152 3951 poteramus
1195 3869 1384 3934 aliter
1424 3868 1896 3948 incorruptelam
1942 3873 2003 3934 ct
2046 3871 2164 3934 im-

601 3962 1032 4026 mortalitatem
1057 3957 1346 4044 accipere,
1369 3979 1571 4042 usque
1598 3961 1684 4024 ad
1707 3959 1886 4040 illud,
1913 3969 1985 4026 ut
2004 3963 2165 4045 filio·

601 4071 740 4116 rum
769 4054 1140 4138 adoptionem
1169 4055 1626 4138 perciperemus.
1657 4055 1728 4118 In
1758 4055 1987 4134 quibus
2023 4074 2165 4120 ver-

603 4145 700 4210 bis
744 4146 1020 4230 primum
1057 4147 1582 4212 considerandum
1633 4155 1746 4225 est,
1785 4166 1914 4212 non
1959 4147 2165 4213 solum

605 4257 736 4304 non
766 4258 991 4305 vocare
1029 4241 1338 4306 Irenoeum
1379 4240 1874 4306 incarnationem
1906 4241 2163 4306 nomine

605 4331 980 4414 adoptionis,
1009 4335 1162 4416 quin
1191 4335 1398 4416 potius
1418 4333 1558 4397 illas
1583 4334 1995 4416 distinguere,
2020 4353 2167 4400 cum

605 4423 756 4488 dicit
811 4445 954 4502 eos,
1008 4428 1115 4508 qui
1166 4427 1664 4492 incarnationem
1717 4434 1979 4510 negant,
2035 4447 2165 4493 non

603 4520 930 4602 percipere
957 4521 1384 4604 adoptionem,
1413 4521 1560 4604 quia
1582 4521 1817 4606 ingrati
1843 4527 1988 4586 sunt
2024 4521 2167 4590 Ver·

603 4611 698 4690 bo,
727 4615 889 4696 quod
907 4615 1294 4680 incarnatum
1322 4619 1414 4680 ost
1435 4618 1685 4698 propter
1711 4615 1898 4696 ipsos.
1931 4613 2167 4681 Deinde

603 4705 1018 4788 ponderanda
1043 4713 1139 4771 est
1165 4707 1271 4768 illa
1298 4707 1566 4770 causalis
1591 4713 1763 4782 nota,
1781 4711 2036 4792 propter
2059 4707 2169 4774 hoo

603 4800 788 4876 mim,
819 4807 966 4875 etc.;
1001 4817 1144 4864 cum
1174 4797 1344 4862 enim
1378 4797 1636 4864 dixisset
1668 4798 1943 4864 Verbum
1974 4801 2168 4866 fuisse

605 4893 999 4957 incarnatum
1027 4899 1284 4975 propter
1307 4911 1444 4970 nos,
1473 4893 1536 4956 id
1562 4899 1678 4969 est,
1705 4895 1774 4957 ut
1803 4911 1920 4958 nos
1949 4913 2165 4960 conse·

605 5004 877 5068 quamui-
915 4988 1319 5070 adoptionem
1346 4983 1616 5050 filiorum
1641 5032 1659 5061 ,
1690 5004 1949 5051 causam
1976 4987 2165 5070 hujus

601 5081 812 5144 reddit
852 5079 1068 5144 dicens
1099 5099 1113 5144 :
1147 5079 1412 5166 Propter
1455 5079 1564 5146 hoo
1602 5081 1760 5145 enim
1803 5083 1910 5164 qni
1947 5081 2167 5150 Filius

603 5176 724 5240 Dei
751 5181 843 5240 est
857 5220 878 5251 ‚
905 5171 1116 5241 Filius
1155 5175 1418 5240 hominis
1443 5177 1651 5254 factus
1676 5181 1802 5252 im,-
1836 5192 1983 5238 cum
2014 5193 2164 5258 ergo

604 5267 944 5344 concludit,
971 5274 1040 5333 ut
1067 5267 1438 5352 adoptionem
1453 5267 1817 5350 percipiens,
1857 5269 1976 5347 fiat
1992 5271 2164 5352 filius

608 5363 742 5443 Dei,
774 5382 902 5428 non
945 5368 1043 5426 est
1078 5380 1332 5438 sensuS,
1363 5361 1588 5426 Filium
1615 5360 1722 5426 Dei
1750 5363 1985 5426 factum
2026 5382 2163 5428 esse

606 5456 965 5543 hominem,
1013 5461 1081 5520 ut
1125 5453 1386 5536 ipsemet
1433 5455 1713 5520 Christus
1759 5453 2163 5537 adoptionem

2242 884 2520 945 sensum,
2554 867 2689 931 sine
2716 867 2844 929 ulla
2876 868 3229 930 extorsione
3260 871 3381 928 aut
3410 865 3730 934 difficultate:
3767 926 3768 956 ¹

2240 959 2304 1023 in
2352 959 2476 1022 alio
2530 979 2683 1023 vero
2732 978 2925 1022 sensu
2978 959 3246 1023 causalis
3293 957 3411 1021 illa
3468 975 3588 1020 non
3624 959 3768 1022 recte‘

2242 1053 2647 1134 conjungitur
2675 1074 2822 1118 cum
2865 1052 3405 1136 praecedentibus,
3436 1057 3501 1114 et
3536 1055 3737 1114 contine

2242 1167 2494 1212 sensum
2522 1167 2637 1232 per
2663 1169 2731 1213 se
2760 1149 3305 1224 absurdissimum,
3334 1155 3477 1210 tum
3502 1148 3633 1236 quia
3655 1149 3739 1209 nul·

2236 1241 2336 1308 lus
2376 1263 2656 1326 unquam
2686 1245 2877 1320 dixit,
2918 1245 3196 1307 Verbum
3232 1243 3344 1306 Dei
3389 1242 3575 1304 fuisse
3606 1243 3737 1304 incar·
3769 1232 3770 1298 l

2236 1343 2479 1411 natum,
2506 1344 2573 1403 ut
2590 1337 2875 1402 Christus
2892 1336 3027 1420 ipse
3062 1335 3413 1418 adoptione
3448 1333 3739 1396 fieretfilius

2236 1431 2377 1510 Dei,
2422 1432 2536 1497 sed
2566 1435 2635 1496 ut
2664 1431 2825 1496 alios
2862 1432 3154 1495 homines
3197 1431 3449 1494 faceret
3492 1429 3633 1491 filios
3654 1431 3736 1504 Dei,

2240 1531 2309 1587 ut
2329 1525 2515 1607 plane
2554 1525 2721 1590 idem
2762 1527 3040 1588 Irenaeus
3069 1524 3308 1587 ibidem
3340 1521 3629 1594 intendit3
3654 1527 3739 1582 tum
3771 1535 3772 1554 ¹

2240 1621 2431 1684 etiam
2481 1623 2630 1704 quia
2675 1621 2781 1684 illa
2830 1621 3063 1685 locutio
3112 1620 3197 1682 ad
3242 1619 3559 1683 Christum
3604 1619 3737 1680 relata

2235 1713 2515 1779 continet
2565 1733 2827 1779 sensum
2858 1731 3223 1788 erroneum,
3262 1713 3420 1794 quia
3464 1729 3645 1792 neque
3666 1713 3739 1771 hu-

2234 1807 2505 1872 manitas
2542 1807 2758 1874 Christi
2812 1813 2906 1872 est
2964 1807 3127 1869 facta
3176 1805 3347 1869 filius
3398 1803 3511 1868 Dei
3552 1824 3647 1884 per
3671 1803 3737 1865 ad·
3773 1842 3774 1872 ³

2238 1900 2555 1984 optionem
2570 1949 2592 1980 ,
2626 1901 2811 1966 etiam
2854 1902 2903 1964 si
2934 1901 3189 1964 nomine
3222 1900 3579 1981 adoptionis
3604 1899 3738 1959 incar-

2242 1995 2562 2058 nationem
2614 1994 3070 2075 intelligamus,
3114 1995 3229 2055 sed
3278 1999 3381 2056 est
3432 1991 3599 2054 unita
3638 1991 3735 2053 Filio

2244 2088 2387 2163 Dei;
2423 2108 2630 2170 neque
2681 2091 2869 2154 etiam
2917 2089 3017 2152 hic
3046 2087 3235 2152 homo
3280 2088 3563 2152 Christus
3602 2087 3735 2148 factus
3775 2147 3776 2172 1

2247 2190 2341 2248 est
2368 2183 2558 2246 Filius
2589 2183 2723 2260 Dei,
2748 2181 2861 2245 sed
2888 2183 3097 2264 potius
3124 2181 3318 2245 Filius
3347 2181 3465 2244 Dei
3488 2180 3661 2241 factus
3680 2187 3733 2240 esi
3775 2173 3776 2216 ³

2244 2275 2544 2352 Christus,
2572 2281 2643 2338 ut
2671 2281 2847 2358 patet
2872 2295 2951 2339 ex
2980 2275 3158 2340 dictis
3193 2293 3416 2357 supra,
3446 2291 3507 2354 q.
3542 2273 3627 2335 16.
3644 2273 3735 2333 Ter·

2246 2371 2357 2447 tie,
2388 2373 2630 2436 constat
2668 2369 2837 2433 idem
2868 2389 3092 2434 sensus
3140 2389 3218 2432 ex
3255 2365 3473 2432 verbis
3500 2363 3731 2446 sequenti-

2244 2463 2403 2543 bus;
2446 2482 2589 2526 cum
2624 2465 2791 2527 enim
2838 2465 3097 2526 dixisset
3138 2461 3371 2526 Filium
3418 2460 3529 2522 Dei
3568 2459 3731 2520 factum
3777 2454 3778 2498 ³

2248 2577 2386 2622 esse
2414 2557 2614 2620 filium
2650 2557 2955 2634 hominis,
2986 2561 3056 2620 ut
3084 2557 3193 2638 qui
3223 2553 3495 2638 percipit
3521 2552 3729 2632 adoptio-

2246 2670 2397 2716 nem
2430 2651 2543 2716 fiat
2583 2651 2750 2716 filius
2780 2653 2921 2725 Dei,
2957 2651 3165 2716 subdit
3208 2649 3404 2714 aliam
3458 2647 3726 2712 causalem:

2248 2745 2395 2814 Nou
2454 2745 2609 2810 euim
2646 2749 2993 2828 poteramus
3046 2744 3228 2808 aliter
3282 2739 3729 2806 immortalitatem
3779 2758 3780 2840 χ

2250 2837 2537 2919 accipere,
2580 2839 2710 2904 nisi
2751 2838 2930 2918 prius
2962 2837 3405 2902 immortalitas
3440 2837 3599 2916 fieret
3634 2829 3735 2912 quoi

2250 2938 2308 2996 et
2370 2951 2477 2998 nos
2499 2977 2521 3010 ,
2580 2935 2653 2998 at
2706 2929 3077 3015 adoptionem
3136 2929 3421 3010 filiorum
3484 2926 3731 3010 percipere·

2248 3046 2384 3092 mus
2412 3049 2440 3099 ,·
2458 3044 2637 3107 erge,
2660 3027 2821 3089 sicut
2846 3026 2912 3088 in
2939 3027 3059 3087 hac
3084 3025 3337 3088 ratione
3363 3027 3429 3086 et
3454 3037 3624 3084 cansa
3644 3017 3733 3080 red·

2246 3119 2489 3198 denda,
2540 3119 2819 3200 loquitur
2868 3118 2951 3182 de
3004 3115 3347 3198 adoptione
3393 3119 3610 3186 nostra,
3650 3127 3729 3170 non
3780 3064 3782 3202 1

2246 3213 2470 3280 Christi
2490 3258 2507 3290 ,
2538 3213 2624 3278 ita
2655 3212 2843 3276 etiam
2874 3211 2940 3275 in
2962 3213 3246 3294 proxime
3274 3207 3660 3294 praeeedente,
3682 3203 3729 3265 ad

2242 3327 2434 3392 quam
2461 3307 2599 3372 baec
2620 3305 2917 3372 refertur.

2322 3405 2385 3467 3.
2428 3401 2569 3466 Non
2596 3402 2881 3466 omittam
2925 3405 3142 3463 autem
3184 3397 3532 3472 advertere,
3559 3395 3663 3456 haec
3692 3397 3729 3451 et

2242 3495 2471 3562 similia
2498 3494 2880 3573 testimonia,
2904 3509 3046 3576 qum
3071 3510 3153 3556 ex
3191 3509 3378 3556 sacra
3402 3490 3673 3571 Scriptura
3692 3491 3729 3546 et

2246 3589 2531 3654 Patribus
2573 3587 2657 3651 ad
2683 3591 2847 3652 hanc
2874 3587 3255 3651 sententiam
3280 3584 3640 3669 probandam
3659 3577 3728 3639 ad·

2246 3683 2393 3748 duci
2409 3681 2633 3759 solent,
2654 3701 2783 3745 non
2808 3699 2950 3745 eam
2972 3681 3122 3743 satis
3141 3679 3510 3743 convincere
3528 3675 3581 3738 in
3597 3688 3726 3735 sensu

2246 3797 2285 3842 a
2306 3779 2489 3843 nobis
2512 3779 2780 3852 intente,
2806 3775 2917 3840 sed
2945 3773 3147 3838 solum
3176 3775 3240 3836 in
3264 3791 3344 3836 eo
3375 3791 3495 3854 quo
3518 3769 3725 3836 christus

2244 3871 2459 3947 homo,
2482 3879 2545 3936 ct
2568 3875 2637 3934 ut
2662 3869 2854 3934 homo
2884 3887 2962 3932 ex
2988 3875 3167 3950 parte
3205 3863 3526 3949 suppositi,
3546 3859 3636 3924 sed
3652 3871 3725 3940 po-

2243 3963 2370 4028 tius
2414 3971 2484 4028 ut
2522 3963 2621 4028 hic
2646 3963 2863 4038 homo,
2893 3963 3121 4026 dicitur
3163 3963 3354 4040 Deus,
3385 3966 3445 4024 et
3469 3957 3631 4023 Filius
3650 3949 3721 4014 Dei

2242 4057 2578 4135 naturalis,
2610 4063 2680 4121 ut
2724 4075 2804 4122 ex
2842 4055 3125 4120 dicendis
3158 4054 3221 4118 in
3262 4051 3387 4118 hac
3416 4059 3477 4116 et
3512 4042 3723 4130 sequenti

2244 4151 2523 4216 sectione
2568 4149 2900 4216 constabit.
2953 4149 3377 4213 Adducuntur
3418 4139 3722 4210 antemnae

2246 4243 2604 4310 testimonia
2624 4288 2642 4321 ,
2674 4248 2744 4307 ut
2788 4241 3157 4307 ostendatur
3198 4243 3415 4306 Patres
3438 4257 3555 4304 nou
3590 4245 3721 4314 agno·

2246 4337 2411 4402 visse
2438 4339 2505 4402 in
2532 4337 2775 4402 Christo
2802 4337 2996 4400 aliam
3020 4335 3395 4399 filiationem
3413 4381 3430 4412 ,
3467 4329 3567 4395 nisi
3598 4335 3717 4390 natu·

2244 4430 2465 4506 talem,
2490 4437 2680 4512 atque
2716 4430 2876 4494 adeo
2905 4429 3006 4493 vel
3031 4435 3103 4495 ut
3127 4429 3470 4503 hominem,
3490 4441 3598 4488 non
3627 4432 3717 4481 esso

2247 4524 2586 4589 dicendum
2646 4523 2872 4588 Filium
2918 4523 3071 4602 Dei,
3121 4523 3221 4586 vel
3266 4519 3585 4588 dicendum
3623 4525 3713 4575 esse

2248 4619 2469 4684 Filium
2501 4617 2876 4694 naturalem,
2908 4623 2971 4681 et
3006 4634 3136 4681 non
3170 4615 3543 4698 adoptivum.

2326 4713 2389 4778 4.
2411 4713 2508 4778 Ad
2526 4711 2926 4794 probandum
2947 4712 3115 4775 hanc
3136 4711 3464 4776 veritatem
3476 4709 3537 4771 D.
3555 4703 3707 4766 Thom.

2248 4809 2368 4871 hac
2416 4806 2606 4870 utitur
2633 4806 2970 4872 rationein
2996 4804 3292 4888 praesenti
3338 4799 3593 4868 articulo.
3615 4793 3711 4856 Per·

2246 4917 2401 4964 sona
2454 4895 2680 4964 Christi
2731 4904 2829 4964 est
2876 4897 3179 4962 naturalis
3220 4897 3413 4962 Filius
3452 4893 3573 4968 Dei;
3608 4896 3706 4962 0¹8⁰

2245 4991 2522 5058 Christus
2574 5010 2704 5055 non
2756 4997 2968 5074 potest
3020 5010 3160 5056 esse
3216 4991 3385 5056 filius
3442 4981 3706 5080 adoptivus

2246 5085 2553 5150 Probatur
2588 5083 3066 5167 consequentia,
3094 5083 3245 5168 qnia
3266 5083 3475 5148 filiatio
3498 5069 3708 5142 comemt

2244 5197 2557 5262 personae,
2578 5197 2707 5242 non
2725 5187 2940 5244 autem
2960 5186 3227 5257 naturae3
3249 5185 3313 5242 et
3328 5178 3485 5255 ideo,
3506 5171 3548 5235 si
3566 5167 3623 5230 de
3636 5159 3709 5226 illa

2244 5270 2474 5336 dicitur
2496 5271 2712 5336 filiatio
2730 5271 3094 5354 simpliciter
3110 5277 3175 5336 et
3190 5286 3305 5353 per
3326 5289 3415 5347 se,
3430 5282 3539 5330 non
3560 5257 3705 5343 potest

2244 5365 2326 5432 de
2370 5365 2593 5432 eadem
2621 5365 2746 5431 dici
2788 5363 3006 5430 filiatio
3026 5375 3035 5382 ’
3054 5383 3168 5449 per
3216 5358 3701 5448 participationem:

2248 5459 2409 5538 Quia
2438 5477 2554 5526 non
2600 5461 2896 5544 recipitur
2923 5459 3163 5544 (inquit)
3194 5457 3429 5542 aliquid
3449 5437 3703 5529 dica‘parti-
