3892 6167
570 311 692 374 466
1793 311 2031 375 Quffis'r.
2064 311 2215 364 xxti.
2252 313 2453 368 AssTlcz
2492 315 2569 368 vl.

573 422 710 500 ejus
738 435 812 482 ea
838 415 1114 498 dignitas
1139 423 1445 498 perpetuo
1477 419 1780 482 maneret.
1814 415 1971 478 Cum
1994 433 2145 496 ergo

573 512 880 575 translata
908 517 1076 573 esset
1104 511 1360 572 omnino
1387 511 1658 591 dignitas
1689 511 1863 591 regia
1892 529 1930 572 a
1958 509 2145 574 domo

574 605 761 678 suda,
793 623 921 666 non
947 605 1151 686 potuit
1187 604 1466 683 legitima
1510 605 1903 668 successione
1927 610 1989 666 et
2018 605 2147 666 hae-

575 699 874 764 reditario
919 697 1062 778 jure
1104 697 1184 760 ad
1229 699 1553 778 Virginem
1609 699 1960 780 pervenire.
2020 699 2147 762 Nec

575 811 726 857 vero
748 793 896 872 quia
925 791 1006 852 ibi
1035 791 1285 854 additur
1314 791 1585 854 conditio
1614 791 1758 854 illa:
1792 793 1992 856 Donec
2012 809 2147 856 sur-

578 893 688 973 qat
725 888 1034 968 Propheta
1063 885 1290 965 fidelis,
1323 885 1468 948 inde
1511 885 1718 968 colligi
1743 893 1969 968 potest,
2000 891 2149 948 nato

580 981 824 1046 Christo
853 981 1060 1042 statim
1112 979 1192 1041 ad
1237 979 1408 1042 illam
1455 979 1823 1044 translatum
1855 998 1993 1044 esse
2032 980 2149 1042 hoc

572 1075 709 1154 Jus;
741 1075 968 1156 primu,
992 1075 1140 1152 quia
1171 1073 1268 1135 vol
1292 1076 1410 1135 hoc
1442 1079 1603 1136 esset
1627 1081 1884 1154 propter
1907 1091 2153 1136 succes-

581 1169 850 1252 sionem,
883 1167 982 1230 vel
1029 1173 1285 1248 propter
1337 1167 1552 1248 populi
1596 1185 1997 1230 consensum.
2028 1165 2153 1228 Pri-

579 1279 756 1324 mum
825 1259 946 1322 dici
1011 1278 1138 1322 non
1193 1267 1398 1340 potest
1425 1305 1438 1334 ,
1488 1260 1660 1340 quia,
1707 1267 1778 1323 ut
1831 1266 2153 1322 ostensum

581 1362 700 1433 est,
723 1353 858 1436 jam
888 1361 1074 1417 antea
1125 1353 1466 1416 extinctum
1509 1354 1718 1416 fuerat
1754 1371 2020 1434 regnum
2048 1353 2155 1416 Ju-

577 1447 869 1511 daeorum
893 1469 911 1526 3
937 1467 1056 1510 nec
1093 1447 1466 1524 secundum,
1493 1453 1626 1510 tum
1663 1445 1810 1528 quia
1841 1465 1971 1508 non
1999 1465 2152 1508 con-

577 1546 697 1605 stat
723 1541 812 1602 ibi
843 1559 981 1604 esse
1024 1557 1382 1602 sermonem
1408 1539 1766 1622 specialiter
1792 1541 1871 1603 de
1899 1537 2150 1614 Massia,

577 1635 690 1698 sed
741 1635 820 1696 de
876 1652 1256 1715 quocunque
1301 1635 1613 1716 propheta
1648 1633 1840 1710 fideli,
1883 1632 1990 1711 qui
2048 1633 2153 1694 Dei

575 1728 962 1790 voluntatem
994 1727 1459 1797 manifestaret;
1498 1735 1632 1790 tum
1663 1728 1850 1790 etiam
1880 1725 2049 1806 quia,
2080 1723 2152 1786 li-

579 1825 681 1886 cet
699 1828 849 1884 tunc
863 1823 1297 1884 consenserint
1312 1821 1375 1882 in
1392 1821 1775 1884 conferendo
1794 1819 2148 1902 principatu

579 1913 954 1980 Machahaeis
984 1933 1184 1994 nsque
1221 1915 1299 1976 ad
1331 1921 1577 1996 tempus
1595 1914 1858 1991 Messias,
1892 1933 2019 1976 non
2057 1921 2150 1976 ta·

578 2027 728 2072 men
757 2007 905 2070 inde
933 2009 1030 2084 fit,
1069 2027 1146 2070 ex
1175 2014 1323 2070 tunc
1350 2007 1745 2072 transtulisse
1761 2008 1871 2088 jus
1905 2007 2005 2070 vel
2032 2006 2151 2069 do-

576 2104 844 2164 minium
897 2103 961 2164 in
1007 2100 1324 2176 Messiam,
1362 2103 1446 2164 ita
1489 2105 1558 2164 ut
1598 2103 1662 2164 in
1703 2119 1820 2164 suo
1873 2101 2152 2163 adventu

577 2199 789 2262 statim
817 2199 951 2260 sine
981 2197 1104 2259 alio
1117 2197 1332 2280 populi
1362 2216 1674 2260 consensu
1701 2215 1969 2278 regnum
1990 2203 2151 2260 tem-

578 2293 796 2375 porale
831 2291 1166 2372 acciperet,
1197 2291 1548 2372 praesertim
1592 2307 1734 2354 cum
1780 2291 1896 2371 ipsi
1925 2297 2147 2372 postea

579 2387 779 2450 Judaei
823 2385 1347 2449 acclamaverint:
1403 2385 1550 2452 Non.
1605 2385 1888 2450 habemus
1947 2402 2149 2466 reyem

579 2483 708 2545 nisi
749 2481 1085 2551 Coesarom;
1109 2485 1208 2541 et:
1240 2479 1395 2543 Noli
1423 2477 1854 2552 scribere,Rem
1897 2477 2149 2542 Judoeo-

581 2589 740 2647 rum,
765 2573 866 2636 sed
890 2575 1035 2654 quia
1055 2573 1183 2652 ipse
1211 2572 1370 2636 dixit
1400 2597 1422 2633 .·
1446 2571 1576 2638 Rex
1603 2589 1738 2634 sum
1761 2572 1815 2635 J
1816 2573 2144 2636 udoeorum.

579 2665 736 2728 Tum
795 2666 1067 2742 denique
1131 2665 1281 2744 quia
1337 2665 1527 2726 etiam
1593 2663 1700 2726 ine
1761 2665 2149 2745 principatus

579 2757 1080 2820 Machabaeorum
1111 2757 1227 2819 fuit
1264 2757 1573 2820 extinctus
1603 2765 1749 2820 ante
1779 2759 2001 2820 Christi
2040 2757 2151 2819 ad-

577 2857 857 2914 ventum.
905 2849 1132 2914 Ultimo
1193 2851 1513 2932 probatur,
1547 2851 1692 2931 quia
1730 2851 1904 2912 nullo
1960 2849 2149 2914 modo

575 2949 822 3007 constat
845 2961 964 3005 nec
991 2943 1248 3024 probari
1275 2949 1502 3024 potest,
1532 2943 1791 3007 Beatam
1823 2945 2149 3024 Virginem

577 3043 749 3101 recta
784 3037 953 3098 linea
993 3035 1391 3099 descendisse
1421 3055 1458 3100 a
1481 3037 1680 3099 David
1722 3057 1836 3120 per
1871 3037 2151 3102 Salomo-

579 3149 752 3208 nem,
781 3135 844 3192 et
870 3149 985 3212 per
1005 3145 1223 3192 omnes
1253 3147 1649 3193 successores
1676 3133 1812 3212 ejus
1831 3131 2149 3214 primoge-

577 3225 772 3298 nitos;
805 3225 956 3304 quin
1001 3225 1206 3304 potius
1251 3225 1638 3306 probabilius
1667 3232 1786 3304 est,
1818 3232 2147 3306 paternam

575 3317 809 3380 lineam
834 3317 1107 3400 Virginis
1129 3317 1321 3381 fuisse
1349 3337 1386 3381 a
1419 3319 1616 3382 David
1638 3338 1752 3400 per
1781 3319 2052 3397 Nathan,
2080 3325 2149 3382 ut

575 3409 737 3474 infra
768 3410 1195 3474 ostendemus.
1230 3411 1408 3486 Quod
1435 3431 1586 3475 vero
1609 3413 1864 3496 quidam
1905 3413 2144 3490 dicunt,

576 3505 807 3589 loseph
831 3501 1232 3570 descendisse
1265 3526 1378 3588 per
1407 3507 1835 3586 Salomonem,
1875 3514 1939 3572 et
1974 3507 2056 3570 ad
2080 3505 2148 3570 il-

577 3601 710 3664 lum
748 3602 1125 3683 pertinuisse
1166 3619 1458 3682 regnum,
1493 3607 1553 3666 et
1595 3605 1738 3683 jure
1791 3601 2148 3684 adoptionis

578 3695 952 3759 translatum
985 3714 1122 3758 esse
1163 3695 1244 3760 ad
1283 3695 1531 3772 Filium,
1555 3697 1676 3759 hoc
1706 3695 2013 3778 (inquam)
2044 3714 2150 3758 vo-

580 3789 924 3852 luntarium
967 3795 1082 3864 est,
1109 3789 1256 3869 quia
1299 3797 1526 3870 praeter
1569 3791 1880 3852 rationem
1929 3809 2153 3854 secun-

583 3883 729 3946 dam
755 3899 944 3965 supra
968 3883 1223 3960 factam,
1251 3902 1392 3964 quae
1411 3891 1626 3946 contra
1643 3883 1764 3947 hoc
1797 3901 1981 3966 oeque
2008 3903 2152 3965 pro-

579 3977 760 4052 cedit,
796 3995 925 4039 non
962 3979 1200 4040 constat
1227 3977 1573 4060 Josephum
1615 3975 1808 4044 fuisse
1852 3981 1916 4042 in
1947 3977 2054 4040 illa
2079 3974 2151 4040 li-

579 4088 700 4135 nea
727 4071 1240 4154 primogenitum,
1263 4091 1376 4135 seu
1403 4073 1680 4154 primum
1721 4091 2151 4138 successorem

584 4167 863 4230 omnium
879 4165 1436 4248 primogenitorum
1459 4165 1979 4248 praecedentium,
1991 4185 2151 4249 prae-

581 4263 872 4342 terquam
900 4259 1067 4342 quod
1082 4259 1190 4341 jus
1225 4258 1402 4342 regni
1435 4279 1564 4324 non
1589 4267 1797 4344 potest
1828 4261 2150 4324 transferri

585 4369 698 4434 per
729 4353 927 4416 solam
957 4353 1384 4434 adoptionem,
1413 4355 1479 4418 in
1501 4353 1932 4437 praejudicium
1950 4353 2153 4436 legiti-

583 4445 672 4512 mi
704 4447 1102 4510 successoris.
1121 4445 1316 4523 Adde,
1335 4447 1644 4510 incertum
1674 4465 1811 4512 esse
1839 4446 2151 4512 Christum

583 4537 769 4604 fuisse
815 4537 1013 4604 fllium
1053 4537 1415 4622 adoptivum
1470 4537 1744 4622 Joseph,
1781 4542 1894 4606 sed
1947 4541 2151 4606 solum

583 4631 955 4715 putativum.
983 4631 1418 4695 Fundamenta
1463 4635 1790 4698 contrariae
1832 4635 2152 4701 sententiae

585 4741 663 4790 ex
687 4725 864 4789 dictis
892 4727 1182 4808 expedita
1212 4733 1377 4800 sunt,
1411 4746 1617 4808 neque
1641 4734 1888 4810 oportet
1914 4727 2152 4812 aliquid

585 4817 840 4898 addere,
874 4819 1021 4902 quia
1057 4819 1486 4884 difficultatem
1514 4837 1644 4886 non
1675 4821 1926 4888 habent.

1203 4994 1420 5056 sssc'rto
1451 5003 1512 5057 Π,

595 5143 784 5202 Utrum
809 5139 1054 5200 Christus
1091 5137 1360 5206 Dominus
1387 5139 1644 5200 habuerit
1665 5141 1979 5202 donzinium
2016 5144 2149 5201 uui·—

656 5229 891 5302 venale,
927 5234 980 5284 et
1004 5227 1280 5286 directum
1325 5241 1494 5300 super
1520 5228 1838 5286 universnm
1865 5225 2074 5288 orbem.

675 5393 725 5452 1.
759 5380 897 5454 Non
926 5394 1210 5454 versatur
1240 5387 1501 5474 quaestio
1532 5387 1613 5452 de
1635 5373 1878 5457 Christo
1903 5397 1975 5454 ut
1992 5391 2146 5470 Deo,

589 5475 668 5548 de
703 5477 880 5563 ems
909 5485 1200 5565 suprema
1235 5486 1294 5548 et
1325 5473 1851 5548 universalissima
1874 5481 2149 5550 dominio

2229 417 2401 478 nulla
2456 421 2551 480 est
2605 415 3050 480 controversia.
3104 419 3480 480 'l'raclamus
3522 433 3651 498 ergo
3680 421 3735 484 de
3791 481 3792 502 ἦ

2230 510 2467 572 Christo
2499 515 2565 572 ut
2595 509 2881 586 homine,
2920 509 3001 572 de
3028 525 3153 589 qno
3182 508 3353 572 illud
3398 510 3581 572 etiam
3605 512 3741 574 indu·
3791 567 3792 598 ἶ

2228 603 2492 666 hitatum
2518 603 2688 685 apud
2716 623 2941 668 omnes
2984 610 3119 680 est,
3152 603 3414 666 ratione
3466 603 3739 683 spiritualis
3791 601 3792 687 j

2230 698 2407 778 regni
2436 704 2499 760 et
2526 699 2872 780 potestatiS,
2898 703 3373 776 consequenter
3394 695 3743 775 hahuissejus
3791 719 3792 750 ὲ

2231 797 2293 854 et
2342 797 2714 872 potestatem
2764 791 2985 854 utendi
3020 791 3324 854 omnibus
3354 792 3743 870 temporalibus
3791 793 3792 876 i

2228 884 2419 948 rebus
2448 885 2515 946 in
2549 885 2768 948 ordine
2792 885 2874 947 ad
2902 885 3302 966 spiritualem
3326 883 3523 946 finem
3542 929 3561 957 ,
3600 893 3653 946 et
3680 905 3745 946 sa-
3791 891 3792 962 ζ

2228 979 2429 1042 lutem
2453 979 2828 1042 animarum.
2855 978 3034 1053 Quia,
3062 978 3227 1040 sicut:
3254 981 3597 1058 potantes
3613 987 3745 1044 etre—

2232 1093 2357 1156 gna
2404 1093 2481 1138 ex
2520 1074 2751 1138 finibus
2798 1075 3114 1156 praeeipue
3156 1073 3663 1152 distinguuntur,
3703 1085 3747 1138 ut
3791 1071 3792 1138 ἶ

2232 1167 2597 1230 Aristoteles
2628 1170 2845 1239 docet,
2881 1168 2988 1231 lib.
3020 1170 3059 1232 3
3086 1168 3369 1242 Politia„
3404 1187 3461 1228 c.
3496 1171 3589 1243 ¹4,
3612 1169 3683 1232 ita
3702 1171 3745 1230 in
3791 1185 3792 1192 ³

2236 1263 2457 1324 ordine
2506 1262 2589 1324 ad
2624 1281 2807 1324 suum
2855 1261 3047 1324 finem
3089 1277 3501 1340 unaquaeque
3528 1269 3746 1340 potestas
3791 1301 3792 1314 2

2235 1356 2358 1418 vim
2384 1361 2445 1418 et
2474 1355 2815 1417 efficaciam
2838 1355 3026 1418 hahet
3050 1355 3215 1418 cirea
3238 1356 3467 1418 omnia
3484 1354 3744 1430 inferiora,

2236 1467 2373 1530 quse
2402 1455 2665 1530 possunt
2694 1448 2889 1510 finem
2928 1447 3103 1510 illum
3132 1447 3499 1528 impedire,
3526 1449 3619 1512 vel
3642 1467 3747 1512 eon·
3791 1515 3792 1518 ,

2234 1542 2560 1606 venienter
2588 1560 2981 1623 promovere,
3014 1541 3165 1622 quia
3194 1541 3361 1604 alias
3403 1547 3659 1620 potestas
3682 1561 3745 1604 es-
3791 1549 3792 1588 ³

2236 1641 2333 1698 set
2358 1635 2719 1716 imperfecta
2749 1641 2813 1697 et
2836 1635 3165 1699 diminuta.
3182 1636 3353 1698 Cum
3381 1653 3535 1715 erge
3564 1641 3744 1715 tempo-
3791 1625 3792 1700 3

2233 1729 2390 1790 ralia
2420 1730 2631 1790 omnia
2657 1729 2741 1792 ad
2766 1728 3117 1810 spiritualia
3144 1729 3533 1802 referantur,
3560 1728 3743 1809 illisque
3791 1783 3792 1824 ¹

2234 1823 2744 1898 subordinantur,
2772 1823 2984 1884 omnia
3014 1822 3139 1894 illa,
3159 1827 3232 1886 ut
3254 1822 3547 1887 ordinem
3566 1823 3742 1884 habent
3791 1843 3792 1908 χ

2232 1918 2506 1980 adhunc
2534 1917 2753 1992 finem,
2778 1917 3005 1997 subjici
3026 1923 3303 1998 possunt
3324 1915 3477 1978 huic
3502 1916 3740 1997 spirituali
3791 1909 3792 1962 ἶ

2232 2013 2521 2092 potestati
2566 2011 2786 2074 Christi
2808 2027 2829 2089 3
2880 2011 3051 2074 unde
3106 2012 3335 2076 saltem
3394 2011 3517 2074 hae
3552 2011 3739 2072 ratione
3791 2093 3792 2098 ἵ

2232 2123 2493 2168 necesse
2528 2111 2625 2168 est
2646 2123 2868 2168 verum
2902 2123 3043 2168 esse
3070 2104 3247 2184 quod
3270 2105 3555 2168 Christus
3582 2103 3737 2165 dixit:
3791 2105 3792 2182 ξ

2231 2202 2395 2264 Data
2420 2205 2509 2263 est
2534 2199 2691 2264 milti
2714 2203 2908 2264 omnis
2930 2205 3205 2280 potestas
3236 2202 3309 2264 in
3334 2199 3479 2266 ooelo
3502 2206 3557 2262 et
3584 2201 3639 2260 in
3656 2205 3737 2260 trr-

2226 2313 2325 2358 ra.
2356 2295 2433 2356 Et
2460 2293 2542 2356 ab
2582 2295 2807 2357 effectu
2838 2293 3291 2356 confirmatur:
3322 2311 3499 2367 nam,
3532 2294 3665 2355 sicut
3684 2291 3738 2354 ab
3791 2327 3792 2334 2

2230 2389 2351 2450 hac
2393 2387 2699 2469 spirituali
2748 2395 3055 2468 potestate
3098 2387 3335 2452 Christi
3384 2387 3641 2450 derivata
3672 2392 3732 2447 est

2232 2501 2527 2564 suprema
2556 2486 2833 2562 potestas
2870 2479 3242 2563 spiritualia,
3294 2499 3489 2562 qnam
3514 2481 3733 2542 vicanus

2234 2579 2373 2656 ejus
2402 2575 2593 2638 hahet
2620 2575 2685 2638 in
2710 2577 2913 2652 terris,
2936 2578 3022 2640 ita
3044 2577 3125 2640 ab
3148 2577 3383 2642 eadem
3412 2574 3579 2640 duxit
3600 2573 3729 2652 origi·

2232 2690 2379 2736 nem
2411 2677 2687 2751 potestas
2712 2717 2728 2746 ,
2762 2689 2951 2750 quam
2982 2671 3151 2734 idem
3175 2671 3487 2736 Summus
3518 2667 3731 2731 Pontifex
3791 2741 3792 2744 Ἴ

2230 2764 2420 2829 habet
2445 2783 2634 2846 super
2662 2765 2872 2828 omnia
2900 2765 3278 2846 temporalia
3302 2783 3503 2846 regna
3526 2761 3729 2824 indirec—
3791 2762 3792 2790 *

2233 2867 2321 2934 te,
2354 2865 2417 2921 et
2444 2858 2509 2920 in
2526 2859 2759 2928 ,ordine
2806 2859 2889 2920 ad
2942 2859 3340 2940 spiritualem
3366 2857 3583 2930 finem,
3618 2855 3731 2916 utin
3791 2851 3792 2880 ³

2232 2954 2484 3038 proprio
2510 2953 2652 3016 loco
2675 2953 2863 3017 latius
2890 2953 3361 3018 ostendendum
3381 2959 3495 3018 est.
3514 2949 3728 3027 Denique

2230 3048 2408 3110 multi
2455 3046 2838 3109 arbitrantur
2876 3048 2953 3110 ad
2998 3067 3183 3109 usum
3228 3047 3427 3128 hujus
3472 3043 3729 3126 potestatis

2230 3141 2633 3224 pertinuisse,
2660 3141 2833 3222 quod
2860 3142 2941 3204 ad
2962 3141 3223 3206 verbum
3252 3139 3481 3205 Christi
3512 3137 3725 3202 arefacta

2230 3239 2325 3298 est
2374 3235 2667 3314 ficulnea,
2722 3236 2999 3300 Matthaei
3048 3239 3163 3313 21,
3210 3241 3277 3298 et
3322 3233 3491 3315 quod
3536 3229 3727 3312 ejecerit

2232 3337 2513 3394 ementes
2560 3335 2625 3392 et
2669 3329 3015 3394 vendentes
3066 3331 3145 3392 de
3188 3329 3463 3410 templo,
3500 3327 3653 3390 Joan.
3682 3325 3719 3383 2.

2230 3421 2527 3486 Versatur
2560 3441 2713 3502 ergo
2740 3423 2999 3504 quaestio
3030 3423 3106 3486 de
3138 3423 3423 3486 dominio
3452 3420 3667 3484 directo.
3791 3485 3792 3488 ,

2310 3519 2369 3578 2.
2418 3517 2625 3578 Prima
2660 3515 2973 3578 sententia
3013 3523 3205 3596 negat
3239 3512 3543 3594 Christum
3576 3507 3721 3574 Domi·
3791 3563 3792 3598 3

2230 3627 2384 3672 num
2430 3609 2725 3672 hahuisse
2781 3609 3035 3690 aliquod
3082 3609 3436 3672 dominium
3484 3607 3721 3668 directum

2230 3721 2445 3766 rerum
2479 3703 2781 3766 omnium.
2831 3705 2922 3766 Ita
2954 3705 3155 3769 tenuit
3183 3704 3521 3777 Abuteris,
3556 3717 3609 3780 q·
3646 3697 3715 3766 30,

2233 3796 2299 3858 in
2324 3797 2480 3858 illud
2517 3797 2737 3858 Matth.
2770 3799 2841 3860 21
2880 3797 3089 3862 :Ecce
3116 3799 3249 3862 Rea>
3284 3803 3430 3864 tuus
3454 3795 3593 3858 venit
3622 3785 3717 3852 titi.

2234 3889 2587 3968 Waldens„
2634 3887 2743 3952 lib.
2778 3891 2816 3952 2
2842 3889 3113 3952 Doctrin.
3142 3887 3251 3951 fid.
3280 3887 3473 3966 antiq.
3492 3933 3507 3960 ,
3534 3904 3577 3946 c.
3604 3881 3717 3942 76et

2233 3985 2347 4060 773
2390 3983 2664 4059 Victor„
2692 3981 2931 4046 Relect.
2992 3985 3017 4046 l
3060 3981 3143 4044 de
3190 3983 3491 4046 potestate
3518 3975 3712 4042 Eccles.

2232 4095 2295 4160 q.
2327 4081 2390 4153 5,
2424 4095 2565 4160 quae
2595 4079 2730 4155 est,
2760 4095 2843 4140 an
2870 4081 3151 4158 potestas
3194 4073 3522 4156 spiritualis
3559 4070 3621 4132 sit
3648 4083 3712 4130 su·

2234 4191 2347 4254 pra
2373 4172 2657 4249 civilem,
2690 4189 2865 4234 num.
2903 4173 3009 4245 15;
3042 4173 3198 4248 Set„
3229 4169 3338 4235 lib.
3372 4171 3415 4232 4
3449 4167 3519 4234 de
3540 4162 3707 4230 Justit,

2234 4273 2459 4347 quaest.
2512 4269 2575 4341 4,
2606 4272 2725 4330 art.
2780 4269 2837 4332 1.
2870 4267 2945 4330 Et
2985 4266 3052 4328 in
3081 4265 3377 4330 eamdem
3414 4256 3708 4328 sententiam

2235 4362 2495 4424 inclinat
2540 4359 2919 4424 Armachan.
2941 4405 2965 4439 ,
3008 4357 3119 4422 lib.
3174 4359 3213 4424 4
3250 4366 3461 4424 contra
3498 4356 3705 4420 Armessw

2236 4473 2289 4520 c.
2318 4457 2421 4529 12;
2444 4460 2509 4516 et
2526 4455 2862 4534 Burgum„
2892 4453 2957 4516 in
2984 4453 3283 4516 scrutinio
3304 4453 3705 4532 Sonpturarun

2234 4568 2297 4632 p.
2338 4553 2397 4620 1,
2430 4547 2567 4610 dist.
2596 4552 2657 4624 7,
2681 4554 2745 4610 et
2774 4545 3206 4628 sequentibus.
3231 4545 3389 4610 Huic
3410 4551 3591 4608 autem
3606 4551 3705 4598 seu·

2236 4641 2439 4706 tentiae
2480 4641 2719 4704 addidit
2759 4641 3018 4714 Marsil.,
3070 4639 3402 4704 patavinus
3433 4630 3701 4700 haereticus,

2232 4734 2540 4800 Christum
2570 4753 2699 4797 non
2748 4734 2950 4796 solum
3002 4751 3131 4798 non
3178 4733 3467 4796 habuisse
3496 4725 3699 4808 potesta·

2230 4835 2357 4892 tem
2408 4827 2715 4892 directam
2762 4843 2956 4908 super
3002 4844 3185 4908 reges
3236 4822 3595 4908 temporales,
3628 4805 3701 4872 ffld

2230 4922 2358 5006 poti
2368 4939 2439 4983 us
2466 4921 2657 4986 fuisse
2688 4920 2811 4984 illis
2839 4921 3215 5001 subJeetum,
3243 4927 3307 4984 et
3336 4917 3623 4998 obligatum
3642 4895 3698 5008 asi
3791 4911 3792 4956 3

2233 5015 2535 5078 solvenda
2584 5015 2839 5102 tributa.
2892 5013 3091 5090 Quem
3138 5028 3419 5078 errorem
3458 4997 3699 5074 damnant

2232 5099 2266 5172 ,ἲ
2271 5125 2511 5172 oannes
2528 5099 2717 5182 XXII,
2742 5108 2807 5170 in
2832 5099 3163 5190 Extravag.
3187 5097 3353 5172 Lieet
3367 5109 3531 5189 jnste.
3556 5099 3609 5158 1²²
3626 5097 3692 5152 ω·

2233 5201 2355 5266 tert
2402 5201 2822 5280 Turrecrem„
2868 5201 2979 5264 lib.
3036 5205 3077 5264 4
3132 5203 3376 5264 Summ.
3418 5181 3693 5262 Eccles23

2232 5301 2420 5379 part.,
2472 5315 2527 5358 c.
2574 5299 2689 5376 373
2726 5303 2966 5382 pugnat
2996 5296 3164 5360 enim
3194 5313 3341 5359 cum
3384 5289 3619 5384 dignitatq
3648 5279 3689 5336 Οἵ

2232 5389 2557 5454 divinitate
2574 5401 2865 5470 personae
2880 5385 3128 5468 Christi,
3154 5396 3214 5455 et
3234 5405 3380 5472 cum
3398 5377 3567 5452 verbis
3578 5387 3686 5476 03115,

2231 5478 2501 5548 Matthaei
2552 5485 2625 5548 Π
2671 5479 2893 5564 :Erpa
2934 5471 3111 5552 liter-i
3160 5489 3303 5550 sunt
3344 5461 3475 5561 filii·
3514 5467 3683 5534 0Φῦἓο
3791 5569 3792 5576 ¹
