<?xml version="1.0" encoding="UTF-8"?>
<!DOCTYPE html PUBLIC "-//W3C//DTD XHTML 1.0 Transitional//EN"
    "http://www.w3.org/TR/xhtml1/DTD/xhtml1-transitional.dtd">
<html xmlns="http://www.w3.org/1999/xhtml" xml:lang="en" lang="en">
 <head>
  <title>
</title>
<meta http-equiv="Content-Type" content="text/html;charset=utf-8" />
  <meta name='ocr-system' content='tesseract 3.04.00' />
  <meta name='ocr-capabilities' content='ocr_page ocr_carea ocr_par ocr_line ocrx_word'/>
</head>
<body>
  <div class='ocr_page' id='page_1' title='image "./rpfranciscisuar00unkngoog_0129.png"; bbox 0 0 3892 6167; ppageno 0'>
   <div class='ocr_carea' id='block_1_1' title="bbox 1257 365 2119 425">
    <p class='ocr_par' dir='ltr' id='par_1_1' title="bbox 1257 365 2119 425">
     <span class='ocr_line' id='line_1_1' title="bbox 1257 365 2119 425; baseline 0 -4"><span class='ocrx_word' id='word_1_1' title='bbox 1257 367 1582 425; x_wconf 68' lang='lat' dir='ltr'><strong>mspunr.</strong></span> <span class='ocrx_word' id='word_1_2' title='bbox 1618 365 1796 423; x_wconf 76' lang='lat' dir='ltr'>XXX!-</span> <span class='ocrx_word' id='word_1_3' title='bbox 1829 367 2001 423; x_wconf 75' lang='lat' dir='ltr'><strong>amr.</strong></span> <span class='ocrx_word' id='word_1_4' title='bbox 2036 367 2119 421; x_wconf 75' lang='lat' dir='ltr'><strong>w.</strong></span> 
     </span>
    </p>
   </div>
   <div class='ocr_carea' id='block_1_2' title="bbox 91 464 1668 5601">
    <p class='ocr_par' dir='ltr' id='par_1_2' title="bbox 91 464 1668 5601">
     <span class='ocr_line' id='line_1_2' title="bbox 95 464 1652 545; baseline 0.001 -16"><span class='ocrx_word' id='word_1_5' title='bbox 95 470 296 541; x_wconf 76' lang='lat' dir='ltr'><strong>Scato,</strong></span> <span class='ocrx_word' id='word_1_6' title='bbox 327 470 396 527; x_wconf 89' lang='lat' dir='ltr'><strong>et</strong></span> <span class='ocrx_word' id='word_1_7' title='bbox 441 464 604 539; x_wconf 84' lang='lat' dir='ltr'><strong>aliis,</strong></span> <span class='ocrx_word' id='word_1_8' title='bbox 635 465 702 527; x_wconf 92' lang='lat' dir='ltr'><strong>in</strong></span> <span class='ocrx_word' id='word_1_9' title='bbox 740 468 806 542; x_wconf 63' lang='grc' dir='ltr'><strong>ὅ,</strong></span> <span class='ocrx_word' id='word_1_10' title='bbox 835 466 902 529; x_wconf 84' lang='lat' dir='ltr'><strong>d.</strong></span> <span class='ocrx_word' id='word_1_11' title='bbox 935 468 1006 545; x_wconf 80' lang='lat'><strong>13</strong></span> <span class='ocrx_word' id='word_1_12' title='bbox 1035 471 1100 531; x_wconf 89' lang='lat' dir='ltr'><strong>et</strong></span> <span class='ocrx_word' id='word_1_13' title='bbox 1143 470 1412 531; x_wconf 83' lang='lat' dir='ltr'><strong>sumitur</strong></span> <span class='ocrx_word' id='word_1_14' title='bbox 1455 486 1536 531; x_wconf 85' lang='lat' dir='ltr'><strong>ex</strong></span> <span class='ocrx_word' id='word_1_15' title='bbox 1575 470 1652 531; x_wconf 91' lang='lat' dir='ltr'><strong>D.</strong></span> 
     </span>
     <span class='ocr_line' id='line_1_3' title="bbox 95 558 1648 643; baseline 0.002 -21"><span class='ocrx_word' id='word_1_16' title='bbox 95 562 326 622; x_wconf 79' lang='lat' dir='ltr'><strong>Thema</strong></span> <span class='ocrx_word' id='word_1_17' title='bbox 353 558 468 633; x_wconf 88' lang='lat' dir='ltr'><strong>ibi,</strong></span> <span class='ocrx_word' id='word_1_18' title='bbox 501 564 566 621; x_wconf 80' lang='lat' dir='ltr'><strong>et</strong></span> <span class='ocrx_word' id='word_1_19' title='bbox 596 559 730 635; x_wconf 90' lang='lat' dir='ltr'><strong>hic,</strong></span> <span class='ocrx_word' id='word_1_20' title='bbox 759 565 821 621; x_wconf 90' lang='lat' dir='ltr'><strong>et</strong></span> <span class='ocrx_word' id='word_1_21' title='bbox 863 560 1022 623; x_wconf 76' lang='lat' dir='ltr'><strong>intra</strong></span> <span class='ocrx_word' id='word_1_22' title='bbox 1037 604 1060 637; x_wconf 93' lang='lat'><strong>,</strong></span> <span class='ocrx_word' id='word_1_23' title='bbox 1087 579 1150 640; x_wconf 87' lang='lat' dir='ltr'><strong>q.</strong></span> <span class='ocrx_word' id='word_1_24' title='bbox 1179 562 1284 636; x_wconf 72' lang='lat'><strong>62,</strong></span> <span class='ocrx_word' id='word_1_25' title='bbox 1311 568 1374 623; x_wconf 88' lang='lat' dir='ltr'><strong>et</strong></span> <span class='ocrx_word' id='word_1_26' title='bbox 1401 565 1430 623; x_wconf 77' lang='lat'><strong>1</strong></span> <span class='ocrx_word' id='word_1_27' title='bbox 1463 580 1555 641; x_wconf 89' lang='lat' dir='ltr'><strong>p.‚</strong></span> <span class='ocrx_word' id='word_1_28' title='bbox 1585 580 1648 643; x_wconf 81' lang='lat' dir='ltr'><strong>q.</strong></span> 
     </span>
     <span class='ocr_line' id='line_1_4' title="bbox 91 653 1648 732; baseline 0.003 -17"><span class='ocrx_word' id='word_1_29' title='bbox 91 658 188 727; x_wconf 79' lang='lat'><strong>45,</strong></span> <span class='ocrx_word' id='word_1_30' title='bbox 217 658 336 715; x_wconf 84' lang='lat' dir='ltr'><strong>art.</strong></span> <span class='ocrx_word' id='word_1_31' title='bbox 359 657 438 729; x_wconf 75' lang='lat'><strong>55</strong></span> <span class='ocrx_word' id='word_1_32' title='bbox 469 659 538 715; x_wconf 87' lang='lat' dir='ltr'><strong>et</strong></span> <span class='ocrx_word' id='word_1_33' title='bbox 557 653 754 732; x_wconf 82' lang='lat' dir='ltr'><strong>Cajet.</strong></span> <span class='ocrx_word' id='word_1_34' title='bbox 779 653 878 715; x_wconf 88' lang='lat' dir='ltr'><strong>his</strong></span> <span class='ocrx_word' id='word_1_35' title='bbox 899 654 1088 732; x_wconf 82' lang='lat' dir='ltr'><strong>locis3</strong></span> <span class='ocrx_word' id='word_1_36' title='bbox 1111 660 1178 717; x_wconf 89' lang='lat' dir='ltr'><strong>et</strong></span> <span class='ocrx_word' id='word_1_37' title='bbox 1199 656 1398 730; x_wconf 64' lang='lat' dir='ltr'><strong>Ferr„</strong></span> <span class='ocrx_word' id='word_1_38' title='bbox 1416 660 1458 717; x_wconf 70' lang='grc' dir='ltr'><strong>Δ</strong></span> <span class='ocrx_word' id='word_1_39' title='bbox 1483 662 1648 719; x_wconf 82' lang='lat' dir='ltr'><strong>cont.</strong></span> 
     </span>
     <span class='ocr_line' id='line_1_5' title="bbox 93 748 1648 830; baseline 0.003 -21"><span class='ocrx_word' id='word_1_40' title='bbox 93 748 294 823; x_wconf 86' lang='lat' dir='ltr'><strong>Gent.,</strong></span> <span class='ocrx_word' id='word_1_41' title='bbox 321 764 464 826; x_wconf 83' lang='lat' dir='ltr'><strong>cap.</strong></span> <span class='ocrx_word' id='word_1_42' title='bbox 493 749 602 820; x_wconf 64' lang='lat'><strong>643</strong></span> <span class='ocrx_word' id='word_1_43' title='bbox 633 752 700 809; x_wconf 90' lang='lat' dir='ltr'><strong>et</strong></span> <span class='ocrx_word' id='word_1_44' title='bbox 723 748 1030 810; x_wconf 77' lang='lat' dir='ltr'><strong>Alexand.</strong></span> <span class='ocrx_word' id='word_1_45' title='bbox 1061 749 1270 824; x_wconf 64' lang='lat' dir='ltr'><strong>Alen„</strong></span> <span class='ocrx_word' id='word_1_46' title='bbox 1299 754 1340 813; x_wconf 74' lang='lat'><strong>4</strong></span> <span class='ocrx_word' id='word_1_47' title='bbox 1367 769 1460 830; x_wconf 87' lang='lat' dir='ltr'><strong>p.,</strong></span> <span class='ocrx_word' id='word_1_48' title='bbox 1489 768 1554 829; x_wconf 87' lang='lat' dir='ltr'><strong>q.</strong></span> <span class='ocrx_word' id='word_1_49' title='bbox 1587 752 1648 825; x_wconf 85' lang='lat'><strong>8,</strong></span> 
     </span>
     <span class='ocr_line' id='line_1_6' title="bbox 91 840 1658 921; baseline 0.001 -18"><span class='ocrx_word' id='word_1_50' title='bbox 91 842 322 903; x_wconf 84' lang='lat' dir='ltr'><strong>memb.</strong></span> <span class='ocrx_word' id='word_1_51' title='bbox 357 843 432 917; x_wconf 86' lang='lat'><strong>3,</strong></span> <span class='ocrx_word' id='word_1_52' title='bbox 463 846 586 903; x_wconf 86' lang='lat' dir='ltr'><strong>art.</strong></span> <span class='ocrx_word' id='word_1_53' title='bbox 616 844 682 915; x_wconf 77' lang='lat'><strong>5,</strong></span> <span class='ocrx_word' id='word_1_54' title='bbox 709 840 746 921; x_wconf 66' lang='grc' dir='ltr'>ἓ</span> <span class='ocrx_word' id='word_1_55' title='bbox 779 844 852 916; x_wconf 76' lang='lat'><strong>63</strong></span> <span class='ocrx_word' id='word_1_56' title='bbox 881 845 946 903; x_wconf 88' lang='lat' dir='ltr'><strong>et</strong></span> <span class='ocrx_word' id='word_1_57' title='bbox 972 841 1220 905; x_wconf 81' lang='lat' dir='ltr'><strong>videtur</strong></span> <span class='ocrx_word' id='word_1_58' title='bbox 1257 860 1334 905; x_wconf 83' lang='lat' dir='ltr'><strong>ex</strong></span> <span class='ocrx_word' id='word_1_59' title='bbox 1372 843 1658 905; x_wconf 85' lang='lat' dir='ltr'><strong>terminis</strong></span> 
     </span>
     <span class='ocr_line' id='line_1_7' title="bbox 91 933 1658 1013; baseline 0.003 -18"><span class='ocrx_word' id='word_1_60' title='bbox 91 933 350 995; x_wconf 79' lang='lat' dir='ltr'><strong>evidens</strong></span> <span class='ocrx_word' id='word_1_61' title='bbox 377 980 400 1009; x_wconf 92' lang='lat'><strong>,</strong></span> <span class='ocrx_word' id='word_1_62' title='bbox 443 934 600 1013; x_wconf 73' lang='lat' dir='ltr'><strong>quia</strong></span> <span class='ocrx_word' id='word_1_63' title='bbox 639 941 816 997; x_wconf 81' lang='lat' dir='ltr'><strong>actus</strong></span> <span class='ocrx_word' id='word_1_64' title='bbox 873 935 1190 999; x_wconf 83' lang='lat' dir='ltr'><strong>secundus</strong></span> <span class='ocrx_word' id='word_1_65' title='bbox 1243 935 1658 999; x_wconf 83' lang='lat' dir='ltr'><strong>essentialiter</strong></span> 
     </span>
     <span class='ocr_line' id='line_1_8' title="bbox 95 1027 1656 1110; baseline 0.001 -21"><span class='ocrx_word' id='word_1_66' title='bbox 95 1027 389 1107; x_wconf 74' lang='lat' dir='ltr'><strong>supponit</strong></span> <span class='ocrx_word' id='word_1_67' title='bbox 423 1029 736 1107; x_wconf 81' lang='lat' dir='ltr'><strong>primum3</strong></span> <span class='ocrx_word' id='word_1_68' title='bbox 769 1027 884 1089; x_wconf 88' lang='lat' dir='ltr'><strong>sed</strong></span> <span class='ocrx_word' id='word_1_69' title='bbox 923 1028 1084 1091; x_wconf 88' lang='lat' dir='ltr'><strong>actio</strong></span> <span class='ocrx_word' id='word_1_70' title='bbox 1135 1036 1534 1110; x_wconf 82' lang='lat' dir='ltr'><strong>comparatur</strong></span> <span class='ocrx_word' id='word_1_71' title='bbox 1571 1028 1656 1091; x_wconf 86' lang='lat' dir='ltr'><strong>ad</strong></span> 
     </span>
     <span class='ocr_line' id='line_1_9' title="bbox 101 1124 1652 1200; baseline 0.003 -18"><span class='ocrx_word' id='word_1_72' title='bbox 101 1138 346 1183; x_wconf 73' lang='lat' dir='ltr'><strong>causam</strong></span> <span class='ocrx_word' id='word_1_73' title='bbox 377 1127 704 1200; x_wconf 78' lang='lat' dir='ltr'><strong>agentem,</strong></span> <span class='ocrx_word' id='word_1_74' title='bbox 741 1126 1044 1200; x_wconf 86' lang='lat' dir='ltr'><strong>tanquam</strong></span> <span class='ocrx_word' id='word_1_75' title='bbox 1089 1128 1264 1185; x_wconf 86' lang='lat' dir='ltr'><strong>aetus</strong></span> <span class='ocrx_word' id='word_1_76' title='bbox 1303 1124 1652 1197; x_wconf 83' lang='lat' dir='ltr'><strong>secundus;</strong></span> 
     </span>
     <span class='ocr_line' id='line_1_10' title="bbox 101 1214 1658 1297; baseline 0.003 -22"><span class='ocrx_word' id='word_1_77' title='bbox 101 1215 390 1294; x_wconf 75' lang='lat' dir='ltr'><strong>supponit</strong></span> <span class='ocrx_word' id='word_1_78' title='bbox 411 1232 570 1293; x_wconf 78' lang='lat' dir='ltr'><strong>ergo</strong></span> <span class='ocrx_word' id='word_1_79' title='bbox 609 1216 676 1275; x_wconf 89' lang='lat' dir='ltr'><strong>in</strong></span> <span class='ocrx_word' id='word_1_80' title='bbox 711 1214 820 1277; x_wconf 87' lang='lat' dir='ltr'><strong>illa</strong></span> <span class='ocrx_word' id='word_1_81' title='bbox 847 1222 1056 1279; x_wconf 88' lang='lat' dir='ltr'><strong>actum</strong></span> <span class='ocrx_word' id='word_1_82' title='bbox 1083 1218 1380 1297; x_wconf 83' lang='lat' dir='ltr'><strong>primum,</strong></span> <span class='ocrx_word' id='word_1_83' title='bbox 1407 1218 1516 1296; x_wconf 87' lang='lat' dir='ltr'><strong>qui</strong></span> <span class='ocrx_word' id='word_1_84' title='bbox 1559 1225 1658 1281; x_wconf 87' lang='lat' dir='ltr'><strong>est</strong></span> 
     </span>
     <span class='ocr_line' id='line_1_11' title="bbox 99 1307 1651 1389; baseline 0.005 -20"><span class='ocrx_word' id='word_1_85' title='bbox 99 1310 282 1369; x_wconf 75' lang='lat' dir='ltr'><strong>virtus</strong></span> <span class='ocrx_word' id='word_1_86' title='bbox 327 1307 436 1371; x_wconf 84' lang='lat' dir='ltr'><strong>vel</strong></span> <span class='ocrx_word' id='word_1_87' title='bbox 487 1308 769 1388; x_wconf 87' lang='lat' dir='ltr'><strong>potentia</strong></span> <span class='ocrx_word' id='word_1_88' title='bbox 825 1310 1078 1389; x_wconf 85' lang='lat' dir='ltr'><strong>agendi.</strong></span> <span class='ocrx_word' id='word_1_89' title='bbox 1128 1310 1328 1389; x_wconf 85' lang='lat' dir='ltr'><strong>Major</strong></span> <span class='ocrx_word' id='word_1_90' title='bbox 1377 1318 1651 1389; x_wconf 83' lang='lat' dir='ltr'><strong>constat,</strong></span> 
     </span>
     <span class='ocr_line' id='line_1_12' title="bbox 99 1402 1654 1485; baseline 0.007 -25"><span class='ocrx_word' id='word_1_91' title='bbox 99 1404 236 1481; x_wconf 80' lang='lat' dir='ltr'><strong>quia</strong></span> <span class='ocrx_word' id='word_1_92' title='bbox 277 1407 460 1464; x_wconf 86' lang='lat' dir='ltr'><strong>actus</strong></span> <span class='ocrx_word' id='word_1_93' title='bbox 493 1402 736 1481; x_wconf 87' lang='lat' dir='ltr'><strong>primus</strong></span> <span class='ocrx_word' id='word_1_94' title='bbox 777 1409 842 1465; x_wconf 88' lang='lat' dir='ltr'><strong>et</strong></span> <span class='ocrx_word' id='word_1_95' title='bbox 881 1403 1199 1467; x_wconf 88' lang='lat' dir='ltr'><strong>secundus</strong></span> <span class='ocrx_word' id='word_1_96' title='bbox 1247 1412 1396 1467; x_wconf 89' lang='lat' dir='ltr'><strong>sunt</strong></span> <span class='ocrx_word' id='word_1_97' title='bbox 1441 1424 1556 1485; x_wconf 90' lang='lat' dir='ltr'><strong>per</strong></span> <span class='ocrx_word' id='word_1_98' title='bbox 1583 1426 1654 1471; x_wconf 88' lang='lat' dir='ltr'><strong>se</strong></span> 
     </span>
     <span class='ocr_line' id='line_1_13' title="bbox 101 1496 1656 1581; baseline 0.003 -24"><span class='ocrx_word' id='word_1_99' title='bbox 101 1496 386 1571; x_wconf 82' lang='lat' dir='ltr'><strong>ordinati,</strong></span> <span class='ocrx_word' id='word_1_100' title='bbox 407 1502 472 1561; x_wconf 88' lang='lat' dir='ltr'><strong>et</strong></span> <span class='ocrx_word' id='word_1_101' title='bbox 499 1496 646 1559; x_wconf 89' lang='lat' dir='ltr'><strong>ideo</strong></span> <span class='ocrx_word' id='word_1_102' title='bbox 677 1496 833 1559; x_wconf 86' lang='lat' dir='ltr'><strong>alter</strong></span> <span class='ocrx_word' id='word_1_103' title='bbox 859 1503 956 1559; x_wconf 86' lang='lat' dir='ltr'><strong>est</strong></span> <span class='ocrx_word' id='word_1_104' title='bbox 971 1499 1310 1573; x_wconf 84' lang='lat' dir='ltr'><strong>secundus,</strong></span> <span class='ocrx_word' id='word_1_105' title='bbox 1335 1501 1486 1577; x_wconf 85' lang='lat' dir='ltr'><strong>quia</strong></span> <span class='ocrx_word' id='word_1_106' title='bbox 1511 1520 1656 1581; x_wconf 87' lang='lat' dir='ltr'><strong>sup—</strong></span> 
     </span>
     <span class='ocr_line' id='line_1_14' title="bbox 99 1589 1656 1670; baseline 0.004 -21"><span class='ocrx_word' id='word_1_107' title='bbox 99 1589 266 1669; x_wconf 81' lang='lat' dir='ltr'><strong>ponit</strong></span> <span class='ocrx_word' id='word_1_108' title='bbox 301 1589 604 1669; x_wconf 79' lang='lat' dir='ltr'><strong>priorem.-</strong></span> <span class='ocrx_word' id='word_1_109' title='bbox 637 1591 822 1667; x_wconf 86' lang='lat' dir='ltr'><strong>Item,</strong></span> <span class='ocrx_word' id='word_1_110' title='bbox 853 1591 1026 1670; x_wconf 82' lang='lat' dir='ltr'><strong>quia,</strong></span> <span class='ocrx_word' id='word_1_111' title='bbox 1057 1592 1110 1653; x_wconf 85' lang='lat' dir='ltr'><strong>ei</strong></span> <span class='ocrx_word' id='word_1_112' title='bbox 1139 1600 1316 1655; x_wconf 86' lang='lat' dir='ltr'><strong>aetus</strong></span> <span class='ocrx_word' id='word_1_113' title='bbox 1342 1594 1656 1656; x_wconf 86' lang='lat' dir='ltr'><strong>secundus</strong></span> 
     </span>
     <span class='ocr_line' id='line_1_15' title="bbox 97 1683 1651 1763; baseline 0.004 -20"><span class='ocrx_word' id='word_1_114' title='bbox 97 1684 169 1743; x_wconf 86' lang='lat' dir='ltr'><strong>sit</strong></span> <span class='ocrx_word' id='word_1_115' title='bbox 209 1700 328 1761; x_wconf 82' lang='lat' dir='ltr'><strong>per</strong></span> <span class='ocrx_word' id='word_1_116' title='bbox 375 1683 640 1745; x_wconf 87' lang='lat' dir='ltr'><strong>modum</strong></span> <span class='ocrx_word' id='word_1_117' title='bbox 677 1684 984 1763; x_wconf 83' lang='lat' dir='ltr'><strong>passionis</strong></span> <span class='ocrx_word' id='word_1_118' title='bbox 1025 1685 1126 1747; x_wconf 81' lang='lat' dir='ltr'><strong>vel</strong></span> <span class='ocrx_word' id='word_1_119' title='bbox 1171 1686 1651 1761; x_wconf 80' lang='lat' dir='ltr'><strong>informationis,</strong></span> 
     </span>
     <span class='ocr_line' id='line_1_16' title="bbox 97 1776 1656 1859; baseline 0.004 -22"><span class='ocrx_word' id='word_1_120' title='bbox 97 1776 442 1840; x_wconf 83' lang='lat' dir='ltr'><strong>necessario</strong></span> <span class='ocrx_word' id='word_1_121' title='bbox 481 1777 784 1858; x_wconf 75' lang='lat' dir='ltr'><strong>supponit</strong></span> <span class='ocrx_word' id='word_1_122' title='bbox 810 1779 1159 1858; x_wconf 87' lang='lat' dir='ltr'><strong>potentiam</strong></span> <span class='ocrx_word' id='word_1_123' title='bbox 1197 1780 1508 1859; x_wconf 84' lang='lat' dir='ltr'><strong>patiendi,</strong></span> <span class='ocrx_word' id='word_1_124' title='bbox 1541 1800 1656 1845; x_wconf 90' lang='lat' dir='ltr'><strong>seu</strong></span> 
     </span>
     <span class='ocr_line' id='line_1_17' title="bbox 99 1870 1655 1953; baseline 0.006 -23"><span class='ocrx_word' id='word_1_125' title='bbox 99 1870 504 1950; x_wconf 77' lang='lat' dir='ltr'><strong>capacitatem</strong></span> <span class='ocrx_word' id='word_1_126' title='bbox 549 1871 896 1953; x_wconf 81' lang='lat' dir='ltr'><strong>recipiendi</strong></span> <span class='ocrx_word' id='word_1_127' title='bbox 941 1872 1134 1937; x_wconf 84' lang='lat' dir='ltr'><strong>talem</strong></span> <span class='ocrx_word' id='word_1_128' title='bbox 1177 1874 1470 1951; x_wconf 79' lang='lat' dir='ltr'><strong>formam,</strong></span> <span class='ocrx_word' id='word_1_129' title='bbox 1517 1876 1655 1939; x_wconf 87' lang='lat' dir='ltr'><strong>sine</strong></span> 
     </span>
     <span class='ocr_line' id='line_1_18' title="bbox 97 1964 1658 2046; baseline 0.007 -24"><span class='ocrx_word' id='word_1_130' title='bbox 97 1982 212 2042; x_wconf 86' lang='lat' dir='ltr'><strong>qua</strong></span> <span class='ocrx_word' id='word_1_131' title='bbox 239 1964 632 2043; x_wconf 83' lang='lat' dir='ltr'><strong>impossihile</strong></span> <span class='ocrx_word' id='word_1_132' title='bbox 677 1970 774 2027; x_wconf 85' lang='lat' dir='ltr'><strong>est</strong></span> <span class='ocrx_word' id='word_1_133' title='bbox 817 1965 1170 2046; x_wconf 76' lang='lat' dir='ltr'><strong>intelligere</strong></span> <span class='ocrx_word' id='word_1_134' title='bbox 1215 1969 1402 2031; x_wconf 88' lang='lat' dir='ltr'><strong>talem</strong></span> <span class='ocrx_word' id='word_1_135' title='bbox 1448 1976 1658 2033; x_wconf 85' lang='lat' dir='ltr'><strong>aetum</strong></span> 
     </span>
     <span class='ocr_line' id='line_1_19' title="bbox 97 2057 1652 2141; baseline 0.008 -25"><span class='ocrx_word' id='word_1_136' title='bbox 97 2057 440 2119; x_wconf 82' lang='lat' dir='ltr'><strong>secundum</strong></span> <span class='ocrx_word' id='word_1_137' title='bbox 477 2057 544 2119; x_wconf 89' lang='lat' dir='ltr'><strong>in</strong></span> <span class='ocrx_word' id='word_1_138' title='bbox 577 2058 792 2138; x_wconf 84' lang='lat' dir='ltr'><strong>aliquo</strong></span> <span class='ocrx_word' id='word_1_139' title='bbox 821 2058 1134 2139; x_wconf 76' lang='lat' dir='ltr'><strong>subjeet03</strong></span> <span class='ocrx_word' id='word_1_140' title='bbox 1165 2078 1316 2141; x_wconf 84' lang='lat' dir='ltr'><strong>ergo</strong></span> <span class='ocrx_word' id='word_1_141' title='bbox 1345 2063 1652 2141; x_wconf 84' lang='lat' dir='ltr'><strong>similiter,</strong></span> 
     </span>
     <span class='ocr_line' id='line_1_20' title="bbox 99 2151 1658 2233; baseline 0.006 -24"><span class='ocrx_word' id='word_1_142' title='bbox 99 2151 146 2209; x_wconf 81' lang='lat' dir='ltr'><strong>si</strong></span> <span class='ocrx_word' id='word_1_143' title='bbox 169 2158 346 2212; x_wconf 85' lang='lat' dir='ltr'><strong>actus</strong></span> <span class='ocrx_word' id='word_1_144' title='bbox 363 2152 688 2214; x_wconf 85' lang='lat' dir='ltr'><strong>secundus</strong></span> <span class='ocrx_word' id='word_1_145' title='bbox 715 2152 794 2215; x_wconf 87' lang='lat' dir='ltr'><strong>eit</strong></span> <span class='ocrx_word' id='word_1_146' title='bbox 818 2170 934 2232; x_wconf 90' lang='lat' dir='ltr'><strong>per</strong></span> <span class='ocrx_word' id='word_1_147' title='bbox 953 2154 1212 2216; x_wconf 86' lang='lat' dir='ltr'><strong>modum</strong></span> <span class='ocrx_word' id='word_1_148' title='bbox 1243 2156 1530 2233; x_wconf 83' lang='lat' dir='ltr'><strong>actionis,</strong></span> <span class='ocrx_word' id='word_1_149' title='bbox 1550 2176 1658 2219; x_wconf 86' lang='lat' dir='ltr'><strong>ne·</strong></span> 
     </span>
     <span class='ocr_line' id='line_1_21' title="bbox 95 2245 1660 2328; baseline 0.006 -24"><span class='ocrx_word' id='word_1_150' title='bbox 95 2245 360 2305; x_wconf 84' lang='lat' dir='ltr'><strong>cessario</strong></span> <span class='ocrx_word' id='word_1_151' title='bbox 395 2246 698 2327; x_wconf 78' lang='lat' dir='ltr'><strong>supponit</strong></span> <span class='ocrx_word' id='word_1_152' title='bbox 736 2252 948 2309; x_wconf 83' lang='lat' dir='ltr'><strong>actum</strong></span> <span class='ocrx_word' id='word_1_153' title='bbox 980 2248 1278 2328; x_wconf 82' lang='lat' dir='ltr'><strong>primum,</strong></span> <span class='ocrx_word' id='word_1_154' title='bbox 1305 2268 1416 2313; x_wconf 86' lang='lat' dir='ltr'><strong>seu</strong></span> <span class='ocrx_word' id='word_1_155' title='bbox 1459 2251 1660 2313; x_wconf 83' lang='lat' dir='ltr'><strong>virtu-</strong></span> 
     </span>
     <span class='ocr_line' id='line_1_22' title="bbox 95 2338 1652 2422; baseline 0.005 -23"><span class='ocrx_word' id='word_1_156' title='bbox 95 2344 218 2399; x_wconf 86' lang='lat' dir='ltr'><strong>tem</strong></span> <span class='ocrx_word' id='word_1_157' title='bbox 243 2338 502 2417; x_wconf 81' lang='lat' dir='ltr'><strong>agendi,</strong></span> <span class='ocrx_word' id='word_1_158' title='bbox 537 2340 606 2401; x_wconf 92' lang='lat' dir='ltr'><strong>in</strong></span> <span class='ocrx_word' id='word_1_159' title='bbox 649 2358 726 2403; x_wconf 89' lang='lat' dir='ltr'><strong>eo</strong></span> <span class='ocrx_word' id='word_1_160' title='bbox 769 2359 808 2403; x_wconf 91' lang='lat' dir='ltr'><strong>a</strong></span> <span class='ocrx_word' id='word_1_161' title='bbox 833 2358 960 2420; x_wconf 84' lang='lat' dir='ltr'><strong>quo</strong></span> <span class='ocrx_word' id='word_1_162' title='bbox 1001 2342 1229 2405; x_wconf 88' lang='lat' dir='ltr'><strong>dicitur</strong></span> <span class='ocrx_word' id='word_1_163' title='bbox 1269 2361 1406 2407; x_wconf 84' lang='lat' dir='ltr'><strong>esse</strong></span> <span class='ocrx_word' id='word_1_164' title='bbox 1451 2346 1652 2422; x_wconf 85' lang='lat' dir='ltr'><strong>acti03</strong></span> 
     </span>
     <span class='ocr_line' id='line_1_23' title="bbox 97 2433 1654 2511; baseline 0.007 -19"><span class='ocrx_word' id='word_1_165' title='bbox 97 2433 242 2511; x_wconf 85' lang='lat' dir='ltr'><strong>quia</strong></span> <span class='ocrx_word' id='word_1_166' title='bbox 279 2433 474 2495; x_wconf 84' lang='lat' dir='ltr'><strong>etiam</strong></span> <span class='ocrx_word' id='word_1_167' title='bbox 515 2435 718 2511; x_wconf 82' lang='lat' dir='ltr'><strong>actio,</strong></span> <span class='ocrx_word' id='word_1_168' title='bbox 747 2441 820 2498; x_wconf 90' lang='lat' dir='ltr'><strong>ut</strong></span> <span class='ocrx_word' id='word_1_169' title='bbox 843 2436 1041 2511; x_wconf 78' lang='lat' dir='ltr'><strong>actis,</strong></span> <span class='ocrx_word' id='word_1_170' title='bbox 1071 2436 1222 2501; x_wconf 87' lang='lat' dir='ltr'><strong>dicit</strong></span> <span class='ocrx_word' id='word_1_171' title='bbox 1255 2439 1654 2503; x_wconf 77' lang='lat' dir='ltr'><strong>essentialem</strong></span> 
     </span>
     <span class='ocr_line' id='line_1_24' title="bbox 101 2526 1657 2614; baseline 0.006 -27"><span class='ocrx_word' id='word_1_172' title='bbox 101 2526 520 2589; x_wconf 76' lang='lat' dir='ltr'><strong>habitudinem</strong></span> <span class='ocrx_word' id='word_1_173' title='bbox 545 2528 630 2591; x_wconf 88' lang='lat' dir='ltr'><strong>ed</strong></span> <span class='ocrx_word' id='word_1_174' title='bbox 652 2529 842 2591; x_wconf 82' lang='lat' dir='ltr'><strong>talem</strong></span> <span class='ocrx_word' id='word_1_175' title='bbox 861 2533 1072 2593; x_wconf 86' lang='lat' dir='ltr'><strong>actum</strong></span> <span class='ocrx_word' id='word_1_176' title='bbox 1091 2532 1386 2611; x_wconf 84' lang='lat' dir='ltr'><strong>primum,</strong></span> <span class='ocrx_word' id='word_1_177' title='bbox 1409 2550 1524 2596; x_wconf 84' lang='lat' dir='ltr'><strong>seu</strong></span> <span class='ocrx_word' id='word_1_178' title='bbox 1547 2552 1657 2614; x_wconf 89' lang='lat' dir='ltr'><strong>po-</strong></span> 
     </span>
     <span class='ocr_line' id='line_1_25' title="bbox 107 2620 1658 2705; baseline 0.005 -26"><span class='ocrx_word' id='word_1_179' title='bbox 107 2620 352 2682; x_wconf 88' lang='lat' dir='ltr'><strong>tentiam</strong></span> <span class='ocrx_word' id='word_1_180' title='bbox 379 2620 640 2701; x_wconf 81' lang='lat' dir='ltr'><strong>agendi.</strong></span> <span class='ocrx_word' id='word_1_181' title='bbox 683 2623 916 2699; x_wconf 86' lang='lat' dir='ltr'><strong>Tertio,</strong></span> <span class='ocrx_word' id='word_1_182' title='bbox 945 2640 1096 2687; x_wconf 85' lang='lat' dir='ltr'><strong>nam</strong></span> <span class='ocrx_word' id='word_1_183' title='bbox 1125 2625 1206 2687; x_wconf 84' lang='lat' dir='ltr'><strong>ab</strong></span> <span class='ocrx_word' id='word_1_184' title='bbox 1237 2631 1384 2688; x_wconf 86' lang='lat' dir='ltr'><strong>actu</strong></span> <span class='ocrx_word' id='word_1_185' title='bbox 1425 2625 1508 2689; x_wconf 87' lang='lat' dir='ltr'><strong>ad</strong></span> <span class='ocrx_word' id='word_1_186' title='bbox 1551 2644 1658 2705; x_wconf 89' lang='lat' dir='ltr'><strong>po-</strong></span> 
     </span>
     <span class='ocr_line' id='line_1_26' title="bbox 109 2714 1658 2801; baseline 0.006 -29"><span class='ocrx_word' id='word_1_187' title='bbox 109 2714 350 2773; x_wconf 82' lang='lat' dir='ltr'><strong>tentiam</strong></span> <span class='ocrx_word' id='word_1_188' title='bbox 395 2714 497 2792; x_wconf 85' lang='lat' dir='ltr'><strong>(nt</strong></span> <span class='ocrx_word' id='word_1_189' title='bbox 543 2714 854 2779; x_wconf 80' lang='lat' dir='ltr'><strong>dialectici</strong></span> <span class='ocrx_word' id='word_1_190' title='bbox 899 2716 1140 2801; x_wconf 86' lang='lat' dir='ltr'><strong>dicunt)</strong></span> <span class='ocrx_word' id='word_1_191' title='bbox 1172 2720 1528 2781; x_wconf 82' lang='lat' dir='ltr'><strong>necessaria</strong></span> <span class='ocrx_word' id='word_1_192' title='bbox 1561 2726 1658 2783; x_wconf 83' lang='lat' dir='ltr'><strong>est</strong></span> 
     </span>
     <span class='ocr_line' id='line_1_27' title="bbox 105 2806 1656 2892; baseline 0.006 -27"><span class='ocrx_word' id='word_1_193' title='bbox 105 2806 482 2883; x_wconf 85' lang='lat' dir='ltr'><strong>consecutio;</strong></span> <span class='ocrx_word' id='word_1_194' title='bbox 505 2823 685 2887; x_wconf 81' lang='lat' dir='ltr'><strong>erge,</strong></span> <span class='ocrx_word' id='word_1_195' title='bbox 711 2808 762 2869; x_wconf 90' lang='lat' dir='ltr'><strong>si</strong></span> <span class='ocrx_word' id='word_1_196' title='bbox 789 2808 1026 2889; x_wconf 82' lang='lat' dir='ltr'><strong>aliquid</strong></span> <span class='ocrx_word' id='word_1_197' title='bbox 1057 2811 1208 2891; x_wconf 86' lang='lat' dir='ltr'><strong>agit,</strong></span> <span class='ocrx_word' id='word_1_198' title='bbox 1233 2818 1442 2892; x_wconf 85' lang='lat' dir='ltr'><strong>potest</strong></span> <span class='ocrx_word' id='word_1_199' title='bbox 1467 2813 1656 2877; x_wconf 86' lang='lat' dir='ltr'><strong>etiam</strong></span> 
     </span>
     <span class='ocr_line' id='line_1_28' title="bbox 103 2906 1656 2985; baseline 0.006 -27"><span class='ocrx_word' id='word_1_200' title='bbox 103 2918 312 2977; x_wconf 81' lang='lat' dir='ltr'><strong>agere3</strong></span> <span class='ocrx_word' id='word_1_201' title='bbox 337 2918 474 2963; x_wconf 86' lang='lat' dir='ltr'><strong>non</strong></span> <span class='ocrx_word' id='word_1_202' title='bbox 499 2908 708 2981; x_wconf 86' lang='lat' dir='ltr'><strong>potest</strong></span> <span class='ocrx_word' id='word_1_203' title='bbox 743 2909 958 2967; x_wconf 83' lang='lat' dir='ltr'><strong>autem</strong></span> <span class='ocrx_word' id='word_1_204' title='bbox 985 2922 1200 2985; x_wconf 76' lang='lat' dir='ltr'><strong>agere,</strong></span> <span class='ocrx_word' id='word_1_205' title='bbox 1231 2906 1358 2967; x_wconf 86' lang='lat' dir='ltr'><strong>nisi</strong></span> <span class='ocrx_word' id='word_1_206' title='bbox 1384 2924 1498 2985; x_wconf 85' lang='lat' dir='ltr'><strong>per</strong></span> <span class='ocrx_word' id='word_1_207' title='bbox 1527 2908 1656 2969; x_wconf 78' lang='lat' dir='ltr'><strong>vim</strong></span> 
     </span>
     <span class='ocr_line' id='line_1_29' title="bbox 101 2993 1662 3080; baseline 0.006 -28"><span class='ocrx_word' id='word_1_208' title='bbox 101 2993 351 3071; x_wconf 78' lang='lat' dir='ltr'><strong>agendi;</strong></span> <span class='ocrx_word' id='word_1_209' title='bbox 381 3012 540 3074; x_wconf 81' lang='lat' dir='ltr'><strong>ergo</strong></span> <span class='ocrx_word' id='word_1_210' title='bbox 571 2995 735 3059; x_wconf 84' lang='lat' dir='ltr'><strong>actio</strong></span> <span class='ocrx_word' id='word_1_211' title='bbox 787 2996 1036 3075; x_wconf 80' lang='lat' dir='ltr'><strong>agentis</strong></span> <span class='ocrx_word' id='word_1_212' title='bbox 1077 2998 1144 3059; x_wconf 91' lang='lat' dir='ltr'><strong>in</strong></span> <span class='ocrx_word' id='word_1_213' title='bbox 1186 3004 1336 3061; x_wconf 86' lang='lat' dir='ltr'><strong>actu</strong></span> <span class='ocrx_word' id='word_1_214' title='bbox 1361 3001 1662 3080; x_wconf 74' lang='lat' dir='ltr'><strong>supponit</strong></span> 
     </span>
     <span class='ocr_line' id='line_1_30' title="bbox 103 3086 1660 3171; baseline 0.006 -25"><span class='ocrx_word' id='word_1_215' title='bbox 103 3086 161 3147; x_wconf 89' lang='lat' dir='ltr'><strong>in</strong></span> <span class='ocrx_word' id='word_1_216' title='bbox 201 3105 274 3148; x_wconf 89' lang='lat' dir='ltr'><strong>eo</strong></span> <span class='ocrx_word' id='word_1_217' title='bbox 327 3088 634 3150; x_wconf 79' lang='lat' dir='ltr'><strong>virtutem</strong></span> <span class='ocrx_word' id='word_1_218' title='bbox 679 3090 932 3169; x_wconf 85' lang='lat' dir='ltr'><strong>agendi.</strong></span> <span class='ocrx_word' id='word_1_219' title='bbox 977 3090 1232 3167; x_wconf 87' lang='lat' dir='ltr'><strong>Quarto,</strong></span> <span class='ocrx_word' id='word_1_220' title='bbox 1275 3093 1448 3171; x_wconf 85' lang='lat' dir='ltr'><strong>quia,</strong></span> <span class='ocrx_word' id='word_1_221' title='bbox 1497 3099 1660 3156; x_wconf 85' lang='lat' dir='ltr'><strong>teste</strong></span> 
     </span>
     <span class='ocr_line' id='line_1_31' title="bbox 103 3180 1660 3265; baseline 0.005 -26"><span class='ocrx_word' id='word_1_222' title='bbox 103 3180 448 3257; x_wconf 72' lang='lat' dir='ltr'><strong>Aristotele,</strong></span> <span class='ocrx_word' id='word_1_223' title='bbox 475 3198 690 3255; x_wconf 82' lang='lat' dir='ltr'><strong>causa,</strong></span> <span class='ocrx_word' id='word_1_224' title='bbox 720 3190 792 3245; x_wconf 85' lang='lat' dir='ltr'><strong>ut</strong></span> <span class='ocrx_word' id='word_1_225' title='bbox 827 3202 1052 3259; x_wconf 83' lang='lat' dir='ltr'><strong>causa,</strong></span> <span class='ocrx_word' id='word_1_226' title='bbox 1085 3190 1178 3247; x_wconf 85' lang='lat' dir='ltr'><strong>est</strong></span> <span class='ocrx_word' id='word_1_227' title='bbox 1213 3186 1406 3265; x_wconf 88' lang='lat' dir='ltr'><strong>prior,</strong></span> <span class='ocrx_word' id='word_1_228' title='bbox 1439 3187 1660 3249; x_wconf 81' lang='lat' dir='ltr'><strong>saltem</strong></span> 
     </span>
     <span class='ocr_line' id='line_1_32' title="bbox 101 3274 1660 3358; baseline 0.006 -26"><span class='ocrx_word' id='word_1_229' title='bbox 101 3278 340 3347; x_wconf 84' lang='lat' dir='ltr'><strong>natura,</strong></span> <span class='ocrx_word' id='word_1_230' title='bbox 375 3274 612 3337; x_wconf 80' lang='lat' dir='ltr'><strong>effectu</strong></span> <span class='ocrx_word' id='word_1_231' title='bbox 663 3281 728 3338; x_wconf 88' lang='lat' dir='ltr'><strong>et</strong></span> <span class='ocrx_word' id='word_1_232' title='bbox 769 3276 1016 3339; x_wconf 87' lang='lat' dir='ltr'><strong>actione</strong></span> <span class='ocrx_word' id='word_1_233' title='bbox 1061 3296 1198 3353; x_wconf 86' lang='lat' dir='ltr'><strong>sua,</strong></span> <span class='ocrx_word' id='word_1_234' title='bbox 1241 3296 1382 3358; x_wconf 75' lang='lat' dir='ltr'><strong>quae</strong></span> <span class='ocrx_word' id='word_1_235' title='bbox 1427 3280 1512 3341; x_wconf 85' lang='lat' dir='ltr'><strong>ab</strong></span> <span class='ocrx_word' id='word_1_236' title='bbox 1553 3278 1660 3341; x_wconf 89' lang='lat' dir='ltr'><strong>illa</strong></span> 
     </span>
     <span class='ocr_line' id='line_1_33' title="bbox 103 3367 1660 3452; baseline 0.006 -27"><span class='ocrx_word' id='word_1_237' title='bbox 103 3367 336 3429; x_wconf 76' lang='lat' dir='ltr'><strong>realiter</strong></span> <span class='ocrx_word' id='word_1_238' title='bbox 375 3374 636 3447; x_wconf 59' lang='lat' dir='ltr'><strong>manau</strong></span> <span class='ocrx_word' id='word_1_239' title='bbox 665 3386 796 3431; x_wconf 82' lang='lat' dir='ltr'><strong>non</strong></span> <span class='ocrx_word' id='word_1_240' title='bbox 841 3378 934 3433; x_wconf 83' lang='lat' dir='ltr'><strong>est</strong></span> <span class='ocrx_word' id='word_1_241' title='bbox 961 3378 1178 3435; x_wconf 84' lang='lat' dir='ltr'><strong>autem</strong></span> <span class='ocrx_word' id='word_1_242' title='bbox 1215 3373 1388 3452; x_wconf 86' lang='lat' dir='ltr'><strong>prior</strong></span> <span class='ocrx_word' id='word_1_243' title='bbox 1435 3380 1660 3437; x_wconf 87' lang='lat' dir='ltr'><strong>natura</strong></span> 
     </span>
     <span class='ocr_line' id='line_1_34' title="bbox 103 3462 1664 3547; baseline 0.006 -28"><span class='ocrx_word' id='word_1_244' title='bbox 103 3478 278 3521; x_wconf 85' lang='lat' dir='ltr'><strong>cansa</strong></span> <span class='ocrx_word' id='word_1_245' title='bbox 299 3462 368 3522; x_wconf 90' lang='lat' dir='ltr'><strong>in</strong></span> <span class='ocrx_word' id='word_1_246' title='bbox 393 3468 544 3525; x_wconf 82' lang='lat' dir='ltr'><strong>actu</strong></span> <span class='ocrx_word' id='word_1_247' title='bbox 567 3464 874 3537; x_wconf 82' lang='lat' dir='ltr'><strong>secundo,</strong></span> <span class='ocrx_word' id='word_1_248' title='bbox 899 3482 1090 3544; x_wconf 87' lang='lat' dir='ltr'><strong>quam</strong></span> <span class='ocrx_word' id='word_1_249' title='bbox 1111 3483 1228 3529; x_wconf 86' lang='lat' dir='ltr'><strong>sua</strong></span> <span class='ocrx_word' id='word_1_250' title='bbox 1249 3467 1436 3541; x_wconf 81' lang='lat' dir='ltr'><strong>actis,</strong></span> <span class='ocrx_word' id='word_1_251' title='bbox 1459 3474 1530 3529; x_wconf 88' lang='lat' dir='ltr'><strong>ut</strong></span> <span class='ocrx_word' id='word_1_252' title='bbox 1547 3486 1664 3547; x_wconf 85' lang='lat' dir='ltr'><strong>per</strong></span> 
     </span>
     <span class='ocr_line' id='line_1_35' title="bbox 101 3557 1661 3638; baseline 0.006 -25"><span class='ocrx_word' id='word_1_253' title='bbox 101 3571 166 3613; x_wconf 86' lang='lat' dir='ltr'><strong>se</strong></span> <span class='ocrx_word' id='word_1_254' title='bbox 199 3560 476 3631; x_wconf 58' lang='lat' dir='ltr'><strong>constan</strong></span> <span class='ocrx_word' id='word_1_255' title='bbox 499 3557 654 3635; x_wconf 83' lang='lat' dir='ltr'><strong>quia</strong></span> <span class='ocrx_word' id='word_1_256' title='bbox 679 3576 794 3637; x_wconf 85' lang='lat' dir='ltr'><strong>per</strong></span> <span class='ocrx_word' id='word_1_257' title='bbox 819 3558 1020 3638; x_wconf 84' lang='lat' dir='ltr'><strong>ipsam</strong></span> <span class='ocrx_word' id='word_1_258' title='bbox 1047 3560 1360 3621; x_wconf 84' lang='lat' dir='ltr'><strong>actionem</strong></span> <span class='ocrx_word' id='word_1_259' title='bbox 1383 3561 1661 3623; x_wconf 55' lang='lat' dir='ltr'><strong>formale</strong></span> 
     </span>
     <span class='ocr_line' id='line_1_36' title="bbox 105 3650 1662 3728; baseline 0.006 -23"><span class='ocrx_word' id='word_1_260' title='bbox 105 3651 193 3707; x_wconf 86' lang='lat' dir='ltr'><strong>ter</strong></span> <span class='ocrx_word' id='word_1_261' title='bbox 231 3650 630 3713; x_wconf 78' lang='lat' dir='ltr'><strong>constituitur</strong></span> <span class='ocrx_word' id='word_1_262' title='bbox 657 3652 724 3713; x_wconf 90' lang='lat' dir='ltr'><strong>in</strong></span> <span class='ocrx_word' id='word_1_263' title='bbox 751 3658 894 3713; x_wconf 87' lang='lat' dir='ltr'><strong>actu</strong></span> <span class='ocrx_word' id='word_1_264' title='bbox 927 3652 1204 3715; x_wconf 88' lang='lat' dir='ltr'><strong>secundo</strong></span> <span class='ocrx_word' id='word_1_265' title='bbox 1221 3697 1242 3728; x_wconf 91' lang='lat'><strong>,</strong></span> <span class='ocrx_word' id='word_1_266' title='bbox 1275 3652 1404 3715; x_wconf 87' lang='lat' dir='ltr'><strong>sive</strong></span> <span class='ocrx_word' id='word_1_267' title='bbox 1441 3654 1662 3715; x_wconf 84' lang='lat' dir='ltr'><strong>intrin-</strong></span> 
     </span>
     <span class='ocr_line' id='line_1_37' title="bbox 113 3744 1662 3823; baseline 0.008 -25"><span class='ocrx_word' id='word_1_268' title='bbox 113 3758 266 3813; x_wconf 79' lang='lat' dir='ltr'><strong>sece,</strong></span> <span class='ocrx_word' id='word_1_269' title='bbox 285 3744 410 3805; x_wconf 79' lang='lat' dir='ltr'><strong>sive</strong></span> <span class='ocrx_word' id='word_1_270' title='bbox 437 3762 560 3823; x_wconf 79' lang='lat' dir='ltr'><strong>per</strong></span> <span class='ocrx_word' id='word_1_271' title='bbox 585 3744 1001 3807; x_wconf 78' lang='lat' dir='ltr'><strong>extrinsecam</strong></span> <span class='ocrx_word' id='word_1_272' title='bbox 1023 3750 1269 3807; x_wconf 88' lang='lat' dir='ltr'><strong>tantum</strong></span> <span class='ocrx_word' id='word_1_273' title='bbox 1294 3746 1662 3810; x_wconf 85' lang='lat' dir='ltr'><strong>denomina-</strong></span> 
     </span>
     <span class='ocr_line' id='line_1_38' title="bbox 119 3833 1662 3921; baseline 0.008 -30"><span class='ocrx_word' id='word_1_274' title='bbox 119 3833 360 3909; x_wconf 82' lang='lat' dir='ltr'><strong>tionem,</strong></span> <span class='ocrx_word' id='word_1_275' title='bbox 383 3837 575 3915; x_wconf 83' lang='lat' dir='ltr'><strong>juxta</strong></span> <span class='ocrx_word' id='word_1_276' title='bbox 623 3838 828 3900; x_wconf 80' lang='lat' dir='ltr'><strong>varias</strong></span> <span class='ocrx_word' id='word_1_277' title='bbox 859 3839 1190 3918; x_wconf 85' lang='lat' dir='ltr'><strong>opiniones</strong></span> <span class='ocrx_word' id='word_1_278' title='bbox 1228 3858 1366 3920; x_wconf 79' lang='lat' dir='ltr'><strong>quae</strong></span> <span class='ocrx_word' id='word_1_279' title='bbox 1394 3840 1478 3903; x_wconf 89' lang='lat' dir='ltr'><strong>ad</strong></span> <span class='ocrx_word' id='word_1_280' title='bbox 1507 3859 1662 3921; x_wconf 75' lang='lat' dir='ltr'><strong>prte-</strong></span> 
     </span>
     <span class='ocr_line' id='line_1_39' title="bbox 117 3930 1664 4013; baseline 0.008 -28"><span class='ocrx_word' id='word_1_281' title='bbox 117 3942 240 3987; x_wconf 85' lang='lat' dir='ltr'><strong>sens</strong></span> <span class='ocrx_word' id='word_1_282' title='bbox 261 3944 388 3991; x_wconf 85' lang='lat' dir='ltr'><strong>non</strong></span> <span class='ocrx_word' id='word_1_283' title='bbox 415 3930 736 4009; x_wconf 79' lang='lat' dir='ltr'><strong>referunt3</strong></span> <span class='ocrx_word' id='word_1_284' title='bbox 763 3950 912 4011; x_wconf 77' lang='lat' dir='ltr'><strong>ergo</strong></span> <span class='ocrx_word' id='word_1_285' title='bbox 941 3950 1131 3993; x_wconf 89' lang='lat' dir='ltr'><strong>causa</strong></span> <span class='ocrx_word' id='word_1_286' title='bbox 1157 3939 1254 3995; x_wconf 85' lang='lat' dir='ltr'><strong>est</strong></span> <span class='ocrx_word' id='word_1_287' title='bbox 1281 3934 1450 4013; x_wconf 88' lang='lat' dir='ltr'><strong>prior</strong></span> <span class='ocrx_word' id='word_1_288' title='bbox 1477 3942 1664 3997; x_wconf 85' lang='lat' dir='ltr'><strong>natu·-</strong></span> 
     </span>
     <span class='ocr_line' id='line_1_40' title="bbox 109 4022 1657 4106; baseline 0.008 -29"><span class='ocrx_word' id='word_1_289' title='bbox 109 4038 168 4079; x_wconf 80' lang='lat' dir='ltr'><strong>ra</strong></span> <span class='ocrx_word' id='word_1_290' title='bbox 195 4022 436 4085; x_wconf 87' lang='lat' dir='ltr'><strong>actione</strong></span> <span class='ocrx_word' id='word_1_291' title='bbox 479 4024 548 4085; x_wconf 88' lang='lat' dir='ltr'><strong>in</strong></span> <span class='ocrx_word' id='word_1_292' title='bbox 591 4030 736 4089; x_wconf 86' lang='lat' dir='ltr'><strong>actu</strong></span> <span class='ocrx_word' id='word_1_293' title='bbox 763 4026 988 4104; x_wconf 83' lang='lat' dir='ltr'><strong>primo.</strong></span> <span class='ocrx_word' id='word_1_294' title='bbox 1016 4026 1266 4102; x_wconf 89' lang='lat' dir='ltr'><strong>Quinto,</strong></span> <span class='ocrx_word' id='word_1_295' title='bbox 1295 4027 1448 4106; x_wconf 85' lang='lat' dir='ltr'><strong>quia</strong></span> <span class='ocrx_word' id='word_1_296' title='bbox 1471 4028 1657 4102; x_wconf 86' lang='lat' dir='ltr'><strong>actio,</strong></span> 
     </span>
     <span class='ocr_line' id='line_1_41' title="bbox 107 4116 1662 4193; baseline 0.008 -22"><span class='ocrx_word' id='word_1_297' title='bbox 107 4116 372 4193; x_wconf 76' lang='lat' dir='ltr'><strong>mactis,</strong></span> <span class='ocrx_word' id='word_1_298' title='bbox 399 4117 554 4179; x_wconf 87' lang='lat' dir='ltr'><strong>dicit</strong></span> <span class='ocrx_word' id='word_1_299' title='bbox 581 4119 1198 4183; x_wconf 85' lang='lat' dir='ltr'><strong>transcendentalem</strong></span> <span class='ocrx_word' id='word_1_300' title='bbox 1227 4120 1662 4184; x_wconf 79' lang='lat' dir='ltr'><strong>habitudinem</strong></span> 
     </span>
     <span class='ocr_line' id='line_1_42' title="bbox 109 4206 1664 4296; baseline 0.007 -30"><span class='ocrx_word' id='word_1_301' title='bbox 109 4206 178 4267; x_wconf 84' lang='lat' dir='ltr'><strong>ad</strong></span> <span class='ocrx_word' id='word_1_302' title='bbox 197 4226 455 4271; x_wconf 86' lang='lat' dir='ltr'><strong>causam</strong></span> <span class='ocrx_word' id='word_1_303' title='bbox 486 4218 806 4291; x_wconf 78' lang='lat' dir='ltr'><strong>egentem,</strong></span> <span class='ocrx_word' id='word_1_304' title='bbox 827 4218 898 4275; x_wconf 87' lang='lat' dir='ltr'><strong>ut</strong></span> <span class='ocrx_word' id='word_1_305' title='bbox 913 4212 1000 4275; x_wconf 85' lang='lat' dir='ltr'><strong>ad</strong></span> <span class='ocrx_word' id='word_1_306' title='bbox 1021 4214 1194 4276; x_wconf 88' lang='lat' dir='ltr'><strong>reale</strong></span> <span class='ocrx_word' id='word_1_307' title='bbox 1221 4214 1596 4296; x_wconf 86' lang='lat' dir='ltr'><strong>principium</strong></span> <span class='ocrx_word' id='word_1_308' title='bbox 1623 4233 1664 4277; x_wconf 82' lang='lat' dir='ltr'><strong>a</strong></span> 
     </span>
     <span class='ocr_line' id='line_1_43' title="bbox 107 4302 1666 4387; baseline 0.007 -28"><span class='ocrx_word' id='word_1_309' title='bbox 107 4318 216 4376; x_wconf 87' lang='lat' dir='ltr'><strong>que</strong></span> <span class='ocrx_word' id='word_1_310' title='bbox 243 4302 402 4365; x_wconf 83' lang='lat' dir='ltr'><strong>fluit.</strong></span> <span class='ocrx_word' id='word_1_311' title='bbox 449 4304 636 4367; x_wconf 86' lang='lat' dir='ltr'><strong>Unde</strong></span> <span class='ocrx_word' id='word_1_312' title='bbox 663 4324 856 4368; x_wconf 85' lang='lat' dir='ltr'><strong>causa</strong></span> <span class='ocrx_word' id='word_1_313' title='bbox 883 4324 1112 4387; x_wconf 84' lang='lat' dir='ltr'><strong>agens,</strong></span> <span class='ocrx_word' id='word_1_314' title='bbox 1143 4306 1286 4369; x_wconf 89' lang='lat' dir='ltr'><strong>licet</strong></span> <span class='ocrx_word' id='word_1_315' title='bbox 1313 4307 1544 4369; x_wconf 86' lang='lat' dir='ltr'><strong>haheat</strong></span> <span class='ocrx_word' id='word_1_316' title='bbox 1569 4324 1666 4369; x_wconf 85' lang='lat' dir='ltr'><strong>ra-</strong></span> 
     </span>
     <span class='ocr_line' id='line_1_44' title="bbox 111 4392 1664 4478; baseline 0.007 -26"><span class='ocrx_word' id='word_1_317' title='bbox 111 4392 322 4456; x_wconf 79' lang='lat' dir='ltr'><strong>tionem</strong></span> <span class='ocrx_word' id='word_1_318' title='bbox 345 4397 668 4478; x_wconf 86' lang='lat' dir='ltr'><strong>principii,</strong></span> <span class='ocrx_word' id='word_1_319' title='bbox 695 4406 1008 4478; x_wconf 85' lang='lat' dir='ltr'><strong>quatenus</strong></span> <span class='ocrx_word' id='word_1_320' title='bbox 1033 4400 1116 4461; x_wconf 84' lang='lat' dir='ltr'><strong>ab</strong></span> <span class='ocrx_word' id='word_1_321' title='bbox 1139 4417 1216 4463; x_wconf 83' lang='lat' dir='ltr'><strong>ea</strong></span> <span class='ocrx_word' id='word_1_322' title='bbox 1237 4402 1374 4463; x_wconf 78' lang='lat' dir='ltr'><strong>fluit</strong></span> <span class='ocrx_word' id='word_1_323' title='bbox 1403 4400 1664 4465; x_wconf 81' lang='lat' dir='ltr'><strong>effectus</strong></span> 
     </span>
     <span class='ocr_line' id='line_1_45' title="bbox 111 4487 1667 4571; baseline 0.008 -27"><span class='ocrx_word' id='word_1_324' title='bbox 111 4487 192 4547; x_wconf 78' lang='lat' dir='ltr'><strong>vel</strong></span> <span class='ocrx_word' id='word_1_325' title='bbox 215 4490 402 4564; x_wconf 86' lang='lat' dir='ltr'><strong>actio,</strong></span> <span class='ocrx_word' id='word_1_326' title='bbox 429 4496 648 4553; x_wconf 84' lang='lat' dir='ltr'><strong>tamen</strong></span> <span class='ocrx_word' id='word_1_327' title='bbox 675 4496 986 4571; x_wconf 83' lang='lat' dir='ltr'><strong>quatenus</strong></span> <span class='ocrx_word' id='word_1_328' title='bbox 1015 4498 1113 4553; x_wconf 88' lang='lat' dir='ltr'><strong>est</strong></span> <span class='ocrx_word' id='word_1_329' title='bbox 1139 4492 1206 4554; x_wconf 89' lang='lat' dir='ltr'><strong>id</strong></span> <span class='ocrx_word' id='word_1_330' title='bbox 1246 4491 1330 4553; x_wconf 83' lang='lat' dir='ltr'><strong>ad</strong></span> <span class='ocrx_word' id='word_1_331' title='bbox 1357 4494 1528 4570; x_wconf 79' lang='lat' dir='ltr'><strong>quod</strong></span> <span class='ocrx_word' id='word_1_332' title='bbox 1565 4511 1667 4557; x_wconf 83' lang='lat' dir='ltr'><strong>ac-</strong></span> 
     </span>
     <span class='ocr_line' id='line_1_46' title="bbox 109 4578 1661 4663; baseline 0.009 -27"><span class='ocrx_word' id='word_1_333' title='bbox 109 4578 202 4655; x_wconf 83' lang='lat' dir='ltr'><strong>tio,</strong></span> <span class='ocrx_word' id='word_1_334' title='bbox 225 4588 295 4644; x_wconf 89' lang='lat' dir='ltr'><strong>ut</strong></span> <span class='ocrx_word' id='word_1_335' title='bbox 330 4585 530 4661; x_wconf 85' lang='lat' dir='ltr'><strong>actio,</strong></span> <span class='ocrx_word' id='word_1_336' title='bbox 556 4583 706 4647; x_wconf 88' lang='lat' dir='ltr'><strong>dicit</strong></span> <span class='ocrx_word' id='word_1_337' title='bbox 735 4585 1168 4647; x_wconf 80' lang='lat' dir='ltr'><strong>immediatam</strong></span> <span class='ocrx_word' id='word_1_338' title='bbox 1199 4585 1661 4663; x_wconf 79' lang='lat' dir='ltr'><strong>habitudinem,</strong></span> 
     </span>
     <span class='ocr_line' id='line_1_47' title="bbox 107 4675 1664 4759; baseline 0.008 -30"><span class='ocrx_word' id='word_1_339' title='bbox 107 4676 298 4734; x_wconf 68' lang='lat' dir='ltr'><strong>vocari</strong></span> <span class='ocrx_word' id='word_1_340' title='bbox 323 4679 538 4754; x_wconf 82' lang='lat' dir='ltr'><strong>potest</strong></span> <span class='ocrx_word' id='word_1_341' title='bbox 567 4675 872 4739; x_wconf 85' lang='lat' dir='ltr'><strong>terminus</strong></span> <span class='ocrx_word' id='word_1_342' title='bbox 895 4678 1070 4756; x_wconf 78' lang='lat' dir='ltr'><strong>ejus3</strong></span> <span class='ocrx_word' id='word_1_343' title='bbox 1095 4696 1247 4758; x_wconf 84' lang='lat' dir='ltr'><strong>ergo</strong></span> <span class='ocrx_word' id='word_1_344' title='bbox 1275 4680 1572 4759; x_wconf 79' lang='lat' dir='ltr'><strong>supponit</strong></span> <span class='ocrx_word' id='word_1_345' title='bbox 1597 4680 1664 4741; x_wconf 86' lang='lat' dir='ltr'><strong>in</strong></span> 
     </span>
     <span class='ocr_line' id='line_1_48' title="bbox 114 4770 1664 4847; baseline 0.008 -26"><span class='ocrx_word' id='word_1_346' title='bbox 114 4782 282 4827; x_wconf 82' lang='lat' dir='ltr'><strong>causa</strong></span> <span class='ocrx_word' id='word_1_347' title='bbox 301 4775 534 4847; x_wconf 79' lang='lat' dir='ltr'><strong>agente</strong></span> <span class='ocrx_word' id='word_1_348' title='bbox 551 4770 902 4847; x_wconf 82' lang='lat' dir='ltr'><strong>entitatem,</strong></span> <span class='ocrx_word' id='word_1_349' title='bbox 925 4770 1216 4846; x_wconf 82' lang='lat' dir='ltr'><strong>formam,</strong></span> <span class='ocrx_word' id='word_1_350' title='bbox 1239 4771 1338 4833; x_wconf 83' lang='lat' dir='ltr'><strong>vel</strong></span> <span class='ocrx_word' id='word_1_351' title='bbox 1355 4772 1664 4833; x_wconf 84' lang='lat' dir='ltr'><strong>rationem</strong></span> 
     </span>
     <span class='ocr_line' id='line_1_49' title="bbox 117 4856 1663 4943; baseline 0.01 -29"><span class='ocrx_word' id='word_1_352' title='bbox 117 4856 370 4935; x_wconf 79' lang='lat' dir='ltr'><strong>aliquam</strong></span> <span class='ocrx_word' id='word_1_353' title='bbox 391 4904 408 4935; x_wconf 92' lang='lat'>‚</span> <span class='ocrx_word' id='word_1_354' title='bbox 437 4862 524 4923; x_wconf 89' lang='lat' dir='ltr'><strong>ad</strong></span> <span class='ocrx_word' id='word_1_355' title='bbox 551 4880 743 4941; x_wconf 87' lang='lat' dir='ltr'><strong>quam</strong></span> <span class='ocrx_word' id='word_1_356' title='bbox 772 4864 970 4943; x_wconf 87' lang='lat' dir='ltr'><strong>possit</strong></span> <span class='ocrx_word' id='word_1_357' title='bbox 995 4864 1103 4927; x_wconf 87' lang='lat' dir='ltr'><strong>illa</strong></span> <span class='ocrx_word' id='word_1_358' title='bbox 1129 4864 1430 4927; x_wconf 85' lang='lat' dir='ltr'><strong>habitudo</strong></span> <span class='ocrx_word' id='word_1_359' title='bbox 1461 4872 1663 4929; x_wconf 76' lang='lat' dir='ltr'><strong>trans-</strong></span> 
     </span>
     <span class='ocr_line' id='line_1_50' title="bbox 117 4952 1666 5040; baseline 0.008 -33"><span class='ocrx_word' id='word_1_360' title='bbox 117 4952 484 5015; x_wconf 84' lang='lat' dir='ltr'><strong>cendentalis</strong></span> <span class='ocrx_word' id='word_1_361' title='bbox 536 4954 738 5035; x_wconf 84' lang='lat' dir='ltr'><strong>ipsius</strong></span> <span class='ocrx_word' id='word_1_362' title='bbox 785 4958 1046 5019; x_wconf 82' lang='lat' dir='ltr'><strong>actionis</strong></span> <span class='ocrx_word' id='word_1_363' title='bbox 1093 4959 1418 5021; x_wconf 82' lang='lat' dir='ltr'><strong>terminari</strong></span> <span class='ocrx_word' id='word_1_364' title='bbox 1448 4978 1466 5034; x_wconf 75' lang='grc' dir='ltr'><strong>ς</strong></span> <span class='ocrx_word' id='word_1_365' title='bbox 1515 4959 1666 5040; x_wconf 87' lang='lat' dir='ltr'><strong>quia</strong></span> 
     </span>
     <span class='ocr_line' id='line_1_51' title="bbox 120 5048 1668 5127; baseline 0.007 -24"><span class='ocrx_word' id='word_1_366' title='bbox 120 5056 230 5103; x_wconf 88' lang='lat' dir='ltr'><strong>non</strong></span> <span class='ocrx_word' id='word_1_367' title='bbox 275 5053 649 5125; x_wconf 79' lang='lat' dir='ltr'><strong>potestesse</strong></span> <span class='ocrx_word' id='word_1_368' title='bbox 679 5048 982 5113; x_wconf 85' lang='lat' dir='ltr'><strong>habitudo</strong></span> <span class='ocrx_word' id='word_1_369' title='bbox 1023 5051 1239 5127; x_wconf 75' lang='lat' dir='ltr'><strong>realia,</strong></span> <span class='ocrx_word' id='word_1_370' title='bbox 1269 5052 1392 5113; x_wconf 87' lang='lat' dir='ltr'><strong>nisi</strong></span> <span class='ocrx_word' id='word_1_371' title='bbox 1433 5053 1500 5113; x_wconf 89' lang='lat' dir='ltr'><strong>in</strong></span> <span class='ocrx_word' id='word_1_372' title='bbox 1540 5058 1668 5113; x_wconf 85' lang='lat' dir='ltr'><strong>ter·-</strong></span> 
     </span>
     <span class='ocr_line' id='line_1_52' title="bbox 127 5134 1668 5223; baseline 0.011 -31"><span class='ocrx_word' id='word_1_373' title='bbox 127 5134 274 5197; x_wconf 84' lang='lat' dir='ltr'><strong>mino</strong></span> <span class='ocrx_word' id='word_1_374' title='bbox 321 5146 716 5221; x_wconf 74' lang='lat' dir='ltr'><strong>supponatur</strong></span> <span class='ocrx_word' id='word_1_375' title='bbox 759 5143 828 5205; x_wconf 85' lang='lat' dir='ltr'><strong>id</strong></span> <span class='ocrx_word' id='word_1_376' title='bbox 876 5143 1048 5223; x_wconf 82' lang='lat' dir='ltr'><strong>quod</strong></span> <span class='ocrx_word' id='word_1_377' title='bbox 1093 5146 1520 5207; x_wconf 86' lang='lat' dir='ltr'><strong>necessarium</strong></span> <span class='ocrx_word' id='word_1_378' title='bbox 1571 5150 1668 5209; x_wconf 82' lang='lat' dir='ltr'><strong>est</strong></span> 
     </span>
     <span class='ocr_line' id='line_1_53' title="bbox 131 5224 1666 5319; baseline 0.01 -34"><span class='ocrx_word' id='word_1_379' title='bbox 131 5224 200 5285; x_wconf 80' lang='lat' dir='ltr'><strong>ad</strong></span> <span class='ocrx_word' id='word_1_380' title='bbox 235 5234 690 5297; x_wconf 84' lang='lat' dir='ltr'><strong>terminandam</strong></span> <span class='ocrx_word' id='word_1_381' title='bbox 715 5236 890 5299; x_wconf 87' lang='lat' dir='ltr'><strong>illam</strong></span> <span class='ocrx_word' id='word_1_382' title='bbox 916 5238 1382 5314; x_wconf 81' lang='lat' dir='ltr'><strong>habitudinem3</strong></span> <span class='ocrx_word' id='word_1_383' title='bbox 1409 5240 1478 5301; x_wconf 92' lang='lat' dir='ltr'><strong>in</strong></span> <span class='ocrx_word' id='word_1_384' title='bbox 1504 5256 1666 5319; x_wconf 80' lang='lat' dir='ltr'><strong>prae-</strong></span> 
     </span>
     <span class='ocr_line' id='line_1_54' title="bbox 135 5322 1668 5408; baseline 0.011 -32"><span class='ocrx_word' id='word_1_385' title='bbox 135 5322 272 5383; x_wconf 83' lang='lat' dir='ltr'><strong>senti</strong></span> <span class='ocrx_word' id='word_1_386' title='bbox 321 5332 534 5389; x_wconf 83' lang='lat' dir='ltr'><strong>autem</strong></span> <span class='ocrx_word' id='word_1_387' title='bbox 570 5374 592 5403; x_wconf 91' lang='lat'><strong>‚</strong></span> <span class='ocrx_word' id='word_1_388' title='bbox 645 5329 792 5408; x_wconf 71' lang='lat' dir='ltr'><strong>quia</strong></span> <span class='ocrx_word' id='word_1_389' title='bbox 849 5331 986 5393; x_wconf 81' lang='lat' dir='ltr'><strong>haec</strong></span> <span class='ocrx_word' id='word_1_390' title='bbox 1042 5331 1346 5395; x_wconf 82' lang='lat' dir='ltr'><strong>habitudo</strong></span> <span class='ocrx_word' id='word_1_391' title='bbox 1403 5332 1668 5395; x_wconf 83' lang='lat' dir='ltr'><strong>actionis</strong></span> 
     </span>
     <span class='ocr_line' id='line_1_55' title="bbox 140 5416 1666 5512; baseline 0.009 -37"><span class='ocrx_word' id='word_1_392' title='bbox 140 5418 214 5512; x_wconf 62' lang='lat' dir='ltr'><strong>est</strong></span> <span class='ocrx_word' id='word_1_393' title='bbox 259 5416 548 5485; x_wconf 82' lang='lat' dir='ltr'><strong>habitudo</strong></span> <span class='ocrx_word' id='word_1_394' title='bbox 601 5424 1018 5487; x_wconf 80' lang='lat' dir='ltr'><strong>emanationis</strong></span> <span class='ocrx_word' id='word_1_395' title='bbox 1046 5470 1070 5503; x_wconf 91' lang='lat'>‚</span> <span class='ocrx_word' id='word_1_396' title='bbox 1125 5444 1241 5489; x_wconf 86' lang='lat' dir='ltr'><strong>sen</strong></span> <span class='ocrx_word' id='word_1_397' title='bbox 1299 5426 1666 5507; x_wconf 84' lang='lat' dir='ltr'><strong>dependen-</strong></span> 
     </span>
     <span class='ocr_line' id='line_1_56' title="bbox 141 5508 1662 5601; baseline 0.01 -30"><span class='ocrx_word' id='word_1_398' title='bbox 141 5508 221 5567; x_wconf 74' lang='lat' dir='ltr'><strong>hae</strong></span> <span class='ocrx_word' id='word_1_399' title='bbox 265 5514 438 5577; x_wconf 83' lang='lat' dir='ltr'><strong>realis</strong></span> <span class='ocrx_word' id='word_1_400' title='bbox 487 5534 552 5595; x_wconf 10' lang='lat' dir='ltr'><strong>a,</strong></span> <span class='ocrx_word' id='word_1_401' title='bbox 581 5535 732 5581; x_wconf 77' lang='lat' dir='ltr'><strong>vera</strong></span> <span class='ocrx_word' id='word_1_402' title='bbox 787 5523 850 5582; x_wconf 87' lang='lat' dir='ltr'><strong>et</strong></span> <span class='ocrx_word' id='word_1_403' title='bbox 903 5519 1154 5601; x_wconf 82' lang='lat' dir='ltr'><strong>propria</strong></span> <span class='ocrx_word' id='word_1_404' title='bbox 1213 5536 1407 5585; x_wconf 83' lang='lat' dir='ltr'><strong>causa</strong></span> <span class='ocrx_word' id='word_1_405' title='bbox 1459 5520 1616 5585; x_wconf 82' lang='lat' dir='ltr'><strong>reali</strong></span> <span class='ocrx_word' id='word_1_406' title='bbox 1641 5564 1662 5597; x_wconf 83' lang='lat'>‚</span> 
     </span>
    </p>
   </div>
   <div class='ocr_carea' id='block_1_3' title="bbox 3186 371 3296 431">
    <p class='ocr_par' dir='ltr' id='par_1_3' title="bbox 3186 371 3296 431">
     <span class='ocr_line' id='line_1_57' title="bbox 3186 371 3296 431; baseline 0 0"><span class='ocrx_word' id='word_1_407' title='bbox 3186 371 3296 431; x_wconf 73' lang='lat'><strong>1¹1</strong></span> 
     </span>
    </p>
   </div>
   <div class='ocr_carea' id='block_1_4' title="bbox 1732 467 3305 1203">
    <p class='ocr_par' dir='ltr' id='par_1_4' title="bbox 1732 467 3305 1203">
     <span class='ocr_line' id='line_1_58' title="bbox 1735 467 3305 552; baseline 0.005 -24"><span class='ocrx_word' id='word_1_408' title='bbox 1735 468 2039 547; x_wconf 83' lang='lat' dir='ltr'><strong>supponit</strong></span> <span class='ocrx_word' id='word_1_409' title='bbox 2072 467 2141 529; x_wconf 93' lang='lat' dir='ltr'><strong>in</strong></span> <span class='ocrx_word' id='word_1_410' title='bbox 2176 481 2253 531; x_wconf 88' lang='lat' dir='ltr'><strong>ea</strong></span> <span class='ocrx_word' id='word_1_411' title='bbox 2292 467 2531 547; x_wconf 80' lang='lat' dir='ltr'><strong>aliquid</strong></span> <span class='ocrx_word' id='word_1_412' title='bbox 2570 469 2763 546; x_wconf 87' lang='lat' dir='ltr'><strong>reale,</strong></span> <span class='ocrx_word' id='word_1_413' title='bbox 2794 485 2923 552; x_wconf 84' lang='lat' dir='ltr'><strong>quo</strong></span> <span class='ocrx_word' id='word_1_414' title='bbox 2968 473 3158 535; x_wconf 83' lang='lat' dir='ltr'><strong>talem</strong></span> <span class='ocrx_word' id='word_1_415' title='bbox 3190 474 3305 535; x_wconf 84' lang='lat' dir='ltr'><strong>ha-</strong></span> 
     </span>
     <span class='ocr_line' id='line_1_59' title="bbox 1732 560 3305 642; baseline 0.005 -21"><span class='ocrx_word' id='word_1_416' title='bbox 1732 560 2085 623; x_wconf 85' lang='lat' dir='ltr'><strong>bitudinem</strong></span> <span class='ocrx_word' id='word_1_417' title='bbox 2138 578 2255 623; x_wconf 86' lang='lat' dir='ltr'><strong>seu</strong></span> <span class='ocrx_word' id='word_1_418' title='bbox 2302 562 2789 642; x_wconf 73' lang='lat' dir='ltr'><strong>dependentium</strong></span> <span class='ocrx_word' id='word_1_419' title='bbox 2836 567 3163 640; x_wconf 59' lang='lat' dir='ltr'><strong>tei-minen</strong></span> <span class='ocrx_word' id='word_1_420' title='bbox 3210 587 3305 629; x_wconf 88' lang='lat' dir='ltr'><strong>er-</strong></span> 
     </span>
     <span class='ocr_line' id='line_1_60' title="bbox 1734 655 3299 738; baseline 0.004 -23"><span class='ocrx_word' id='word_1_421' title='bbox 1734 672 1816 734; x_wconf 80' lang='lat' dir='ltr'><strong>go</strong></span> <span class='ocrx_word' id='word_1_422' title='bbox 1863 655 2163 733; x_wconf 83' lang='lat' dir='ltr'><strong>supponit</strong></span> <span class='ocrx_word' id='word_1_423' title='bbox 2206 656 2270 717; x_wconf 92' lang='lat' dir='ltr'><strong>in</strong></span> <span class='ocrx_word' id='word_1_424' title='bbox 2310 674 2385 717; x_wconf 88' lang='lat' dir='ltr'><strong>ea</strong></span> <span class='ocrx_word' id='word_1_425' title='bbox 2434 658 2674 719; x_wconf 86' lang='lat' dir='ltr'><strong>realem</strong></span> <span class='ocrx_word' id='word_1_426' title='bbox 2715 658 3008 722; x_wconf 77' lang='lat' dir='ltr'><strong>virtutem</strong></span> <span class='ocrx_word' id='word_1_427' title='bbox 3048 660 3299 738; x_wconf 78' lang='lat' dir='ltr'><strong>egendi,</strong></span> 
     </span>
     <span class='ocr_line' id='line_1_61' title="bbox 1735 748 3299 833; baseline 0.005 -24"><span class='ocrx_word' id='word_1_428' title='bbox 1735 748 1888 828; x_wconf 83' lang='lat' dir='ltr'><strong>quia</strong></span> <span class='ocrx_word' id='word_1_429' title='bbox 1937 750 2135 812; x_wconf 84' lang='lat' dir='ltr'><strong>virtus</strong></span> <span class='ocrx_word' id='word_1_430' title='bbox 2178 751 2411 831; x_wconf 77' lang='lat' dir='ltr'><strong>agendi</strong></span> <span class='ocrx_word' id='word_1_431' title='bbox 2455 752 2612 813; x_wconf 90' lang='lat' dir='ltr'><strong>nibil</strong></span> <span class='ocrx_word' id='word_1_432' title='bbox 2654 752 2825 813; x_wconf 86' lang='lat' dir='ltr'><strong>aliud</strong></span> <span class='ocrx_word' id='word_1_433' title='bbox 2866 760 2963 815; x_wconf 88' lang='lat' dir='ltr'><strong>est</strong></span> <span class='ocrx_word' id='word_1_434' title='bbox 2990 770 3181 833; x_wconf 86' lang='lat' dir='ltr'><strong>quam</strong></span> <span class='ocrx_word' id='word_1_435' title='bbox 3208 756 3299 830; x_wconf 84' lang='lat' dir='ltr'><strong>id,</strong></span> 
     </span>
     <span class='ocr_line' id='line_1_62' title="bbox 1735 846 3305 927; baseline 0.004 -25"><span class='ocrx_word' id='word_1_436' title='bbox 1735 858 1862 921; x_wconf 83' lang='lat' dir='ltr'><strong>quo</strong></span> <span class='ocrx_word' id='word_1_437' title='bbox 1886 860 2079 905; x_wconf 85' lang='lat' dir='ltr'><strong>causa</strong></span> <span class='ocrx_word' id='word_1_438' title='bbox 2098 860 2297 923; x_wconf 77' lang='lat' dir='ltr'><strong>agens</strong></span> <span class='ocrx_word' id='word_1_439' title='bbox 2322 849 2535 923; x_wconf 82' lang='lat' dir='ltr'><strong>potest</strong></span> <span class='ocrx_word' id='word_1_440' title='bbox 2562 846 2905 907; x_wconf 87' lang='lat' dir='ltr'><strong>terminare</strong></span> <span class='ocrx_word' id='word_1_441' title='bbox 2944 847 3305 927; x_wconf 84' lang='lat' dir='ltr'><strong>dependen-</strong></span> 
     </span>
     <span class='ocr_line' id='line_1_63' title="bbox 1733 936 3299 1019; baseline 0.004 -22"><span class='ocrx_word' id='word_1_442' title='bbox 1733 936 1890 997; x_wconf 88' lang='lat' dir='ltr'><strong>tiam</strong></span> <span class='ocrx_word' id='word_1_443' title='bbox 1907 936 2169 999; x_wconf 84' lang='lat' dir='ltr'><strong>effectus</strong></span> <span class='ocrx_word' id='word_1_444' title='bbox 2186 938 2267 999; x_wconf 84' lang='lat' dir='ltr'><strong>ad</strong></span> <span class='ocrx_word' id='word_1_445' title='bbox 2287 938 2515 1017; x_wconf 83' lang='lat' dir='ltr'><strong>ipsam.</strong></span> <span class='ocrx_word' id='word_1_446' title='bbox 2538 940 2745 1015; x_wconf 80' lang='lat' dir='ltr'><strong>Sexto,</strong></span> <span class='ocrx_word' id='word_1_447' title='bbox 2768 946 2973 1019; x_wconf 81' lang='lat' dir='ltr'><strong>potest</strong></span> <span class='ocrx_word' id='word_1_448' title='bbox 2991 942 3111 1003; x_wconf 89' lang='lat' dir='ltr'><strong>hoc</strong></span> <span class='ocrx_word' id='word_1_449' title='bbox 3130 941 3299 1003; x_wconf 89' lang='lat' dir='ltr'><strong>idem</strong></span> 
     </span>
     <span class='ocr_line' id='line_1_64' title="bbox 1735 1029 3301 1111; baseline 0.003 -20"><span class='ocrx_word' id='word_1_450' title='bbox 1735 1029 1916 1091; x_wconf 85' lang='lat' dir='ltr'><strong>aliter</strong></span> <span class='ocrx_word' id='word_1_451' title='bbox 1943 1030 2261 1111; x_wconf 81' lang='lat' dir='ltr'><strong>explicari,</strong></span> <span class='ocrx_word' id='word_1_452' title='bbox 2294 1032 2445 1111; x_wconf 84' lang='lat' dir='ltr'><strong>quia</strong></span> <span class='ocrx_word' id='word_1_453' title='bbox 2472 1032 2765 1095; x_wconf 82' lang='lat' dir='ltr'><strong>effectum</strong></span> <span class='ocrx_word' id='word_1_454' title='bbox 2790 1033 2923 1095; x_wconf 88' lang='lat' dir='ltr'><strong>fieri</strong></span> <span class='ocrx_word' id='word_1_455' title='bbox 2952 1035 3106 1096; x_wconf 87' lang='lat' dir='ltr'><strong>nihil</strong></span> <span class='ocrx_word' id='word_1_456' title='bbox 3130 1034 3301 1097; x_wconf 84' lang='lat' dir='ltr'><strong>aliud</strong></span> 
     </span>
     <span class='ocr_line' id='line_1_65' title="bbox 1737 1128 3303 1203; baseline 0.003 -18"><span class='ocrx_word' id='word_1_457' title='bbox 1737 1130 1836 1187; x_wconf 87' lang='lat' dir='ltr'><strong>est</strong></span> <span class='ocrx_word' id='word_1_458' title='bbox 1861 1142 2057 1203; x_wconf 86' lang='lat' dir='ltr'><strong>quam</strong></span> <span class='ocrx_word' id='word_1_459' title='bbox 2106 1130 2283 1187; x_wconf 77' lang='lat' dir='ltr'><strong>extra</strong></span> <span class='ocrx_word' id='word_1_460' title='bbox 2312 1144 2535 1187; x_wconf 86' lang='lat' dir='ltr'><strong>causas</strong></span> <span class='ocrx_word' id='word_1_461' title='bbox 2561 1144 2709 1188; x_wconf 82' lang='lat' dir='ltr'><strong>suas</strong></span> <span class='ocrx_word' id='word_1_462' title='bbox 2764 1128 2969 1201; x_wconf 88' lang='lat' dir='ltr'><strong>educi,</strong></span> <span class='ocrx_word' id='word_1_463' title='bbox 3002 1146 3113 1191; x_wconf 87' lang='lat' dir='ltr'><strong>seu</strong></span> <span class='ocrx_word' id='word_1_464' title='bbox 3156 1146 3303 1191; x_wconf 88' lang='lat' dir='ltr'><strong>con—</strong></span> 
     </span>
    </p>
   </div>
   <div class='ocr_carea' id='block_1_5' title="bbox 1737 1217 3433 1302">
    <p class='ocr_par' dir='ltr' id='par_1_5' title="bbox 1737 1217 3433 1302">
     <span class='ocr_line' id='line_1_66' title="bbox 1737 1217 3433 1302; baseline 0.002 -23"><span class='ocrx_word' id='word_1_465' title='bbox 1737 1217 1936 1291; x_wconf 78' lang='lat' dir='ltr'><strong>stitui3</strong></span> <span class='ocrx_word' id='word_1_466' title='bbox 1986 1236 2161 1297; x_wconf 82' lang='lat' dir='ltr'><strong>ergo,</strong></span> <span class='ocrx_word' id='word_1_467' title='bbox 2194 1224 2539 1298; x_wconf 81' lang='lat' dir='ltr'><strong>antequam</strong></span> <span class='ocrx_word' id='word_1_468' title='bbox 2578 1221 2709 1293; x_wconf 83' lang='lat' dir='ltr'><strong>fiat,</strong></span> <span class='ocrx_word' id='word_1_469' title='bbox 2756 1222 3109 1285; x_wconf 85' lang='lat' dir='ltr'><strong>necessario</strong></span> <span class='ocrx_word' id='word_1_470' title='bbox 3154 1240 3305 1302; x_wconf 86' lang='lat' dir='ltr'><strong>snp—</strong></span> <span class='ocrx_word' id='word_1_471' title='bbox 3420 1238 3433 1245; x_wconf 91' lang='lat'>·</span> 
     </span>
    </p>
   </div>
   <div class='ocr_carea' id='block_1_6' title="bbox 1733 1310 3327 5621">
    <p class='ocr_par' dir='ltr' id='par_1_6' title="bbox 1733 1310 3307 3637">
     <span class='ocr_line' id='line_1_67' title="bbox 1736 1310 3301 1396; baseline 0.004 -23"><span class='ocrx_word' id='word_1_472' title='bbox 1736 1310 1993 1390; x_wconf 88' lang='lat' dir='ltr'><strong>ponitur</strong></span> <span class='ocrx_word' id='word_1_473' title='bbox 2022 1317 2355 1374; x_wconf 85' lang='lat' dir='ltr'><strong>contentus</strong></span> <span class='ocrx_word' id='word_1_474' title='bbox 2384 1314 2451 1375; x_wconf 90' lang='lat' dir='ltr'><strong>in</strong></span> <span class='ocrx_word' id='word_1_475' title='bbox 2474 1316 2705 1377; x_wconf 84' lang='lat' dir='ltr'><strong>virtute</strong></span> <span class='ocrx_word' id='word_1_476' title='bbox 2750 1332 3117 1389; x_wconf 85' lang='lat' dir='ltr'><strong>causarum;</strong></span> <span class='ocrx_word' id='word_1_477' title='bbox 3151 1334 3301 1396; x_wconf 77' lang='lat' dir='ltr'><strong>ergo</strong></span> 
     </span>
     <span class='ocr_line' id='line_1_68' title="bbox 1737 1405 3302 1487; baseline 0.006 -23"><span class='ocrx_word' id='word_1_478' title='bbox 1737 1422 1776 1465; x_wconf 88' lang='lat' dir='ltr'><strong>a</strong></span> <span class='ocrx_word' id='word_1_479' title='bbox 1801 1405 1975 1465; x_wconf 85' lang='lat' dir='ltr'><strong>nulla</strong></span> <span class='ocrx_word' id='word_1_480' title='bbox 1999 1422 2189 1467; x_wconf 86' lang='lat' dir='ltr'><strong>causa</strong></span> <span class='ocrx_word' id='word_1_481' title='bbox 2215 1406 2353 1469; x_wconf 82' lang='lat' dir='ltr'><strong>fieri</strong></span> <span class='ocrx_word' id='word_1_482' title='bbox 2386 1411 2611 1487; x_wconf 86' lang='lat' dir='ltr'><strong>potest,</strong></span> <span class='ocrx_word' id='word_1_483' title='bbox 2638 1408 2759 1469; x_wconf 87' lang='lat' dir='ltr'><strong>nisi</strong></span> <span class='ocrx_word' id='word_1_484' title='bbox 2786 1415 3099 1487; x_wconf 86' lang='lat' dir='ltr'><strong>quatenus</strong></span> <span class='ocrx_word' id='word_1_485' title='bbox 3128 1412 3197 1471; x_wconf 86' lang='lat' dir='ltr'><strong>in</strong></span> <span class='ocrx_word' id='word_1_486' title='bbox 3226 1428 3302 1473; x_wconf 86' lang='lat' dir='ltr'><strong>ea</strong></span> 
     </span>
     <span class='ocr_line' id='line_1_69' title="bbox 1737 1496 3298 1583; baseline 0.004 -25"><span class='ocrx_word' id='word_1_487' title='bbox 1737 1496 1946 1577; x_wconf 86' lang='lat' dir='ltr'><strong>aliquo</strong></span> <span class='ocrx_word' id='word_1_488' title='bbox 1986 1499 2177 1561; x_wconf 89' lang='lat' dir='ltr'><strong>modo</strong></span> <span class='ocrx_word' id='word_1_489' title='bbox 2223 1500 2451 1563; x_wconf 82' lang='lat' dir='ltr'><strong>virtute</strong></span> <span class='ocrx_word' id='word_1_490' title='bbox 2504 1502 2975 1577; x_wconf 77' lang='lat' dir='ltr'><strong>continebatur-3</strong></span> <span class='ocrx_word' id='word_1_491' title='bbox 3029 1520 3205 1583; x_wconf 82' lang='lat' dir='ltr'><strong>ergo,</strong></span> <span class='ocrx_word' id='word_1_492' title='bbox 3249 1504 3298 1565; x_wconf 88' lang='lat' dir='ltr'><strong>si</strong></span> 
     </span>
     <span class='ocr_line' id='line_1_70' title="bbox 1736 1592 3300 1675; baseline 0.002 -20"><span class='ocrx_word' id='word_1_493' title='bbox 1736 1596 2035 1655; x_wconf 85' lang='lat' dir='ltr'><strong>causatur</strong></span> <span class='ocrx_word' id='word_1_494' title='bbox 2062 1592 2407 1656; x_wconf 87' lang='lat' dir='ltr'><strong>efficienter</strong></span> <span class='ocrx_word' id='word_1_495' title='bbox 2450 1594 2533 1655; x_wconf 83' lang='lat' dir='ltr'><strong>ab</strong></span> <span class='ocrx_word' id='word_1_496' title='bbox 2578 1595 2811 1675; x_wconf 86' lang='lat' dir='ltr'><strong>aliquo,</strong></span> <span class='ocrx_word' id='word_1_497' title='bbox 2844 1598 3197 1660; x_wconf 81' lang='lat' dir='ltr'><strong>continetur</strong></span> <span class='ocrx_word' id='word_1_498' title='bbox 3236 1598 3300 1659; x_wconf 87' lang='lat' dir='ltr'><strong>in</strong></span> 
     </span>
     <span class='ocr_line' id='line_1_71' title="bbox 1733 1684 3301 1770; baseline 0.004 -24"><span class='ocrx_word' id='word_1_499' title='bbox 1733 1684 1963 1748; x_wconf 78' lang='lat' dir='ltr'><strong>virtute</strong></span> <span class='ocrx_word' id='word_1_500' title='bbox 1994 1685 2281 1749; x_wconf 80' lang='lat' dir='ltr'><strong>effectiva</strong></span> <span class='ocrx_word' id='word_1_501' title='bbox 2325 1686 2515 1763; x_wconf 88' lang='lat' dir='ltr'><strong>illius,</strong></span> <span class='ocrx_word' id='word_1_502' title='bbox 2548 1706 2627 1749; x_wconf 90' lang='lat' dir='ltr'><strong>eo</strong></span> <span class='ocrx_word' id='word_1_503' title='bbox 2674 1690 2863 1751; x_wconf 90' lang='lat' dir='ltr'><strong>modo</strong></span> <span class='ocrx_word' id='word_1_504' title='bbox 2902 1709 3031 1770; x_wconf 89' lang='lat' dir='ltr'><strong>quo</strong></span> <span class='ocrx_word' id='word_1_505' title='bbox 3072 1692 3155 1753; x_wconf 85' lang='lat' dir='ltr'><strong>ab</strong></span> <span class='ocrx_word' id='word_1_506' title='bbox 3194 1691 3301 1753; x_wconf 91' lang='lat' dir='ltr'><strong>illo</strong></span> 
     </span>
     <span class='ocr_line' id='line_1_72' title="bbox 1734 1776 3305 1863; baseline 0.003 -24"><span class='ocrx_word' id='word_1_507' title='bbox 1734 1776 1842 1851; x_wconf 67' lang='grc' dir='ltr'><strong>Εἰς</strong></span> <span class='ocrx_word' id='word_1_508' title='bbox 1885 1796 2039 1859; x_wconf 80' lang='lat' dir='ltr'><strong>ergo</strong></span> <span class='ocrx_word' id='word_1_509' title='bbox 2088 1779 2289 1841; x_wconf 81' lang='lat' dir='ltr'><strong>activa</strong></span> <span class='ocrx_word' id='word_1_510' title='bbox 2340 1781 2657 1843; x_wconf 81' lang='lat' dir='ltr'><strong>emanatio</strong></span> <span class='ocrx_word' id='word_1_511' title='bbox 2710 1784 3008 1862; x_wconf 82' lang='lat' dir='ltr'><strong>supponit</strong></span> <span class='ocrx_word' id='word_1_512' title='bbox 3052 1801 3305 1863; x_wconf 86' lang='lat' dir='ltr'><strong>semper</strong></span> 
     </span>
     <span class='ocr_line' id='line_1_73' title="bbox 1733 1871 3305 1950; baseline 0.004 -19"><span class='ocrx_word' id='word_1_513' title='bbox 1733 1871 2030 1933; x_wconf 82' lang='lat' dir='ltr'><strong>virtutem</strong></span> <span class='ocrx_word' id='word_1_514' title='bbox 2071 1872 2463 1950; x_wconf 85' lang='lat' dir='ltr'><strong>producendi</strong></span> <span class='ocrx_word' id='word_1_515' title='bbox 2506 1874 2573 1934; x_wconf 87' lang='lat' dir='ltr'><strong>in</strong></span> <span class='ocrx_word' id='word_1_516' title='bbox 2618 1890 2832 1950; x_wconf 83' lang='lat' dir='ltr'><strong>eausa,</strong></span> <span class='ocrx_word' id='word_1_517' title='bbox 2870 1876 3305 1939; x_wconf 77' lang='lat' dir='ltr'><strong>accommoda-</strong></span> 
     </span>
     <span class='ocr_line' id='line_1_74' title="bbox 1735 1965 3305 2045; baseline 0.004 -20"><span class='ocrx_word' id='word_1_518' title='bbox 1735 1968 1867 2025; x_wconf 83' lang='lat' dir='ltr'><strong>tam</strong></span> <span class='ocrx_word' id='word_1_519' title='bbox 1893 1965 2243 2027; x_wconf 84' lang='lat' dir='ltr'><strong>causalitati</strong></span> <span class='ocrx_word' id='word_1_520' title='bbox 2274 1966 2432 2045; x_wconf 85' lang='lat' dir='ltr'><strong>ejus.</strong></span> <span class='ocrx_word' id='word_1_521' title='bbox 2468 1967 2649 2040; x_wconf 88' lang='lat' dir='ltr'><strong>Quod</strong></span> <span class='ocrx_word' id='word_1_522' title='bbox 2678 1968 2839 2030; x_wconf 90' lang='lat' dir='ltr'><strong>adeo</strong></span> <span class='ocrx_word' id='word_1_523' title='bbox 2870 1976 3164 2033; x_wconf 86' lang='lat' dir='ltr'><strong>constans</strong></span> <span class='ocrx_word' id='word_1_524' title='bbox 3188 1969 3305 2031; x_wconf 83' lang='lat' dir='ltr'><strong>fnit</strong></span> 
     </span>
     <span class='ocr_line' id='line_1_75' title="bbox 1738 2056 3305 2142; baseline 0.002 -22"><span class='ocrx_word' id='word_1_525' title='bbox 1738 2056 1910 2137; x_wconf 83' lang='lat' dir='ltr'><strong>apud</strong></span> <span class='ocrx_word' id='word_1_526' title='bbox 1951 2058 2325 2139; x_wconf 75' lang='lat' dir='ltr'><strong>Theologo5‚</strong></span> <span class='ocrx_word' id='word_1_527' title='bbox 2354 2066 2423 2121; x_wconf 90' lang='lat' dir='ltr'><strong>ut</strong></span> <span class='ocrx_word' id='word_1_528' title='bbox 2450 2060 2641 2122; x_wconf 86' lang='lat' dir='ltr'><strong>etiem</strong></span> <span class='ocrx_word' id='word_1_529' title='bbox 2686 2061 2753 2121; x_wconf 88' lang='lat' dir='ltr'><strong>in</strong></span> <span class='ocrx_word' id='word_1_530' title='bbox 2780 2060 3005 2125; x_wconf 80' lang='lat' dir='ltr'><strong>divinis</strong></span> <span class='ocrx_word' id='word_1_531' title='bbox 3050 2080 3305 2142; x_wconf 85' lang='lat' dir='ltr'><strong>proces-</strong></span> 
     </span>
     <span class='ocr_line' id='line_1_76' title="bbox 1737 2150 3303 2234; baseline 0.004 -23"><span class='ocrx_word' id='word_1_532' title='bbox 1737 2150 2019 2211; x_wconf 83' lang='lat' dir='ltr'><strong>sionibus</strong></span> <span class='ocrx_word' id='word_1_533' title='bbox 2042 2168 2158 2213; x_wconf 88' lang='lat' dir='ltr'><strong>seu</strong></span> <span class='ocrx_word' id='word_1_534' title='bbox 2182 2152 2685 2215; x_wconf 83' lang='lat' dir='ltr'><strong>emanationibus</strong></span> <span class='ocrx_word' id='word_1_535' title='bbox 2705 2154 2787 2215; x_wconf 88' lang='lat' dir='ltr'><strong>ad</strong></span> <span class='ocrx_word' id='word_1_536' title='bbox 2806 2156 2995 2231; x_wconf 88' lang='lat' dir='ltr'><strong>intra,</strong></span> <span class='ocrx_word' id='word_1_537' title='bbox 3018 2156 3303 2234; x_wconf 73' lang='lat' dir='ltr'><strong>quamvis</strong></span> 
     </span>
     <span class='ocr_line' id='line_1_77' title="bbox 1737 2244 3305 2325; baseline 0.003 -20"><span class='ocrx_word' id='word_1_538' title='bbox 1737 2244 1872 2305; x_wconf 86' lang='lat' dir='ltr'><strong>sine</strong></span> <span class='ocrx_word' id='word_1_539' title='bbox 1897 2244 2481 2323; x_wconf 83' lang='lat' dir='ltr'><strong>imperfectionibus</strong></span> <span class='ocrx_word' id='word_1_540' title='bbox 2507 2247 2893 2310; x_wconf 80' lang='lat' dir='ltr'><strong>causalitatis</strong></span> <span class='ocrx_word' id='word_1_541' title='bbox 2922 2250 3214 2325; x_wconf 83' lang='lat' dir='ltr'><strong>existant,</strong></span> <span class='ocrx_word' id='word_1_542' title='bbox 3240 2254 3305 2310; x_wconf 89' lang='lat' dir='ltr'><strong>et</strong></span> 
     </span>
     <span class='ocr_line' id='line_1_78' title="bbox 1739 2336 3303 2417; baseline 0.003 -18"><span class='ocrx_word' id='word_1_543' title='bbox 1739 2337 1874 2399; x_wconf 86' lang='lat' dir='ltr'><strong>sine</strong></span> <span class='ocrx_word' id='word_1_544' title='bbox 1903 2336 2331 2417; x_wconf 83' lang='lat' dir='ltr'><strong>dependentia</strong></span> <span class='ocrx_word' id='word_1_545' title='bbox 2350 2384 2371 2414; x_wconf 93' lang='lat'><strong>,</strong></span> <span class='ocrx_word' id='word_1_546' title='bbox 2400 2340 2527 2401; x_wconf 85' lang='lat' dir='ltr'><strong>imo&#39;</strong></span> <span class='ocrx_word' id='word_1_547' title='bbox 2555 2341 2689 2403; x_wconf 86' lang='lat' dir='ltr'><strong>sine</strong></span> <span class='ocrx_word' id='word_1_548' title='bbox 2714 2342 2871 2403; x_wconf 86' lang='lat' dir='ltr'><strong>reali</strong></span> <span class='ocrx_word' id='word_1_549' title='bbox 2904 2343 3303 2405; x_wconf 86' lang='lat' dir='ltr'><strong>emanatione</strong></span> 
     </span>
     <span class='ocr_line' id='line_1_79' title="bbox 1735 2431 3304 2515; baseline 0.004 -24"><span class='ocrx_word' id='word_1_550' title='bbox 1735 2431 1936 2511; x_wconf 87' lang='lat' dir='ltr'><strong>ipsius</strong></span> <span class='ocrx_word' id='word_1_551' title='bbox 1960 2431 2221 2511; x_wconf 81' lang='lat' dir='ltr'><strong>originis</strong></span> <span class='ocrx_word' id='word_1_552' title='bbox 2246 2433 2459 2495; x_wconf 60' lang='lat' dir='ltr'><strong>activas</strong></span> <span class='ocrx_word' id='word_1_553' title='bbox 2478 2478 2494 2508; x_wconf 93' lang='lat'><strong>,</strong></span> <span class='ocrx_word' id='word_1_554' title='bbox 2520 2433 2635 2499; x_wconf 87' lang='lat' dir='ltr'><strong>sed</strong></span> <span class='ocrx_word' id='word_1_555' title='bbox 2660 2438 2902 2497; x_wconf 87' lang='lat' dir='ltr'><strong>tantum</strong></span> <span class='ocrx_word' id='word_1_556' title='bbox 2930 2434 3131 2515; x_wconf 83' lang='lat' dir='ltr'><strong>ipsius</strong></span> <span class='ocrx_word' id='word_1_557' title='bbox 3164 2452 3304 2515; x_wconf 88' lang='lat' dir='ltr'><strong>per-</strong></span> 
     </span>
     <span class='ocr_line' id='line_1_80' title="bbox 1735 2525 3305 2609; baseline 0.001 -21"><span class='ocrx_word' id='word_1_558' title='bbox 1735 2544 1906 2588; x_wconf 82' lang='lat' dir='ltr'><strong>sonae</strong></span> <span class='ocrx_word' id='word_1_559' title='bbox 1933 2525 2291 2606; x_wconf 72' lang='lat' dir='ltr'><strong>productae,</strong></span> <span class='ocrx_word' id='word_1_560' title='bbox 2324 2528 2753 2605; x_wconf 86' lang='lat' dir='ltr'><strong>nihilominus,</strong></span> <span class='ocrx_word' id='word_1_561' title='bbox 2800 2529 2949 2609; x_wconf 85' lang='lat' dir='ltr'><strong>quia</strong></span> <span class='ocrx_word' id='word_1_562' title='bbox 2994 2528 3114 2591; x_wconf 78' lang='lat' dir='ltr'><strong>illes</strong></span> <span class='ocrx_word' id='word_1_563' title='bbox 3156 2532 3305 2589; x_wconf 85' lang='lat' dir='ltr'><strong>sunt</strong></span> 
     </span>
     <span class='ocr_line' id='line_1_81' title="bbox 1737 2619 3303 2699; baseline 0.001 -18"><span class='ocrx_word' id='word_1_564' title='bbox 1737 2636 1904 2681; x_wconf 80' lang='lat' dir='ltr'><strong>verae</strong></span> <span class='ocrx_word' id='word_1_565' title='bbox 1940 2619 2389 2699; x_wconf 77' lang='lat' dir='ltr'><strong>productiones</strong></span> <span class='ocrx_word' id='word_1_566' title='bbox 2413 2623 2640 2698; x_wconf 84' lang='lat' dir='ltr'><strong>reales,</strong></span> <span class='ocrx_word' id='word_1_567' title='bbox 2671 2623 3029 2685; x_wconf 86' lang='lat' dir='ltr'><strong>necessario</strong></span> <span class='ocrx_word' id='word_1_568' title='bbox 3052 2622 3137 2687; x_wconf 85' lang='lat' dir='ltr'><strong>ad</strong></span> <span class='ocrx_word' id='word_1_569' title='bbox 3160 2622 3303 2683; x_wconf 84' lang='lat' dir='ltr'><strong>illas</strong></span> 
     </span>
     <span class='ocr_line' id='line_1_82' title="bbox 1738 2712 3305 2795; baseline 0.001 -21"><span class='ocrx_word' id='word_1_570' title='bbox 1738 2712 2067 2792; x_wconf 84' lang='lat' dir='ltr'><strong>requirunt</strong></span> <span class='ocrx_word' id='word_1_571' title='bbox 2114 2714 2463 2793; x_wconf 88' lang='lat' dir='ltr'><strong>potentiam</strong></span> <span class='ocrx_word' id='word_1_572' title='bbox 2518 2715 2941 2795; x_wconf 75' lang='lat' dir='ltr'><strong>producendi3</strong></span> <span class='ocrx_word' id='word_1_573' title='bbox 2992 2722 3057 2777; x_wconf 91' lang='lat' dir='ltr'><strong>et</strong></span> <span class='ocrx_word' id='word_1_574' title='bbox 3104 2716 3189 2779; x_wconf 87' lang='lat' dir='ltr'><strong>ita</strong></span> <span class='ocrx_word' id='word_1_575' title='bbox 3240 2716 3305 2776; x_wconf 90' lang='lat' dir='ltr'><strong>in</strong></span> 
     </span>
     <span class='ocr_line' id='line_1_83' title="bbox 1741 2806 3303 2889; baseline 0.002 -22"><span class='ocrx_word' id='word_1_576' title='bbox 1741 2806 1920 2867; x_wconf 85' lang='lat' dir='ltr'><strong>Patre</strong></span> <span class='ocrx_word' id='word_1_577' title='bbox 1951 2806 2169 2870; x_wconf 89' lang='lat' dir='ltr'><strong>dicunt</strong></span> <span class='ocrx_word' id='word_1_578' title='bbox 2198 2826 2333 2869; x_wconf 88' lang='lat' dir='ltr'><strong>esse</strong></span> <span class='ocrx_word' id='word_1_579' title='bbox 2362 2810 2708 2888; x_wconf 87' lang='lat' dir='ltr'><strong>potentiam</strong></span> <span class='ocrx_word' id='word_1_580' title='bbox 2734 2808 3083 2889; x_wconf 73' lang='lat' dir='ltr'><strong>generandi</strong></span> <span class='ocrx_word' id='word_1_581' title='bbox 3098 2826 3119 2887; x_wconf 84' lang='lat'>3</span> <span class='ocrx_word' id='word_1_582' title='bbox 3150 2814 3215 2871; x_wconf 87' lang='lat' dir='ltr'><strong>et</strong></span> <span class='ocrx_word' id='word_1_583' title='bbox 3238 2809 3303 2871; x_wconf 85' lang='lat' dir='ltr'><strong>in</strong></span> 
     </span>
     <span class='ocr_line' id='line_1_84' title="bbox 1739 2900 3303 2983; baseline 0 -20"><span class='ocrx_word' id='word_1_584' title='bbox 1739 2900 1920 2963; x_wconf 88' lang='lat' dir='ltr'><strong>Patre</strong></span> <span class='ocrx_word' id='word_1_585' title='bbox 1970 2906 2033 2963; x_wconf 86' lang='lat' dir='ltr'><strong>et</strong></span> <span class='ocrx_word' id='word_1_586' title='bbox 2076 2900 2227 2963; x_wconf 91' lang='lat' dir='ltr'><strong>Filio</strong></span> <span class='ocrx_word' id='word_1_587' title='bbox 2274 2901 2623 2982; x_wconf 89' lang='lat' dir='ltr'><strong>potentiam</strong></span> <span class='ocrx_word' id='word_1_588' title='bbox 2666 2902 2965 2983; x_wconf 86' lang='lat' dir='ltr'><strong>spirandi.</strong></span> <span class='ocrx_word' id='word_1_589' title='bbox 2996 2903 3105 2965; x_wconf 82' lang='lat' dir='ltr'><strong>Est</strong></span> <span class='ocrx_word' id='word_1_590' title='bbox 3152 2918 3303 2981; x_wconf 82' lang='lat' dir='ltr'><strong>ergo</strong></span> 
     </span>
     <span class='ocr_line' id='line_1_85' title="bbox 1738 2993 3305 3075; baseline 0.002 -22"><span class='ocrx_word' id='word_1_591' title='bbox 1738 2993 1860 3054; x_wconf 89' lang='lat' dir='ltr'><strong>hoc</strong></span> <span class='ocrx_word' id='word_1_592' title='bbox 1903 2994 2281 3074; x_wconf 84' lang='lat' dir='ltr'><strong>principium</strong></span> <span class='ocrx_word' id='word_1_593' title='bbox 2324 2996 2777 3072; x_wconf 82' lang='lat' dir='ltr'><strong>certissimum3</strong></span> <span class='ocrx_word' id='word_1_594' title='bbox 2810 3002 2873 3059; x_wconf 89' lang='lat' dir='ltr'><strong>et</strong></span> <span class='ocrx_word' id='word_1_595' title='bbox 2922 2997 3207 3075; x_wconf 82' lang='lat' dir='ltr'><strong>quamvis</strong></span> <span class='ocrx_word' id='word_1_596' title='bbox 3240 2997 3305 3056; x_wconf 91' lang='lat' dir='ltr'><strong>in</strong></span> 
     </span>
     <span class='ocr_line' id='line_1_86' title="bbox 1738 3086 3306 3163; baseline 0.001 -16"><span class='ocrx_word' id='word_1_597' title='bbox 1738 3086 1869 3161; x_wconf 82' lang='lat' dir='ltr'><strong>illo,</strong></span> <span class='ocrx_word' id='word_1_598' title='bbox 1893 3095 1963 3149; x_wconf 87' lang='lat' dir='ltr'><strong>ut</strong></span> <span class='ocrx_word' id='word_1_599' title='bbox 1986 3086 2137 3161; x_wconf 78' lang='lat' dir='ltr'><strong>dixi,</strong></span> <span class='ocrx_word' id='word_1_600' title='bbox 2164 3088 2613 3151; x_wconf 81' lang='lat' dir='ltr'><strong>conveniamus</strong></span> <span class='ocrx_word' id='word_1_601' title='bbox 2641 3106 2885 3163; x_wconf 72' lang='lat' dir='ltr'><strong>omnen,</strong></span> <span class='ocrx_word' id='word_1_602' title='bbox 2908 3090 3065 3151; x_wconf 89' lang='lat' dir='ltr'><strong>illud</strong></span> <span class='ocrx_word' id='word_1_603' title='bbox 3090 3096 3306 3151; x_wconf 84' lang='lat' dir='ltr'><strong>tamen</strong></span> 
     </span>
     <span class='ocr_line' id='line_1_87' title="bbox 1741 3179 3307 3245; baseline 0.001 -4"><span class='ocrx_word' id='word_1_604' title='bbox 1741 3179 2035 3242; x_wconf 84' lang='lat' dir='ltr'><strong>omnibus</strong></span> <span class='ocrx_word' id='word_1_605' title='bbox 2082 3182 2434 3243; x_wconf 85' lang='lat' dir='ltr'><strong>rationibus</strong></span> <span class='ocrx_word' id='word_1_606' title='bbox 2478 3182 2764 3245; x_wconf 87' lang='lat' dir='ltr'><strong>adductis</strong></span> <span class='ocrx_word' id='word_1_607' title='bbox 2820 3183 3191 3245; x_wconf 86' lang='lat' dir='ltr'><strong>confirmare</strong></span> <span class='ocrx_word' id='word_1_608' title='bbox 3242 3186 3307 3243; x_wconf 89' lang='lat' dir='ltr'><strong>et</strong></span> 
     </span>
     <span class='ocr_line' id='line_1_88' title="bbox 1741 3273 3305 3355; baseline 0.001 -21"><span class='ocrx_word' id='word_1_609' title='bbox 1741 3273 2067 3337; x_wconf 82' lang='lat' dir='ltr'><strong>declarare</strong></span> <span class='ocrx_word' id='word_1_610' title='bbox 2096 3276 2289 3353; x_wconf 80' lang='lat' dir='ltr'><strong>volui,</strong></span> <span class='ocrx_word' id='word_1_611' title='bbox 2332 3277 2481 3355; x_wconf 86' lang='lat' dir='ltr'><strong>q’uia</strong></span> <span class='ocrx_word' id='word_1_612' title='bbox 2524 3296 2603 3340; x_wconf 85' lang='lat' dir='ltr'><strong>ex</strong></span> <span class='ocrx_word' id='word_1_613' title='bbox 2647 3296 2725 3339; x_wconf 88' lang='lat' dir='ltr'><strong>eo</strong></span> <span class='ocrx_word' id='word_1_614' title='bbox 2768 3276 3045 3355; x_wconf 84' lang='lat' dir='ltr'><strong>pendent</strong></span> <span class='ocrx_word' id='word_1_615' title='bbox 3094 3274 3305 3338; x_wconf 85' lang='lat' dir='ltr'><strong>omnia</strong></span> 
     </span>
     <span class='ocr_line' id='line_1_89' title="bbox 1741 3367 3305 3449; baseline 0.001 -22"><span class='ocrx_word' id='word_1_616' title='bbox 1741 3383 1884 3445; x_wconf 73' lang='lat' dir='ltr'><strong>qum</strong></span> <span class='ocrx_word' id='word_1_617' title='bbox 1915 3367 2181 3429; x_wconf 83' lang='lat' dir='ltr'><strong>dicenda</strong></span> <span class='ocrx_word' id='word_1_618' title='bbox 2214 3374 2382 3444; x_wconf 85' lang='lat' dir='ltr'><strong>sunt,</strong></span> <span class='ocrx_word' id='word_1_619' title='bbox 2416 3376 2480 3431; x_wconf 86' lang='lat' dir='ltr'><strong>et</strong></span> <span class='ocrx_word' id='word_1_620' title='bbox 2528 3370 2675 3449; x_wconf 86' lang='lat' dir='ltr'><strong>quia</strong></span> <span class='ocrx_word' id='word_1_621' title='bbox 2716 3369 2919 3443; x_wconf 84' lang='lat' dir='ltr'><strong>multi,</strong></span> <span class='ocrx_word' id='word_1_622' title='bbox 2950 3370 3055 3449; x_wconf 89' lang='lat' dir='ltr'><strong>qui</strong></span> <span class='ocrx_word' id='word_1_623' title='bbox 3098 3368 3305 3430; x_wconf 76' lang='lat' dir='ltr'><strong>verbis</strong></span> 
     </span>
     <span class='ocr_line' id='line_1_90' title="bbox 1740 3460 3305 3543; baseline 0.001 -22"><span class='ocrx_word' id='word_1_624' title='bbox 1740 3460 1895 3522; x_wconf 89' lang='lat' dir='ltr'><strong>illud</strong></span> <span class='ocrx_word' id='word_1_625' title='bbox 1927 3461 2285 3538; x_wconf 84' lang='lat' dir='ltr'><strong>admittunt,</strong></span> <span class='ocrx_word' id='word_1_626' title='bbox 2308 3469 2525 3542; x_wconf 83' lang='lat' dir='ltr'><strong>postea</strong></span> <span class='ocrx_word' id='word_1_627' title='bbox 2551 3464 2613 3524; x_wconf 89' lang='lat' dir='ltr'><strong>in</strong></span> <span class='ocrx_word' id='word_1_628' title='bbox 2640 3464 2847 3543; x_wconf 84' lang='lat' dir='ltr'><strong>reipsa</strong></span> <span class='ocrx_word' id='word_1_629' title='bbox 2872 3464 3059 3543; x_wconf 79' lang='lat' dir='ltr'><strong>longe</strong></span> <span class='ocrx_word' id='word_1_630' title='bbox 3090 3462 3172 3523; x_wconf 83' lang='lat' dir='ltr'><strong>ab</strong></span> <span class='ocrx_word' id='word_1_631' title='bbox 3200 3461 3305 3523; x_wconf 86' lang='lat' dir='ltr'><strong>illo</strong></span> 
     </span>
     <span class='ocr_line' id='line_1_91' title="bbox 1739 3554 3101 3637; baseline -0.001 -20"><span class='ocrx_word' id='word_1_632' title='bbox 1739 3554 1975 3617; x_wconf 84' lang='lat' dir='ltr'><strong>distare</strong></span> <span class='ocrx_word' id='word_1_633' title='bbox 1992 3555 2307 3631; x_wconf 85' lang='lat' dir='ltr'><strong>videntur,</strong></span> <span class='ocrx_word' id='word_1_634' title='bbox 2334 3562 2403 3617; x_wconf 90' lang='lat' dir='ltr'><strong>ut</strong></span> <span class='ocrx_word' id='word_1_635' title='bbox 2426 3574 2505 3619; x_wconf 84' lang='lat' dir='ltr'><strong>ex</strong></span> <span class='ocrx_word' id='word_1_636' title='bbox 2534 3556 2817 3619; x_wconf 85' lang='lat' dir='ltr'><strong>dicendis</strong></span> <span class='ocrx_word' id='word_1_637' title='bbox 2844 3556 3101 3637; x_wconf 85' lang='lat' dir='ltr'><strong>patebit.</strong></span> 
     </span>
    </p>

    <p class='ocr_par' dir='ltr' id='par_1_7' title="bbox 1737 3648 3327 5621">
     <span class='ocr_line' id='line_1_92' title="bbox 1823 3648 3311 3715; baseline 0.001 -6"><span class='ocrx_word' id='word_1_638' title='bbox 1823 3651 1922 3709; x_wconf 80' lang='lat'><strong>11.</strong></span> <span class='ocrx_word' id='word_1_639' title='bbox 1975 3648 2187 3715; x_wconf 75' lang='lat' dir='ltr'><strong>Virtus</strong></span> <span class='ocrx_word' id='word_1_640' title='bbox 2212 3650 2705 3714; x_wconf 67' lang='lat' dir='ltr'><strong>instrumentalis</strong></span> <span class='ocrx_word' id='word_1_641' title='bbox 2730 3652 2797 3714; x_wconf 74' lang='lat' dir='ltr'><strong>is</strong></span> <span class='ocrx_word' id='word_1_642' title='bbox 2824 3648 3053 3713; x_wconf 74' lang='lat' dir='ltr'><strong>divinis</strong></span> <span class='ocrx_word' id='word_1_643' title='bbox 3080 3650 3311 3712; x_wconf 68' lang='lat' dir='ltr'><strong>instru-</strong></span> 
     </span>
     <span class='ocr_line' id='line_1_93' title="bbox 1737 3742 3310 3825; baseline -0.001 -21"><span class='ocrx_word' id='word_1_644' title='bbox 1737 3742 1961 3807; x_wconf 64' lang='lat' dir='ltr'><strong>mnas</strong></span> <span class='ocrx_word' id='word_1_645' title='bbox 1997 3760 2118 3806; x_wconf 72' lang='lat' dir='ltr'><strong>non</strong></span> <span class='ocrx_word' id='word_1_646' title='bbox 2153 3748 2242 3806; x_wconf 71' lang='lat' dir='ltr'><strong>est</strong></span> <span class='ocrx_word' id='word_1_647' title='bbox 2266 3744 2538 3824; x_wconf 70' lang='lat' dir='ltr'><strong>qualitas</strong></span> <span class='ocrx_word' id='word_1_648' title='bbox 2564 3743 3310 3825; x_wconf 50' lang='lat' dir='ltr'><strong>superaddita—Secun-</strong></span> 
     </span>
     <span class='ocr_line' id='line_1_94' title="bbox 1741 3834 3311 3915; baseline 0 -20"><span class='ocrx_word' id='word_1_649' title='bbox 1741 3834 1894 3895; x_wconf 90' lang='lat' dir='ltr'><strong>dum</strong></span> <span class='ocrx_word' id='word_1_650' title='bbox 1915 3836 2295 3915; x_wconf 86' lang='lat' dir='ltr'><strong>principium</strong></span> <span class='ocrx_word' id='word_1_651' title='bbox 2316 3840 2410 3898; x_wconf 85' lang='lat' dir='ltr'><strong>est</strong></span> <span class='ocrx_word' id='word_1_652' title='bbox 2430 3838 2726 3898; x_wconf 74' lang='lat' dir='ltr'><strong>virtutem</strong></span> <span class='ocrx_word' id='word_1_653' title='bbox 2744 3838 2908 3897; x_wconf 81' lang='lat' dir='ltr'><strong>lianc</strong></span> <span class='ocrx_word' id='word_1_654' title='bbox 2930 3836 3311 3897; x_wconf 85' lang='lat' dir='ltr'><strong>instrumen-</strong></span> 
     </span>
     <span class='ocr_line' id='line_1_95' title="bbox 1740 3928 3313 4009; baseline -0.001 -19"><span class='ocrx_word' id='word_1_655' title='bbox 1740 3929 1959 4005; x_wconf 86' lang='lat' dir='ltr'><strong>talem,</strong></span> <span class='ocrx_word' id='word_1_656' title='bbox 1983 3946 2125 4009; x_wconf 83' lang='lat' dir='ltr'><strong>quee</strong></span> <span class='ocrx_word' id='word_1_657' title='bbox 2158 3929 2511 3991; x_wconf 86' lang='lat' dir='ltr'><strong>necessaria</strong></span> <span class='ocrx_word' id='word_1_658' title='bbox 2540 3934 2635 3991; x_wconf 86' lang='lat' dir='ltr'><strong>est</strong></span> <span class='ocrx_word' id='word_1_659' title='bbox 2666 3930 2733 3990; x_wconf 90' lang='lat' dir='ltr'><strong>in</strong></span> <span class='ocrx_word' id='word_1_660' title='bbox 2762 3928 3193 3991; x_wconf 86' lang='lat' dir='ltr'><strong>instrumentis</strong></span> <span class='ocrx_word' id='word_1_661' title='bbox 3218 3928 3313 3989; x_wconf 85' lang='lat' dir='ltr'><strong>di-</strong></span> 
     </span>
     <span class='ocr_line' id='line_1_96' title="bbox 1741 4022 3312 4102; baseline 0 -19"><span class='ocrx_word' id='word_1_662' title='bbox 1741 4022 1926 4097; x_wconf 78' lang='lat' dir='ltr'><strong>vinis,</strong></span> <span class='ocrx_word' id='word_1_663' title='bbox 1958 4029 2031 4084; x_wconf 92' lang='lat' dir='ltr'><strong>ut</strong></span> <span class='ocrx_word' id='word_1_664' title='bbox 2058 4023 2208 4085; x_wconf 85' lang='lat' dir='ltr'><strong>talia</strong></span> <span class='ocrx_word' id='word_1_665' title='bbox 2247 4030 2429 4099; x_wconf 87' lang='lat' dir='ltr'><strong>sunt,</strong></span> <span class='ocrx_word' id='word_1_666' title='bbox 2468 4042 2597 4085; x_wconf 86' lang='lat' dir='ltr'><strong>non</strong></span> <span class='ocrx_word' id='word_1_667' title='bbox 2640 4042 2779 4085; x_wconf 87' lang='lat' dir='ltr'><strong>esse</strong></span> <span class='ocrx_word' id='word_1_668' title='bbox 2808 4023 3174 4102; x_wconf 83' lang='lat' dir='ltr'><strong>qualitatem</strong></span> <span class='ocrx_word' id='word_1_669' title='bbox 3202 4022 3312 4083; x_wconf 78' lang='lat' dir='ltr'><strong>ali-</strong></span> 
     </span>
     <span class='ocr_line' id='line_1_97' title="bbox 1744 4114 3312 4197; baseline 0.001 -23"><span class='ocrx_word' id='word_1_670' title='bbox 1744 4132 1938 4194; x_wconf 87' lang='lat' dir='ltr'><strong>quam</strong></span> <span class='ocrx_word' id='word_1_671' title='bbox 1968 4116 2467 4196; x_wconf 87' lang='lat' dir='ltr'><strong>superadditam,</strong></span> <span class='ocrx_word' id='word_1_672' title='bbox 2486 4116 2661 4177; x_wconf 82' lang='lat' dir='ltr'><strong>verbi</strong></span> <span class='ocrx_word' id='word_1_673' title='bbox 2688 4118 2908 4197; x_wconf 78' lang='lat' dir='ltr'><strong>gratia,</strong></span> <span class='ocrx_word' id='word_1_674' title='bbox 2935 4114 3312 4179; x_wconf 84' lang='lat' dir='ltr'><strong>humanitati</strong></span> 
     </span>
     <span class='ocr_line' id='line_1_98' title="bbox 1747 4208 3317 4291; baseline -0.003 -18"><span class='ocrx_word' id='word_1_675' title='bbox 1747 4209 1997 4285; x_wconf 88' lang='lat' dir='ltr'><strong>Christi,</strong></span> <span class='ocrx_word' id='word_1_676' title='bbox 2022 4215 2135 4271; x_wconf 87' lang='lat' dir='ltr'><strong>aut</strong></span> <span class='ocrx_word' id='word_1_677' title='bbox 2160 4210 2301 4272; x_wconf 84' lang='lat' dir='ltr'><strong>voci</strong></span> <span class='ocrx_word' id='word_1_678' title='bbox 2328 4210 2487 4291; x_wconf 86' lang='lat' dir='ltr'><strong>ejus,</strong></span> <span class='ocrx_word' id='word_1_679' title='bbox 2514 4210 2895 4289; x_wconf 82' lang='lat' dir='ltr'><strong>realiterque</strong></span> <span class='ocrx_word' id='word_1_680' title='bbox 2916 4209 2999 4271; x_wconf 84' lang='lat' dir='ltr'><strong>ab</strong></span> <span class='ocrx_word' id='word_1_681' title='bbox 3036 4209 3161 4271; x_wconf 86' lang='lat' dir='ltr'><strong>illis</strong></span> <span class='ocrx_word' id='word_1_682' title='bbox 3190 4208 3317 4271; x_wconf 88' lang='lat' dir='ltr'><strong>dis-</strong></span> 
     </span>
     <span class='ocr_line' id='line_1_99' title="bbox 1743 4302 3314 4383; baseline 0 -20"><span class='ocrx_word' id='word_1_683' title='bbox 1743 4302 2027 4379; x_wconf 87' lang='lat' dir='ltr'><strong>tinctam,</strong></span> <span class='ocrx_word' id='word_1_684' title='bbox 2070 4302 2245 4382; x_wconf 84' lang='lat' dir='ltr'><strong>quod</strong></span> <span class='ocrx_word' id='word_1_685' title='bbox 2266 4303 2334 4364; x_wconf 90' lang='lat' dir='ltr'><strong>in</strong></span> <span class='ocrx_word' id='word_1_686' title='bbox 2362 4303 2675 4383; x_wconf 87' lang='lat' dir='ltr'><strong>superiori</strong></span> <span class='ocrx_word' id='word_1_687' title='bbox 2714 4303 2997 4365; x_wconf 88' lang='lat' dir='ltr'><strong>sectione</strong></span> <span class='ocrx_word' id='word_1_688' title='bbox 3024 4302 3175 4365; x_wconf 85' lang='lat' dir='ltr'><strong>satis</strong></span> <span class='ocrx_word' id='word_1_689' title='bbox 3214 4320 3314 4363; x_wconf 88' lang='lat' dir='ltr'><strong>os-</strong></span> 
     </span>
     <span class='ocr_line' id='line_1_100' title="bbox 1743 4395 3313 4476; baseline 0 -19"><span class='ocrx_word' id='word_1_690' title='bbox 1743 4395 1957 4473; x_wconf 83' lang='lat' dir='ltr'><strong>tendi3</strong></span> <span class='ocrx_word' id='word_1_691' title='bbox 1981 4402 2045 4457; x_wconf 89' lang='lat' dir='ltr'><strong>et</strong></span> <span class='ocrx_word' id='word_1_692' title='bbox 2070 4395 2137 4457; x_wconf 87' lang='lat' dir='ltr'><strong>in</strong></span> <span class='ocrx_word' id='word_1_693' title='bbox 2166 4398 2349 4459; x_wconf 87' lang='lat' dir='ltr'><strong>tertio</strong></span> <span class='ocrx_word' id='word_1_694' title='bbox 2374 4400 2553 4459; x_wconf 88' lang='lat' dir='ltr'><strong>tomo</strong></span> <span class='ocrx_word' id='word_1_695' title='bbox 2585 4397 2669 4459; x_wconf 89' lang='lat' dir='ltr'><strong>de</strong></span> <span class='ocrx_word' id='word_1_696' title='bbox 2706 4398 3143 4471; x_wconf 85' lang='lat' dir='ltr'><strong>sacramentis,</strong></span> <span class='ocrx_word' id='word_1_697' title='bbox 3174 4396 3313 4476; x_wconf 87' lang='lat' dir='ltr'><strong>plu·</strong></span> 
     </span>
     <span class='ocr_line' id='line_1_101' title="bbox 1743 4488 3315 4569; baseline 0.001 -19"><span class='ocrx_word' id='word_1_698' title='bbox 1743 4506 1817 4550; x_wconf 86' lang='lat' dir='ltr'><strong>ra</strong></span> <span class='ocrx_word' id='word_1_699' title='bbox 1857 4488 1942 4551; x_wconf 87' lang='lat' dir='ltr'><strong>ad</strong></span> <span class='ocrx_word' id='word_1_700' title='bbox 1974 4488 2043 4551; x_wconf 88' lang='lat' dir='ltr'><strong>id</strong></span> <span class='ocrx_word' id='word_1_701' title='bbox 2076 4488 2581 4551; x_wconf 84' lang='lat' dir='ltr'><strong>confirmandum</strong></span> <span class='ocrx_word' id='word_1_702' title='bbox 2612 4490 2947 4565; x_wconf 86' lang='lat' dir='ltr'><strong>adducam,</strong></span> <span class='ocrx_word' id='word_1_703' title='bbox 2984 4504 3187 4569; x_wconf 77' lang='lat' dir='ltr'><strong>pauca</strong></span> <span class='ocrx_word' id='word_1_704' title='bbox 3212 4494 3315 4551; x_wconf 84' lang='lat' dir='ltr'><strong>ta-</strong></span> 
     </span>
     <span class='ocr_line' id='line_1_102' title="bbox 1743 4580 3315 4663; baseline -0.001 -18"><span class='ocrx_word' id='word_1_705' title='bbox 1743 4580 1894 4645; x_wconf 70' lang='lat' dir='ltr'><strong>men</strong></span> <span class='ocrx_word' id='word_1_706' title='bbox 1933 4581 2036 4644; x_wconf 89' lang='lat' dir='ltr'><strong>hic</strong></span> <span class='ocrx_word' id='word_1_707' title='bbox 2068 4580 2338 4646; x_wconf 87' lang='lat' dir='ltr'><strong>dicenda</strong></span> <span class='ocrx_word' id='word_1_708' title='bbox 2368 4589 2537 4646; x_wconf 89' lang='lat' dir='ltr'><strong>sunt.</strong></span> <span class='ocrx_word' id='word_1_709' title='bbox 2580 4584 2829 4663; x_wconf 88' lang='lat' dir='ltr'><strong>Loquor</strong></span> <span class='ocrx_word' id='word_1_710' title='bbox 2863 4584 3055 4663; x_wconf 79' lang='lat' dir='ltr'><strong>igitur</strong></span> <span class='ocrx_word' id='word_1_711' title='bbox 3091 4583 3175 4646; x_wconf 89' lang='lat' dir='ltr'><strong>de</strong></span> <span class='ocrx_word' id='word_1_712' title='bbox 3218 4582 3315 4643; x_wconf 89' lang='lat' dir='ltr'><strong>in·-</strong></span> 
     </span>
     <span class='ocr_line' id='line_1_103' title="bbox 1745 4674 3315 4751; baseline 0 -16"><span class='ocrx_word' id='word_1_713' title='bbox 1745 4680 2101 4739; x_wconf 87' lang='lat' dir='ltr'><strong>strumento</strong></span> <span class='ocrx_word' id='word_1_714' title='bbox 2120 4674 2235 4738; x_wconf 91' lang='lat' dir='ltr'><strong>Dei</strong></span> <span class='ocrx_word' id='word_1_715' title='bbox 2258 4683 2329 4737; x_wconf 88' lang='lat' dir='ltr'><strong>nt</strong></span> <span class='ocrx_word' id='word_1_716' title='bbox 2357 4676 2847 4739; x_wconf 80' lang='lat' dir='ltr'><strong>instrumentum</strong></span> <span class='ocrx_word' id='word_1_717' title='bbox 2874 4681 2991 4751; x_wconf 85' lang='lat' dir='ltr'><strong>est,</strong></span> <span class='ocrx_word' id='word_1_718' title='bbox 3006 4682 3077 4737; x_wconf 90' lang='lat' dir='ltr'><strong>ut</strong></span> <span class='ocrx_word' id='word_1_719' title='bbox 3102 4675 3315 4737; x_wconf 83' lang='lat' dir='ltr'><strong>exclu-</strong></span> 
     </span>
     <span class='ocr_line' id='line_1_104' title="bbox 1741 4768 3310 4849; baseline 0 -19"><span class='ocrx_word' id='word_1_720' title='bbox 1741 4768 1890 4831; x_wconf 86' lang='lat' dir='ltr'><strong>dam</strong></span> <span class='ocrx_word' id='word_1_721' title='bbox 1920 4768 2303 4833; x_wconf 81' lang='lat' dir='ltr'><strong>infusionem</strong></span> <span class='ocrx_word' id='word_1_722' title='bbox 2340 4772 2915 4849; x_wconf 83' lang='lat' dir='ltr'><strong>supernaturalium</strong></span> <span class='ocrx_word' id='word_1_723' title='bbox 2956 4770 3310 4843; x_wconf 83' lang='lat' dir='ltr'><strong>habituum,</strong></span> 
     </span>
     <span class='ocr_line' id='line_1_105' title="bbox 1745 4862 3315 4943; baseline 0.001 -20"><span class='ocrx_word' id='word_1_724' title='bbox 1745 4878 1860 4923; x_wconf 90' lang='lat' dir='ltr'><strong>seu</strong></span> <span class='ocrx_word' id='word_1_725' title='bbox 1887 4862 2189 4925; x_wconf 83' lang='lat' dir='ltr'><strong>virtutum</strong></span> <span class='ocrx_word' id='word_1_726' title='bbox 2214 4879 2357 4941; x_wconf 59' lang='lat' dir='ltr'><strong>quas</strong></span> <span class='ocrx_word' id='word_1_727' title='bbox 2384 4864 2467 4925; x_wconf 86' lang='lat' dir='ltr'><strong>ad</strong></span> <span class='ocrx_word' id='word_1_728' title='bbox 2494 4864 2841 4927; x_wconf 86' lang='lat' dir='ltr'><strong>eliciendos</strong></span> <span class='ocrx_word' id='word_1_729' title='bbox 2868 4870 3315 4943; x_wconf 85' lang='lat' dir='ltr'><strong>supernatura-</strong></span> 
     </span>
     <span class='ocr_line' id='line_1_106' title="bbox 1745 4954 3317 5037; baseline 0.002 -22"><span class='ocrx_word' id='word_1_730' title='bbox 1745 4954 1840 5015; x_wconf 87' lang='lat' dir='ltr'><strong>les</strong></span> <span class='ocrx_word' id='word_1_731' title='bbox 1885 4959 2063 5018; x_wconf 81' lang='lat' dir='ltr'><strong>actus</strong></span> <span class='ocrx_word' id='word_1_732' title='bbox 2098 4955 2277 5018; x_wconf 80' lang='lat' dir='ltr'><strong>nobis</strong></span> <span class='ocrx_word' id='word_1_733' title='bbox 2322 4956 2582 5031; x_wconf 80' lang='lat' dir='ltr'><strong>dantnr3</strong></span> <span class='ocrx_word' id='word_1_734' title='bbox 2626 4974 2777 5019; x_wconf 85' lang='lat' dir='ltr'><strong>nam</strong></span> <span class='ocrx_word' id='word_1_735' title='bbox 2818 4956 2941 5019; x_wconf 79' lang='lat' dir='ltr'><strong>illae</strong></span> <span class='ocrx_word' id='word_1_736' title='bbox 2978 4958 3317 5037; x_wconf 77' lang='lat' dir='ltr'><strong>qualitates</strong></span> 
     </span>
     <span class='ocr_line' id='line_1_107' title="bbox 1745 5048 3315 5129; baseline 0.001 -20"><span class='ocrx_word' id='word_1_737' title='bbox 1745 5048 1997 5129; x_wconf 86' lang='lat' dir='ltr'><strong>proprie</strong></span> <span class='ocrx_word' id='word_1_738' title='bbox 2042 5066 2175 5111; x_wconf 88' lang='lat' dir='ltr'><strong>non</strong></span> <span class='ocrx_word' id='word_1_739' title='bbox 2224 5048 2455 5111; x_wconf 81' lang='lat' dir='ltr'><strong>dantur</strong></span> <span class='ocrx_word' id='word_1_740' title='bbox 2512 5050 2596 5113; x_wconf 89' lang='lat' dir='ltr'><strong>ad</strong></span> <span class='ocrx_word' id='word_1_741' title='bbox 2638 5051 3039 5113; x_wconf 86' lang='lat' dir='ltr'><strong>efficiendum</strong></span> <span class='ocrx_word' id='word_1_742' title='bbox 3086 5052 3315 5113; x_wconf 84' lang='lat' dir='ltr'><strong>instru-</strong></span> 
     </span>
     <span class='ocr_line' id='line_1_108' title="bbox 1745 5142 3317 5224; baseline 0.001 -21"><span class='ocrx_word' id='word_1_743' title='bbox 1745 5143 2125 5217; x_wconf 80' lang='lat' dir='ltr'><strong>mentaliter,</strong></span> <span class='ocrx_word' id='word_1_744' title='bbox 2156 5142 2271 5205; x_wconf 82' lang='lat' dir='ltr'><strong>sed</strong></span> <span class='ocrx_word' id='word_1_745' title='bbox 2300 5142 2513 5221; x_wconf 85' lang='lat' dir='ltr'><strong>potius</strong></span> <span class='ocrx_word' id='word_1_746' title='bbox 2542 5143 2627 5204; x_wconf 89' lang='lat' dir='ltr'><strong>ad</strong></span> <span class='ocrx_word' id='word_1_747' title='bbox 2657 5146 3051 5224; x_wconf 87' lang='lat' dir='ltr'><strong>operandum</strong></span> <span class='ocrx_word' id='word_1_748' title='bbox 3080 5160 3317 5207; x_wconf 85' lang='lat' dir='ltr'><strong>conna-</strong></span> 
     </span>
     <span class='ocr_line' id='line_1_109' title="bbox 1748 5236 3318 5319; baseline -0.001 -21"><span class='ocrx_word' id='word_1_749' title='bbox 1748 5236 2055 5313; x_wconf 84' lang='lat' dir='ltr'><strong>turaliter,</strong></span> <span class='ocrx_word' id='word_1_750' title='bbox 2084 5242 2150 5297; x_wconf 86' lang='lat' dir='ltr'><strong>et</strong></span> <span class='ocrx_word' id='word_1_751' title='bbox 2164 5253 2281 5315; x_wconf 89' lang='lat' dir='ltr'><strong>per</strong></span> <span class='ocrx_word' id='word_1_752' title='bbox 2304 5236 2567 5298; x_wconf 88' lang='lat' dir='ltr'><strong>modum</strong></span> <span class='ocrx_word' id='word_1_753' title='bbox 2595 5255 2803 5300; x_wconf 79' lang='lat' dir='ltr'><strong>causae</strong></span> <span class='ocrx_word' id='word_1_754' title='bbox 2827 5239 3127 5319; x_wconf 66' lang='lat' dir='ltr'><strong>proximis</strong></span> <span class='ocrx_word' id='word_1_755' title='bbox 3148 5238 3318 5318; x_wconf 85' lang='lat' dir='ltr'><strong>prin·</strong></span> 
     </span>
     <span class='ocr_line' id='line_1_110' title="bbox 1747 5328 3315 5411; baseline -0.002 -19"><span class='ocrx_word' id='word_1_756' title='bbox 1747 5330 1989 5411; x_wconf 87' lang='lat' dir='ltr'><strong>cipalis,</strong></span> <span class='ocrx_word' id='word_1_757' title='bbox 2012 5329 2235 5393; x_wconf 84' lang='lat' dir='ltr'><strong>saltem</strong></span> <span class='ocrx_word' id='word_1_758' title='bbox 2260 5336 2577 5409; x_wconf 87' lang='lat' dir='ltr'><strong>quatenus</strong></span> <span class='ocrx_word' id='word_1_759' title='bbox 2600 5330 2719 5411; x_wconf 88' lang='lat' dir='ltr'><strong>ipsi</strong></span> <span class='ocrx_word' id='word_1_760' title='bbox 2746 5331 2999 5394; x_wconf 81' lang='lat' dir='ltr'><strong>habitus</strong></span> <span class='ocrx_word' id='word_1_761' title='bbox 3021 5331 3209 5393; x_wconf 81' lang='lat' dir='ltr'><strong>infusi</strong></span> <span class='ocrx_word' id='word_1_762' title='bbox 3230 5328 3315 5389; x_wconf 83' lang='lat' dir='ltr'><strong>ad</strong></span> 
     </span>
     <span class='ocr_line' id='line_1_111' title="bbox 1747 5423 3315 5505; baseline -0.003 -18"><span class='ocrx_word' id='word_1_763' title='bbox 1747 5442 1898 5487; x_wconf 87' lang='lat' dir='ltr'><strong>suos</strong></span> <span class='ocrx_word' id='word_1_764' title='bbox 1933 5430 2113 5487; x_wconf 83' lang='lat' dir='ltr'><strong>actus</strong></span> <span class='ocrx_word' id='word_1_765' title='bbox 2146 5430 2563 5499; x_wconf 56' lang='lat' dir='ltr'><strong>concuti-unu</strong></span> <span class='ocrx_word' id='word_1_766' title='bbox 2605 5434 2779 5502; x_wconf 77' lang='lat' dir='ltr'><strong>nam,</strong></span> <span class='ocrx_word' id='word_1_767' title='bbox 2820 5426 2971 5505; x_wconf 89' lang='lat' dir='ltr'><strong>quia</strong></span> <span class='ocrx_word' id='word_1_768' title='bbox 3007 5423 3099 5485; x_wconf 89' lang='lat' dir='ltr'><strong>illi</strong></span> <span class='ocrx_word' id='word_1_769' title='bbox 3138 5428 3315 5485; x_wconf 86' lang='lat' dir='ltr'><strong>actus</strong></span> 
     </span>
     <span class='ocr_line' id='line_1_112' title="bbox 1747 5517 3327 5621; baseline -0.003 -39"><span class='ocrx_word' id='word_1_770' title='bbox 1747 5522 1894 5583; x_wconf 87' lang='lat' dir='ltr'><strong>sunt</strong></span> <span class='ocrx_word' id='word_1_771' title='bbox 1919 5524 2099 5583; x_wconf 83' lang='lat' dir='ltr'><strong>actus</strong></span> <span class='ocrx_word' id='word_1_772' title='bbox 2120 5518 2385 5583; x_wconf 82' lang='lat' dir='ltr'><strong>secundi</strong></span> <span class='ocrx_word' id='word_1_773' title='bbox 2410 5517 2695 5581; x_wconf 81' lang='lat' dir='ltr'><strong>vitalium</strong></span> <span class='ocrx_word' id='word_1_774' title='bbox 2718 5518 3165 5599; x_wconf 83' lang='lat' dir='ltr'><strong>potentiarum,</strong></span> <span class='ocrx_word' id='word_1_775' title='bbox 3184 5532 3327 5621; x_wconf 79' lang='lat' dir='ltr'><strong>non¹</strong></span> 
     </span>
    </p>
   </div>
  </div>
 </body>
</html>
