3892 6167
518 452 733 528 deret3
765 459 978 516 tamen
1004 497 1021 526 ‚
1050 471 1195 514 cum
1232 452 1293 514 in
1339 469 1411 514 re
1440 452 1574 533 ipsa
1600 451 1907 534 quidquid
1936 469 2086 516 con·

520 547 695 610 venit
720 547 909 624 Patri,
948 546 1283 610 conveniat
1308 547 1500 608 etiam
1518 545 1697 620 Filio,
1726 545 1899 626 quod
1921 546 1986 606 in
2011 545 2088 606 fi-

524 657 685 720 gura
728 640 1060 704 locutionis
1100 640 1303 720 possit.
1350 639 1560 718 aliquo
1602 644 1791 700 modo
1830 638 1958 700 dici
2001 640 2087 701 de

528 735 711 798 Putre
734 779 751 808 ,
792 733 965 813 quod
1008 751 1135 795 non
1180 739 1389 812 potest
1432 751 1579 796 vere
1614 732 1737 795 dici
1770 732 1853 794 de
1897 733 2077 808 Filio,

520 827 767 890 nullum
822 833 913 890 est
957 825 1452 899 iucem-enicem
1510 831 1573 887 et
1614 826 1701 888 ita
1748 825 1975 890 accidit
2019 826 2084 886 in

520 929 863 1003 praesente3
900 940 1047 984 nam
1072 965 1088 988 .
1122 921 1283 983 sicut
1313 921 1493 982 Pater
1525 921 1759 982 creavit
1792 938 1905 982 seu
1936 920 2087 982 fecit

521 1017 833 1082 Christum
858 1022 929 1078 ut
956 1016 1271 1078 hominem
1296 1060 1317 1090 ‚
1359 1015 1445 1078 ita
1472 1020 1535 1078 et
1562 1015 1753 1076 Filius
1766 1031 1789 1094 3
1831 1021 1895 1077 et
1924 1015 2088 1076 sicut

484 1123 495 1140 ¹
521 1117 725 1192 potest
752 1109 837 1171 illi
864 1109 1226 1190 praecipere,
1270 1115 1336 1170 et
1366 1109 1445 1170 de
1474 1109 1770 1170 omnibus
1792 1108 1962 1170 illius
1990 1127 2086 1171 re·

522 1205 643 1266 hus
670 1203 1029 1284 disponere,
1054 1201 1143 1264 ita
1172 1201 1365 1264 etiam
1394 1201 1624 1277 Filius3
1658 1207 1723 1264 et
1750 1201 1893 1264 ideo
1922 1202 1988 1264 in
2017 1219 2088 1264 re

524 1296 713 1360 Filius
741 1302 837 1358 est
862 1313 1039 1374 aeque
1074 1294 1368 1356 dominus
1394 1294 1615 1357 Christi
1656 1301 1725 1358 ut
1759 1293 2038 1358 hominis
2063 1312 2085 1375 ;

520 1394 737 1454 tamen
790 1387 939 1469 quia
986 1388 1393 1451 nihilominus
1436 1389 1619 1452 Pater
1671 1395 1773 1450 est
1812 1407 2086 1470 persona

522 1483 813 1546 distincta
838 1499 879 1544 a
906 1481 1175 1558 Christo,
1208 1489 1273 1544 et
1296 1499 1426 1544 non
1458 1481 1673 1554 Filius,
1705 1481 1847 1544 ideo
1876 1483 1939 1543 in
1975 1483 2088 1544 ali-

518 1593 647 1656 qua
686 1574 1005 1637 locutione
1050 1573 1405 1636 involvente
1440 1573 1905 1638 distinctionem
1942 1593 2090 1654 per·

518 1685 837 1740 sonarum,
868 1674 1081 1746 posset
1107 1668 1225 1729 hoc
1248 1667 1597 1729 dominium
1625 1669 1881 1730 attribui
1914 1669 2084 1730 Patri

520 1767 585 1824 et
630 1775 760 1822 non
804 1760 991 1836 Filio,
1041 1760 1199 1822 sieut
1246 1762 1437 1822 otiam
1482 1767 1689 1840 potest
1740 1761 1921 1824 Pater
1965 1759 2086 1822 dici

520 1871 737 1918 creare
780 1871 818 1914 a
856 1871 964 1926 se3
1016 1853 1209 1916 Filius
1258 1861 1471 1916 antem
1514 1873 1639 1916 non
1678 1873 1715 1915 a
1764 1871 1855 1932 se,
1902 1853 2016 1916 sed
2049 1871 2086 1914 a

524 1949 744 2020 Putre,
776 1947 925 2027 quia
948 1948 1011 2008 in
1042 1945 1145 2008 illa
1174 1947 1489 2010 locutione
1518 1965 1646 2010 non
1676 1947 1881 2010 solum
1909 1963 2088 2009 crea-

526 2041 637 2118 tio,
668 2038 782 2102 sed
810 2039 999 2102 etiam
1030 2040 1208 2120 origo
1240 2041 1595 2105 involvitur.
1638 2043 1857 2122 Igitur,
1896 2041 1952 2102 si
1981 2041 2089 2104 itta

524 2133 867 2215 propositio
900 2151 915 2196 ε
965 2132 1252 2199 Clemens
1296 2140 1385 2198 m
1434 2151 1647 2200 servus
1692 2135 1942 2210 Patris,
1991 2151 2098 2196 ne·

526 2226 737 2309 ganda
764 2231 881 2301 est,
927 2246 1053 2289 non
1083 2233 1177 2290 est
1204 2233 1462 2310 propter
1488 2228 1958 2291 distinctionem
1987 2234 2096 2290 aut

526 2320 1017 2402 inaequalitatem
1050 2337 1488 2401 personarum,
1522 2339 1665 2402 quoe
1695 2323 1763 2382 in
1793 2338 1869 2382 ea
1900 2322 2095 2384 iux-ol·

526 2422 709 2478 vatur
730 2460 747 2490 ‚
782 2433 933 2476 nam
969 2414 1285 2477 distinctio
1320 2433 1543 2479 revera
1580 2415 1894 2494 reperitur
1933 2415 2096 2478 inter

528 2509 777 2573 Patrem
800 2513 863 2572 et
888 2509 1233 2584 Christum;
1270 2507 1660 2589 inoeqnnlitas
1695 2527 1845 2572 vero
1873 2527 2094 2572 revera

525 2593 653 2666 non
680 2603 1035 2678 involvitur,
1068 2602 1293 2666 saltem
1326 2621 1403 2665 ex
1434 2602 1729 2684 praedicta
1762 2603 2030 2666 ratione.

603 2697 667 2758 6.
714 2694 849 2757 Alia
884 2713 1035 2777 ergo
1060 2697 1223 2758 ratio
1252 2695 1432 2758 reddi
1460 2699 1691 2776 potest,
1736 2697 1884 2775 quia
1914 2697 2090 2758 Chri-

528 2797 663 2854 stus
690 2788 1055 2870 simpliciter
1081 2797 1146 2851 et
1166 2789 1305 2852 sine
1334 2788 1546 2850 addito
1573 2805 1701 2850 non
1730 2796 1935 2870 potest
1968 2789 2090 2852 dici

528 2887 815 2946 creatura
836 2927 857 2958 ‚
888 2882 1002 2944 sed
1030 2881 1235 2944 solum
1264 2899 1409 2944 cum
1432 2881 1958 2945 determinatione
1978 2928 1994 2958 ,
2026 2885 2093 2948 in

527 2981 821 3059 suanum
867 2976 1083 3046 homm-
1108 2991 1261 3054 ergo
1300 2991 1419 3037 nec
1464 2993 1687 3036 servus
1748 2974 1871 3038 dici
1916 2982 2092 3056 pote·

528 3069 630 3131 rit.
666 3067 841 3129 Patet
866 3068 1337 3148 consequentia,
1370 3073 1506 3128 tum
1536 3068 1683 3147 quia
1714 3068 1845 3130 hoec
1872 3069 2091 3131 relatio

530 3161 845 3224 servitutis
862 3205 878 3235 ‚
910 3161 1012 3224 vel
1040 3167 1136 3223 est
1164 3161 1388 3222 eadem
1414 3179 1561 3224 cum
1584 3161 1890 3224 relatione
1914 3179 2090 3225 crea-

528 3260 719 3328 turae,
751 3253 851 3317 vel
874 3253 1271 3335 potissimum
1300 3254 1593 3317 convenit
1619 3254 1799 3315 titulo
1826 3255 2092 3317 creatio·

528 3345 627 3409 nis
643 3369 663 3424 3
696 3353 831 3410 tum
852 3347 1045 3410 etium
1075 3347 1223 3428 quia
1250 3346 1331 3409 de
1356 3352 1623 3428 utraque
1660 3349 2088 3428 propositione

529 3448 629 3504 est
672 3440 893 3504 eadem
944 3440 1142 3515 ratio;
1194 3457 1345 3502 nam
1398 3439 1679 3503 Christus
1728 3439 2096 3520 simpliciter

528 3533 755 3610 dictus,
784 3540 847 3596 et
870 3535 1216 3614 praesertim
1245 3534 1483 3615 positus
1502 3551 1585 3596 ex
1602 3539 1783 3614 parte
1804 3532 2089 3613 subjecti,

526 3634 647 3690 stat
672 3643 787 3708 pro
822 3628 1169 3708 supposito,
1204 3633 1265 3690 et
1294 3635 1420 3688 tam
1453 3627 1747 3702 servituS,
1772 3641 1964 3706 quam
1995 3643 2095 3688 ra-

526 3721 617 3784 tio
644 3727 949 3784 creaturae
984 3721 1129 3783 talis
1151 3727 1293 3796 est,
1336 3726 1407 3783 ut
1436 3719 1634 3801 possit
1660 3717 2098 3781 indifferenter

528 3814 891 3892 convenire,
936 3819 1057 3877 tam
1104 3815 1346 3876 ratione
1393 3811 1723 3893 suppositi,
1762 3829 1958 3892 quam
1995 3829 2096 3874 ra-

529 3908 698 3971 tione
726 3915 1003 3983 naturoe;
1041 3915 1105 3971 et
1134 3905 1313 3983 ideo,
1354 3905 1516 3968 sieut
1540 3905 1765 3968 relatio
1794 3911 2096 3968 creaturoe

529 4001 895 4080 simpliciter
922 4001 1083 4064 dicta
1116 4001 1195 4063 de
1224 3999 1489 4078 Christo,
1519 4000 1585 4061 in
1611 3999 1818 4080 rigore
1847 3998 2096 4061 videtur

530 4094 805 4158 attribui·
828 4095 1153 4176 supposito
1173 4139 1194 4170 ,
1234 4099 1300 4156 et
1332 4093 1476 4155 ideo
1510 4091 1671 4154 falsa
1708 4098 1807 4155 est
1834 4092 2092 4170 locutiO,

529 4187 616 4251 ita
640 4189 830 4250 etiam
857 4189 1077 4250 relatio
1105 4187 1437 4250 servitutis,
1472 4185 1595 4248 Sed
1621 4185 1758 4248 haec
1782 4186 1973 4248 etiam
1995 4203 2096 4246 ra·

530 4281 639 4357 tio,
670 4281 817 4344 licet
840 4283 918 4344 sit
944 4279 1304 4361 probabilis,
1338 4279 1393 4341 si
1418 4277 1575 4340 nihil
1600 4277 1772 4340 aliud
1792 4277 2088 4354 addatur,

529 4379 735 4456 potest
756 4375 883 4454 pati
910 4375 1313 4450 calumniam,
1346 4373 1495 4452 quia
1515 4371 1660 4434 licet
1684 4369 1825 4433 'esse
1848 4377 2090 4433 creatu-

530 4483 689 4542 ram,
720 4472 1033 4547 quatenus
1058 4467 1125 4528 in
1148 4465 1353 4546 rigore
1374 4463 1689 4545 significat
1712 4461 1777 4524 id
1802 4461 1978 4543 quod
1999 4469 2092 4527 est

528 4561 765 4623 factum
794 4577 871 4622 ex
900 4559 1095 4622 nihilo
1122 4605 1141 4636 ,
1188 4577 1316 4622 non
1344 4560 1541 4640 possit
1568 4557 1933 4639 simpliciter
1965 4557 2089 4620 dici

528 4653 609 4718 de
638 4654 901 4730 Christo,
932 4659 1143 4716 tamen
1173 4659 1485 4734 quatenus
1512 4652 1705 4714 etiam
1734 4651 2090 4733 significare

527 4755 735 4829 potest
763 4747 1071 4831 quidquid
1102 4747 1459 4810 estfactum
1492 4747 1589 4808 vel
1619 4746 1996 4826 productum
2026 4747 2092 4809 in

528 4845 849 4922 tempore,
892 4847 1101 4922 potest
1144 4841 1208 4902 in
1254 4857 1444 4902 sensu
1482 4839 1789 4902 catholieo
1835 4839 2090 4902 attribui

528 4933 793 5010 Christo,
826 4935 1015 4997 etiam
1046 4934 1427 5014 simpliciter,
1462 4937 1523 4996 et
1546 4932 1681 4995 sine
1707 4932 2086 4996 determina·-

526 5027 723 5102 tione,
756 5033 831 5092 ut
855 5029 1046 5103 homo,
1091 5035 1399 5108 utsupra,
1446 5045 1507 5106 q.
1544 5027 1644 5103 16,
1676 5027 1972 5089 vidimus.
2007 5027 2087 5088 At

526 5139 677 5184 vero
730 5121 813 5183 ad
871 5122 1246 5185 relationem
1295 5123 1609 5185 servitutis
1664 5123 1892 5184 sufficit
1946 5140 2086 5183 esse

526 5221 881 5279 creaturam
905 5215 1026 5278 hoc
1060 5216 1388 5296 posteriori
1416 5215 1630 5291 modo,
1672 5215 1831 5278 sicut
1858 5215 2088 5278 sufficit

526 5328 667 5372 esse
698 5310 1017 5374 hominem
1033 5356 1054 5389 ‚
1092 5311 1337 5374 etiamsi
1366 5311 1724 5374 talis-homo
1746 5327 1877 5372 non
1906 5311 1990 5373 sit·
2017 5327 2094 5374 ex

526 5404 719 5466 nihilo
754 5403 995 5480 factus3
1044 5423 1195 5486 ergo
1225 5403 1347 5468 hoc
1374 5405 1525 5468 satis
1564 5405 1683 5468 erit
1712 5411 1785 5468 ut
1812 5405 2092 5468 Christus

524 5498 889 5580 simpliciter
917 5501 1111 5580 possit
1140 5499 1263 5561 dici
1292 5517 1536 5564 servus.

1806 353 2044 417 QUAEST.
2079 355 2186 409 XX.
2223 357 2366 410 AM.
2401 357 2462 412 u.

2244 459 2304 518 7.
2354 453 2731 518 Addendum
2755 471 2910 534 ergo
2949 458 3242 534 superest
3287 453 3374 514 ad
3419 453 3612 516 dictae
3645 471 3746 515 ra-

2163 550 2354 611 tionis
2377 547 3339 623 efficaciam‚donominationem
3361 549 3526 610 servi
3542 549 3748 610 tatem

2163 661 2324 718 esse,
2353 649 2443 717 ut,
2478 643 2534 706 si
2581 642 2948 724 simpliciter
2989 644 3329 716 tribuatur9
3363 649 3432 705 et
3477 642 3746 704 aliunde

2163 755 2294 798 non
2321 737 2640 812 limitetur,
2675 735 2956 798 includat
2999 735 3550 816 imperfectionem
3581 735 3748 796 divi-

2165 847 2268 891 nte
2326 845 2614 911 personae
2669 836 3165 908 repugnantem,
3222 829 3532 893 nimirum
3587 835 3748 890 tota-

2163 921 2292 984 lem
2329 923 2820 1002 dependentium
2865 923 3028 1002 ejns,
3067 923 3182 1001 qui
3209 939 3434 984 servus
3489 919 3746 997 dioe‘tur,

2167 1015 2250 1077 ab
2277 1015 2402 1076 alio
2429 1016 2613 1094 cujus
2645 1015 2876 1078 dieitur
2921 1033 3163 1078 servus.
3195 1015 3396 1088 Quod·
3435 1015 3750 1095 probetur

2170 1125 2244 1170 ac
2299 1108 2686 1181 declaratur,
2747 1109 2898 1188 quia
2970 1125 3188 1184 servus
3243 1109 3518 1190 proprie·
3597 1108 3750 1168 diei·

2170 1207 2294 1275 tur,
2337 1203 2446 1279 qui
2501 1203 2760 1264 omnino
2799 1204 2896 1264 est
2941 1202 3070 1263 sub
3113 1202 3400 1263 dominio
3434 1197 3746 1274 -alten'us,

2171 1301 2235 1358 et
2280 1295 2398 1356 hoo
2441 1293 2618 1356 addit
2667 1310 2863 1374 supra
2907 1295 3413 1373 subjectionem:
3457 1304 3612 1360 'esse
3635 1311 3747 1355 an-

2168 1394 2298 1452 tem
2355 1389 2474 1450 sub
2525 1388 2804 1451 dominio
2863 1389 3141 1463 alterius,
3189 1395 3288 1450 est
3337 1399 3606 1466 magna·
3640 1388 3747 1448 de-

2174 1480 2516 1560 pendentia
2574 1487 2638 1543 et
2688 1481 3098 1560 imperfectio.
3156 1483 3218 1542 Si
3260 1498 3418 1562 ergo
3459 1477 3748 1543 Christus

2173 1575 2536 1654 simpliciter
2575 1581 2641 1638 et
2681 1576 2817 1638 sine
2873 1575 3088 1637 addito
3125 1576 3370 1638 dicatur
3399 1587 3662 1648 servus,
3689 1575 3744 1635 in

2169 1667 2378 1747 rigore
2425 1667 2838 1747 significatur,
2867 1667 3204 1743 Christum,
3243 1664 3613 1730 secundum
3661 1677 3746 1728 to·

2171 1767 2302 1822 tum
2339 1761 2405 1822 id
2427 1761 2602 1839 quod
2629 1767 2749 1837 est,
2779 1779 2922 1824 esse
2953 1761 3074 1824 sub
3099 1763 3390 1824 dominio
3409 1763 3552 1836 Dei,
3575 1763 3743 1840 quod

2169 1854 2234 1914 in
2269 1855 2473 1934 rigere
2499 1859 2598 1914 est
2633 1853 2894 1931 falsum3
2933 1871 3082 1918 nam
3113 1856 3548 1934 suppositum,
3575 1856 3742 1933 quod

2167 1953 2264 2008 est
2287 1947 2674 2027 praecipuum
2700 1947 2764 2007 in
2809 1947 3079 2022 Christo,
3103 1947 3408 2027 qnodque
3424 1948 3744 2027 simplici-

2183 2047 2276 2102 ter
2301 2047 2398 2101 est
2423 2039 2730 2116 Christus,
2759 2040 2882 2101 snb
2911 2041 3148 2104 nultius
3175 2041 3464 2103 dominio
3512 2039 3739 2102 existit.

2177 2133 2332 2194 Cum
2361 2151 2512 2194 vero
2541 2132 2793 2196 additur
2821 2133 3296 2208 determinatim·
3325 2136 3398 2196 in
3443 2140 3740 2215 qim-tan

2175 2227 2368 2299 hom0‚
2401 2234 2858 2308 consequenter
2881 2227 3280 2307 restringitur
3305 2227 3740 2291 denominatio

2177 2319 2512 2394 servitutis,
2537 2321 2872 2400 solumque
2893 2321 3285 2402 significatur
3299 2320 3651 2388 Christum,
3677 2337 3741 2380 ee

2175 2414 2420 2476 ratione
2449 2431 2576 2493 qua
2605 2415 2796 2476 homo
2819 2422 2938 2492 est,
2983 2433 3095 2478 seu
3135 2415 3496 2476 secundum
3532 2417 3740 2474 huma·

2177 2507 2438 2570 nitatem
2463 2507 2672 2569 Verbo
2687 2508 2957 2582 unitam,
2984 2525 3126 2570 esse
3151 2507 3274 2570 sub
3297 2507 3590 2568 dorninio
3619 2507 3738 2580 Dei,

2175 2598 2348 2680 quod
2376 2604 2472 2660 est
2487 2601 2914 2674 verissimum
2943 2607 3009 2663 et
3035 2600 3202 2676 ideo,
3223 2599 3524 2679 quamvis
3551 2601 3736 2661 alteru

2170 2693 2516 2773 propositio
2547 2709 2692 2755 cum
2721 2693 2934 2757 addito
2969 2694 3104 2766 illo,
3129 2696 3200 2757 in
3217 2701 3530 2776 quautam
3553 2695 3736 2763 tomo,

2172 2785 2580 2862 concedatur,
2611 2786 2810 2849 altera
2859 2785 2996 2850 siue
3037 2787 3252 2850 addito
3290 2786 3602 2866 neganda
3629 2795 3733 2848 est.

2175 2877 2476 2951 Quocirca
2505 2879 2644 2942 haec
2675 2879 3106 2944 denominatio
3149 2877 3314 2941 servi
3363 2895 3500 2942 non·
3539 2887 3638 2942 est
3665 2896 3740 2940 ων

2174 2972 2568 3052 quiparanda
2591 2989 2738 3036 cum
2765 2971 3287 3036 denominatione
3315 2979 3654 3050 creamine,
3679 2981 3736 3034 ut

2173 3072 2460 3128 creatura
2489 3066 2612 3128 late
2641 3066 2958 3146 significat:
2997 3066 3304 3148 quidquid
3355 3066 3602 3130 factum
3651 3073 3738 3127 ost

2173 3157 2238 3218 in
2265 3164 2569 3237 tempore,
2601 3159 2714 3222 sed
2769 3166 2837 3221 ut
2883 3159 3194 3240 significat
3217 3157 3542 3223 stricte,id
3572 3159 3734 3237 quod

2173 3252 2432 3312 omnino
2459 3258 2554 3314 est
2607 3252 2840 3314 factum
2889 3269 2966 3314 ex
3017 3252 3250 3326 nihile;
3285 3271 3442 3313 nam
3469 3253 3734 3332 perinde

2175 3352 2272 3407 est
2299 3363 2438 3407 esse
2469 3345 2721 3407 omnino
2751 3345 2872 3406 sub
2897 3345 3182 3407 dominio
3219 3347 3349 3420 Dei,
3383 3352 3456 3410 ut
3485 3346 3732 3408 nomine

2175 3440 2339 3502 servi
2367 3438 2735 3519 simpliciter
2763 3439 2909 3502 dicti
2951 3439 3360 3519 significatur,
3393 3440 3578 3519 quod
3603 3455 3731 3502 esse

2175 3551 2214 3593 a
2261 3533 2388 3594 Deo
2437 3550 2516 3594 ex
2557 3531 2754 3594 nihilo
2785 3533 3332 3612 productumsed
3379 3535 3584 3595 aient·
3610 3535 3734 3614 qui·

2174 3625 2346 3697 dam,
2396 3622 2544 3685 licet
2569 3623 2874 3700 Christus,
2916 3625 3268 3686 secundum
3315 3631 3529 3688 totum
3555 3625 3729 3706 quod

2176 3716 2390 3792 habet,
2419 3733 2546 3776 non
2571 3717 2651 3778 sit
2693 3716 2774 3778 de
2803 3713 2998 3780 nihilo
3023 3717 3393 3798 productus,
3425 3717 3730 3782 nihilomi-

2175 3827 2294 3872 nus
2328 3825 2513 3890 posse
2567 3809 2930 3890 simpliciter
2987 3811 3112 3872 dici
3155 3819 3544 3889 creaturam,
3591 3815 3728 3891 quia

2175 3923 2402 3967 sensus
2429 3911 2556 3980 est,
2595 3903 2912 3968 Christum
2963 3923 3104 3972 esse
3155 3909 3397 3990 aliq-uid
3427 3909 3607 3988 qnod
3647 3923 3728 3969 se·

2176 3999 2452 4062 cundum
2513 4017 2582 4061 se
2618 4005 2820 4062 totum
2862 3999 2939 4062 de
2985 4002 3181 4065 nihilo
3233 4003 3642 4083 producitur;
3671 4007 3726 4062 et

2177 4091 2402 4155 eadem
2435 4093 2701 4170 ratione,
2737 4095 2790 4155 si
2815 4095 3114 4172 Christus,
3159 4097 3222 4157 in
3268 4102 3588 4176 quantum
3625 4097 3724 4156 ho-

2173 4203 2303 4262 mo,
2334 4186 2562 4249 dicitur
2610 4205 2844 4265 servus,
2883 4191 3078 4252 etiam
3131 4189 3509 4270 simpliciter
3551 4204 3724 4270 posse

2174 4297 2424 4342 servum
2449 4282 2780 4361 appellari,
2814 4283 2966 4362 quia
2992 4298 3218 4346 sensus
3243 4286 3385 4360 erit,
3421 4284 3720 4345 Christum

2174 4391 2316 4436 esse
2371 4373 2610 4454 aliquid
2644 4376 2815 4454 quod
2852 4378 3200 4439 secundum
3247 4395 3316 4438 se
3375 4369 3582 4441 iotam
3621 4376 3724 4438 snb

2172 4466 2432 4530 alterius
2461 4466 2742 4530 dominio
2773 4469 3002 4534 existit.
3031 4457 3158 4534 ‘Sed
3199 4487 3328 4532 non
3374 4473 3538 4532 satis
3565 4469 3726 4532 intel·

2173 4561 2300 4642 ligo
2353 4561 2674 4641 quomodo
2721 4563 2786 4624 hi
2832 4571 3126 4626 auctores
3169 4557 3534 4634 concedant
3583 4565 3724 4625 hanc

2173 4653 2698 4736 propositionem:
2735 4655 3016 4718 Christus
3077 4664 3174 4718 est
3227 4663 3553 4732 creatura,
3601 4667 3724 4720 esse

2173 4747 2540 4828 simpliciter
2570 4766 2788 4810 veram
2815 4751 2884 4810 iu
2915 4751 3036 4812 hoe
3081 4767 3296 4826 sensu,
3323 4751 3390 4811 id
3421 4759 3543 4827 m,
3570 4751 3724 4812 Chri·

2173 4847 2308 4902 stus
2361 4847 2458 4904 est
2484 4841 2722 4920 aliquid
2754 4841 2928 4923 quod
2955 4844 3305 4906 secundnm
3336 4858 3417 4930 sp
3433 4850 3636 4908 totum
3653 4843 3722 4904 de

2167 4933 2362 4994 nihilo
2391 4935 2777 5014 producitur3
2819 4937 2969 5016 quin
3025 4937 3090 5000 in
3143 4936 3393 5000 Christo
3433 4937 3594 4998 nimi
3639 4943 3722 4998 est

2169 5029 2517 5091 secundum
2553 5047 2619 5090 se
2642 5037 2843 5094 totum
2865 5031 2946 5092 de
2965 5032 3161 5092 nihilo
3185 5031 3591 5112 productum,
3615 5033 3716 5092 nisi

2168 5124 2534 5186 hnmanitas
2557 5123 2720 5204 ejus,
2751 5126 2853 5188 vel
2879 5127 3118 5202 anima,
3151 5125 3250 5202 vel
3271 5127 3578 5200 moteria3
3623 5125 3718 5186 sed

2177 5217 2316 5278 haec
2371 5225 2466 5280 est
2511 5217 2847 5281 falsissima
2897 5220 3282 5300 propositio:
3317 5217 3603 5282 Christus
3633 5227 3716 5280 est

2179 5329 2297 5374 sue
2323 5309 2710 5388 humanitas,
2739 5311 2840 5374 vel
2867 5328 2983 5372 sna
3009 5313 3313 5384 maten-taz
3351 5325 3512 5392 ergo
3547 5313 3713 5372 etiarn

2178 5403 2279 5468 illa
2307 5405 2648 5486 propositio
2677 5411 2775 5466 est
2803 5407 3062 5486 tunnino
3093 5406 3286 5467 {alsat
3319 5405 3606 5467 Christus
3637 5415 3714 5464 est

2173 5497 2409 5577 aliquid
2447 5499 2617 5580 qnod
2669 5497 3012 5562 secundun}
3051 5517 3124 5556 se
3167 5506 3366 5560 totum
3409 5495 3496 5559 de
3537 5497 3708 5560 nihilo
