3892 6167
1383 344 1703 399 msru'rn.
1738 344 1957 397 xxvm.
1993 344 2162 397 SECT.
2199 348 2242 397 1.

3339 346 3416 407 59

150 438 311 523 logi
346 444 641 505 sentiunt
666 446 872 507 varios
916 451 979 507 et
1020 444 1391 525 multiplices
1420 462 1560 507 esse
1590 451 1767 507 actus
1848 446 2060 505 omnia
2085 450 2230 507 actu
2250 444 2700 521 consideraret,
2733 462 2860 507 non
2889 447 3164 525 oportuit
3186 448 3252 509 in
3268 449 3411 525 hoc,

164 534 383 617 hujus
425 538 701 601 scientim
728 586 743 613 ,
780 540 948 619 quod
984 559 1113 601 non
1158 541 1421 601 obscure
1456 540 1767 620 colligitur
1850 542 2342 603 extraordinario
2373 541 2673 603 miraculo
2699 542 2821 617 uti3
2863 547 2926 603 et
2949 541 3094 604 ideo
3127 542 3416 623 probabi·

180 652 263 693 ex
294 632 373 691 D.
408 633 637 692 Thom.
677 632 774 693 his
819 633 1113 710 articuliS,
1145 635 1491 713 praesertim
1521 636 1559 695 3
1590 641 1654 694 et
1682 636 1759 706 ὃς

176 732 245 788 et
286 724 469 787 idem
504 727 784 787 sentiunt
815 726 1104 788 Richard.
1143 736 1205 790 et
1238 730 1500 799 Bonav„
1541 730 1603 789 et
1632 726 1761 803 alii,

177 821 247 882 in
280 822 345 895 3,
380 820 449 881 d.
480 823 581 881 u.
636 822 865 894 Primo,
893 828 1149 901 propter
1174 840 1385 883 rerum
1420 822 1764 884 multitudi-

182 932 339 975 nem
388 912 787 997 diversorum
825 932 1133 993 generum
1178 920 1241 977 et
1283 916 1575 977 ordinum
1618 932 1761 994 quoe

184 1010 312 1071 sub
344 1007 514 1069 hanc
548 1009 868 1070 scientiam
896 1008 1131 1070 cadunt
1149 1055 1170 1086 ,
1218 1016 1282 1071 et
1304 1028 1431 1071 non
1458 1010 1521 1071 in
1551 1010 1761 1089 aliquo

176 1102 493 1183 primario
522 1102 793 1183 obJectO,
823 1102 935 1163 sed
957 1122 1069 1183 per
1088 1104 1375 1184 proprias
1400 1105 1637 1183 species
1662 1122 1761 1165 co-

168 1202 606 1277 gnoscuntur.
653 1196 973 1271 Secundo,
1017 1204 1273 1277 propter
1296 1198 1507 1258 varios
1542 1198 1763 1258 modos

162 1289 617 1369 cognoscendi
656 1306 669 1348 :
719 1290 1003 1368 quaedam
1036 1290 1203 1351 enim
1228 1308 1331 1351 res
1370 1308 1761 1370 cognoscun-

162 1392 285 1443 tur
322 1403 446 1465 per
487 1384 652 1445 hauc
694 1383 1018 1444 scientiam
1058 1403 1095 1445 a
1136 1386 1351 1464 priori,
1404 1385 1695 1465 quaedam
1723 1404 1761 1449 a

154 1478 567 1557 posteriori,
610 1478 899 1555 quaedam
936 1477 1255 1553 intuitive,
1296 1478 1437 1539 aliae
1489 1480 1765 1541 abstrac-

154 1570 337 1645 tive,
369 1572 663 1649 quaedam
688 1589 801 1651 per
828 1572 1201 1633 evidentiam
1224 1572 1505 1651 ipsarum
1526 1592 1760 1645 rerum,

158 1665 487 1743 quaedam
534 1665 796 1725 fortasse
850 1684 958 1745 per
1014 1663 1213 1725 solam
1268 1666 1649 1727 evidentiam
1696 1668 1764 1729 in

160 1758 571 1820 testificante
602 1776 619 1819 t
668 1760 781 1819 sed
810 1766 981 1820 tanta
1006 1759 1333 1819 diversitas
1360 1778 1487 1821 non
1513 1761 1763 1823 videtur

148 1872 369 1932 posse
399 1854 625 1914 cadere
650 1854 717 1912 in
746 1872 942 1914 unum
969 1862 1029 1915 et
1053 1853 1345 1914 eumdem
1374 1861 1607 1917 actum.
1642 1858 1762 1917 De-

145 1948 377 2025 nique
426 1948 561 2009 fere
604 1948 816 2008 nullus
863 1954 955 2008 est
998 1947 1247 2007 habitus
1289 1948 1531 2009 habens
1576 1951 1759 2029 plura

150 2042 439 2119 objecta
468 2042 836 2117 materialia,
857 2041 963 2121 qui
986 2060 1111 2101 uno
1138 2048 1281 2102 actu
1306 2044 1758 2122 complectatur

156 2136 399 2195 omnia
422 2134 548 2196 illa.
582 2136 987 2196 Verisimilius
1010 2134 1201 2195 etiam
1228 2140 1324 2195 est
1358 2136 1451 2213 (ut
1480 2136 1641 2197 infra
1670 2138 1757 2198 di-

162 2230 341 2307 cam}
376 2229 625 2309 species
648 2228 1071 2307 intelligibiles
1098 2228 1291 2307 hujus
1320 2230 1594 2292 scientioe
1616 2250 1755 2294 esse

164 2322 401 2401 plures
426 2369 442 2395 ,
484 2341 613 2382 non
644 2339 835 2383 unam
864 2324 1137 2394 tantum;
1184 2329 1361 2385 actus
1390 2330 1601 2385 autem
1640 2325 1758 2387 ali-

170 2416 367 2495 cujus
419 2415 693 2477 seientiae
744 2414 1146 2495 multiplicari
1194 2418 1418 2489 solent,
1469 2423 1539 2479 ut
1578 2420 1757 2479 mini-

172 2529 359 2569 mum
380 2556 405 2585 ,
444 2511 625 2589 juxta
656 2528 989 2570 numerum
1026 2511 1376 2589 specierum
1404 2512 1758 2591 intelligibi-

170 2605 366 2664 lium.
434 2606 507 2664 Et
567 2604 715 2665 hinc
794 2610 1253 2683 consequenter
1301 2606 1419 2681 fit,
1480 2608 1755 2668 animam

167 2697 419 2759 Christi
456 2716 585 2757 non
629 2714 1001 2775 permanere
1038 2716 1289 2778 semper
1312 2700 1381 2759 in
1409 2716 1537 2759 uno
1564 2705 1627 2761 et
1652 2720 1760 2763 eo-

170 2789 331 2851 dem
366 2796 513 2851 actu
543 2791 733 2871 hujus
763 2791 1064 2852 scientiae.

256 2884 329 2944 9.
380 2884 647 2945 Dubium
677 2886 1015 2947 secundum.
1042 2918 1123 2931 —
1148 2884 1502 2967 Responsio.
1632 2888 1758 2949 Sed

172 2981 337 3036 tune
388 2976 657 3037 occurrit
705 2978 982 3037 secunda
1032 2978 1376 3053 dubitatio,
1422 2998 1505 3040 an
1534 2980 1755 3043 Christi

178 3068 404 3131 anima
428 3071 702 3151 potuerit
726 3072 912 3132 simul
936 3071 1163 3133 elicere
1188 3090 1411 3134 omnes
1438 3080 1613 3134 actus
1640 3075 1757 3135 hu·

170 3164 277 3241 jus
306 3164 611 3239 scientiae,
646 3183 759 3225 seu
788 3174 931 3227 actu
955 3166 1355 3227 considerare
1386 3168 1594 3228 omnia
1624 3186 1756 3229 ma-

178 3259 433 3319 terialia
484 3260 727 3339 objecta
768 3262 925 3339 ejus,
976 3260 1123 3321 licet
1166 3262 1428 3323 diversis
1471 3262 1750 3337 actibus3

180 3358 240 3411 et
287 3358 761 3429 consequenter
799 3372 879 3413 an
929 3354 988 3413 in
1028 3354 1389 3433 hujusmodi
1431 3356 1656 3417 actuali
1696 3363 1759 3418 et

178 3445 379 3505 veluti
424 3446 756 3526 adaequata
800 3448 1295 3509 consideratione
1338 3450 1528 3528 hujus
1556 3451 1757 3511 scien-

178 3538 281 3599 tiae
318 3539 521 3619 possit
568 3558 819 3619 semper
863 3542 1137 3619 durare3
1186 3542 1435 3603 videtur
1482 3543 1650 3603 enim
1694 3543 1757 3604 id

184 3652 375 3713 posse
394 3679 413 3708 ,
460 3634 607 3713 quia
636 3635 877 3697 ratione
908 3636 1157 3696 unionis
1184 3642 1430 3716 poterat
1458 3638 1548 3698 uti
1580 3636 1752 3698 intel-

184 3728 357 3789 lectu
387 3746 506 3789 suo
525 3777 539 3803 ,
576 3734 637 3789 et
666 3728 942 3808 qualibet
969 3729 1224 3789 scientia
1258 3730 1421 3795 ultra
1448 3730 1616 3792 vires
1644 3748 1754 3791 na-

189 3820 427 3882 turales
451 3838 473 3900 3
512 3841 663 3902 ergo
694 3828 935 3902 poterat
963 3822 1147 3883 simul
1174 3822 1399 3885 elicere
1432 3842 1651 3885 omnes
1681 3823 1755 3885 il-

190 3914 282 3975 los
322 3923 531 3987 actus;
565 3923 627 3978 et
666 3916 912 3977 videtur
949 3917 1235 3977 decuisse
1284 3924 1349 3978 ut
1390 3918 1455 3977 id
1493 3916 1748 3991 faceret,

196 4008 348 4069 alias
400 4010 599 4071 multo
658 4017 939 4089 tempore
996 4012 1205 4089 aliqua
1262 4010 1505 4090 objecta
1568 4013 1757 4091 hujus

196 4104 469 4165 scientiae
494 4104 862 4183 ignorasset.
894 4104 1331 4184 Respondetur
1351 4110 1563 4166 tamen
1586 4107 1757 4167 aliud

198 4216 331 4257 osse
360 4198 536 4277 loqui
568 4186 957 4279 de‘potentia
993 4199 1280 4259 absoluta
1306 4244 1321 4271 ‚
1363 4206 1425 4259 et
1454 4200 1531 4261 de
1566 4200 1755 4262 modo

199 4290 499 4370 operandi
544 4292 944 4365 miraculoso,
997 4296 1059 4353 et
1087 4292 1577 4373 praeternaturali
1606 4292 1756 4355 huic

198 4386 491 4457 scientiae,
522 4386 692 4445 aliud
720 4404 867 4447 vero
888 4386 967 4447 de
998 4386 1183 4447 modo
1210 4386 1295 4445 illi
1324 4388 1753 4465 connaturali3

200 4479 383 4559 priori
432 4480 601 4539 enim
650 4480 837 4541 modo
874 4485 1117 4559 poterat
1145 4480 1355 4540 anima
1383 4482 1603 4543 Christi
1635 4482 1759 4543 ele-

202 4572 321 4632 vari
377 4572 459 4633 ad
514 4572 853 4633 eliciendos
899 4572 1081 4633 simul
1121 4572 1333 4654 plures
1376 4578 1573 4647 actim,
1627 4592 1758 4635 non

204 4667 399 4726 solum
440 4666 631 4745 hujus
672 4667 963 4740 scientiae,
1013 4666 1123 4727 sed
1168 4666 1357 4727 etiam
1400 4666 1753 4742 inferioris;

206 4768 408 4820 tamen
448 4759 777 4839 posteriori
822 4778 935 4820 seu
965 4760 1354 4822 connaturali
1384 4760 1596 4836 mod0,
1628 4780 1755 4821 non

204 4858 442 4931 poterat
506 4872 621 4932 per
675 4854 837 4913 hanc
896 4854 1224 4915 scientiam
1280 4854 1513 4914 habere
1554 4901 1573 4929 ‚
1638 4854 1756 4915 nisi

208 4962 391 5005 unum
438 4952 651 5007 actum
700 4947 1097 5026 adaequatum
1130 4949 1240 5007 uni
1270 4946 1501 5027 speciei
1532 4946 1759 5007 intelli-

213 5041 363 5119 gibili
391 5086 405 5113 ‚
448 5040 599 5117 quia
630 5040 981 5121 hujusmodi
1013 5042 1253 5119 species
1283 5058 1530 5121 semper
1558 5039 1761 5101 infun-

215 5134 428 5197 duntur
456 5136 945 5215 proportionata)
977 5142 1037 5196 et
1062 5136 1406 5215 adaequatae
1432 5135 1641 5196 virtuti
1671 5136 1761 5195 in-

218 5228 541 5308 telligendi,
597 5246 734 5307 quse
781 5228 957 5289 finita
997 5234 1113 5305 est,
1157 5232 1227 5288 ut
1270 5246 1345 5289 ex
1383 5227 1643 5289 materia
1680 5228 1759 5289 de

220 5324 446 5403 Angelis
466 5322 658 5383 latius
680 5328 949 5395 constat;
980 5322 1377 5383 verisimilius
1403 5326 1613 5383 autem
1640 5328 1755 5398 est,

220 5418 502 5479 Christum
548 5434 738 5476 usum
779 5434 917 5477 esse
954 5416 1073 5478 hac
1101 5416 1359 5478 scientia
1392 5414 1579 5477 modo
1610 5434 1759 5477 con-

222 5511 497 5587 naturali3
554 5509 727 5588 quia,
778 5528 921 5571 cum
972 5528 1089 5591 per
1134 5510 1455 5573 scientiam
1504 5508 1754 5573 beatam

1844 633 1966 694 lius
2013 641 2106 696 est
2145 636 2247 699 vel
2287 652 2415 697 non
2461 652 2712 715 semper
2737 682 2754 709 ,
2799 636 2900 698 vel
2945 635 3208 700 fortasse
3251 656 3414 701 nun·

1844 744 2056 807 quam,
2097 736 2242 792 actu
2273 736 2338 791 et
2373 728 2560 791 simul
2599 728 3031 793 considerasse
3061 732 3273 793 omnia
3303 732 3414 795 ob·

1842 820 2008 900 jecta
2057 822 2243 901 hujus
2289 823 2592 895 scientim,
2638 822 2810 903 quod
2863 824 3052 903 plane
3099 825 3291 888 sentit
3337 827 3409 889 D.

1840 914 2116 975 Thomas
2141 916 2262 993 hic,
2295 917 2472 979 artic.
2505 920 2567 991 5,
2599 916 2681 977 ad
2708 918 2782 988 33
2819 926 2884 978 et
2911 922 3084 979 tenet
3107 918 3410 995 Darand,

1842 1006 1907 1066 in
1939 1009 1998 1081 3,
2031 1008 2301 1073 distinct.
2337 1014 2438 1083 14,
2472 1017 2694 1089 quoest.
2725 1012 2788 1072 3.
2821 1012 3038 1089 Neque
3065 1010 3236 1072 enim
3262 1027 3412 1090 pro-

1840 1106 2059 1179 pterea
2109 1103 2434 1181 ignorasse
2489 1104 2724 1183 aliquid
2773 1104 2896 1165 dici
2942 1109 3150 1183 potest
3203 1122 3222 1177 ς
3283 1120 3411 1165 non

1842 1195 2012 1255 enim
2035 1196 2304 1275 ignorat,
2331 1198 2438 1278 qui
2453 1198 2836 1260 habitualem
2859 1198 3182 1260 scientiam
3197 1198 3408 1275 habet,

1842 1294 1907 1349 et
1934 1306 2052 1349 suo
2083 1288 2337 1351 arbitrio
2375 1291 2466 1351 uti
2495 1292 2599 1352 illa
2645 1298 2852 1372 potest
2890 1292 2974 1353 ad
3018 1292 3412 1353 consideran-

1844 1381 1999 1443 dum
2030 1382 2094 1445 id
2121 1384 2292 1463 quod
2319 1385 2626 1460 voluerit,
2669 1388 2957 1465 quamvis
2999 1404 3128 1447 non
3169 1404 3414 1467 semper

1846 1477 2060 1537 omnia
2105 1482 2250 1538 actu
2295 1478 2684 1557 consideret3
2725 1479 2812 1541 ita
2859 1498 3008 1541 vero
3048 1488 3180 1543 erat
3203 1480 3412 1561 dispo·

1845 1570 1962 1630 sita
1987 1572 2198 1632 anima
2219 1571 2442 1634 Christi
2450 1594 2470 1647 ς
2497 1572 2664 1633 unde
2689 1574 3106 1649 concluditur,
3135 1575 3411 1635 animam

1844 1662 2067 1725 Christi
2111 1665 2305 1726 tuisse
2347 1683 2594 1745 semper
2626 1667 2690 1728 in
2727 1673 2870 1728 actu
2910 1667 3182 1729 secundo
3225 1667 3412 1747 hujus

1844 1758 2119 1820 scientiae
2144 1806 2162 1833 ‚
2207 1778 2320 1839 per
2348 1760 2806 1823 successionem
2835 1780 2944 1821 seu
2975 1762 3303 1821 transitum
3331 1760 3412 1823 ab

1842 1866 1971 1912 uno
2001 1859 2146 1915 actu
2171 1854 2252 1913 ad
2275 1855 2490 1928 alium,
2525 1856 2908 1935 Angelorum
2943 1872 3140 1917 more.

1924 1950 2023 2009 10.
2071 1948 2336 2011 Dubium
2365 1948 3412 2032 tertium.-Respomio.—Anima

1844 2040 2086 2105 Christi
2145 2042 2340 2104 multa
2389 2043 2576 2105 simul
2629 2048 2772 2107 actu
2813 2043 3014 2123 potuit
3069 2060 3412 2125 cognoscere

1837 2135 2100 2198 seientia
2144 2134 2374 2211 infusa.
2411 2166 2494 2182 -—
2537 2136 2611 2197 Et
2652 2136 2800 2197 hinc
2849 2136 3050 2197 obiter
3087 2136 3408 2216 expeditur

1840 2228 2010 2289 aliud
2038 2227 2324 2303 dubium,
2365 2244 2469 2302 sn,
2514 2229 2767 2301 scilicet,
2801 2230 3013 2291 anima
3045 2230 3268 2291 Christi
3294 2248 3406 2309 per

1838 2322 2004 2383 hanc
2033 2320 2358 2383 scientiam
2387 2323 2662 2401 potuerit
2689 2322 2873 2383 simul
2903 2328 3048 2383 actu
3075 2322 3270 2383 mults
3303 2340 3409 2385 co·-

1840 2414 2436 2495 gnoscere.0uidam
2453 2414 2747 2489 onim,vel
2763 2414 3128 2495 simpliciter
3146 2421 3403 2495 negant,

1838 2515 1907 2569 ut
1930 2508 2251 2579 Richard.,
2271 2508 2331 2569 d.
2353 2510 2454 2580 24,
2477 2526 2537 2569 a.
2567 2511 2628 2583 4,
2653 2513 2796 2587 q.1;
2819 2508 2917 2568 vel
2943 2508 3112 2587 quod
3127 2509 3404 2588 perfecte

1836 2601 2054 2679 possit,
2081 2606 2152 2661 ut
2175 2600 2434 2677 Marsil.‚
2469 2620 2530 2680 q.
2564 2604 2662 2674 10,
2688 2608 2803 2663 art.
2824 2606 2886 2679 2,
2915 2604 3075 2681 part.
3105 2604 3166 2675 4,
3197 2598 3402 2665 concl.

1840 2697 1903 2767 4,
1943 2694 2056 2771 qui
2085 2693 2302 2769 addit,
2351 2712 2478 2773 quo
2507 2696 2718 2757 anime
2747 2696 2970 2757 Christi
3001 2696 3183 2775 plura
3219 2692 3408 2757 simul

1842 2794 1984 2850 actu
2015 2789 2336 2867 cognoscit
2373 2807 2486 2869 per
2513 2791 2676 2851 hanc
2699 2789 3058 2862 scientiam,
3091 2808 3168 2851 eo
3193 2790 3407 2851 minus

1838 2883 2114 2963 perfecte
2149 2884 2472 2945 attendere
2501 2884 2584 2945 ad
2613 2885 2860 2964 singula
2881 2930 2897 2958 ,
2929 2885 3078 2965 quia
3101 2884 3198 2947 vis
3223 2886 3406 2948 intel·

1836 2976 2072 3055 ligendi
2113 2978 2250 3057 ejus
2285 2978 2462 3039 finita
2491 2984 2606 3040 est.
2647 2979 2997 3040 Dicendum
3031 2986 3124 3040 est
3149 2986 3403 3056 tamen,

1834 3072 2010 3149 juxta
2055 3070 2256 3143 dicta,
2303 3071 2422 3133 hoc
2469 3089 2607 3133 esse
2636 3088 2856 3133 verum
2887 3072 2968 3133 de
3003 3072 3405 3135 multitudine

1838 3180 2044 3226 rerum
2075 3180 2216 3242 quse
2240 3182 2356 3244 per
2381 3164 2660 3226 diversas
2688 3166 2932 3245 species
2957 3172 3408 3246 reproesentan·

1836 3264 1962 3333 tur,
2015 3258 2246 3319 utendo
2293 3258 2620 3338 adaequato
2669 3266 2730 3320 et
2778 3260 3170 3321 connaturali
3215 3260 3405 3323 modo

1840 3350 2102 3431 singulis
2132 3351 2462 3429 speciebus
2499 3371 2514 3423 ;
2563 3370 2742 3413 secus
2771 3370 2924 3414 vero
2965 3359 3061 3415 est
3089 3354 3168 3415 de
3199 3354 3406 3415 multis

1838 3446 2028 3505 rebus
2051 3462 2162 3523 per
2189 3462 2380 3505 unam
2409 3445 2682 3523 speciem
2708 3448 3205 3524 repraesentatis3
3255 3464 3404 3507 nam

1838 3540 1958 3600 illae
1989 3542 2254 3617 possunt
2291 3537 2476 3598 simul
2519 3544 2581 3599 et
2615 3556 2744 3600 uno
2774 3546 2916 3600 actu
2953 3539 3228 3619 perfecte
3257 3556 3406 3603 con—

1840 3633 2100 3693 siderari
2120 3677 2139 3705 ‚
2176 3631 2333 3691 sicut
2361 3632 2440 3693 de
2471 3632 2728 3711 Angelis
2757 3632 2876 3694 dici
2909 3633 3063 3695 solet:
3089 3678 3105 3707 ,
3147 3640 3406 3715 propter

1834 3728 2145 3789 rationem
2200 3724 2430 3785 factam
2461 3770 2476 3798 ,
2526 3726 2674 3804 quia
2738 3726 2935 3787 virtus
3001 3727 3254 3787 luminis
3311 3734 3410 3790 est

1837 3820 2017 3900 quasi
2061 3824 2568 3879 commensurata
2609 3820 2844 3898 speciei
2873 3820 3288 3897 intelligibili3
3343 3826 3408 3883 et

1840 3914 1982 3975 ideo
2031 3912 2274 3987 omnia,
2314 3928 2452 3991 quae
2501 3930 2616 3991 per
2643 3930 2836 3974 unam
2879 3914 3150 3993 speciem
3177 3930 3406 3995 repre-

1839 4012 2169 4069 sentantur
2193 4052 2214 4081 ,
2271 4004 2570 4067 dicuntur
2627 4007 2920 4086 cognosci
2975 4024 3090 4086 per
3144 4008 3404 4071 modum

1838 4118 2049 4160 unius,

1922 4197 2020 4256 11.
2067 4190 2336 4255 Dubium
2374 4196 2680 4273 quartum.
2705 4192 3254 4273 —Respomim—
3277 4195 3402 4257 Sed

1838 4288 2054 4348 ultimo
2073 4290 2310 4365 quaeret
2333 4286 2434 4346 hic
2465 4286 2688 4365 aliquis
2707 4286 3025 4363 quomodo
3047 4288 3246 4367 possit
3265 4287 3403 4349 ani-

1838 4400 1941 4442 ma
1980 4380 2200 4442 Christi
2249 4397 2362 4458 per
2419 4380 2806 4440 voluntatem
2865 4398 3044 4440 suam
3069 4381 3398 4456 reducere,

1840 4494 1952 4537 seu
2003 4475 2316 4555 applicare
2369 4473 2530 4535 hanc
2578 4474 2904 4535 scientiam
2931 4475 3013 4536 sd
3053 4483 3258 4537 actum
3302 4492 3401 4538 se-

1840 4570 2142 4644 cundum,
2175 4587 2288 4629 seu
2331 4567 2412 4628 ad
2440 4584 2625 4629 usum
2671 4570 2859 4648 hujus
2889 4570 3138 4649 speciei,
3193 4570 3401 4650 potius

1839 4680 2029 4742 quam
2059 4662 2242 4724 illius.
2278 4662 2352 4723 Et
2382 4666 2478 4723 est
2501 4662 2660 4723 ratio
2693 4662 2891 4738 dubii,
2935 4664 3082 4742 quia
3112 4664 3402 4726 voluntas

1836 4776 1968 4818 non
2011 4756 2275 4817 infertur
2313 4756 2379 4816 in
2433 4756 2860 4836 incognitum;
2913 4774 3064 4838 ergo
3109 4758 3400 4819 voluntas

1838 4850 2054 4912 utendi
2084 4850 2203 4910 hac
2233 4850 2467 4928 specie,
2499 4868 2613 4911 seu
2648 4850 3086 4912 considerandi
3127 4851 3248 4913 hoc
3293 4852 3398 4914 ob-

1833 4944 2096 5025 jectum,
2128 4944 2422 5022 supponit
2473 4944 2894 5023 cognitionem
2945 4945 3102 5024 ejus,
3135 4962 3274 5023 quae
3305 4952 3400 5008 est

1839 5038 2276 5118 repugnantia.
2321 5038 2466 5099 Hsec
2512 5037 2884 5113 difficultas,
2941 5040 3100 5101 sicut
3149 5044 3212 5100 et
3263 5038 3400 5101 aliae

1842 5133 2078 5208 multae,
2121 5150 2260 5213 quae
2301 5132 2404 5193 hic
2438 5138 2618 5193 tactae
2671 5138 2838 5207 sunt,
2882 5132 2947 5192 in
2999 5134 3261 5195 materia
3319 5132 3398 5195 de

1844 5226 2101 5307 Angelis
2145 5224 2284 5286 fuse
2335 5230 2658 5299 tractatur,
2703 5244 2850 5286 nam
2881 5225 3010 5287 fere
3055 5232 3146 5287 est
3177 5226 3400 5287 eadem

1839 5319 2323 5399 proportionalis
2365 5320 2546 5381 ratio.
2583 5321 2657 5380 Et
2703 5319 2844 5381 idco
2889 5318 3162 5379 breviter
3201 5318 3398 5381 altero

1840 5430 1918 5475 ex
1946 5412 2192 5474 duobus
2222 5412 2424 5474 modis
2453 5412 2734 5493 expediri
2767 5417 2991 5490 potest.
3025 5410 3254 5485 Primo,
3299 5412 3400 5474 di-

1839 5506 2040 5570 cendo
2072 5506 2349 5568 animum
2379 5506 2601 5569 Christi
2614 5506 2818 5585 juvari
2841 5522 3025 5584 posse
3043 5505 3398 5584 cognitione
