<?xml version="1.0" encoding="UTF-8"?>
<!DOCTYPE html PUBLIC "-//W3C//DTD XHTML 1.0 Transitional//EN"
    "http://www.w3.org/TR/xhtml1/DTD/xhtml1-transitional.dtd">
<html xmlns="http://www.w3.org/1999/xhtml" xml:lang="en" lang="en">
 <head>
  <title>
</title>
<meta http-equiv="Content-Type" content="text/html;charset=utf-8" />
  <meta name='ocr-system' content='tesseract 3.04.00' />
  <meta name='ocr-capabilities' content='ocr_page ocr_carea ocr_par ocr_line ocrx_word'/>
</head>
<body>
  <div class='ocr_page' id='page_1' title='image "./rpfranciscisuar00unkngoog_0113.png"; bbox 0 0 3892 6167; ppageno 0'>
   <div class='ocr_carea' id='block_1_1' title="bbox 1314 390 3328 458">
    <p class='ocr_par' dir='ltr' id='par_1_1' title="bbox 1314 390 3328 458">
     <span class='ocr_line' id='line_1_1' title="bbox 1314 390 3328 458; baseline 0.006 -13"><span class='ocrx_word' id='word_1_1' title='bbox 1314 390 1634 447; x_wconf 75' lang='lat' dir='ltr'><strong>msruTA&#39;r.</strong></span> <span class='ocrx_word' id='word_1_2' title='bbox 1667 390 1844 447; x_wconf 72' lang='lat' dir='ltr'><strong>xxxi.</strong></span> <span class='ocrx_word' id='word_1_3' title='bbox 1876 392 2048 448; x_wconf 74' lang='lat' dir='ltr'><strong>sssc&#39;r.</strong></span> <span class='ocrx_word' id='word_1_4' title='bbox 2083 396 2144 449; x_wconf 87' lang='lat'><strong>11.</strong></span> <span class='ocrx_word' id='word_1_5' title='bbox 3251 398 3328 458; x_wconf 74' lang='grc'><strong>95</strong></span> 
     </span>
    </p>
   </div>
   <div class='ocr_carea' id='block_1_2' title="bbox 70 480 1719 5633">
    <p class='ocr_par' dir='ltr' id='par_1_2' title="bbox 73 480 1695 1019">
     <span class='ocr_line' id='line_1_2' title="bbox 80 480 1695 576; baseline 0.009 -36"><span class='ocrx_word' id='word_1_6' title='bbox 80 480 297 546; x_wconf 85' lang='lat' dir='ltr'><strong>solute</strong></span> <span class='ocrx_word' id='word_1_7' title='bbox 328 486 581 563; x_wconf 75' lang='lat' dir='ltr'><strong>vellet:</strong></span> <span class='ocrx_word' id='word_1_8' title='bbox 618 496 811 571; x_wconf 84' lang='lat' dir='ltr'><strong>atque</strong></span> <span class='ocrx_word' id='word_1_9' title='bbox 845 490 1003 555; x_wconf 85' lang='lat' dir='ltr'><strong>adeo</strong></span> <span class='ocrx_word' id='word_1_10' title='bbox 1032 498 1101 555; x_wconf 88' lang='lat' dir='ltr'><strong>ut</strong></span> <span class='ocrx_word' id='word_1_11' title='bbox 1127 492 1391 558; x_wconf 88' lang='lat' dir='ltr'><strong>haberet</strong></span> <span class='ocrx_word' id='word_1_12' title='bbox 1416 500 1695 576; x_wconf 84' lang='lat' dir='ltr'><strong>potesta-</strong></span> 
     </span>
     <span class='ocr_line' id='line_1_3' title="bbox 76 580 1693 668; baseline 0.009 -33"><span class='ocrx_word' id='word_1_13' title='bbox 76 580 207 635; x_wconf 86' lang='lat' dir='ltr'><strong>tem</strong></span> <span class='ocrx_word' id='word_1_14' title='bbox 238 582 579 659; x_wconf 87' lang='lat' dir='ltr'><strong>operandi</strong></span> <span class='ocrx_word' id='word_1_15' title='bbox 610 585 913 646; x_wconf 85' lang='lat' dir='ltr'><strong>miracula</strong></span> <span class='ocrx_word' id='word_1_16' title='bbox 956 605 1085 647; x_wconf 78' lang='lat' dir='ltr'><strong>suae</strong></span> <span class='ocrx_word' id='word_1_17' title='bbox 1120 588 1421 651; x_wconf 86' lang='lat' dir='ltr'><strong>voluntati</strong></span> <span class='ocrx_word' id='word_1_18' title='bbox 1452 588 1693 668; x_wconf 88' lang='lat' dir='ltr'><strong>subjec-</strong></span> 
     </span>
     <span class='ocr_line' id='line_1_4' title="bbox 78 674 1695 763; baseline 0.01 -36"><span class='ocrx_word' id='word_1_19' title='bbox 78 674 229 730; x_wconf 81' lang='lat' dir='ltr'><strong>tam.</strong></span> <span class='ocrx_word' id='word_1_20' title='bbox 266 674 507 737; x_wconf 85' lang='lat' dir='ltr'><strong>Tertio</strong></span> <span class='ocrx_word' id='word_1_21' title='bbox 538 678 789 757; x_wconf 87' lang='lat' dir='ltr'><strong>probari</strong></span> <span class='ocrx_word' id='word_1_22' title='bbox 831 686 1058 760; x_wconf 88' lang='lat' dir='ltr'><strong>potest,</strong></span> <span class='ocrx_word' id='word_1_23' title='bbox 1091 682 1237 759; x_wconf 88' lang='lat' dir='ltr'><strong>quia</strong></span> <span class='ocrx_word' id='word_1_24' title='bbox 1269 702 1459 763; x_wconf 88' lang='lat' dir='ltr'><strong>supra</strong></span> <span class='ocrx_word' id='word_1_25' title='bbox 1488 688 1695 744; x_wconf 88' lang='lat' dir='ltr'><strong>osten-</strong></span> 
     </span>
     <span class='ocr_line' id='line_1_5' title="bbox 75 760 1693 853; baseline 0.009 -32"><span class='ocrx_word' id='word_1_26' title='bbox 75 760 305 826; x_wconf 86' lang='lat' dir='ltr'>dimus</span> <span class='ocrx_word' id='word_1_27' title='bbox 342 769 520 833; x_wconf 87' lang='lat' dir='ltr'><strong>alias</strong></span> <span class='ocrx_word' id='word_1_28' title='bbox 549 772 781 849; x_wconf 76' lang='lat' dir='ltr'>gratias</span> <span class='ocrx_word' id='word_1_29' title='bbox 802 776 995 853; x_wconf 84' lang='lat' dir='ltr'><strong>gratis</strong></span> <span class='ocrx_word' id='word_1_30' title='bbox 1014 774 1193 837; x_wconf 88' lang='lat' dir='ltr'><strong>datas</strong></span> <span class='ocrx_word' id='word_1_31' title='bbox 1226 776 1451 839; x_wconf 83' lang='lat' dir='ltr'><strong>animae</strong></span> <span class='ocrx_word' id='word_1_32' title='bbox 1469 775 1693 839; x_wconf 84' lang='lat' dir='ltr'>Christi</span> 
     </span>
     <span class='ocr_line' id='line_1_6' title="bbox 73 866 1691 946; baseline 0.011 -33"><span class='ocrx_word' id='word_1_33' title='bbox 73 870 573 936; x_wconf 68' lang='lat' dir='ltr'><strong>permanenter</strong></span> <span class='ocrx_word' id='word_1_34' title='bbox 622 872 685 929; x_wconf 87' lang='lat' dir='ltr'><strong>ct</strong></span> <span class='ocrx_word' id='word_1_35' title='bbox 739 884 854 946; x_wconf 92' lang='lat' dir='ltr'><strong>per</strong></span> <span class='ocrx_word' id='word_1_36' title='bbox 898 866 1157 931; x_wconf 89' lang='lat' dir='ltr'><strong>modum</strong></span> <span class='ocrx_word' id='word_1_37' title='bbox 1210 870 1459 933; x_wconf 89' lang='lat' dir='ltr'><strong>habitus</strong></span> <span class='ocrx_word' id='word_1_38' title='bbox 1499 870 1691 932; x_wconf 79' lang='lat' dir='ltr'><strong>fuisse</strong></span> 
     </span>
     <span class='ocr_line' id='line_1_7' title="bbox 74 966 473 1019; baseline 0.028 -10"><span class='ocrx_word' id='word_1_39' title='bbox 74 966 473 1019; x_wconf 83' lang='lat' dir='ltr'><strong>concessas.</strong></span> 
     </span>
    </p>

    <p class='ocr_par' dir='ltr' id='par_1_3' title="bbox 70 1046 1701 3101">
     <span class='ocr_line' id='line_1_8' title="bbox 152 1046 1691 1139; baseline 0.01 -32"><span class='ocrx_word' id='word_1_40' title='bbox 152 1048 222 1107; x_wconf 74' lang='lat'><strong>4.</strong></span> <span class='ocrx_word' id='word_1_41' title='bbox 276 1046 1251 1139; x_wconf 68' lang='lat' dir='ltr'><strong>objectio.-Re⁸pomio.-Sed</strong></span> <span class='ocrx_word' id='word_1_42' title='bbox 1278 1064 1517 1134; x_wconf 88' lang='lat' dir='ltr'><strong>contra,</strong></span> <span class='ocrx_word' id='word_1_43' title='bbox 1542 1076 1691 1123; x_wconf 84' lang='lat' dir='ltr'><strong>nam</strong></span> 
     </span>
     <span class='ocr_line' id='line_1_9' title="bbox 76 1140 1691 1225; baseline 0.011 -27"><span class='ocrx_word' id='word_1_44' title='bbox 76 1140 145 1199; x_wconf 88' lang='lat' dir='ltr'><strong>D.</strong></span> <span class='ocrx_word' id='word_1_45' title='bbox 182 1142 529 1223; x_wconf 78' lang='lat' dir='ltr'><strong>ThomaS,</strong></span> <span class='ocrx_word' id='word_1_46' title='bbox 564 1150 749 1213; x_wconf 88' lang='lat' dir='ltr'><strong>citato</strong></span> <span class='ocrx_word' id='word_1_47' title='bbox 779 1150 917 1212; x_wconf 89' lang='lat' dir='ltr'><strong>loco</strong></span> <span class='ocrx_word' id='word_1_48' title='bbox 949 1152 1008 1211; x_wconf 78' lang='lat'><strong>2.</strong></span> <span class='ocrx_word' id='word_1_49' title='bbox 1041 1152 1103 1225; x_wconf 76' lang='lat'><strong>2,</strong></span> <span class='ocrx_word' id='word_1_50' title='bbox 1134 1150 1367 1217; x_wconf 88' lang='lat' dir='ltr'><strong>indicat</strong></span> <span class='ocrx_word' id='word_1_51' title='bbox 1394 1152 1531 1215; x_wconf 89' lang='lat' dir='ltr'><strong>fieri</strong></span> <span class='ocrx_word' id='word_1_52' title='bbox 1561 1170 1691 1215; x_wconf 90' lang='lat' dir='ltr'><strong>non</strong></span> 
     </span>
     <span class='ocr_line' id='line_1_10' title="bbox 74 1244 1693 1323; baseline 0.011 -30"><span class='ocrx_word' id='word_1_53' title='bbox 74 1250 278 1312; x_wconf 83' lang='lat' dir='ltr'><strong>posse</strong></span> <span class='ocrx_word' id='word_1_54' title='bbox 316 1244 407 1301; x_wconf 82' lang='lat' dir='ltr'><strong>ut</strong></span> <span class='ocrx_word' id='word_1_55' title='bbox 457 1244 664 1323; x_wconf 86' lang='lat' dir='ltr'><strong>gratia</strong></span> <span class='ocrx_word' id='word_1_56' title='bbox 702 1244 1150 1307; x_wconf 81' lang='lat' dir='ltr'><strong>miraculorum</strong></span> <span class='ocrx_word' id='word_1_57' title='bbox 1194 1249 1693 1310; x_wconf 84' lang='lat' dir='ltr'><strong>communicetur</strong></span> 
     </span>
     <span class='ocr_line' id='line_1_11' title="bbox 72 1336 1691 1420; baseline 0.011 -33"><span class='ocrx_word' id='word_1_58' title='bbox 72 1336 423 1395; x_wconf 71' lang='lat' dir='ltr'><strong>creaturae</strong></span> <span class='ocrx_word' id='word_1_59' title='bbox 466 1352 585 1415; x_wconf 90' lang='lat' dir='ltr'><strong>per</strong></span> <span class='ocrx_word' id='word_1_60' title='bbox 632 1337 890 1399; x_wconf 88' lang='lat' dir='ltr'><strong>modum</strong></span> <span class='ocrx_word' id='word_1_61' title='bbox 932 1337 1204 1401; x_wconf 79' lang='lat' dir='ltr'><strong>habitus,</strong></span> <span class='ocrx_word' id='word_1_62' title='bbox 1257 1341 1691 1420; x_wconf 86' lang='lat' dir='ltr'><strong>Respondetur</strong></span> 
     </span>
     <span class='ocr_line' id='line_1_12' title="bbox 72 1420 1691 1516; baseline 0.012 -37"><span class='ocrx_word' id='word_1_63' title='bbox 72 1420 141 1479; x_wconf 92' lang='lat' dir='ltr'><strong>D.</strong></span> <span class='ocrx_word' id='word_1_64' title='bbox 170 1424 533 1489; x_wconf 87' lang='lat' dir='ltr'><strong>Thomam</strong></span> <span class='ocrx_word' id='word_1_65' title='bbox 558 1430 761 1492; x_wconf 88' lang='lat' dir='ltr'><strong>solum</strong></span> <span class='ocrx_word' id='word_1_66' title='bbox 786 1430 1139 1511; x_wconf 86' lang='lat' dir='ltr'><strong>significare</strong></span> <span class='ocrx_word' id='word_1_67' title='bbox 1163 1452 1291 1495; x_wconf 88' lang='lat' dir='ltr'><strong>non</strong></span> <span class='ocrx_word' id='word_1_68' title='bbox 1316 1453 1501 1516; x_wconf 90' lang='lat' dir='ltr'><strong>posse</strong></span> <span class='ocrx_word' id='word_1_69' title='bbox 1526 1435 1691 1498; x_wconf 90' lang='lat' dir='ltr'><strong>hanc</strong></span> 
     </span>
     <span class='ocr_line' id='line_1_13' title="bbox 70 1518 1694 1610; baseline 0.012 -37"><span class='ocrx_word' id='word_1_70' title='bbox 70 1518 383 1592; x_wconf 79' lang='lat' dir='ltr'><strong>gratiam</strong></span> <span class='ocrx_word' id='word_1_71' title='bbox 419 1542 563 1585; x_wconf 88' lang='lat' dir='ltr'><strong>esse</strong></span> <span class='ocrx_word' id='word_1_72' title='bbox 602 1524 965 1603; x_wconf 80' lang='lat' dir='ltr'><strong>qualitatem</strong></span> <span class='ocrx_word' id='word_1_73' title='bbox 998 1526 1273 1607; x_wconf 81' lang='lat' dir='ltr'><strong>aliquam</strong></span> <span class='ocrx_word' id='word_1_74' title='bbox 1315 1546 1694 1610; x_wconf 88' lang='lat' dir='ltr'><strong>permanen-</strong></span> 
     </span>
     <span class='ocr_line' id='line_1_14' title="bbox 70 1614 1694 1705; baseline 0.011 -38"><span class='ocrx_word' id='word_1_75' title='bbox 70 1614 213 1669; x_wconf 84' lang='lat' dir='ltr'><strong>tem</strong></span> <span class='ocrx_word' id='word_1_76' title='bbox 242 1656 261 1683; x_wconf 90' lang='lat'><strong>,</strong></span> <span class='ocrx_word' id='word_1_77' title='bbox 302 1620 383 1675; x_wconf 87' lang='lat' dir='ltr'><strong>et</strong></span> <span class='ocrx_word' id='word_1_78' title='bbox 416 1615 709 1678; x_wconf 88' lang='lat' dir='ltr'><strong>habitum</strong></span> <span class='ocrx_word' id='word_1_79' title='bbox 744 1617 1077 1683; x_wconf 85' lang='lat' dir='ltr'><strong>intrinsece</strong></span> <span class='ocrx_word' id='word_1_80' title='bbox 1116 1620 1555 1699; x_wconf 78' lang='lat' dir='ltr'><strong>inhaerentem,</strong></span> <span class='ocrx_word' id='word_1_81' title='bbox 1585 1623 1694 1705; x_wconf 89' lang='lat' dir='ltr'><strong>qui</strong></span> 
     </span>
     <span class='ocr_line' id='line_1_15' title="bbox 72 1702 1691 1795; baseline 0.011 -35"><span class='ocrx_word' id='word_1_82' title='bbox 72 1702 151 1762; x_wconf 82' lang='lat' dir='ltr'><strong>sit</strong></span> <span class='ocrx_word' id='word_1_83' title='bbox 184 1705 615 1789; x_wconf 85' lang='lat' dir='ltr'><strong>principium</strong></span> <span class='ocrx_word' id='word_1_84' title='bbox 645 1712 927 1775; x_wconf 88' lang='lat' dir='ltr'><strong>omnium</strong></span> <span class='ocrx_word' id='word_1_85' title='bbox 964 1713 1191 1775; x_wconf 88' lang='lat' dir='ltr'><strong>harum</strong></span> <span class='ocrx_word' id='word_1_86' title='bbox 1228 1716 1691 1795; x_wconf 84' lang='lat' dir='ltr'><strong>operationum,</strong></span> 
     </span>
     <span class='ocr_line' id='line_1_16' title="bbox 74 1800 1697 1888; baseline 0.009 -29"><span class='ocrx_word' id='word_1_87' title='bbox 74 1800 275 1877; x_wconf 81' lang='lat' dir='ltr'><strong>quod</strong></span> <span class='ocrx_word' id='word_1_88' title='bbox 309 1820 557 1865; x_wconf 82' lang='lat' dir='ltr'><strong>verum</strong></span> <span class='ocrx_word' id='word_1_89' title='bbox 588 1812 703 1880; x_wconf 87' lang='lat' dir='ltr'><strong>est,</strong></span> <span class='ocrx_word' id='word_1_90' title='bbox 735 1812 804 1869; x_wconf 92' lang='lat' dir='ltr'><strong>ut</strong></span> <span class='ocrx_word' id='word_1_91' title='bbox 832 1824 951 1888; x_wconf 84' lang='lat' dir='ltr'><strong>ego</strong></span> <span class='ocrx_word' id='word_1_92' title='bbox 982 1808 1290 1886; x_wconf 82' lang='lat' dir='ltr'><strong>existimo,</strong></span> <span class='ocrx_word' id='word_1_93' title='bbox 1322 1816 1387 1872; x_wconf 91' lang='lat' dir='ltr'><strong>et</strong></span> <span class='ocrx_word' id='word_1_94' title='bbox 1410 1810 1577 1874; x_wconf 87' lang='lat' dir='ltr'><strong>infra</strong></span> <span class='ocrx_word' id='word_1_95' title='bbox 1604 1812 1697 1873; x_wconf 92' lang='lat' dir='ltr'><strong>la-</strong></span> 
     </span>
     <span class='ocr_line' id='line_1_17' title="bbox 70 1894 1695 1980; baseline 0.009 -27"><span class='ocrx_word' id='word_1_96' title='bbox 70 1894 209 1955; x_wconf 80' lang='lat' dir='ltr'><strong>tius</strong></span> <span class='ocrx_word' id='word_1_97' title='bbox 248 1896 514 1962; x_wconf 85' lang='lat' dir='ltr'><strong>dicam.</strong></span> <span class='ocrx_word' id='word_1_98' title='bbox 548 1900 763 1980; x_wconf 82' lang='lat' dir='ltr'><strong>Neque</strong></span> <span class='ocrx_word' id='word_1_99' title='bbox 792 1900 856 1962; x_wconf 90' lang='lat' dir='ltr'><strong>in</strong></span> <span class='ocrx_word' id='word_1_100' title='bbox 898 1902 1017 1964; x_wconf 88' lang='lat' dir='ltr'><strong>hoc</strong></span> <span class='ocrx_word' id='word_1_101' title='bbox 1058 1920 1251 1965; x_wconf 88' lang='lat' dir='ltr'><strong>sensu</strong></span> <span class='ocrx_word' id='word_1_102' title='bbox 1298 1922 1503 1967; x_wconf 87' lang='lat' dir='ltr'><strong>assero</strong></span> <span class='ocrx_word' id='word_1_103' title='bbox 1531 1906 1695 1967; x_wconf 90' lang='lat' dir='ltr'><strong>hanc</strong></span> 
     </span>
     <span class='ocr_line' id='line_1_18' title="bbox 71 1991 1697 2078; baseline 0.009 -30"><span class='ocrx_word' id='word_1_104' title='bbox 71 1991 389 2066; x_wconf 81' lang='lat' dir='ltr'><strong>gratiam</strong></span> <span class='ocrx_word' id='word_1_105' title='bbox 442 2010 585 2055; x_wconf 87' lang='lat' dir='ltr'><strong>esse</strong></span> <span class='ocrx_word' id='word_1_106' title='bbox 630 2001 1101 2074; x_wconf 81' lang='lat' dir='ltr'><strong>permanentem</strong></span> <span class='ocrx_word' id='word_1_107' title='bbox 1150 2004 1213 2060; x_wconf 90' lang='lat' dir='ltr'><strong>et</strong></span> <span class='ocrx_word' id='word_1_108' title='bbox 1270 2017 1387 2078; x_wconf 88' lang='lat' dir='ltr'><strong>per</strong></span> <span class='ocrx_word' id='word_1_109' title='bbox 1436 2000 1697 2061; x_wconf 89' lang='lat' dir='ltr'><strong>modum</strong></span> 
     </span>
     <span class='ocr_line' id='line_1_19' title="bbox 72 2078 1695 2174; baseline 0.009 -34"><span class='ocrx_word' id='word_1_110' title='bbox 72 2078 371 2145; x_wconf 87' lang='lat' dir='ltr'><strong>habitus</strong></span> <span class='ocrx_word' id='word_1_111' title='bbox 402 2085 474 2146; x_wconf 89' lang='lat' dir='ltr'><strong>in</strong></span> <span class='ocrx_word' id='word_1_112' title='bbox 498 2084 720 2149; x_wconf 83' lang='lat' dir='ltr'><strong>Christi</strong></span> <span class='ocrx_word' id='word_1_113' title='bbox 740 2089 1151 2167; x_wconf 80' lang='lat' dir='ltr'><strong>humanitate,</strong></span> <span class='ocrx_word' id='word_1_114' title='bbox 1173 2090 1285 2153; x_wconf 91' lang='lat' dir='ltr'><strong>sed</strong></span> <span class='ocrx_word' id='word_1_115' title='bbox 1313 2092 1517 2155; x_wconf 90' lang='lat' dir='ltr'><strong>solum</strong></span> <span class='ocrx_word' id='word_1_116' title='bbox 1546 2094 1695 2174; x_wconf 85' lang='lat' dir='ltr'><strong>quia</strong></span> 
     </span>
     <span class='ocr_line' id='line_1_20' title="bbox 74 2182 1695 2265; baseline 0.009 -30"><span class='ocrx_word' id='word_1_117' title='bbox 74 2192 373 2257; x_wconf 83' lang='lat' dir='ltr'><strong>semper</strong></span> <span class='ocrx_word' id='word_1_118' title='bbox 400 2198 485 2242; x_wconf 89' lang='lat' dir='ltr'><strong>ac</strong></span> <span class='ocrx_word' id='word_1_119' title='bbox 516 2188 821 2262; x_wconf 89' lang='lat' dir='ltr'><strong>perpetuo</strong></span> <span class='ocrx_word' id='word_1_120' title='bbox 850 2182 1069 2246; x_wconf 87' lang='lat' dir='ltr'><strong>habuit</strong></span> <span class='ocrx_word' id='word_1_121' title='bbox 1096 2188 1387 2265; x_wconf 89' lang='lat' dir='ltr'><strong>paratum</strong></span> <span class='ocrx_word' id='word_1_122' title='bbox 1412 2187 1520 2250; x_wconf 91' lang='lat' dir='ltr'><strong>Dei</strong></span> <span class='ocrx_word' id='word_1_123' title='bbox 1551 2206 1695 2249; x_wconf 87' lang='lat' dir='ltr'><strong>con-</strong></span> 
     </span>
     <span class='ocr_line' id='line_1_21' title="bbox 74 2276 1697 2348; baseline 0.008 -18"><span class='ocrx_word' id='word_1_124' title='bbox 74 2286 406 2348; x_wconf 86' lang='lat' dir='ltr'><strong>cursum,</strong></span> <span class='ocrx_word' id='word_1_125' title='bbox 442 2276 546 2335; x_wconf 80' lang='lat' dir='ltr'><strong>vel</strong></span> <span class='ocrx_word' id='word_1_126' title='bbox 573 2276 917 2338; x_wconf 85' lang='lat' dir='ltr'><strong>motionem</strong></span> <span class='ocrx_word' id='word_1_127' title='bbox 945 2280 1369 2341; x_wconf 87' lang='lat' dir='ltr'><strong>necessariam</strong></span> <span class='ocrx_word' id='word_1_128' title='bbox 1396 2280 1478 2343; x_wconf 92' lang='lat' dir='ltr'><strong>ad</strong></span> <span class='ocrx_word' id='word_1_129' title='bbox 1505 2280 1697 2343; x_wconf 87' lang='lat' dir='ltr'><strong>mira·</strong></span> 
     </span>
     <span class='ocr_line' id='line_1_22' title="bbox 75 2364 1697 2451; baseline 0.007 -26"><span class='ocrx_word' id='word_1_130' title='bbox 75 2364 245 2426; x_wconf 89' lang='lat' dir='ltr'><strong>cula</strong></span> <span class='ocrx_word' id='word_1_131' title='bbox 306 2366 679 2443; x_wconf 84' lang='lat' dir='ltr'><strong>efficienda,</strong></span> <span class='ocrx_word' id='word_1_132' title='bbox 723 2368 1218 2451; x_wconf 87' lang='lat' dir='ltr'><strong>quotiescunque</strong></span> <span class='ocrx_word' id='word_1_133' title='bbox 1264 2372 1485 2449; x_wconf 87' lang='lat' dir='ltr'><strong>vellet,</strong></span> <span class='ocrx_word' id='word_1_134' title='bbox 1536 2372 1697 2437; x_wconf 88' lang='lat' dir='ltr'><strong>sicut</strong></span> 
     </span>
     <span class='ocr_line' id='line_1_23' title="bbox 74 2460 1695 2547; baseline 0.009 -30"><span class='ocrx_word' id='word_1_135' title='bbox 74 2474 281 2519; x_wconf 83' lang='lat' dir='ltr'><strong>nune</strong></span> <span class='ocrx_word' id='word_1_136' title='bbox 302 2478 469 2523; x_wconf 77' lang='lat' dir='ltr'><strong>vere</strong></span> <span class='ocrx_word' id='word_1_137' title='bbox 490 2460 720 2523; x_wconf 89' lang='lat' dir='ltr'><strong>dicitur</strong></span> <span class='ocrx_word' id='word_1_138' title='bbox 744 2464 1037 2525; x_wconf 81' lang='lat' dir='ltr'><strong>sacerdos</strong></span> <span class='ocrx_word' id='word_1_139' title='bbox 1061 2464 1297 2529; x_wconf 87' lang='lat' dir='ltr'><strong>habere</strong></span> <span class='ocrx_word' id='word_1_140' title='bbox 1320 2472 1695 2547; x_wconf 86' lang='lat' dir='ltr'><strong>potestatem</strong></span> 
     </span>
     <span class='ocr_line' id='line_1_24' title="bbox 81 2554 1695 2640; baseline 0.007 -27"><span class='ocrx_word' id='word_1_141' title='bbox 81 2554 541 2617; x_wconf 84' lang='lat' dir='ltr'><strong>consecrandi</strong></span> <span class='ocrx_word' id='word_1_142' title='bbox 586 2564 1062 2636; x_wconf 85' lang='lat' dir='ltr'><strong>permanentem</strong></span> <span class='ocrx_word' id='word_1_143' title='bbox 1084 2605 1105 2636; x_wconf 92' lang='lat'><strong>,</strong></span> <span class='ocrx_word' id='word_1_144' title='bbox 1160 2566 1221 2621; x_wconf 90' lang='lat' dir='ltr'><strong>et</strong></span> <span class='ocrx_word' id='word_1_145' title='bbox 1271 2579 1385 2640; x_wconf 85' lang='lat' dir='ltr'><strong>per</strong></span> <span class='ocrx_word' id='word_1_146' title='bbox 1437 2561 1695 2624; x_wconf 89' lang='lat' dir='ltr'><strong>modum</strong></span> 
     </span>
     <span class='ocr_line' id='line_1_25' title="bbox 84 2646 1697 2729; baseline 0.007 -23"><span class='ocrx_word' id='word_1_147' title='bbox 84 2646 371 2709; x_wconf 86' lang='lat' dir='ltr'><strong>habitus</strong></span> <span class='ocrx_word' id='word_1_148' title='bbox 387 2693 415 2725; x_wconf 95' lang='lat'><strong>,</strong></span> <span class='ocrx_word' id='word_1_149' title='bbox 456 2652 744 2729; x_wconf 89' lang='lat' dir='ltr'><strong>quamvis</strong></span> <span class='ocrx_word' id='word_1_150' title='bbox 774 2669 1027 2713; x_wconf 88' lang='lat' dir='ltr'><strong>necesse</strong></span> <span class='ocrx_word' id='word_1_151' title='bbox 1056 2671 1183 2715; x_wconf 89' lang='lat' dir='ltr'><strong>non</strong></span> <span class='ocrx_word' id='word_1_152' title='bbox 1218 2653 1294 2716; x_wconf 92' lang='lat' dir='ltr'><strong>sit</strong></span> <span class='ocrx_word' id='word_1_153' title='bbox 1324 2672 1464 2715; x_wconf 89' lang='lat' dir='ltr'><strong>eam</strong></span> <span class='ocrx_word' id='word_1_154' title='bbox 1504 2654 1697 2718; x_wconf 84' lang='lat' dir='ltr'><strong>facul-</strong></span> 
     </span>
     <span class='ocr_line' id='line_1_26' title="bbox 86 2744 1697 2828; baseline 0.004 -27"><span class='ocrx_word' id='word_1_155' title='bbox 86 2748 315 2803; x_wconf 85' lang='lat' dir='ltr'><strong>tatem</strong></span> <span class='ocrx_word' id='word_1_156' title='bbox 348 2762 497 2805; x_wconf 88' lang='lat' dir='ltr'><strong>esse</strong></span> <span class='ocrx_word' id='word_1_157' title='bbox 523 2744 811 2807; x_wconf 85' lang='lat' dir='ltr'><strong>habitum</strong></span> <span class='ocrx_word' id='word_1_158' title='bbox 833 2745 1109 2825; x_wconf 89' lang='lat' dir='ltr'><strong>aliquem</strong></span> <span class='ocrx_word' id='word_1_159' title='bbox 1136 2747 1567 2823; x_wconf 75' lang='lat' dir='ltr'><strong>inhaerentem,</strong></span> <span class='ocrx_word' id='word_1_160' title='bbox 1591 2748 1697 2828; x_wconf 89' lang='lat' dir='ltr'><strong>qui</strong></span> 
     </span>
     <span class='ocr_line' id='line_1_27' title="bbox 83 2836 1701 2919; baseline 0.004 -23"><span class='ocrx_word' id='word_1_161' title='bbox 83 2836 175 2897; x_wconf 89' lang='lat' dir='ltr'><strong>sit</strong></span> <span class='ocrx_word' id='word_1_162' title='bbox 236 2839 589 2917; x_wconf 85' lang='lat' dir='ltr'><strong>proprium</strong></span> <span class='ocrx_word' id='word_1_163' title='bbox 640 2839 1015 2919; x_wconf 89' lang='lat' dir='ltr'><strong>principium</strong></span> <span class='ocrx_word' id='word_1_164' title='bbox 1070 2840 1234 2901; x_wconf 91' lang='lat' dir='ltr'><strong>illius</strong></span> <span class='ocrx_word' id='word_1_165' title='bbox 1285 2840 1569 2903; x_wconf 89' lang='lat' dir='ltr'><strong>actionis.</strong></span> <span class='ocrx_word' id='word_1_166' title='bbox 1624 2843 1701 2903; x_wconf 91' lang='lat' dir='ltr'><strong>Et</strong></span> 
     </span>
     <span class='ocr_line' id='line_1_28' title="bbox 82 2932 1697 3016; baseline 0.004 -25"><span class='ocrx_word' id='word_1_167' title='bbox 82 2932 281 2992; x_wconf 89' lang='lat' dir='ltr'><strong>hanc</strong></span> <span class='ocrx_word' id='word_1_168' title='bbox 318 2932 799 2995; x_wconf 87' lang='lat' dir='ltr'><strong>conclusionem</strong></span> <span class='ocrx_word' id='word_1_169' title='bbox 825 2933 991 2995; x_wconf 90' lang='lat' dir='ltr'><strong>bene</strong></span> <span class='ocrx_word' id='word_1_170' title='bbox 1020 2932 1235 2997; x_wconf 90' lang='lat' dir='ltr'><strong>docuit</strong></span> <span class='ocrx_word' id='word_1_171' title='bbox 1260 2936 1458 3016; x_wconf 85' lang='lat' dir='ltr'><strong>Vega,</strong></span> <span class='ocrx_word' id='word_1_172' title='bbox 1488 2936 1531 2997; x_wconf 95' lang='lat' dir='ltr'><strong>l.</strong></span> <span class='ocrx_word' id='word_1_173' title='bbox 1566 2938 1604 2997; x_wconf 84' lang='lat'><strong>7</strong></span> <span class='ocrx_word' id='word_1_174' title='bbox 1632 2936 1697 2999; x_wconf 89' lang='lat' dir='ltr'><strong>in</strong></span> 
     </span>
     <span class='ocr_line' id='line_1_29' title="bbox 82 3024 927 3101; baseline 0.006 -17"><span class='ocrx_word' id='word_1_175' title='bbox 82 3024 439 3101; x_wconf 83' lang='lat' dir='ltr'><strong>Trident.‚</strong></span> <span class='ocrx_word' id='word_1_176' title='bbox 468 3042 526 3088; x_wconf 93' lang='lat' dir='ltr'><strong>c.</strong></span> <span class='ocrx_word' id='word_1_177' title='bbox 559 3029 659 3101; x_wconf 72' lang='grc'><strong>14,</strong></span> <span class='ocrx_word' id='word_1_178' title='bbox 687 3027 838 3089; x_wconf 89' lang='lat' dir='ltr'><strong>duh.</strong></span> <span class='ocrx_word' id='word_1_179' title='bbox 867 3028 927 3089; x_wconf 79' lang='lat'><strong>2.</strong></span> 
     </span>
    </p>

    <p class='ocr_par' dir='ltr' id='par_1_4' title="bbox 88 3118 1703 3669">
     <span class='ocr_line' id='line_1_30' title="bbox 180 3118 1698 3203; baseline 0.005 -26"><span class='ocrx_word' id='word_1_180' title='bbox 180 3119 257 3177; x_wconf 72' lang='grc' dir='ltr'><strong>ὃ.</strong></span> <span class='ocrx_word' id='word_1_181' title='bbox 308 3118 591 3181; x_wconf 72' lang='lat' dir='ltr'><strong>Dubium</strong></span> <span class='ocrx_word' id='word_1_182' title='bbox 618 3120 909 3199; x_wconf 75' lang='lat' dir='ltr'><strong>primum.</strong></span> <span class='ocrx_word' id='word_1_183' title='bbox 944 3154 1025 3169; x_wconf 91' lang='lat'>—</span> <span class='ocrx_word' id='word_1_184' title='bbox 1063 3120 1416 3203; x_wconf 74' lang='lat' dir='ltr'><strong>Responsio.</strong></span> <span class='ocrx_word' id='word_1_185' title='bbox 1452 3153 1535 3171; x_wconf 91' lang='lat'><strong>--</strong></span> <span class='ocrx_word' id='word_1_186' title='bbox 1576 3120 1698 3185; x_wconf 91' lang='lat' dir='ltr'><strong>Sed</strong></span> 
     </span>
     <span class='ocr_line' id='line_1_31' title="bbox 88 3212 1699 3291; baseline 0.004 -21"><span class='ocrx_word' id='word_1_187' title='bbox 88 3228 375 3289; x_wconf 61' lang='lat' dir='ltr'><strong>quaeres</strong></span> <span class='ocrx_word' id='word_1_188' title='bbox 412 3212 617 3291; x_wconf 89' lang='lat' dir='ltr'><strong>primo</strong></span> <span class='ocrx_word' id='word_1_189' title='bbox 646 3214 897 3290; x_wconf 90' lang='lat' dir='ltr'><strong>quando</strong></span> <span class='ocrx_word' id='word_1_190' title='bbox 926 3215 1116 3277; x_wconf 89' lang='lat' dir='ltr'><strong>fuerit</strong></span> <span class='ocrx_word' id='word_1_191' title='bbox 1146 3217 1279 3277; x_wconf 83' lang='lat' dir='ltr'><strong>haec</strong></span> <span class='ocrx_word' id='word_1_192' title='bbox 1312 3216 1505 3277; x_wconf 90' lang='lat' dir='ltr'><strong>virtus</strong></span> <span class='ocrx_word' id='word_1_193' title='bbox 1551 3215 1699 3277; x_wconf 88' lang='lat' dir='ltr'><strong>data</strong></span> 
     </span>
     <span class='ocr_line' id='line_1_32' title="bbox 90 3304 1701 3388; baseline 0.003 -23"><span class='ocrx_word' id='word_1_194' title='bbox 90 3304 512 3366; x_wconf 86' lang='lat' dir='ltr'><strong>humanitati</strong></span> <span class='ocrx_word' id='word_1_195' title='bbox 546 3304 791 3369; x_wconf 87' lang='lat' dir='ltr'><strong>Christi.</strong></span> <span class='ocrx_word' id='word_1_196' title='bbox 832 3309 1268 3388; x_wconf 87' lang='lat' dir='ltr'><strong>Respondetur</strong></span> <span class='ocrx_word' id='word_1_197' title='bbox 1294 3308 1569 3371; x_wconf 86' lang='lat' dir='ltr'><strong>breviter</strong></span> <span class='ocrx_word' id='word_1_198' title='bbox 1610 3308 1701 3387; x_wconf 88' lang='lat' dir='ltr'><strong>ip-</strong></span> 
     </span>
     <span class='ocr_line' id='line_1_33' title="bbox 97 3398 1701 3483; baseline 0.003 -23"><span class='ocrx_word' id='word_1_199' title='bbox 97 3418 257 3460; x_wconf 85' lang='lat' dir='ltr'><strong>sam</strong></span> <span class='ocrx_word' id='word_1_200' title='bbox 310 3398 689 3461; x_wconf 85' lang='lat' dir='ltr'><strong>facultatem</strong></span> <span class='ocrx_word' id='word_1_201' title='bbox 730 3403 907 3481; x_wconf 89' lang='lat' dir='ltr'><strong>quasi</strong></span> <span class='ocrx_word' id='word_1_202' title='bbox 952 3403 1017 3464; x_wconf 90' lang='lat' dir='ltr'><strong>in</strong></span> <span class='ocrx_word' id='word_1_203' title='bbox 1060 3409 1204 3465; x_wconf 87' lang='lat' dir='ltr'><strong>actu</strong></span> <span class='ocrx_word' id='word_1_204' title='bbox 1243 3402 1443 3483; x_wconf 89' lang='lat' dir='ltr'><strong>primo</strong></span> <span class='ocrx_word' id='word_1_205' title='bbox 1486 3402 1701 3465; x_wconf 88' lang='lat' dir='ltr'><strong>datam</strong></span> 
     </span>
     <span class='ocr_line' id='line_1_34' title="bbox 102 3492 1697 3577; baseline 0.001 -23"><span class='ocrx_word' id='word_1_206' title='bbox 102 3510 259 3554; x_wconf 84' lang='lat' dir='ltr'><strong>esse</strong></span> <span class='ocrx_word' id='word_1_207' title='bbox 294 3492 383 3554; x_wconf 89' lang='lat' dir='ltr'><strong>ab</strong></span> <span class='ocrx_word' id='word_1_208' title='bbox 433 3493 692 3557; x_wconf 86' lang='lat' dir='ltr'><strong>instanti</strong></span> <span class='ocrx_word' id='word_1_209' title='bbox 732 3496 1177 3558; x_wconf 88' lang='lat' dir='ltr'><strong>incarnationis</strong></span> <span class='ocrx_word' id='word_1_210' title='bbox 1198 3542 1218 3573; x_wconf 92' lang='lat'><strong>,</strong></span> <span class='ocrx_word' id='word_1_211' title='bbox 1249 3497 1397 3576; x_wconf 90' lang='lat' dir='ltr'><strong>quia</strong></span> <span class='ocrx_word' id='word_1_212' title='bbox 1430 3498 1519 3575; x_wconf 89' lang='lat' dir='ltr'><strong>(ut</strong></span> <span class='ocrx_word' id='word_1_213' title='bbox 1548 3494 1697 3577; x_wconf 79' lang='lat' dir='ltr'><strong>dixi)</strong></span> 
     </span>
     <span class='ocr_line' id='line_1_35' title="bbox 104 3586 1703 3669; baseline 0.003 -21"><span class='ocrx_word' id='word_1_214' title='bbox 104 3593 205 3648; x_wconf 85' lang='lat' dir='ltr'><strong>est</strong></span> <span class='ocrx_word' id='word_1_215' title='bbox 240 3586 439 3667; x_wconf 86' lang='lat' dir='ltr'><strong>quasi</strong></span> <span class='ocrx_word' id='word_1_216' title='bbox 465 3586 813 3669; x_wconf 83' lang='lat' dir='ltr'><strong>proprietas</strong></span> <span class='ocrx_word' id='word_1_217' title='bbox 852 3606 1247 3669; x_wconf 85' lang='lat' dir='ltr'><strong>consequens</strong></span> <span class='ocrx_word' id='word_1_218' title='bbox 1274 3590 1611 3667; x_wconf 88' lang='lat' dir='ltr'><strong>unionem,</strong></span> <span class='ocrx_word' id='word_1_219' title='bbox 1639 3594 1703 3653; x_wconf 87' lang='lat' dir='ltr'><strong>et</strong></span> 
     </span>
    </p>

    <p class='ocr_par' dir='ltr' id='par_1_5' title="bbox 108 3679 1717 5451">
     <span class='ocr_line' id='line_1_36' title="bbox 108 3679 1701 3764; baseline 0.004 -25"><span class='ocrx_word' id='word_1_220' title='bbox 108 3680 379 3741; x_wconf 89' lang='lat' dir='ltr'><strong>nullum</strong></span> <span class='ocrx_word' id='word_1_221' title='bbox 410 3679 527 3741; x_wconf 82' lang='lat' dir='ltr'><strong>ruit</strong></span> <span class='ocrx_word' id='word_1_222' title='bbox 554 3680 1069 3761; x_wconf 87' lang='lat' dir='ltr'><strong>impedimentum</strong></span> <span class='ocrx_word' id='word_1_223' title='bbox 1100 3682 1435 3761; x_wconf 90' lang='lat' dir='ltr'><strong>quominus</strong></span> <span class='ocrx_word' id='word_1_224' title='bbox 1460 3702 1499 3745; x_wconf 89' lang='lat' dir='ltr'><strong>a</strong></span> <span class='ocrx_word' id='word_1_225' title='bbox 1526 3684 1701 3764; x_wconf 89' lang='lat' dir='ltr'><strong>prin-</strong></span> 
     </span>
     <span class='ocr_line' id='line_1_37' title="bbox 116 3772 1694 3853; baseline 0.001 -17"><span class='ocrx_word' id='word_1_226' title='bbox 116 3775 291 3853; x_wconf 88' lang='lat' dir='ltr'><strong>cipio</strong></span> <span class='ocrx_word' id='word_1_227' title='bbox 322 3772 469 3835; x_wconf 87' lang='lat' dir='ltr'><strong>dari</strong></span> <span class='ocrx_word' id='word_1_228' title='bbox 496 3780 707 3853; x_wconf 89' lang='lat' dir='ltr'><strong>posset</strong></span> <span class='ocrx_word' id='word_1_229' title='bbox 716 3790 739 3853; x_wconf 83' lang='lat'>3</span> <span class='ocrx_word' id='word_1_230' title='bbox 764 3780 823 3836; x_wconf 91' lang='lat' dir='ltr'><strong>ct</strong></span> <span class='ocrx_word' id='word_1_231' title='bbox 849 3776 935 3836; x_wconf 90' lang='lat' dir='ltr'><strong>ita</strong></span> <span class='ocrx_word' id='word_1_232' title='bbox 964 3774 1178 3837; x_wconf 75' lang='lat' dir='ltr'><strong>&lt;locuit</strong></span> <span class='ocrx_word' id='word_1_233' title='bbox 1203 3777 1559 3851; x_wconf 77' lang='lat' dir='ltr'><strong>AnselmuS,</strong></span> <span class='ocrx_word' id='word_1_234' title='bbox 1586 3776 1694 3839; x_wconf 89' lang='lat' dir='ltr'><strong>lib.</strong></span> 
     </span>
     <span class='ocr_line' id='line_1_38' title="bbox 118 3866 1699 3948; baseline 0.002 -20"><span class='ocrx_word' id='word_1_235' title='bbox 118 3871 159 3928; x_wconf 78' lang='grc' dir='ltr'>Ξ</span> <span class='ocrx_word' id='word_1_236' title='bbox 188 3870 317 3929; x_wconf 88' lang='lat' dir='ltr'><strong>Cur</strong></span> <span class='ocrx_word' id='word_1_237' title='bbox 346 3868 521 3929; x_wconf 88' lang='lat' dir='ltr'><strong>Dens</strong></span> <span class='ocrx_word' id='word_1_238' title='bbox 550 3866 771 3943; x_wconf 89' lang='lat' dir='ltr'><strong>homo,</strong></span> <span class='ocrx_word' id='word_1_239' title='bbox 804 3886 941 3947; x_wconf 87' lang='lat' dir='ltr'><strong>cap.</strong></span> <span class='ocrx_word' id='word_1_240' title='bbox 992 3871 1101 3944; x_wconf 89' lang='grc'><strong>13,</strong></span> <span class='ocrx_word' id='word_1_241' title='bbox 1129 3870 1195 3930; x_wconf 92' lang='lat' dir='ltr'><strong>in</strong></span> <span class='ocrx_word' id='word_1_242' title='bbox 1246 3868 1409 3948; x_wconf 86' lang='lat' dir='ltr'><strong>fine;</strong></span> <span class='ocrx_word' id='word_1_243' title='bbox 1440 3876 1505 3932; x_wconf 88' lang='lat' dir='ltr'><strong>at</strong></span> <span class='ocrx_word' id='word_1_244' title='bbox 1548 3888 1699 3932; x_wconf 81' lang='lat' dir='ltr'><strong>vero</strong></span> 
     </span>
     <span class='ocr_line' id='line_1_39' title="bbox 116 3962 1703 4044; baseline 0.003 -23"><span class='ocrx_word' id='word_1_245' title='bbox 116 3962 347 4040; x_wconf 87' lang='lat' dir='ltr'><strong>quoad</strong></span> <span class='ocrx_word' id='word_1_246' title='bbox 377 3978 589 4035; x_wconf 88' lang='lat' dir='ltr'><strong>usum,</strong></span> <span class='ocrx_word' id='word_1_247' title='bbox 620 3979 749 4021; x_wconf 90' lang='lat' dir='ltr'><strong>non</strong></span> <span class='ocrx_word' id='word_1_248' title='bbox 779 3964 1021 4025; x_wconf 88' lang='lat' dir='ltr'><strong>constat</strong></span> <span class='ocrx_word' id='word_1_249' title='bbox 1052 3962 1307 4042; x_wconf 89' lang='lat' dir='ltr'><strong>quando</strong></span> <span class='ocrx_word' id='word_1_250' title='bbox 1337 3964 1457 4025; x_wconf 90' lang='lat' dir='ltr'><strong>hac</strong></span> <span class='ocrx_word' id='word_1_251' title='bbox 1492 3968 1703 4044; x_wconf 90' lang='lat' dir='ltr'><strong>potes-</strong></span> 
     </span>
     <span class='ocr_line' id='line_1_40' title="bbox 120 4054 1702 4136; baseline 0.002 -20"><span class='ocrx_word' id='word_1_252' title='bbox 120 4061 257 4117; x_wconf 83' lang='lat' dir='ltr'><strong>tate</strong></span> <span class='ocrx_word' id='word_1_253' title='bbox 286 4054 391 4116; x_wconf 89' lang='lat' dir='ltr'><strong>uti</strong></span> <span class='ocrx_word' id='word_1_254' title='bbox 416 4056 757 4135; x_wconf 85' lang='lat' dir='ltr'><strong>inceperit;</strong></span> <span class='ocrx_word' id='word_1_255' title='bbox 792 4074 1159 4136; x_wconf 83' lang='lat' dir='ltr'><strong>quanquam</strong></span> <span class='ocrx_word' id='word_1_256' title='bbox 1204 4058 1398 4133; x_wconf 88' lang='lat' dir='ltr'><strong>enim,</strong></span> <span class='ocrx_word' id='word_1_257' title='bbox 1428 4056 1611 4120; x_wconf 86' lang='lat' dir='ltr'><strong>Joan.</strong></span> <span class='ocrx_word' id='word_1_258' title='bbox 1640 4060 1702 4133; x_wconf 74' lang='lat'><strong>2,</strong></span> 
     </span>
     <span class='ocr_line' id='line_1_41' title="bbox 116 4148 1707 4229; baseline 0.001 -20"><span class='ocrx_word' id='word_1_259' title='bbox 116 4149 387 4210; x_wconf 87' lang='lat' dir='ltr'><strong>dicatur</strong></span> <span class='ocrx_word' id='word_1_260' title='bbox 428 4149 801 4211; x_wconf 85' lang='lat' dir='ltr'><strong>miraculum</strong></span> <span class='ocrx_word' id='word_1_261' title='bbox 841 4148 995 4212; x_wconf 87' lang='lat' dir='ltr'><strong>illud</strong></span> <span class='ocrx_word' id='word_1_262' title='bbox 1038 4150 1446 4213; x_wconf 84' lang='lat' dir='ltr'><strong>convertendi</strong></span> <span class='ocrx_word' id='word_1_263' title='bbox 1475 4168 1707 4229; x_wconf 88' lang='lat' dir='ltr'><strong>aquam</strong></span> 
     </span>
     <span class='ocr_line' id='line_1_42' title="bbox 114 4242 1705 4325; baseline 0.001 -23"><span class='ocrx_word' id='word_1_264' title='bbox 114 4242 189 4302; x_wconf 90' lang='lat' dir='ltr'><strong>in</strong></span> <span class='ocrx_word' id='word_1_265' title='bbox 210 4244 443 4303; x_wconf 78' lang='lat' dir='ltr'><strong>vinum</strong></span> <span class='ocrx_word' id='word_1_266' title='bbox 464 4243 657 4305; x_wconf 87' lang='lat' dir='ltr'><strong>fnisse</strong></span> <span class='ocrx_word' id='word_1_267' title='bbox 682 4244 925 4305; x_wconf 86' lang='lat' dir='ltr'><strong>initium</strong></span> <span class='ocrx_word' id='word_1_268' title='bbox 944 4244 1263 4325; x_wconf 80' lang='lat' dir='ltr'><strong>signorum</strong></span> <span class='ocrx_word' id='word_1_269' title='bbox 1292 4244 1327 4309; x_wconf 86' lang='lat' dir='ltr'>J</span> <span class='ocrx_word' id='word_1_270' title='bbox 1334 4262 1469 4318; x_wconf 79' lang='lat' dir='ltr'><strong>esa,</strong></span> <span class='ocrx_word' id='word_1_271' title='bbox 1492 4248 1705 4305; x_wconf 86' lang='lat' dir='ltr'><strong>tamen</strong></span> 
     </span>
     <span class='ocr_line' id='line_1_43' title="bbox 118 4335 1707 4401; baseline -0.001 -5"><span class='ocrx_word' id='word_1_272' title='bbox 118 4354 257 4397; x_wconf 89' lang='lat' dir='ltr'><strong>non</strong></span> <span class='ocrx_word' id='word_1_273' title='bbox 308 4337 465 4398; x_wconf 89' lang='lat' dir='ltr'><strong>inde</strong></span> <span class='ocrx_word' id='word_1_274' title='bbox 515 4343 687 4399; x_wconf 90' lang='lat' dir='ltr'><strong>certo</strong></span> <span class='ocrx_word' id='word_1_275' title='bbox 734 4344 975 4401; x_wconf 86' lang='lat' dir='ltr'><strong>constat</strong></span> <span class='ocrx_word' id='word_1_276' title='bbox 1018 4338 1171 4400; x_wconf 88' lang='lat' dir='ltr'><strong>illud</strong></span> <span class='ocrx_word' id='word_1_277' title='bbox 1214 4335 1405 4399; x_wconf 83' lang='lat' dir='ltr'><strong>fuisse</strong></span> <span class='ocrx_word' id='word_1_278' title='bbox 1450 4336 1707 4398; x_wconf 89' lang='lat' dir='ltr'><strong>omnino</strong></span> 
     </span>
     <span class='ocr_line' id='line_1_44' title="bbox 118 4428 1709 4511; baseline -0.001 -20"><span class='ocrx_word' id='word_1_279' title='bbox 118 4430 415 4509; x_wconf 86' lang='lat' dir='ltr'><strong>primum</strong></span> <span class='ocrx_word' id='word_1_280' title='bbox 448 4450 607 4511; x_wconf 89' lang='lat' dir='ltr'><strong>opus</strong></span> <span class='ocrx_word' id='word_1_281' title='bbox 645 4431 1117 4510; x_wconf 89' lang='lat' dir='ltr'><strong>miraculosum,</strong></span> <span class='ocrx_word' id='word_1_282' title='bbox 1144 4430 1315 4511; x_wconf 88' lang='lat' dir='ltr'><strong>quod</strong></span> <span class='ocrx_word' id='word_1_283' title='bbox 1342 4430 1617 4493; x_wconf 86' lang='lat' dir='ltr'><strong>Christus</strong></span> <span class='ocrx_word' id='word_1_284' title='bbox 1644 4428 1709 4491; x_wconf 91' lang='lat' dir='ltr'><strong>in</strong></span> 
     </span>
     <span class='ocr_line' id='line_1_45' title="bbox 120 4522 1709 4604; baseline 0.001 -22"><span class='ocrx_word' id='word_1_285' title='bbox 120 4524 249 4585; x_wconf 89' lang='lat' dir='ltr'><strong>hac</strong></span> <span class='ocrx_word' id='word_1_286' title='bbox 294 4524 429 4586; x_wconf 80' lang='lat' dir='ltr'><strong>vita</strong></span> <span class='ocrx_word' id='word_1_287' title='bbox 474 4530 771 4604; x_wconf 88' lang='lat' dir='ltr'><strong>operatus</strong></span> <span class='ocrx_word' id='word_1_288' title='bbox 811 4528 927 4600; x_wconf 87' lang='lat' dir='ltr'><strong>est,</strong></span> <span class='ocrx_word' id='word_1_289' title='bbox 960 4526 1076 4587; x_wconf 90' lang='lat' dir='ltr'><strong>sed</strong></span> <span class='ocrx_word' id='word_1_290' title='bbox 1124 4525 1327 4587; x_wconf 90' lang='lat' dir='ltr'><strong>solum</strong></span> <span class='ocrx_word' id='word_1_291' title='bbox 1353 4523 1547 4587; x_wconf 83' lang='lat' dir='ltr'><strong>fuisse</strong></span> <span class='ocrx_word' id='word_1_292' title='bbox 1576 4522 1709 4604; x_wconf 89' lang='lat' dir='ltr'><strong>pri-</strong></span> 
     </span>
     <span class='ocr_line' id='line_1_46' title="bbox 116 4618 1709 4701; baseline 0.002 -22"><span class='ocrx_word' id='word_1_293' title='bbox 116 4638 305 4681; x_wconf 89' lang='lat' dir='ltr'><strong>mum</strong></span> <span class='ocrx_word' id='word_1_294' title='bbox 339 4618 665 4701; x_wconf 87' lang='lat' dir='ltr'><strong>publicum</strong></span> <span class='ocrx_word' id='word_1_295' title='bbox 687 4620 1059 4683; x_wconf 85' lang='lat' dir='ltr'><strong>miraculum</strong></span> <span class='ocrx_word' id='word_1_296' title='bbox 1081 4640 1205 4701; x_wconf 87' lang='lat' dir='ltr'><strong>quo</strong></span> <span class='ocrx_word' id='word_1_297' title='bbox 1227 4620 1416 4701; x_wconf 85' lang='lat' dir='ltr'><strong>coepit</strong></span> <span class='ocrx_word' id='word_1_298' title='bbox 1442 4619 1709 4699; x_wconf 84' lang='lat' dir='ltr'><strong>gloriam</strong></span> 
     </span>
     <span class='ocr_line' id='line_1_47' title="bbox 118 4712 1710 4791; baseline 0 -18"><span class='ocrx_word' id='word_1_299' title='bbox 118 4731 317 4773; x_wconf 87' lang='lat' dir='ltr'><strong>suam</strong></span> <span class='ocrx_word' id='word_1_300' title='bbox 346 4712 780 4791; x_wconf 83' lang='lat' dir='ltr'><strong>manifestare,</strong></span> <span class='ocrx_word' id='word_1_301' title='bbox 809 4720 871 4777; x_wconf 91' lang='lat' dir='ltr'><strong>et</strong></span> <span class='ocrx_word' id='word_1_302' title='bbox 898 4715 1247 4777; x_wconf 87' lang='lat' dir='ltr'><strong>doctrinam</strong></span> <span class='ocrx_word' id='word_1_303' title='bbox 1276 4732 1457 4776; x_wconf 87' lang='lat' dir='ltr'><strong>suam</strong></span> <span class='ocrx_word' id='word_1_304' title='bbox 1486 4714 1710 4777; x_wconf 86' lang='lat' dir='ltr'><strong>confir·</strong></span> 
     </span>
     <span class='ocr_line' id='line_1_48' title="bbox 118 4806 1703 4885; baseline 0.002 -20"><span class='ocrx_word' id='word_1_305' title='bbox 118 4824 335 4881; x_wconf 88' lang='lat' dir='ltr'><strong>mare,</strong></span> <span class='ocrx_word' id='word_1_306' title='bbox 368 4812 439 4868; x_wconf 89' lang='lat' dir='ltr'><strong>ut</strong></span> <span class='ocrx_word' id='word_1_307' title='bbox 464 4814 634 4869; x_wconf 89' lang='lat' dir='ltr'><strong>recte</strong></span> <span class='ocrx_word' id='word_1_308' title='bbox 664 4808 739 4869; x_wconf 92' lang='lat' dir='ltr'><strong>D.</strong></span> <span class='ocrx_word' id='word_1_309' title='bbox 764 4808 1037 4869; x_wconf 83' lang='lat' dir='ltr'><strong>Thomas</strong></span> <span class='ocrx_word' id='word_1_310' title='bbox 1062 4806 1246 4884; x_wconf 84' lang='lat' dir='ltr'><strong>infra,</strong></span> <span class='ocrx_word' id='word_1_311' title='bbox 1274 4825 1337 4885; x_wconf 89' lang='lat' dir='ltr'><strong>q.</strong></span> <span class='ocrx_word' id='word_1_312' title='bbox 1360 4810 1463 4883; x_wconf 78' lang='lat'><strong>43,</strong></span> <span class='ocrx_word' id='word_1_313' title='bbox 1496 4814 1613 4869; x_wconf 88' lang='lat' dir='ltr'><strong>art.</strong></span> <span class='ocrx_word' id='word_1_314' title='bbox 1643 4808 1703 4869; x_wconf 82' lang='lat'><strong>3.</strong></span> 
     </span>
     <span class='ocr_line' id='line_1_49' title="bbox 120 4898 1709 4981; baseline 0.003 -23"><span class='ocrx_word' id='word_1_315' title='bbox 120 4898 225 4959; x_wconf 86' lang='lat' dir='ltr'><strong>An</strong></span> <span class='ocrx_word' id='word_1_316' title='bbox 274 4916 435 4961; x_wconf 73' lang='lat' dir='ltr'><strong>vero</strong></span> <span class='ocrx_word' id='word_1_317' title='bbox 484 4906 631 4962; x_wconf 87' lang='lat' dir='ltr'><strong>ante</strong></span> <span class='ocrx_word' id='word_1_318' title='bbox 682 4900 837 4963; x_wconf 88' lang='lat' dir='ltr'><strong>illud</strong></span> <span class='ocrx_word' id='word_1_319' title='bbox 882 4908 1126 4981; x_wconf 88' lang='lat' dir='ltr'><strong>tempus</strong></span> <span class='ocrx_word' id='word_1_320' title='bbox 1154 4901 1365 4979; x_wconf 89' lang='lat' dir='ltr'><strong>aliqua</strong></span> <span class='ocrx_word' id='word_1_321' title='bbox 1408 4900 1709 4963; x_wconf 87' lang='lat' dir='ltr'><strong>miracula</strong></span> 
     </span>
     <span class='ocr_line' id='line_1_50' title="bbox 120 4992 1709 5073; baseline 0.001 -20"><span class='ocrx_word' id='word_1_322' title='bbox 120 4992 431 5071; x_wconf 70' lang='lat' dir='ltr'><strong>privatim</strong></span> <span class='ocrx_word' id='word_1_323' title='bbox 460 4992 703 5071; x_wconf 89' lang='lat' dir='ltr'><strong>fecerit,</strong></span> <span class='ocrx_word' id='word_1_324' title='bbox 735 5012 863 5056; x_wconf 88' lang='lat' dir='ltr'><strong>non</strong></span> <span class='ocrx_word' id='word_1_325' title='bbox 892 5001 1139 5057; x_wconf 87' lang='lat' dir='ltr'><strong>constat</strong></span> <span class='ocrx_word' id='word_1_326' title='bbox 1149 5011 1171 5073; x_wconf 79' lang='lat'>3</span> <span class='ocrx_word' id='word_1_327' title='bbox 1201 4995 1509 5073; x_wconf 88' lang='lat' dir='ltr'><strong>quidquid</strong></span> <span class='ocrx_word' id='word_1_328' title='bbox 1538 4994 1709 5055; x_wconf 91' lang='lat' dir='ltr'><strong>enim</strong></span> 
     </span>
     <span class='ocr_line' id='line_1_51' title="bbox 128 5086 1706 5167; baseline 0.001 -21"><span class='ocrx_word' id='word_1_329' title='bbox 128 5087 209 5147; x_wconf 91' lang='lat' dir='ltr'><strong>de</strong></span> <span class='ocrx_word' id='word_1_330' title='bbox 242 5088 369 5147; x_wconf 85' lang='lat' dir='ltr'><strong>hac</strong></span> <span class='ocrx_word' id='word_1_331' title='bbox 396 5105 470 5147; x_wconf 91' lang='lat' dir='ltr'><strong>re</strong></span> <span class='ocrx_word' id='word_1_332' title='bbox 494 5086 796 5167; x_wconf 88' lang='lat' dir='ltr'><strong>scriptum</strong></span> <span class='ocrx_word' id='word_1_333' title='bbox 825 5094 921 5150; x_wconf 91' lang='lat' dir='ltr'><strong>est</strong></span> <span class='ocrx_word' id='word_1_334' title='bbox 948 5086 1025 5149; x_wconf 88' lang='lat' dir='ltr'><strong>de</strong></span> <span class='ocrx_word' id='word_1_335' title='bbox 1056 5086 1319 5149; x_wconf 82' lang='lat' dir='ltr'><strong>infantia</strong></span> <span class='ocrx_word' id='word_1_336' title='bbox 1344 5086 1706 5163; x_wconf 88' lang='lat' dir='ltr'><strong>Salvatoris,</strong></span> 
     </span>
     <span class='ocr_line' id='line_1_52' title="bbox 130 5178 1705 5263; baseline 0.003 -24"><span class='ocrx_word' id='word_1_337' title='bbox 130 5178 582 5261; x_wconf 79' lang='lat' dir='ltr'><strong>apocryphum</strong></span> <span class='ocrx_word' id='word_1_338' title='bbox 607 5186 724 5257; x_wconf 88' lang='lat' dir='ltr'><strong>est,</strong></span> <span class='ocrx_word' id='word_1_339' title='bbox 744 5188 809 5243; x_wconf 92' lang='lat' dir='ltr'><strong>ut</strong></span> <span class='ocrx_word' id='word_1_340' title='bbox 828 5180 1111 5243; x_wconf 88' lang='lat' dir='ltr'><strong>Gelasius</strong></span> <span class='ocrx_word' id='word_1_341' title='bbox 1133 5184 1299 5263; x_wconf 90' lang='lat' dir='ltr'><strong>Papa</strong></span> <span class='ocrx_word' id='word_1_342' title='bbox 1320 5182 1525 5259; x_wconf 89' lang='lat' dir='ltr'><strong>docet,</strong></span> <span class='ocrx_word' id='word_1_343' title='bbox 1556 5182 1621 5243; x_wconf 90' lang='lat' dir='ltr'><strong>in</strong></span> <span class='ocrx_word' id='word_1_344' title='bbox 1651 5200 1705 5244; x_wconf 90' lang='lat' dir='ltr'><strong>c.</strong></span> 
     </span>
     <span class='ocr_line' id='line_1_53' title="bbox 132 5274 1713 5355; baseline 0.001 -20"><span class='ocrx_word' id='word_1_345' title='bbox 132 5274 367 5336; x_wconf 86' lang='lat' dir='ltr'><strong>Sancta</strong></span> <span class='ocrx_word' id='word_1_346' title='bbox 384 5276 701 5351; x_wconf 88' lang='lat' dir='ltr'><strong>Romana,</strong></span> <span class='ocrx_word' id='word_1_347' title='bbox 718 5279 745 5335; x_wconf 82' lang='lat'><strong>1</strong></span> <span class='ocrx_word' id='word_1_348' title='bbox 756 5276 793 5336; x_wconf 82' lang='lat'>5</span> <span class='ocrx_word' id='word_1_349' title='bbox 807 5274 974 5350; x_wconf 86' lang='lat' dir='ltr'><strong>dist.;</strong></span> <span class='ocrx_word' id='word_1_350' title='bbox 1006 5280 1067 5336; x_wconf 89' lang='lat' dir='ltr'><strong>et</strong></span> <span class='ocrx_word' id='word_1_351' title='bbox 1080 5274 1396 5355; x_wconf 75' lang='lat' dir='ltr'><strong>chrysost.</strong></span> <span class='ocrx_word' id='word_1_352' title='bbox 1408 5320 1423 5351; x_wconf 90' lang='lat'>‚</span> <span class='ocrx_word' id='word_1_353' title='bbox 1444 5274 1612 5337; x_wconf 90' lang='lat' dir='ltr'><strong>hom.</strong></span> <span class='ocrx_word' id='word_1_354' title='bbox 1638 5274 1713 5336; x_wconf 83' lang='lat'><strong>16</strong></span> 
     </span>
     <span class='ocr_line' id='line_1_54' title="bbox 136 5368 1717 5451; baseline 0.003 -24"><span class='ocrx_word' id='word_1_355' title='bbox 136 5368 197 5429; x_wconf 91' lang='lat' dir='ltr'><strong>in</strong></span> <span class='ocrx_word' id='word_1_356' title='bbox 232 5370 459 5444; x_wconf 78' lang='lat' dir='ltr'><strong>Joan.;</strong></span> <span class='ocrx_word' id='word_1_357' title='bbox 486 5375 556 5432; x_wconf 91' lang='lat' dir='ltr'><strong>et</strong></span> <span class='ocrx_word' id='word_1_358' title='bbox 582 5370 877 5451; x_wconf 76' lang='lat' dir='ltr'><strong>Euthym.</strong></span> <span class='ocrx_word' id='word_1_359' title='bbox 909 5388 983 5433; x_wconf 90' lang='lat' dir='ltr'><strong>ac</strong></span> <span class='ocrx_word' id='word_1_360' title='bbox 1008 5370 1458 5451; x_wconf 81' lang='lat' dir='ltr'><strong>Theophylact.</strong></span> <span class='ocrx_word' id='word_1_361' title='bbox 1472 5416 1495 5447; x_wconf 94' lang='lat'><strong>,</strong></span> <span class='ocrx_word' id='word_1_362' title='bbox 1526 5387 1717 5451; x_wconf 88' lang='lat' dir='ltr'><strong>super</strong></span> 
     </span>
    </p>

    <p class='ocr_par' dir='ltr' id='par_1_6' title="bbox 137 5462 1719 5543">
     <span class='ocr_line' id='line_1_55' title="bbox 137 5462 1719 5543; baseline 0.001 -19"><span class='ocrx_word' id='word_1_363' title='bbox 137 5462 169 5524; x_wconf 83' lang='lat' dir='ltr'>J</span> <span class='ocrx_word' id='word_1_364' title='bbox 172 5480 451 5525; x_wconf 86' lang='lat' dir='ltr'><strong>oannem</strong></span> <span class='ocrx_word' id='word_1_365' title='bbox 479 5463 773 5525; x_wconf 86' lang='lat' dir='ltr'><strong>absolute</strong></span> <span class='ocrx_word' id='word_1_366' title='bbox 794 5462 1085 5543; x_wconf 85' lang='lat' dir='ltr'><strong>rejiciunt</strong></span> <span class='ocrx_word' id='word_1_367' title='bbox 1106 5469 1176 5526; x_wconf 89' lang='lat' dir='ltr'><strong>ut</strong></span> <span class='ocrx_word' id='word_1_368' title='bbox 1195 5462 1443 5540; x_wconf 84' lang='lat' dir='ltr'><strong>falsam,</strong></span> <span class='ocrx_word' id='word_1_369' title='bbox 1468 5470 1719 5527; x_wconf 86' lang='lat' dir='ltr'><strong>senten·</strong></span> 
     </span>
    </p>

    <p class='ocr_par' dir='ltr' id='par_1_7' title="bbox 136 5556 1717 5633">
     <span class='ocr_line' id='line_1_56' title="bbox 136 5556 1717 5633; baseline 0.001 -17"><span class='ocrx_word' id='word_1_370' title='bbox 136 5558 289 5619; x_wconf 88' lang='lat' dir='ltr'><strong>tiam</strong></span> <span class='ocrx_word' id='word_1_371' title='bbox 322 5560 727 5619; x_wconf 83' lang='lat' dir='ltr'><strong>asserentem</strong></span> <span class='ocrx_word' id='word_1_372' title='bbox 747 5556 1059 5633; x_wconf 81' lang='lat' dir='ltr'><strong>Christum</strong></span> <span class='ocrx_word' id='word_1_373' title='bbox 1082 5558 1149 5619; x_wconf 91' lang='lat' dir='ltr'><strong>in</strong></span> <span class='ocrx_word' id='word_1_374' title='bbox 1176 5556 1439 5621; x_wconf 85' lang='lat' dir='ltr'><strong>infantia</strong></span> <span class='ocrx_word' id='word_1_375' title='bbox 1467 5556 1717 5619; x_wconf 87' lang='lat' dir='ltr'><strong>mirabi-</strong></span> 
     </span>
    </p>
   </div>
   <div class='ocr_carea' id='block_1_3' title="bbox 1770 490 3365 5634">
    <p class='ocr_par' dir='ltr' id='par_1_8' title="bbox 1770 490 3338 1793">
     <span class='ocr_line' id='line_1_57' title="bbox 1772 490 3335 580; baseline 0.006 -26"><span class='ocrx_word' id='word_1_376' title='bbox 1772 490 1857 556; x_wconf 86' lang='lat' dir='ltr'><strong>lia</strong></span> <span class='ocrx_word' id='word_1_377' title='bbox 1886 512 2082 575; x_wconf 87' lang='lat' dir='ltr'><strong>opera</strong></span> <span class='ocrx_word' id='word_1_378' title='bbox 2107 496 2418 576; x_wconf 69' lang='lat' dir='ltr'><strong>patrassez</strong></span> <span class='ocrx_word' id='word_1_379' title='bbox 2455 512 2818 579; x_wconf 83' lang='lat' dir='ltr'><strong>quanquam</strong></span> <span class='ocrx_word' id='word_1_380' title='bbox 2855 496 3335 580; x_wconf 78' lang='lat' dir='ltr'><strong>chrysostomus</strong></span> 
     </span>
     <span class='ocr_line' id='line_1_58' title="bbox 1774 589 3338 671; baseline 0.005 -23"><span class='ocrx_word' id='word_1_381' title='bbox 1774 592 1986 649; x_wconf 89' lang='lat' dir='ltr'><strong>omnia</strong></span> <span class='ocrx_word' id='word_1_382' title='bbox 2007 589 2314 651; x_wconf 89' lang='lat' dir='ltr'><strong>mirabilia</strong></span> <span class='ocrx_word' id='word_1_383' title='bbox 2343 590 2525 671; x_wconf 83' lang='lat' dir='ltr'><strong>signa</strong></span> <span class='ocrx_word' id='word_1_384' title='bbox 2547 610 2688 671; x_wconf 84' lang='lat' dir='ltr'><strong>quae</strong></span> <span class='ocrx_word' id='word_1_385' title='bbox 2715 591 2882 654; x_wconf 84' lang='lat' dir='ltr'><strong>facta</strong></span> <span class='ocrx_word' id='word_1_386' title='bbox 2909 594 3142 655; x_wconf 87' lang='lat' dir='ltr'><strong>suntin</strong></span> <span class='ocrx_word' id='word_1_387' title='bbox 3168 596 3338 657; x_wconf 86' lang='lat' dir='ltr'><strong>Chri·</strong></span> 
     </span>
     <span class='ocr_line' id='line_1_59' title="bbox 1774 680 3330 766; baseline 0.004 -24"><span class='ocrx_word' id='word_1_388' title='bbox 1774 680 1853 742; x_wconf 89' lang='lat' dir='ltr'><strong>sti</strong></span> <span class='ocrx_word' id='word_1_389' title='bbox 1882 682 2230 752; x_wconf 83' lang='lat' dir='ltr'><strong>nativitate,</strong></span> <span class='ocrx_word' id='word_1_390' title='bbox 2257 690 2322 745; x_wconf 91' lang='lat' dir='ltr'><strong>ut</strong></span> <span class='ocrx_word' id='word_1_391' title='bbox 2344 684 2424 746; x_wconf 93' lang='lat' dir='ltr'><strong>de</strong></span> <span class='ocrx_word' id='word_1_392' title='bbox 2445 684 2624 747; x_wconf 88' lang='lat' dir='ltr'><strong>stella</strong></span> <span class='ocrx_word' id='word_1_393' title='bbox 2649 702 2788 765; x_wconf 86' lang='lat' dir='ltr'><strong>quae</strong></span> <span class='ocrx_word' id='word_1_394' title='bbox 2806 684 3002 766; x_wconf 79' lang='lat' dir='ltr'><strong>Magis</strong></span> <span class='ocrx_word' id='word_1_395' title='bbox 3019 688 3330 766; x_wconf 89' lang='lat' dir='ltr'><strong>apparuit,</strong></span> 
     </span>
     <span class='ocr_line' id='line_1_60' title="bbox 1776 774 3328 857; baseline 0.005 -22"><span class='ocrx_word' id='word_1_396' title='bbox 1776 776 1838 835; x_wconf 89' lang='lat' dir='ltr'><strong>et</strong></span> <span class='ocrx_word' id='word_1_397' title='bbox 1874 774 2100 837; x_wconf 86' lang='lat' dir='ltr'><strong>similia</strong></span> <span class='ocrx_word' id='word_1_398' title='bbox 2119 822 2140 853; x_wconf 88' lang='lat'><em>‚</em></span> <span class='ocrx_word' id='word_1_399' title='bbox 2172 777 2318 838; x_wconf 89' lang='lat' dir='ltr'><strong>huic</strong></span> <span class='ocrx_word' id='word_1_400' title='bbox 2347 778 2631 857; x_wconf 85' lang='lat' dir='ltr'><strong>potestati</strong></span> <span class='ocrx_word' id='word_1_401' title='bbox 2667 784 2726 841; x_wconf 89' lang='lat' dir='ltr'><strong>et</strong></span> <span class='ocrx_word' id='word_1_402' title='bbox 2755 779 2964 840; x_wconf 87' lang='lat' dir='ltr'><strong>virtuti</strong></span> <span class='ocrx_word' id='word_1_403' title='bbox 3013 780 3328 843; x_wconf 83' lang='lat' dir='ltr'><strong>attribuat.</strong></span> 
     </span>
     <span class='ocr_line' id='line_1_61' title="bbox 1772 866 3330 951; baseline 0.004 -23"><span class='ocrx_word' id='word_1_404' title='bbox 1772 866 1900 929; x_wconf 89' lang='lat' dir='ltr'><strong>Sed</strong></span> <span class='ocrx_word' id='word_1_405' title='bbox 1926 868 2192 933; x_wconf 85' lang='lat' dir='ltr'><strong>fortasse</strong></span> <span class='ocrx_word' id='word_1_406' title='bbox 2222 870 2344 933; x_wconf 90' lang='lat' dir='ltr'><strong>hoc</strong></span> <span class='ocrx_word' id='word_1_407' title='bbox 2373 870 2658 951; x_wconf 84' lang='lat' dir='ltr'><strong>intelligit</strong></span> <span class='ocrx_word' id='word_1_408' title='bbox 2699 872 2774 933; x_wconf 88' lang='lat' dir='ltr'><strong>de</strong></span> <span class='ocrx_word' id='word_1_409' title='bbox 2803 872 3042 935; x_wconf 89' lang='lat' dir='ltr'><strong>Christo</strong></span> <span class='ocrx_word' id='word_1_410' title='bbox 3082 878 3152 935; x_wconf 90' lang='lat' dir='ltr'><strong>ut</strong></span> <span class='ocrx_word' id='word_1_411' title='bbox 3178 874 3330 947; x_wconf 88' lang='lat' dir='ltr'><strong>Deo,</strong></span> 
     </span>
     <span class='ocr_line' id='line_1_62' title="bbox 1770 960 3337 1041; baseline 0.004 -20"><span class='ocrx_word' id='word_1_412' title='bbox 1770 960 1980 1040; x_wconf 90' lang='lat' dir='ltr'><strong>potius</strong></span> <span class='ocrx_word' id='word_1_413' title='bbox 2009 978 2204 1041; x_wconf 85' lang='lat' dir='ltr'><strong>quam</strong></span> <span class='ocrx_word' id='word_1_414' title='bbox 2235 970 2300 1026; x_wconf 91' lang='lat' dir='ltr'><strong>ut</strong></span> <span class='ocrx_word' id='word_1_415' title='bbox 2336 964 2613 1026; x_wconf 83' lang='lat' dir='ltr'><strong>homine.</strong></span> <span class='ocrx_word' id='word_1_416' title='bbox 2643 966 2872 1027; x_wconf 86' lang='lat' dir='ltr'><strong>Contra</strong></span> <span class='ocrx_word' id='word_1_417' title='bbox 2899 966 3020 1028; x_wconf 89' lang='lat' dir='ltr'><strong>hoc</strong></span> <span class='ocrx_word' id='word_1_418' title='bbox 3047 984 3195 1028; x_wconf 82' lang='lat' dir='ltr'><strong>vero</strong></span> <span class='ocrx_word' id='word_1_419' title='bbox 3238 984 3337 1028; x_wconf 89' lang='lat' dir='ltr'><strong>re·</strong></span> 
     </span>
     <span class='ocr_line' id='line_1_63' title="bbox 1770 1052 3336 1140; baseline 0.005 -27"><span class='ocrx_word' id='word_1_420' title='bbox 1770 1052 1918 1115; x_wconf 82' lang='lat' dir='ltr'><strong>ferri</strong></span> <span class='ocrx_word' id='word_1_421' title='bbox 1969 1061 2182 1133; x_wconf 90' lang='lat' dir='ltr'><strong>posset</strong></span> <span class='ocrx_word' id='word_1_422' title='bbox 2229 1057 2348 1119; x_wconf 90' lang='lat' dir='ltr'><strong>hoc</strong></span> <span class='ocrx_word' id='word_1_423' title='bbox 2398 1058 2536 1120; x_wconf 91' lang='lat' dir='ltr'><strong>loco</strong></span> <span class='ocrx_word' id='word_1_424' title='bbox 2591 1076 2814 1120; x_wconf 88' lang='lat' dir='ltr'><strong>eorum</strong></span> <span class='ocrx_word' id='word_1_425' title='bbox 2845 1060 3180 1137; x_wconf 88' lang='lat' dir='ltr'><strong>sententia,</strong></span> <span class='ocrx_word' id='word_1_426' title='bbox 3225 1060 3336 1140; x_wconf 89' lang='lat' dir='ltr'><strong>qui</strong></span> 
     </span>
     <span class='ocr_line' id='line_1_64' title="bbox 1773 1148 3334 1216; baseline 0.005 -8"><span class='ocrx_word' id='word_1_427' title='bbox 1773 1155 2061 1210; x_wconf 89' lang='lat' dir='ltr'><strong>asserunt</strong></span> <span class='ocrx_word' id='word_1_428' title='bbox 2087 1148 2309 1211; x_wconf 85' lang='lat' dir='ltr'><strong>Christi</strong></span> <span class='ocrx_word' id='word_1_429' title='bbox 2336 1152 2566 1213; x_wconf 80' lang='lat' dir='ltr'><strong>animae</strong></span> <span class='ocrx_word' id='word_1_430' title='bbox 2589 1152 2784 1214; x_wconf 81' lang='lat' dir='ltr'><strong>fuisse</strong></span> <span class='ocrx_word' id='word_1_431' title='bbox 2809 1154 3334 1216; x_wconf 85' lang='lat' dir='ltr'><strong>communicatam</strong></span> 
     </span>
     <span class='ocr_line' id='line_1_65' title="bbox 1770 1240 3332 1323; baseline 0.004 -20"><span class='ocrx_word' id='word_1_432' title='bbox 1770 1240 1896 1303; x_wconf 83' lang='lat' dir='ltr'><strong>vim</strong></span> <span class='ocrx_word' id='word_1_433' title='bbox 1920 1242 2294 1305; x_wconf 86' lang='lat' dir='ltr'><strong>effectricem</strong></span> <span class='ocrx_word' id='word_1_434' title='bbox 2319 1244 2532 1323; x_wconf 78' lang='lat' dir='ltr'><strong>gratioe</strong></span> <span class='ocrx_word' id='word_1_435' title='bbox 2558 1252 2704 1307; x_wconf 88' lang='lat' dir='ltr'><strong>ante</strong></span> <span class='ocrx_word' id='word_1_436' title='bbox 2725 1246 3106 1309; x_wconf 86' lang='lat' dir='ltr'><strong>creationem</strong></span> <span class='ocrx_word' id='word_1_437' title='bbox 3129 1266 3332 1323; x_wconf 88' lang='lat' dir='ltr'><strong>suam,</strong></span> 
     </span>
     <span class='ocr_line' id='line_1_66' title="bbox 1772 1334 3336 1419; baseline 0.004 -23"><span class='ocrx_word' id='word_1_438' title='bbox 1772 1340 1835 1397; x_wconf 90' lang='lat' dir='ltr'><strong>et</strong></span> <span class='ocrx_word' id='word_1_439' title='bbox 1861 1334 2161 1397; x_wconf 88' lang='lat' dir='ltr'><strong>unionem</strong></span> <span class='ocrx_word' id='word_1_440' title='bbox 2193 1336 2274 1399; x_wconf 89' lang='lat' dir='ltr'><strong>ad</strong></span> <span class='ocrx_word' id='word_1_441' title='bbox 2303 1336 2576 1400; x_wconf 84' lang='lat' dir='ltr'><strong>Verbum</strong></span> <span class='ocrx_word' id='word_1_442' title='bbox 2599 1384 2614 1411; x_wconf 91' lang='lat'><strong>,</strong></span> <span class='ocrx_word' id='word_1_443' title='bbox 2643 1356 2782 1417; x_wconf 81' lang='lat' dir='ltr'><strong>quoe</strong></span> <span class='ocrx_word' id='word_1_444' title='bbox 2811 1339 2902 1400; x_wconf 86' lang='lat' dir='ltr'><strong>vis</strong></span> <span class='ocrx_word' id='word_1_445' title='bbox 2942 1342 3214 1419; x_wconf 86' lang='lat' dir='ltr'><strong>pertinet</strong></span> <span class='ocrx_word' id='word_1_446' title='bbox 3254 1342 3336 1402; x_wconf 86' lang='lat' dir='ltr'><strong>ad</strong></span> 
     </span>
     <span class='ocr_line' id='line_1_67' title="bbox 1770 1428 3336 1513; baseline 0.004 -24"><span class='ocrx_word' id='word_1_447' title='bbox 1770 1428 1935 1490; x_wconf 89' lang='lat' dir='ltr'><strong>hanc</strong></span> <span class='ocrx_word' id='word_1_448' title='bbox 1965 1428 2310 1508; x_wconf 88' lang='lat' dir='ltr'><strong>potentiam</strong></span> <span class='ocrx_word' id='word_1_449' title='bbox 2333 1432 2748 1510; x_wconf 85' lang='lat' dir='ltr'><strong>operatricem</strong></span> <span class='ocrx_word' id='word_1_450' title='bbox 2769 1434 3336 1513; x_wconf 86' lang='lat' dir='ltr'><strong>supernaturalium</strong></span> 
     </span>
     <span class='ocr_line' id='line_1_68' title="bbox 1774 1526 3338 1605; baseline 0.003 -19"><span class='ocrx_word' id='word_1_451' title='bbox 1774 1540 2063 1604; x_wconf 88' lang='lat' dir='ltr'><strong>operum,</strong></span> <span class='ocrx_word' id='word_1_452' title='bbox 2099 1529 2171 1586; x_wconf 92' lang='lat' dir='ltr'><strong>ut</strong></span> <span class='ocrx_word' id='word_1_453' title='bbox 2199 1544 2390 1605; x_wconf 89' lang='lat' dir='ltr'><strong>supra</strong></span> <span class='ocrx_word' id='word_1_454' title='bbox 2415 1526 2648 1588; x_wconf 88' lang='lat' dir='ltr'><strong>dictum</strong></span> <span class='ocrx_word' id='word_1_455' title='bbox 2679 1534 2802 1601; x_wconf 83' lang='lat' dir='ltr'><strong>est3</strong></span> <span class='ocrx_word' id='word_1_456' title='bbox 2837 1530 2974 1591; x_wconf 81' lang='lat' dir='ltr'><strong>hoec</strong></span> <span class='ocrx_word' id='word_1_457' title='bbox 3005 1548 3150 1591; x_wconf 87' lang='lat' dir='ltr'><strong>vero</strong></span> <span class='ocrx_word' id='word_1_458' title='bbox 3196 1548 3338 1593; x_wconf 86' lang='lat' dir='ltr'><strong>sen·</strong></span> 
     </span>
     <span class='ocr_line' id='line_1_69' title="bbox 1772 1617 3335 1702; baseline 0.003 -21"><span class='ocrx_word' id='word_1_459' title='bbox 1772 1618 1972 1681; x_wconf 88' lang='lat' dir='ltr'><strong>tentia</strong></span> <span class='ocrx_word' id='word_1_460' title='bbox 2011 1617 2172 1679; x_wconf 88' lang='lat' dir='ltr'><strong>infra</strong></span> <span class='ocrx_word' id='word_1_461' title='bbox 2217 1618 2626 1682; x_wconf 89' lang='lat' dir='ltr'><strong>commodiori</strong></span> <span class='ocrx_word' id='word_1_462' title='bbox 2663 1620 2803 1683; x_wconf 90' lang='lat' dir='ltr'><strong>loco</strong></span> <span class='ocrx_word' id='word_1_463' title='bbox 2841 1620 3335 1702; x_wconf 85' lang='lat' dir='ltr'><strong>impugnabitur,</strong></span> 
     </span>
     <span class='ocr_line' id='line_1_70' title="bbox 1776 1709 2923 1793; baseline 0.003 -20"><span class='ocrx_word' id='word_1_464' title='bbox 1776 1716 1867 1773; x_wconf 89' lang='lat' dir='ltr'><strong>est</strong></span> <span class='ocrx_word' id='word_1_465' title='bbox 1892 1709 2064 1774; x_wconf 85' lang='lat' dir='ltr'><strong>enim</strong></span> <span class='ocrx_word' id='word_1_466' title='bbox 2089 1710 2182 1791; x_wconf 89' lang='lat' dir='ltr'><strong>(ut</strong></span> <span class='ocrx_word' id='word_1_467' title='bbox 2206 1712 2452 1793; x_wconf 88' lang='lat' dir='ltr'><strong>opinor)</strong></span> <span class='ocrx_word' id='word_1_468' title='bbox 2478 1712 2923 1793; x_wconf 77' lang='lat' dir='ltr'><strong>improbabilia.</strong></span> 
     </span>
    </p>

    <p class='ocr_par' dir='ltr' id='par_1_9' title="bbox 1774 1804 3342 2821">
     <span class='ocr_line' id='line_1_71' title="bbox 1854 1804 3340 1888; baseline 0.003 -21"><span class='ocrx_word' id='word_1_469' title='bbox 1854 1808 1917 1867; x_wconf 81' lang='lat'><strong>6.</strong></span> <span class='ocrx_word' id='word_1_470' title='bbox 1961 1806 2230 1870; x_wconf 64' lang='lat' dir='ltr'><strong>Dubium</strong></span> <span class='ocrx_word' id='word_1_471' title='bbox 2251 1806 2676 1871; x_wconf 74' lang='lat' dir='ltr'><strong>secundum.-</strong></span> <span class='ocrx_word' id='word_1_472' title='bbox 2693 1804 3044 1888; x_wconf 69' lang='lat' dir='ltr'><strong>Responsio.</strong></span> <span class='ocrx_word' id='word_1_473' title='bbox 3063 1840 3144 1857; x_wconf 91' lang='lat'><em>-</em></span> <span class='ocrx_word' id='word_1_474' title='bbox 3161 1810 3340 1885; x_wconf 79' lang='lat' dir='ltr'><strong>Qnae-</strong></span> 
     </span>
     <span class='ocr_line' id='line_1_72' title="bbox 1774 1899 3334 1983; baseline 0.003 -22"><span class='ocrx_word' id='word_1_475' title='bbox 1774 1917 1879 1961; x_wconf 89' lang='lat' dir='ltr'><strong>res</strong></span> <span class='ocrx_word' id='word_1_476' title='bbox 1928 1899 2208 1961; x_wconf 87' lang='lat' dir='ltr'><strong>secundo</strong></span> <span class='ocrx_word' id='word_1_477' title='bbox 2255 1900 2537 1978; x_wconf 87' lang='lat' dir='ltr'><strong>quandiu</strong></span> <span class='ocrx_word' id='word_1_478' title='bbox 2585 1901 2900 1965; x_wconf 87' lang='lat' dir='ltr'><strong>duraverit</strong></span> <span class='ocrx_word' id='word_1_479' title='bbox 2943 1902 3075 1966; x_wconf 76' lang='lat' dir='ltr'><strong>haec</strong></span> <span class='ocrx_word' id='word_1_480' title='bbox 3111 1904 3334 1983; x_wconf 83' lang='lat' dir='ltr'><strong>gratia,</strong></span> 
     </span>
     <span class='ocr_line' id='line_1_73' title="bbox 1776 1993 3340 2077; baseline 0.002 -23"><span class='ocrx_word' id='word_1_481' title='bbox 1776 2010 1890 2054; x_wconf 90' lang='lat' dir='ltr'><strong>seu</strong></span> <span class='ocrx_word' id='word_1_482' title='bbox 1932 1998 2210 2074; x_wconf 87' lang='lat' dir='ltr'><strong>potestas</strong></span> <span class='ocrx_word' id='word_1_483' title='bbox 2243 1993 2310 2055; x_wconf 90' lang='lat' dir='ltr'><strong>in</strong></span> <span class='ocrx_word' id='word_1_484' title='bbox 2353 1994 2576 2057; x_wconf 88' lang='lat' dir='ltr'><strong>Christi</strong></span> <span class='ocrx_word' id='word_1_485' title='bbox 2615 1994 3028 2059; x_wconf 85' lang='lat' dir='ltr'><strong>humanitate.</strong></span> <span class='ocrx_word' id='word_1_486' title='bbox 3063 1998 3340 2077; x_wconf 86' lang='lat' dir='ltr'><strong>Respon-</strong></span> 
     </span>
     <span class='ocr_line' id='line_1_74' title="bbox 1778 2082 3336 2169; baseline 0.002 -22"><span class='ocrx_word' id='word_1_487' title='bbox 1778 2082 1986 2161; x_wconf 89' lang='lat' dir='ltr'><strong>detur,</strong></span> <span class='ocrx_word' id='word_1_488' title='bbox 2005 2104 2082 2148; x_wconf 81' lang='lat' dir='ltr'><strong>ex</strong></span> <span class='ocrx_word' id='word_1_489' title='bbox 2105 2102 2230 2167; x_wconf 85' lang='lat' dir='ltr'><strong>quo</strong></span> <span class='ocrx_word' id='word_1_490' title='bbox 2251 2086 2421 2149; x_wconf 89' lang='lat' dir='ltr'><strong>illam</strong></span> <span class='ocrx_word' id='word_1_491' title='bbox 2443 2088 2706 2169; x_wconf 88' lang='lat' dir='ltr'><strong>accepit,</strong></span> <span class='ocrx_word' id='word_1_492' title='bbox 2730 2105 3054 2168; x_wconf 89' lang='lat' dir='ltr'><strong>nunquam</strong></span> <span class='ocrx_word' id='word_1_493' title='bbox 3077 2108 3216 2153; x_wconf 88' lang='lat' dir='ltr'><strong>esse</strong></span> <span class='ocrx_word' id='word_1_494' title='bbox 3233 2091 3336 2151; x_wconf 88' lang='lat' dir='ltr'><strong>illa</strong></span> 
     </span>
     <span class='ocr_line' id='line_1_75' title="bbox 1774 2177 3340 2265; baseline 0.004 -24"><span class='ocrx_word' id='word_1_495' title='bbox 1774 2177 2120 2260; x_wconf 80' lang='lat' dir='ltr'><strong>privatam,</strong></span> <span class='ocrx_word' id='word_1_496' title='bbox 2149 2184 2287 2242; x_wconf 88' lang='lat' dir='ltr'><strong>tum</strong></span> <span class='ocrx_word' id='word_1_497' title='bbox 2314 2180 2464 2261; x_wconf 90' lang='lat' dir='ltr'><strong>quia</strong></span> <span class='ocrx_word' id='word_1_498' title='bbox 2509 2181 2678 2243; x_wconf 88' lang='lat' dir='ltr'><strong>dona</strong></span> <span class='ocrx_word' id='word_1_499' title='bbox 2709 2181 2819 2244; x_wconf 89' lang='lat' dir='ltr'><strong>Dei</strong></span> <span class='ocrx_word' id='word_1_500' title='bbox 2848 2189 2994 2244; x_wconf 90' lang='lat' dir='ltr'><strong>sunt</strong></span> <span class='ocrx_word' id='word_1_501' title='bbox 3037 2185 3174 2245; x_wconf 90' lang='lat' dir='ltr'><strong>sine</strong></span> <span class='ocrx_word' id='word_1_502' title='bbox 3203 2202 3340 2265; x_wconf 83' lang='lat' dir='ltr'><strong>poe-</strong></span> 
     </span>
     <span class='ocr_line' id='line_1_76' title="bbox 1774 2274 3340 2358; baseline 0.004 -24"><span class='ocrx_word' id='word_1_503' title='bbox 1774 2274 2069 2348; x_wconf 79' lang='lat' dir='ltr'><strong>nitentia3</strong></span> <span class='ocrx_word' id='word_1_504' title='bbox 2101 2276 2236 2337; x_wconf 89' lang='lat' dir='ltr'><strong>tum</strong></span> <span class='ocrx_word' id='word_1_505' title='bbox 2265 2274 2452 2337; x_wconf 87' lang='lat' dir='ltr'><strong>etiam</strong></span> <span class='ocrx_word' id='word_1_506' title='bbox 2503 2276 2652 2356; x_wconf 90' lang='lat' dir='ltr'><strong>quia</strong></span> <span class='ocrx_word' id='word_1_507' title='bbox 2697 2276 2784 2358; x_wconf 90' lang='lat' dir='ltr'><strong>(ut</strong></span> <span class='ocrx_word' id='word_1_508' title='bbox 2825 2276 3058 2339; x_wconf 89' lang='lat' dir='ltr'><strong>dictum</strong></span> <span class='ocrx_word' id='word_1_509' title='bbox 3089 2280 3204 2358; x_wconf 87' lang='lat' dir='ltr'><strong>est)</strong></span> <span class='ocrx_word' id='word_1_510' title='bbox 3235 2278 3340 2340; x_wconf 86' lang='lat' dir='ltr'><strong>illa</strong></span> 
     </span>
     <span class='ocr_line' id='line_1_77' title="bbox 1778 2368 3340 2450; baseline 0.004 -22"><span class='ocrx_word' id='word_1_511' title='bbox 1778 2372 1873 2429; x_wconf 89' lang='lat' dir='ltr'><strong>est</strong></span> <span class='ocrx_word' id='word_1_512' title='bbox 1892 2368 2244 2448; x_wconf 87' lang='lat' dir='ltr'><strong>proprietas</strong></span> <span class='ocrx_word' id='word_1_513' title='bbox 2263 2384 2658 2448; x_wconf 88' lang='lat' dir='ltr'><strong>consequens</strong></span> <span class='ocrx_word' id='word_1_514' title='bbox 2677 2371 2995 2445; x_wconf 88' lang='lat' dir='ltr'><strong>unionem,</strong></span> <span class='ocrx_word' id='word_1_515' title='bbox 3021 2388 3162 2450; x_wconf 79' lang='lat' dir='ltr'><strong>quae</strong></span> <span class='ocrx_word' id='word_1_516' title='bbox 3181 2390 3340 2433; x_wconf 88' lang='lat' dir='ltr'><strong>sem-</strong></span> 
     </span>
     <span class='ocr_line' id='line_1_78' title="bbox 1776 2463 3342 2545; baseline 0.003 -22"><span class='ocrx_word' id='word_1_517' title='bbox 1776 2478 1891 2541; x_wconf 90' lang='lat' dir='ltr'><strong>per</strong></span> <span class='ocrx_word' id='word_1_518' title='bbox 1916 2466 2280 2543; x_wconf 82' lang='lat' dir='ltr'><strong>perseverat</strong></span> <span class='ocrx_word' id='word_1_519' title='bbox 2289 2477 2311 2541; x_wconf 81' lang='lat'>3</span> <span class='ocrx_word' id='word_1_520' title='bbox 2345 2468 2477 2525; x_wconf 88' lang='lat' dir='ltr'><strong>tum</strong></span> <span class='ocrx_word' id='word_1_521' title='bbox 2525 2463 2712 2525; x_wconf 87' lang='lat' dir='ltr'><strong>etiam</strong></span> <span class='ocrx_word' id='word_1_522' title='bbox 2749 2464 2899 2543; x_wconf 86' lang='lat' dir='ltr'><strong>quia</strong></span> <span class='ocrx_word' id='word_1_523' title='bbox 2943 2465 3214 2545; x_wconf 86' lang='lat' dir='ltr'><strong>pertinet</strong></span> <span class='ocrx_word' id='word_1_524' title='bbox 3259 2464 3342 2527; x_wconf 86' lang='lat' dir='ltr'><strong>ad</strong></span> 
     </span>
     <span class='ocr_line' id='line_1_79' title="bbox 1777 2554 3342 2635; baseline 0.003 -18"><span class='ocrx_word' id='word_1_525' title='bbox 1777 2554 2226 2635; x_wconf 81' lang='lat' dir='ltr'><strong>perfectionem</strong></span> <span class='ocrx_word' id='word_1_526' title='bbox 2255 2554 2421 2617; x_wconf 90' lang='lat' dir='ltr'><strong>illius</strong></span> <span class='ocrx_word' id='word_1_527' title='bbox 2451 2556 2876 2631; x_wconf 78' lang='lat' dir='ltr'><strong>humanitatiS‚</strong></span> <span class='ocrx_word' id='word_1_528' title='bbox 2901 2564 2964 2620; x_wconf 89' lang='lat' dir='ltr'><strong>et</strong></span> <span class='ocrx_word' id='word_1_529' title='bbox 2987 2576 3115 2620; x_wconf 90' lang='lat' dir='ltr'><strong>non</strong></span> <span class='ocrx_word' id='word_1_530' title='bbox 3145 2557 3342 2621; x_wconf 87' lang='lat' dir='ltr'><strong>inclu-</strong></span> 
     </span>
     <span class='ocr_line' id='line_1_80' title="bbox 1776 2646 3342 2734; baseline 0.005 -26"><span class='ocrx_word' id='word_1_531' title='bbox 1776 2646 1867 2709; x_wconf 88' lang='lat' dir='ltr'><strong>dit</strong></span> <span class='ocrx_word' id='word_1_532' title='bbox 1908 2648 2446 2729; x_wconf 81' lang='lat' dir='ltr'><strong>imperfectionem</strong></span> <span class='ocrx_word' id='word_1_533' title='bbox 2485 2650 2672 2713; x_wconf 89' lang='lat' dir='ltr'><strong>statni</strong></span> <span class='ocrx_word' id='word_1_534' title='bbox 2711 2650 3116 2715; x_wconf 87' lang='lat' dir='ltr'><strong>beatitudinis</strong></span> <span class='ocrx_word' id='word_1_535' title='bbox 3159 2672 3342 2734; x_wconf 82' lang='lat' dir='ltr'><strong>repu-</strong></span> 
     </span>
     <span class='ocr_line' id='line_1_81' title="bbox 1780 2748 2101 2821; baseline 0.006 -20"><span class='ocrx_word' id='word_1_536' title='bbox 1780 2748 2101 2821; x_wconf 84' lang='lat' dir='ltr'><strong>guantem.</strong></span> 
     </span>
    </p>

    <p class='ocr_par' dir='ltr' id='par_1_10' title="bbox 1776 2832 3365 5634">
     <span class='ocr_line' id='line_1_82' title="bbox 1858 2832 3342 2919; baseline 0.003 -25"><span class='ocrx_word' id='word_1_537' title='bbox 1858 2835 1913 2895; x_wconf 81' lang='lat'><strong>7.</strong></span> <span class='ocrx_word' id='word_1_538' title='bbox 1957 2832 2946 2917; x_wconf 75' lang='lat' dir='ltr'><strong>Objocti0.-Responsio.-—Dices</strong></span> <span class='ocrx_word' id='word_1_539' title='bbox 2969 2854 2986 2901; x_wconf 75' lang='lat' dir='ltr'><strong>t</strong></span> <span class='ocrx_word' id='word_1_540' title='bbox 3009 2842 3342 2919; x_wconf 85' lang='lat' dir='ltr'><strong>postquam</strong></span> 
     </span>
     <span class='ocr_line' id='line_1_83' title="bbox 1777 2926 3344 3013; baseline 0.002 -23"><span class='ocrx_word' id='word_1_541' title='bbox 1777 2928 2056 2990; x_wconf 89' lang='lat' dir='ltr'><strong>Christus</strong></span> <span class='ocrx_word' id='word_1_542' title='bbox 2078 2926 2160 2989; x_wconf 88' lang='lat' dir='ltr'><strong>ad</strong></span> <span class='ocrx_word' id='word_1_543' title='bbox 2185 2928 2416 2991; x_wconf 84' lang='lat' dir='ltr'><strong>ccelum</strong></span> <span class='ocrx_word' id='word_1_544' title='bbox 2440 2929 2746 3005; x_wconf 87' lang='lat' dir='ltr'><strong>ascendit,</strong></span> <span class='ocrx_word' id='word_1_545' title='bbox 2767 2950 2898 2993; x_wconf 90' lang='lat' dir='ltr'><strong>non</strong></span> <span class='ocrx_word' id='word_1_546' title='bbox 2925 2937 3130 3013; x_wconf 88' lang='lat' dir='ltr'><strong>potest</strong></span> <span class='ocrx_word' id='word_1_547' title='bbox 3149 2932 3344 2994; x_wconf 85' lang='lat' dir='ltr'><strong>hahe-</strong></span> 
     </span>
     <span class='ocr_line' id='line_1_84' title="bbox 1778 3021 3342 3105; baseline 0.003 -24"><span class='ocrx_word' id='word_1_548' title='bbox 1778 3040 1846 3083; x_wconf 89' lang='lat' dir='ltr'><strong>re</strong></span> <span class='ocrx_word' id='word_1_549' title='bbox 1868 3038 2054 3082; x_wconf 90' lang='lat' dir='ltr'><strong>usum</strong></span> <span class='ocrx_word' id='word_1_550' title='bbox 2081 3021 2274 3101; x_wconf 83' lang='lat' dir='ltr'><strong>hujus</strong></span> <span class='ocrx_word' id='word_1_551' title='bbox 2293 3024 2640 3103; x_wconf 88' lang='lat' dir='ltr'><strong>potestatis.</strong></span> <span class='ocrx_word' id='word_1_552' title='bbox 2665 3026 3102 3105; x_wconf 86' lang='lat' dir='ltr'><strong>Respondetur</strong></span> <span class='ocrx_word' id='word_1_553' title='bbox 3115 3024 3342 3087; x_wconf 83' lang='lat' dir='ltr'><strong>falsum</strong></span> 
     </span>
     <span class='ocr_line' id='line_1_85' title="bbox 1776 3116 3346 3198; baseline 0.002 -21"><span class='ocrx_word' id='word_1_554' title='bbox 1776 3116 1901 3179; x_wconf 93' lang='lat' dir='ltr'><strong>hoc</strong></span> <span class='ocrx_word' id='word_1_555' title='bbox 1926 3134 2088 3179; x_wconf 89' lang='lat' dir='ltr'><strong>esse.</strong></span> <span class='ocrx_word' id='word_1_556' title='bbox 2123 3117 2327 3179; x_wconf 90' lang='lat' dir='ltr'><strong>Primo</strong></span> <span class='ocrx_word' id='word_1_557' title='bbox 2353 3163 2370 3191; x_wconf 89' lang='lat'><strong>,</strong></span> <span class='ocrx_word' id='word_1_558' title='bbox 2401 3120 2548 3197; x_wconf 85' lang='lat' dir='ltr'><strong>quia</strong></span> <span class='ocrx_word' id='word_1_559' title='bbox 2574 3164 2590 3194; x_wconf 90' lang='lat'>‚</span> <span class='ocrx_word' id='word_1_560' title='bbox 2623 3119 2674 3181; x_wconf 93' lang='lat' dir='ltr'><strong>si</strong></span> <span class='ocrx_word' id='word_1_561' title='bbox 2704 3120 2963 3198; x_wconf 89' lang='lat' dir='ltr'><strong>aliquod</strong></span> <span class='ocrx_word' id='word_1_562' title='bbox 3001 3120 3217 3182; x_wconf 90' lang='lat' dir='ltr'><strong>lumen</strong></span> <span class='ocrx_word' id='word_1_563' title='bbox 3245 3138 3346 3181; x_wconf 88' lang='lat' dir='ltr'><strong>su·</strong></span> 
     </span>
     <span class='ocr_line' id='line_1_86' title="bbox 1776 3210 3346 3293; baseline 0.003 -23"><span class='ocrx_word' id='word_1_564' title='bbox 1776 3210 2202 3291; x_wconf 84' lang='lat' dir='ltr'><strong>pernaturale,</strong></span> <span class='ocrx_word' id='word_1_565' title='bbox 2231 3210 2332 3272; x_wconf 79' lang='lat' dir='ltr'><strong>vel</strong></span> <span class='ocrx_word' id='word_1_566' title='bbox 2377 3212 2578 3273; x_wconf 88' lang='lat' dir='ltr'><strong>simile</strong></span> <span class='ocrx_word' id='word_1_567' title='bbox 2619 3212 2858 3274; x_wconf 87' lang='lat' dir='ltr'><strong>donum</strong></span> <span class='ocrx_word' id='word_1_568' title='bbox 2894 3214 3217 3293; x_wconf 85' lang='lat' dir='ltr'><strong>pertinens</strong></span> <span class='ocrx_word' id='word_1_569' title='bbox 3264 3212 3346 3275; x_wconf 89' lang='lat' dir='ltr'><strong>ad</strong></span> 
     </span>
     <span class='ocr_line' id='line_1_87' title="bbox 1782 3304 3351 3369; baseline 0.001 -3"><span class='ocrx_word' id='word_1_570' title='bbox 1782 3304 2270 3366; x_wconf 88' lang='lat' dir='ltr'><strong>accidentariam</strong></span> <span class='ocrx_word' id='word_1_571' title='bbox 2332 3304 2788 3367; x_wconf 84' lang='lat' dir='ltr'><strong>beatitudinem</strong></span> <span class='ocrx_word' id='word_1_572' title='bbox 2848 3308 3351 3369; x_wconf 87' lang='lat' dir='ltr'><strong>communicatur</strong></span> 
     </span>
     <span class='ocr_line' id='line_1_88' title="bbox 1781 3397 3344 3479; baseline 0 -19"><span class='ocrx_word' id='word_1_573' title='bbox 1781 3397 2005 3474; x_wconf 79' lang='lat' dir='ltr'><strong>beatiS,</strong></span> <span class='ocrx_word' id='word_1_574' title='bbox 2037 3398 2334 3460; x_wconf 89' lang='lat' dir='ltr'><strong>credibile</strong></span> <span class='ocrx_word' id='word_1_575' title='bbox 2367 3405 2462 3461; x_wconf 87' lang='lat' dir='ltr'><strong>est</strong></span> <span class='ocrx_word' id='word_1_576' title='bbox 2489 3417 2606 3479; x_wconf 92' lang='lat' dir='ltr'><strong>per</strong></span> <span class='ocrx_word' id='word_1_577' title='bbox 2636 3399 2860 3462; x_wconf 86' lang='lat' dir='ltr'><strong>Christi</strong></span> <span class='ocrx_word' id='word_1_578' title='bbox 2891 3398 3344 3462; x_wconf 88' lang='lat' dir='ltr'><strong>humanitatem</strong></span> 
     </span>
     <span class='ocr_line' id='line_1_89' title="bbox 1780 3490 3344 3573; baseline 0 -20"><span class='ocrx_word' id='word_1_579' title='bbox 1780 3490 1939 3553; x_wconf 89' lang='lat' dir='ltr'><strong>fieri.</strong></span> <span class='ocrx_word' id='word_1_580' title='bbox 1972 3490 2104 3553; x_wconf 90' lang='lat' dir='ltr'><strong>Imo</strong></span> <span class='ocrx_word' id='word_1_581' title='bbox 2134 3492 2458 3571; x_wconf 87' lang='lat' dir='ltr'><strong>probabile</strong></span> <span class='ocrx_word' id='word_1_582' title='bbox 2501 3499 2597 3556; x_wconf 86' lang='lat' dir='ltr'><strong>est</strong></span> <span class='ocrx_word' id='word_1_583' title='bbox 2629 3512 2816 3555; x_wconf 89' lang='lat' dir='ltr'><strong>omne</strong></span> <span class='ocrx_word' id='word_1_584' title='bbox 2845 3494 3062 3556; x_wconf 91' lang='lat' dir='ltr'><strong>lumen</strong></span> <span class='ocrx_word' id='word_1_585' title='bbox 3105 3493 3344 3573; x_wconf 76' lang='lat' dir='ltr'><strong>gloriae,</strong></span> 
     </span>
     <span class='ocr_line' id='line_1_90' title="bbox 1782 3583 3348 3667; baseline 0.001 -22"><span class='ocrx_word' id='word_1_586' title='bbox 1782 3584 1952 3665; x_wconf 91' lang='lat' dir='ltr'><strong>quod</strong></span> <span class='ocrx_word' id='word_1_587' title='bbox 1974 3583 2210 3647; x_wconf 89' lang='lat' dir='ltr'><strong>factum</strong></span> <span class='ocrx_word' id='word_1_588' title='bbox 2234 3591 2351 3661; x_wconf 91' lang='lat' dir='ltr'><strong>est,</strong></span> <span class='ocrx_word' id='word_1_589' title='bbox 2373 3592 2436 3647; x_wconf 90' lang='lat' dir='ltr'><strong>et</strong></span> <span class='ocrx_word' id='word_1_590' title='bbox 2451 3584 2522 3647; x_wconf 86' lang='lat' dir='ltr'><strong>fit</strong></span> <span class='ocrx_word' id='word_1_591' title='bbox 2545 3586 2608 3646; x_wconf 91' lang='lat' dir='ltr'><strong>in</strong></span> <span class='ocrx_word' id='word_1_592' title='bbox 2632 3586 2963 3649; x_wconf 88' lang='lat' dir='ltr'><strong>animabus</strong></span> <span class='ocrx_word' id='word_1_593' title='bbox 2985 3588 3208 3663; x_wconf 78' lang='lat' dir='ltr'><strong>heatiS,</strong></span> <span class='ocrx_word' id='word_1_594' title='bbox 3235 3604 3348 3667; x_wconf 91' lang='lat' dir='ltr'><strong>per</strong></span> 
     </span>
     <span class='ocr_line' id='line_1_91' title="bbox 1780 3678 3350 3755; baseline -0.001 -13"><span class='ocrx_word' id='word_1_595' title='bbox 1780 3678 1998 3742; x_wconf 88' lang='lat' dir='ltr'><strong>Christi</strong></span> <span class='ocrx_word' id='word_1_596' title='bbox 2029 3680 2484 3743; x_wconf 84' lang='lat' dir='ltr'><strong>humanitatem</strong></span> <span class='ocrx_word' id='word_1_597' title='bbox 2511 3680 2672 3755; x_wconf 87' lang='lat' dir='ltr'><strong>fieri,</strong></span> <span class='ocrx_word' id='word_1_598' title='bbox 2701 3687 2771 3744; x_wconf 90' lang='lat' dir='ltr'><strong>ut</strong></span> <span class='ocrx_word' id='word_1_599' title='bbox 2799 3682 2868 3741; x_wconf 93' lang='lat' dir='ltr'><strong>D.</strong></span> <span class='ocrx_word' id='word_1_600' title='bbox 2899 3682 3172 3743; x_wconf 86' lang='lat' dir='ltr'><strong>Thomas</strong></span> <span class='ocrx_word' id='word_1_601' title='bbox 3207 3698 3350 3741; x_wconf 88' lang='lat' dir='ltr'><strong>sen·</strong></span> 
     </span>
     <span class='ocr_line' id='line_1_92' title="bbox 1779 3771 3349 3853; baseline -0.002 -18"><span class='ocrx_word' id='word_1_602' title='bbox 1779 3771 1852 3836; x_wconf 89' lang='lat' dir='ltr'><strong>tit</strong></span> <span class='ocrx_word' id='word_1_603' title='bbox 1878 3772 2066 3850; x_wconf 86' lang='lat' dir='ltr'><strong>infra,</strong></span> <span class='ocrx_word' id='word_1_604' title='bbox 2099 3781 2320 3853; x_wconf 81' lang='lat' dir='ltr'><strong>quaest.</strong></span> <span class='ocrx_word' id='word_1_605' title='bbox 2349 3776 2450 3849; x_wconf 80' lang='lat'><strong>52,</strong></span> <span class='ocrx_word' id='word_1_606' title='bbox 2482 3778 2596 3837; x_wconf 89' lang='lat' dir='ltr'><strong>art.</strong></span> <span class='ocrx_word' id='word_1_607' title='bbox 2630 3776 2668 3835; x_wconf 78' lang='lat'><strong>2</strong></span> <span class='ocrx_word' id='word_1_608' title='bbox 2685 3820 2706 3851; x_wconf 89' lang='lat'><strong>,</strong></span> <span class='ocrx_word' id='word_1_609' title='bbox 2736 3773 2845 3836; x_wconf 92' lang='lat' dir='ltr'><strong>ubi</strong></span> <span class='ocrx_word' id='word_1_610' title='bbox 2891 3774 2968 3837; x_wconf 91' lang='lat' dir='ltr'><strong>de</strong></span> <span class='ocrx_word' id='word_1_611' title='bbox 3019 3773 3349 3835; x_wconf 87' lang='lat' dir='ltr'><strong>animabus</strong></span> 
     </span>
     <span class='ocr_line' id='line_1_93' title="bbox 1782 3866 3352 3929; baseline 0 -2"><span class='ocrx_word' id='word_1_612' title='bbox 1782 3873 2146 3928; x_wconf 88' lang='lat' dir='ltr'><strong>sanctorum</strong></span> <span class='ocrx_word' id='word_1_613' title='bbox 2175 3869 2429 3928; x_wconf 87' lang='lat' dir='ltr'><strong>Patrum</strong></span> <span class='ocrx_word' id='word_1_614' title='bbox 2458 3868 2520 3928; x_wconf 88' lang='lat' dir='ltr'><strong>in</strong></span> <span class='ocrx_word' id='word_1_615' title='bbox 2566 3866 2762 3929; x_wconf 90' lang='lat' dir='ltr'><strong>limbo</strong></span> <span class='ocrx_word' id='word_1_616' title='bbox 2811 3866 3219 3929; x_wconf 82' lang='lat' dir='ltr'><strong>existentibus</strong></span> <span class='ocrx_word' id='word_1_617' title='bbox 3263 3866 3352 3928; x_wconf 88' lang='lat' dir='ltr'><strong>lo·</strong></span> 
     </span>
     <span class='ocr_line' id='line_1_94' title="bbox 1787 3960 3350 4040; baseline -0.001 -19"><span class='ocrx_word' id='word_1_618' title='bbox 1787 3960 2032 4040; x_wconf 62' lang='lat' dir='ltr'><strong>quitum</strong></span> <span class='ocrx_word' id='word_1_619' title='bbox 2086 3966 2180 4022; x_wconf 89' lang='lat' dir='ltr'><strong>est</strong></span> <span class='ocrx_word' id='word_1_620' title='bbox 2225 3966 2438 4022; x_wconf 88' lang='lat' dir='ltr'><strong>autem</strong></span> <span class='ocrx_word' id='word_1_621' title='bbox 2469 3960 2692 4021; x_wconf 87' lang='lat' dir='ltr'><strong>eadem</strong></span> <span class='ocrx_word' id='word_1_622' title='bbox 2736 3960 2896 4023; x_wconf 91' lang='lat' dir='ltr'><strong>ratio</strong></span> <span class='ocrx_word' id='word_1_623' title='bbox 2935 3961 3014 4022; x_wconf 90' lang='lat' dir='ltr'><strong>de</strong></span> <span class='ocrx_word' id='word_1_624' title='bbox 3062 3960 3350 4022; x_wconf 87' lang='lat' dir='ltr'><strong>omnibus</strong></span> 
     </span>
     <span class='ocr_line' id='line_1_95' title="bbox 1787 4052 3350 4134; baseline -0.001 -19"><span class='ocrx_word' id='word_1_625' title='bbox 1787 4055 1923 4115; x_wconf 88' lang='lat' dir='ltr'><strong>aliis</strong></span> <span class='ocrx_word' id='word_1_626' title='bbox 1953 4070 2095 4133; x_wconf 82' lang='lat' dir='ltr'><strong>quae</strong></span> <span class='ocrx_word' id='word_1_627' title='bbox 2124 4060 2346 4134; x_wconf 88' lang='lat' dir='ltr'><strong>postea</strong></span> <span class='ocrx_word' id='word_1_628' title='bbox 2371 4054 2568 4115; x_wconf 82' lang='lat' dir='ltr'><strong>beatae</strong></span> <span class='ocrx_word' id='word_1_629' title='bbox 2599 4060 2774 4127; x_wconf 88' lang='lat' dir='ltr'><strong>sunt;</strong></span> <span class='ocrx_word' id='word_1_630' title='bbox 2804 4060 2868 4116; x_wconf 90' lang='lat' dir='ltr'><strong>et</strong></span> <span class='ocrx_word' id='word_1_631' title='bbox 2900 4060 2994 4116; x_wconf 87' lang='lat' dir='ltr'><strong>est</strong></span> <span class='ocrx_word' id='word_1_632' title='bbox 3017 4054 3138 4115; x_wconf 88' lang='lat' dir='ltr'><strong>hoc</strong></span> <span class='ocrx_word' id='word_1_633' title='bbox 3167 4052 3350 4115; x_wconf 79' lang='lat' dir='ltr'><strong>valde</strong></span> 
     </span>
     <span class='ocr_line' id='line_1_96' title="bbox 1786 4148 3352 4229; baseline -0.001 -18"><span class='ocrx_word' id='word_1_634' title='bbox 1786 4154 2284 4211; x_wconf 86' lang='lat' dir='ltr'><strong>consentaneum</strong></span> <span class='ocrx_word' id='word_1_635' title='bbox 2319 4149 2608 4229; x_wconf 87' lang='lat' dir='ltr'><strong>dignitati</strong></span> <span class='ocrx_word' id='word_1_636' title='bbox 2634 4148 2877 4213; x_wconf 90' lang='lat' dir='ltr'><strong>Christi.</strong></span> <span class='ocrx_word' id='word_1_637' title='bbox 2911 4148 3225 4225; x_wconf 90' lang='lat' dir='ltr'><strong>Secundo,</strong></span> <span class='ocrx_word' id='word_1_638' title='bbox 3249 4166 3352 4210; x_wconf 87' lang='lat' dir='ltr'><strong>ve-</strong></span> 
     </span>
     <span class='ocr_line' id='line_1_97' title="bbox 1786 4242 3352 4322; baseline 0.001 -19"><span class='ocrx_word' id='word_1_639' title='bbox 1786 4243 2042 4304; x_wconf 90' lang='lat' dir='ltr'><strong>risimile</strong></span> <span class='ocrx_word' id='word_1_640' title='bbox 2095 4242 2284 4305; x_wconf 87' lang='lat' dir='ltr'><strong>etiarn</strong></span> <span class='ocrx_word' id='word_1_641' title='bbox 2327 4248 2444 4317; x_wconf 88' lang='lat' dir='ltr'><strong>est,</strong></span> <span class='ocrx_word' id='word_1_642' title='bbox 2476 4243 2677 4322; x_wconf 89' lang='lat' dir='ltr'><strong>ipsam</strong></span> <span class='ocrx_word' id='word_1_643' title='bbox 2722 4249 3112 4305; x_wconf 89' lang='lat' dir='ltr'><strong>mortuorum</strong></span> <span class='ocrx_word' id='word_1_644' title='bbox 3148 4262 3352 4305; x_wconf 88' lang='lat' dir='ltr'><strong>resur·</strong></span> 
     </span>
     <span class='ocr_line' id='line_1_98' title="bbox 1788 4336 3352 4417; baseline -0.001 -19"><span class='ocrx_word' id='word_1_645' title='bbox 1788 4336 2155 4409; x_wconf 88' lang='lat' dir='ltr'><strong>rectionem,</strong></span> <span class='ocrx_word' id='word_1_646' title='bbox 2196 4336 2543 4417; x_wconf 83' lang='lat' dir='ltr'><strong>praesertim</strong></span> <span class='ocrx_word' id='word_1_647' title='bbox 2573 4336 2927 4413; x_wconf 87' lang='lat' dir='ltr'><strong>beatorum,</strong></span> <span class='ocrx_word' id='word_1_648' title='bbox 2963 4336 3352 4400; x_wconf 86' lang='lat' dir='ltr'><strong>efficiendam</strong></span> 
     </span>
     <span class='ocr_line' id='line_1_99' title="bbox 1790 4430 3356 4509; baseline -0.001 -19"><span class='ocrx_word' id='word_1_649' title='bbox 1790 4447 1929 4490; x_wconf 90' lang='lat' dir='ltr'><strong>esse</strong></span> <span class='ocrx_word' id='word_1_650' title='bbox 1963 4448 2078 4509; x_wconf 85' lang='lat' dir='ltr'><strong>per</strong></span> <span class='ocrx_word' id='word_1_651' title='bbox 2107 4430 2330 4492; x_wconf 87' lang='lat' dir='ltr'><strong>Christi</strong></span> <span class='ocrx_word' id='word_1_652' title='bbox 2381 4431 2872 4506; x_wconf 88' lang='lat' dir='ltr'><strong>humanitatem,</strong></span> <span class='ocrx_word' id='word_1_653' title='bbox 2911 4436 3211 4509; x_wconf 89' lang='lat' dir='ltr'><strong>tanquam</strong></span> <span class='ocrx_word' id='word_1_654' title='bbox 3241 4448 3356 4508; x_wconf 90' lang='lat' dir='ltr'><strong>per</strong></span> 
     </span>
     <span class='ocr_line' id='line_1_100' title="bbox 1788 4523 3355 4603; baseline -0.001 -19"><span class='ocrx_word' id='word_1_655' title='bbox 1788 4524 2304 4601; x_wconf 82' lang='lat' dir='ltr'><strong>instrumentum3</strong></span> <span class='ocrx_word' id='word_1_656' title='bbox 2335 4543 2485 4587; x_wconf 88' lang='lat' dir='ltr'><strong>nam</strong></span> <span class='ocrx_word' id='word_1_657' title='bbox 2531 4528 2733 4587; x_wconf 89' lang='lat' dir='ltr'><strong>totum</strong></span> <span class='ocrx_word' id='word_1_658' title='bbox 2761 4523 2882 4585; x_wconf 90' lang='lat' dir='ltr'><strong>hoc</strong></span> <span class='ocrx_word' id='word_1_659' title='bbox 2920 4524 3186 4586; x_wconf 85' lang='lat' dir='ltr'><strong>debetur</strong></span> <span class='ocrx_word' id='word_1_660' title='bbox 3215 4526 3355 4603; x_wconf 89' lang='lat' dir='ltr'><strong>ejus</strong></span> 
     </span>
     <span class='ocr_line' id='line_1_101' title="bbox 1788 4615 3357 4695; baseline 0 -18"><span class='ocrx_word' id='word_1_661' title='bbox 1788 4615 2080 4695; x_wconf 81' lang='lat' dir='ltr'><strong>dignitati</strong></span> <span class='ocrx_word' id='word_1_662' title='bbox 2110 4622 2174 4678; x_wconf 89' lang='lat' dir='ltr'><strong>et</strong></span> <span class='ocrx_word' id='word_1_663' title='bbox 2198 4618 2460 4679; x_wconf 79' lang='lat' dir='ltr'><strong>meritis.</strong></span> <span class='ocrx_word' id='word_1_664' title='bbox 2492 4619 2569 4680; x_wconf 90' lang='lat' dir='ltr'><strong>Et</strong></span> <span class='ocrx_word' id='word_1_665' title='bbox 2599 4616 2682 4679; x_wconf 89' lang='lat' dir='ltr'><strong>ad</strong></span> <span class='ocrx_word' id='word_1_666' title='bbox 2707 4618 2828 4677; x_wconf 90' lang='lat' dir='ltr'><strong>hoc</strong></span> <span class='ocrx_word' id='word_1_667' title='bbox 2853 4635 2984 4678; x_wconf 90' lang='lat' dir='ltr'><strong>non</strong></span> <span class='ocrx_word' id='word_1_668' title='bbox 3010 4616 3357 4677; x_wconf 89' lang='lat' dir='ltr'><strong>incommo-</strong></span> 
     </span>
     <span class='ocr_line' id='line_1_102' title="bbox 1789 4710 3359 4791; baseline 0 -18"><span class='ocrx_word' id='word_1_669' title='bbox 1789 4711 1869 4773; x_wconf 87' lang='lat' dir='ltr'><strong>de</strong></span> <span class='ocrx_word' id='word_1_670' title='bbox 1898 4710 2197 4791; x_wconf 89' lang='lat' dir='ltr'><strong>applicari</strong></span> <span class='ocrx_word' id='word_1_671' title='bbox 2225 4716 2433 4790; x_wconf 86' lang='lat' dir='ltr'><strong>potest</strong></span> <span class='ocrx_word' id='word_1_672' title='bbox 2455 4712 2610 4773; x_wconf 87' lang='lat' dir='ltr'><strong>illud</strong></span> <span class='ocrx_word' id='word_1_673' title='bbox 2634 4711 2668 4774; x_wconf 85' lang='lat' dir='ltr'>J</span> <span class='ocrx_word' id='word_1_674' title='bbox 2674 4728 2816 4774; x_wconf 89' lang='lat' dir='ltr'><strong>oan.</strong></span> <span class='ocrx_word' id='word_1_675' title='bbox 2841 4714 2920 4772; x_wconf 72' lang='grc' dir='ltr'><strong>δε</strong></span> <span class='ocrx_word' id='word_1_676' title='bbox 2953 4710 3140 4776; x_wconf 76' lang='lat' dir='ltr'><strong>Siout</strong></span> <span class='ocrx_word' id='word_1_677' title='bbox 3164 4712 3359 4773; x_wconf 78' lang='lat' dir='ltr'><strong>Pater</strong></span> 
     </span>
     <span class='ocr_line' id='line_1_103' title="bbox 1789 4802 3356 4880; baseline -0.002 -12"><span class='ocrx_word' id='word_1_678' title='bbox 1789 4808 2050 4869; x_wconf 73' lang='lat' dir='ltr'><strong>suscitat</strong></span> <span class='ocrx_word' id='word_1_679' title='bbox 2102 4810 2389 4877; x_wconf 72' lang='lat' dir='ltr'><strong>mortuos,</strong></span> <span class='ocrx_word' id='word_1_680' title='bbox 2436 4811 2492 4869; x_wconf 76' lang='lat' dir='ltr'><strong>et</strong></span> <span class='ocrx_word' id='word_1_681' title='bbox 2537 4804 2837 4880; x_wconf 78' lang='lat' dir='ltr'><strong>vivificat,</strong></span> <span class='ocrx_word' id='word_1_682' title='bbox 2885 4804 2978 4869; x_wconf 70' lang='lat' dir='ltr'><strong>aio</strong></span> <span class='ocrx_word' id='word_1_683' title='bbox 3023 4809 3079 4866; x_wconf 75' lang='lat' dir='ltr'><strong>et</strong></span> <span class='ocrx_word' id='word_1_684' title='bbox 3123 4802 3356 4879; x_wconf 79' lang='lat' dir='ltr'><strong>Filius,</strong></span> 
     </span>
     <span class='ocr_line' id='line_1_104' title="bbox 1782 4894 3359 4981; baseline -0.004 -20"><span class='ocrx_word' id='word_1_685' title='bbox 1782 4914 1935 4981; x_wconf 68' lang='lat' dir='ltr'><strong>gnos</strong></span> <span class='ocrx_word' id='word_1_686' title='bbox 1965 4898 2117 4972; x_wconf 78' lang='lat' dir='ltr'><strong>vult,</strong></span> <span class='ocrx_word' id='word_1_687' title='bbox 2141 4898 2458 4974; x_wconf 76' lang='lat' dir='ltr'><strong>vivificat,·</strong></span> <span class='ocrx_word' id='word_1_688' title='bbox 2481 4898 2764 4977; x_wconf 86' lang='lat' dir='ltr'><strong>quamvis</strong></span> <span class='ocrx_word' id='word_1_689' title='bbox 2787 4896 2955 4958; x_wconf 89' lang='lat' dir='ltr'><strong>enim</strong></span> <span class='ocrx_word' id='word_1_690' title='bbox 2985 4894 3106 4957; x_wconf 90' lang='lat' dir='ltr'><strong>hoc</strong></span> <span class='ocrx_word' id='word_1_691' title='bbox 3141 4896 3359 4976; x_wconf 82' lang='lat' dir='ltr'><strong>praeci-</strong></span> 
     </span>
     <span class='ocr_line' id='line_1_105' title="bbox 1788 4989 3359 5070; baseline -0.001 -20"><span class='ocrx_word' id='word_1_692' title='bbox 1788 5008 1914 5070; x_wconf 90' lang='lat' dir='ltr'><strong>pue</strong></span> <span class='ocrx_word' id='word_1_693' title='bbox 1944 4989 2337 5068; x_wconf 84' lang='lat' dir='ltr'><strong>intelligatur</strong></span> <span class='ocrx_word' id='word_1_694' title='bbox 2361 4990 2440 5051; x_wconf 89' lang='lat' dir='ltr'><strong>de</strong></span> <span class='ocrx_word' id='word_1_695' title='bbox 2469 4990 2710 5051; x_wconf 88' lang='lat' dir='ltr'><strong>Christo</strong></span> <span class='ocrx_word' id='word_1_696' title='bbox 2737 4994 2807 5052; x_wconf 87' lang='lat' dir='ltr'><strong>ut</strong></span> <span class='ocrx_word' id='word_1_697' title='bbox 2834 4990 2989 5065; x_wconf 90' lang='lat' dir='ltr'><strong>De0,</strong></span> <span class='ocrx_word' id='word_1_698' title='bbox 3019 4989 3126 5068; x_wconf 91' lang='lat' dir='ltr'><strong>qui</strong></span> <span class='ocrx_word' id='word_1_699' title='bbox 3153 5006 3359 5068; x_wconf 80' lang='lat' dir='ltr'><strong>oequa·</strong></span> 
     </span>
     <span class='ocr_line' id='line_1_106' title="bbox 1790 5082 3360 5165; baseline -0.001 -22"><span class='ocrx_word' id='word_1_700' title='bbox 1790 5084 1915 5144; x_wconf 90' lang='lat' dir='ltr'><strong>lem</strong></span> <span class='ocrx_word' id='word_1_701' title='bbox 1951 5100 2094 5145; x_wconf 90' lang='lat' dir='ltr'><strong>cum</strong></span> <span class='ocrx_word' id='word_1_702' title='bbox 2127 5084 2304 5145; x_wconf 87' lang='lat' dir='ltr'><strong>Patre</strong></span> <span class='ocrx_word' id='word_1_703' title='bbox 2330 5082 2520 5145; x_wconf 89' lang='lat' dir='ltr'><strong>hahet</strong></span> <span class='ocrx_word' id='word_1_704' title='bbox 2547 5088 2947 5165; x_wconf 86' lang='lat' dir='ltr'><strong>potestatem,</strong></span> <span class='ocrx_word' id='word_1_705' title='bbox 2973 5088 3181 5144; x_wconf 89' lang='lat' dir='ltr'><strong>tamen</strong></span> <span class='ocrx_word' id='word_1_706' title='bbox 3211 5082 3360 5143; x_wconf 85' lang='lat' dir='ltr'><strong>satis</strong></span> 
     </span>
     <span class='ocr_line' id='line_1_107' title="bbox 1792 5174 3360 5257; baseline -0.003 -18"><span class='ocrx_word' id='word_1_707' title='bbox 1792 5174 2264 5239; x_wconf 88' lang='lat' dir='ltr'><strong>accommodate</strong></span> <span class='ocrx_word' id='word_1_708' title='bbox 2335 5176 2566 5257; x_wconf 84' lang='lat' dir='ltr'><strong>exponi</strong></span> <span class='ocrx_word' id='word_1_709' title='bbox 2633 5181 2844 5257; x_wconf 86' lang='lat' dir='ltr'><strong>potest</strong></span> <span class='ocrx_word' id='word_1_710' title='bbox 2910 5176 2989 5237; x_wconf 89' lang='lat' dir='ltr'><strong>de</strong></span> <span class='ocrx_word' id='word_1_711' title='bbox 3053 5180 3360 5254; x_wconf 83' lang='lat' dir='ltr'><strong>potestate</strong></span> 
     </span>
     <span class='ocr_line' id='line_1_108' title="bbox 1796 5266 3364 5347; baseline -0.004 -14"><span class='ocrx_word' id='word_1_712' title='bbox 1796 5272 2256 5335; x_wconf 88' lang='lat' dir='ltr'><strong>communicata</strong></span> <span class='ocrx_word' id='word_1_713' title='bbox 2285 5268 2440 5333; x_wconf 85' lang='lat' dir='ltr'><strong>Filio</strong></span> <span class='ocrx_word' id='word_1_714' title='bbox 2460 5316 2476 5346; x_wconf 89' lang='lat'><strong>,</strong></span> <span class='ocrx_word' id='word_1_715' title='bbox 2509 5269 2699 5333; x_wconf 90' lang='lat' dir='ltr'><strong>etiam</strong></span> <span class='ocrx_word' id='word_1_716' title='bbox 2741 5276 2810 5332; x_wconf 92' lang='lat' dir='ltr'><strong>ut</strong></span> <span class='ocrx_word' id='word_1_717' title='bbox 2841 5266 3079 5331; x_wconf 89' lang='lat' dir='ltr'><strong>homini</strong></span> <span class='ocrx_word' id='word_1_718' title='bbox 3100 5313 3117 5343; x_wconf 91' lang='lat'><strong>,</strong></span> <span class='ocrx_word' id='word_1_719' title='bbox 3148 5274 3217 5330; x_wconf 87' lang='lat' dir='ltr'><strong>ut</strong></span> <span class='ocrx_word' id='word_1_720' title='bbox 3247 5286 3364 5347; x_wconf 91' lang='lat' dir='ltr'><strong>per</strong></span> 
     </span>
     <span class='ocr_line' id='line_1_109' title="bbox 1796 5363 3364 5449; baseline -0.004 -19"><span class='ocrx_word' id='word_1_721' title='bbox 1796 5386 2052 5431; x_wconf 88' lang='lat' dir='ltr'><strong>carnem</strong></span> <span class='ocrx_word' id='word_1_722' title='bbox 2081 5386 2262 5429; x_wconf 88' lang='lat' dir='ltr'><strong>suam</strong></span> <span class='ocrx_word' id='word_1_723' title='bbox 2287 5365 2589 5429; x_wconf 88' lang='lat' dir='ltr'><strong>suscitare</strong></span> <span class='ocrx_word' id='word_1_724' title='bbox 2619 5367 2813 5449; x_wconf 89' lang='lat' dir='ltr'><strong>possit</strong></span> <span class='ocrx_word' id='word_1_725' title='bbox 2853 5371 3173 5440; x_wconf 90' lang='lat' dir='ltr'><strong>mortuos,</strong></span> <span class='ocrx_word' id='word_1_726' title='bbox 3205 5363 3364 5424; x_wconf 87' lang='lat' dir='ltr'><strong>sicut</strong></span> 
     </span>
     <span class='ocr_line' id='line_1_110' title="bbox 1797 5456 3365 5538; baseline -0.003 -14"><span class='ocrx_word' id='word_1_727' title='bbox 1797 5462 2005 5524; x_wconf 87' lang='lat' dir='ltr'><strong>statim</strong></span> <span class='ocrx_word' id='word_1_728' title='bbox 2035 5462 2289 5538; x_wconf 79' lang='lat' dir='ltr'><strong>dieitur,</strong></span> <span class='ocrx_word' id='word_1_729' title='bbox 2321 5461 2572 5524; x_wconf 80' lang='lat' dir='ltr'><strong>Patrem</strong></span> <span class='ocrx_word' id='word_1_730' title='bbox 2606 5476 2776 5523; x_wconf 72' lang='lat' dir='ltr'><strong>omne</strong></span> <span class='ocrx_word' id='word_1_731' title='bbox 2800 5456 3105 5538; x_wconf 75' lang='lat' dir='ltr'><strong>judicium</strong></span> <span class='ocrx_word' id='word_1_732' title='bbox 3133 5456 3365 5520; x_wconf 72' lang='lat' dir='ltr'><strong>dedisse</strong></span> 
     </span>
     <span class='ocr_line' id='line_1_111' title="bbox 1798 5547 3364 5634; baseline -0.008 -13"><span class='ocrx_word' id='word_1_733' title='bbox 1798 5554 1986 5633; x_wconf 80' lang='lat' dir='ltr'><strong>Filio,</strong></span> <span class='ocrx_word' id='word_1_734' title='bbox 2013 5554 2184 5634; x_wconf 90' lang='lat' dir='ltr'><strong>quod</strong></span> <span class='ocrx_word' id='word_1_735' title='bbox 2212 5556 2386 5619; x_wconf 86' lang='lat' dir='ltr'><strong>recte</strong></span> <span class='ocrx_word' id='word_1_736' title='bbox 2410 5552 2492 5617; x_wconf 86' lang='lat' dir='ltr'><strong>de</strong></span> <span class='ocrx_word' id='word_1_737' title='bbox 2517 5554 2760 5615; x_wconf 88' lang='lat' dir='ltr'><strong>Christo</strong></span> <span class='ocrx_word' id='word_1_738' title='bbox 2788 5550 3042 5613; x_wconf 88' lang='lat' dir='ltr'><strong>homine</strong></span> <span class='ocrx_word' id='word_1_739' title='bbox 3073 5547 3364 5629; x_wconf 85' lang='lat' dir='ltr'><strong>intelligi·-</strong></span> 
     </span>
    </p>
   </div>
  </div>
 </body>
</html>
