3892 6167
524 413 742 474 senti-‘e
792 409 988 491 i’psius
1037 409 1466 485 humanitatis,
1511 401 1632 472 hoc
1669 415 2088 490 praeterquam

524 504 698 586 quod
722 506 1209 584 repugnantiam
1236 505 1492 566 involvit
1515 504 1578 564 in
1605 501 1754 582 ipsis
1779 500 2084 568 terminis,

525 606 594 662 ut
627 604 952 662 ostensum
985 604 1101 672 est,
1139 599 1286 676 quia
1335 613 1472 660 esse
1515 595 1798 658 essentias
1851 609 1981 654 non
2019 593 2089 654 fit

523 693 647 754 nisi
708 692 952 754 ratione
1009 691 1352 754 existentiae
1380 737 1395 764 ,
1447 690 1770 751 evidenter
1812 686 2083 749 ostendit

1747 303 1987 370 QUAEST.
2020 301 2174 358 XVII.
2203 303 2407 358 Amic.
2442 305 2507 359 11.

2168 410 2413 480 tuatur;
2438 403 2552 468 sed
2569 405 2844 468 Christus
2868 407 2963 466 est
2978 401 3359 483 simpliciter
3372 417 3561 464 unum
3584 421 3685 484 ens,

2170 505 2241 560 ut
2269 499 2503 561 dictum
2534 505 2631 562 est
2676 497 2939 561 articulo
2964 497 3167 578 primo
3188 511 3209 575 3
3246 507 3409 575 ergo
3446 498 3505 556 et
3544 497 3691 562 habet

2168 611 2366 655 unum
2418 611 2579 656 csse.
2634 595 2712 655 Et
2756 589 3165 654 confirmatur
3190 589 3549 650 rationibus
3567 593 3694 653 Tho-

2168 689 2499 749 mistarum
2528 685 2805 748 sectione
2830 683 3205 766 praecedenti
3238 679 3475 757 allatis,
3508 701 3627 762 quae
3650 687 3695 746 in

524 802 718 866 quam
767 786 842 846 sit
883 783 1229 846 invalidum
1293 783 1532 845 dictum
1594 787 2039 862 argumentum
2063 825 2080 854 ,
2161 783 2330 843 bono
2356 797 2555 842 sensu
2576 779 2657 842 ad
2676 779 2843 841 hanc
2866 777 3347 840 conclusionem
3376 775 3700 838 confirman-

460 957 468 966 ,
524 896 674 942 nam
703 878 756 940 si
785 878 906 940 hoc
947 877 1069 939 illis
1098 878 1250 940 satis
1278 893 1416 939 esse
1462 876 1732 951 videtur,
1773 881 1846 936 ut
1881 875 2079 936 Beata

525 971 716 1050 Virgo
744 971 822 1032 sit
860 977 1064 1033 mater
1088 972 1192 1033 Dei
1223 976 1286 1032 et
1317 971 1612 1046 hominis,
1643 969 1842 1030 multo
1879 968 2083 1048 magis

521 1064 726 1126 videri
775 1063 968 1126 debet
1023 1065 1360 1141 sufficiens,
1401 1063 1573 1145 quod
1621 1079 1740 1123 nos
1783 1061 2091 1136 dicimus,

524 1158 845 1242 habuisse,
879 1159 1134 1233 scilicet,
1164 1160 1444 1222 Verbum
1473 1165 1536 1220 et
1557 1157 1868 1220 Christum
1893 1175 1928 1217 a
1951 1173 2087 1216 ma·

523 1258 620 1314 tre
643 1269 770 1314 nan
797 1253 1003 1315 solum
1031 1253 1396 1330 essentiam,
1427 1253 1540 1315 sed
1555 1250 1949 1316 existentiam
1974 1250 2092 1310 hu·-

531 1347 873 1410 munitatis.

1147 1518 1366 1574 SEc‘no
1403 1518 1468 1572 u.

537 1653 725 1714 Utrum
753 1653 1090 1730 simpliciter
1130 1651 1427 1710 dicendum
1455 1651 1548 1722 sit,
1576 1647 1857 1708 Christum
1885 1647 2085 1706 habere

979 1753 1150 1798 unum
1188 1753 1306 1795 esse
1333 1737 1422 1794 vel
1445 1737 1629 1810 plura.

611 1909 668 1971 1.
699 1909 770 1972 ln
802 1907 924 1969 hoc
969 1906 1158 1969 dubio
1205 1907 1337 1968 fere
1366 1905 1500 1986 jam
1535 1921 1666 1968 non
1711 1901 2091 1982 relinquitur

529 2002 788 2082 quaestio
811 2001 872 2062 in
901 2017 972 2063 re
997 2001 1156 2081 ipsa,
1185 2000 1298 2062 sed
1327 1999 1394 2060 in
1437 1997 1626 2060 modo
1669 1995 1995 2076 loquendi,
2028 1999 2089 2057 et

528 2093 907 2156 enunciandi
935 2095 1394 2174 propositiones
1417 2111 1432 2166 ;
1465 2107 1613 2152 nam
1641 2092 1702 2152 in
1727 2109 1794 2151 re
1821 2093 2085 2164 constat,

531 2186 866 2268 suppositis
887 2205 1030 2266 quae
1043 2187 1336 2260 diximus,
1365 2187 1528 2247 sicut
1553 2191 1780 2247 natura
1807 2184 2089 2244 humana

531 2287 596 2345 et
619 2283 828 2343 divina
881 2282 946 2342 in
997 2281 1238 2342 Christo
1287 2279 1594 2342 distinctas
1643 2297 1747 2340 res
1801 2285 1973 2353 sunt,
2000 2277 2089 2338 ita

532 2377 722 2440 etiam
751 2376 986 2448 hahere
1039 2375 1402 2437 existentias
1441 2373 1764 2435 distinctas
1791 2377 1979 2453 prout
2009 2369 2091 2432 ad

528 2477 788 2534 naturas
809 2471 1147 2550 pertinent.
1177 2469 1431 2529 Constat
1459 2469 1666 2528 autem
1697 2485 1774 2527 ex
1801 2465 1930 2526 fide
1950 2463 2092 2526 illas

527 2571 788 2626 naturas
819 2565 904 2626 ita
937 2581 1072 2624 esse
1101 2561 1447 2634 distinctas,
1477 2567 1544 2622 ut
1567 2567 1782 2623 tamen
1807 2559 2091 2621 substan-

529 2659 760 2720 tialiter
785 2657 974 2718 unitae
1001 2655 1124 2716 sint
1137 2659 1200 2716 et
1219 2655 1572 2736 conjunctae
1589 2655 1654 2716 in
1671 2671 1800 2715 uno
1821 2653 2085 2715 Christ0.

531 2751 748 2812 Solum
779 2767 930 2828 ergo
969 2747 1218 2810 videtur
1247 2747 1514 2827 relinqui
1547 2747 1804 2827 quaestio
1837 2746 1916 2808 de
1939 2763 2093 2826 pro-

529 2841 944 2924 positionibus
991 2841 1169 2920 ipsis,
1206 2859 1310 2914 an,
1343 2839 1704 2920 simpliciter
1744 2839 2087 2918 loquendo,

531 2936 808 2998 Christus
835 2934 1138 2997 dicendus
1177 2934 1259 2994 sit
1299 2934 1536 2995 habere
1561 2933 1744 3013 plura
1783 2949 1918 2994 esse
1949 2949 2093 3012 pro·

531 3035 673 3110 pter
699 3033 980 3101 naturas,
1015 3027 1118 3090 vel
1151 3045 1350 3087 unum
1381 3043 1518 3088 esse
1555 3031 1814 3106 propter
1863 3043 2093 3106 suppo-

534 3125 720 3186 situm
751 3141 767 3196 ς
800 3127 859 3184 et
887 3121 1056 3184 hunc
1111 3120 1400 3183 existimo
1433 3135 1568 3182 esse
1607 3137 1863 3180 sensum
1893 3135 2093 3198 quass-

533 3217 718 3280 tionis
741 3235 777 3276 a
794 3216 860 3276 D.
887 3217 1128 3276 Thema
1145 3213 1248 3274 hic
1263 3215 1624 3294 propositas,
1643 3211 1951 3292 quidquid
1972 3211 2091 3275 Ca-

525 3310 784 3389 jetanus
833 3308 1020 3384 dicat,
1052 3307 1224 3387 quod
1269 3323 1347 3368 ex
1393 3305 1802 3388 sequentibus
1841 3309 2092 3367 consta-

531 3401 642 3464 bit.

614 3499 674 3556 2.
719 3496 942 3557 Scotus
970 3511 1147 3574 erg0,
1171 3491 1528 3568 Durandus,
1553 3497 1617 3554 et
1637 3493 1770 3555 fere
1811 3491 1914 3553 alii
1944 3509 2090 3554 auc·

530 3593 702 3650 tores
747 3587 918 3650 citati
971 3588 1252 3649 sectione
1305 3585 1681 3666 praecedenti
1713 3603 1828 3666 pro
1874 3591 2091 3646 nostra

533 3682 863 3755 sententia,
897 3680 1262 3760 simpliciter
1295 3680 1380 3741 ita
1419 3675 1796 3758 loquuntur:
1827 3678 1986 3740 sicut
2024 3678 2089 3739 in

531 3775 771 3838 Christo
805 3781 951 3837 sunt
987 3775 1200 3854 plures
1227 3778 1493 3848 naturae,
1519 3777 1585 3833 et
1609 3772 1822 3852 plures
1847 3771 2087 3848 formae,

529 3871 619 3932 ita
661 3869 851 3930 etiam
887 3885 1028 3930 esse
1063 3868 1274 3948 plures
1303 3866 1678 3941 existentias,
1713 3865 1872 3926 sicut
1901 3864 2091 3926 etiam

532 3963 826 4024 dicuntur
857 3977 992 4024 esse
1031 3961 1099 4022 in
1149 3961 1256 4021 illo
1285 3960 1497 4039 plures
1539 3958 1932 4035 voluntates,
1976 3975 2091 4019 seu

530 4055 746 4138 plures
787 4056 1207 4136 operationes,
1240 4071 1504 4133 quarum
1547 4052 1834 4115 formalia
1864 4051 2092 4132 princi-

531 4151 636 4230 pia
671 4156 819 4211 sunt
859 4149 1016 4229 ipsae
1051 4153 1330 4222 naturas,
1361 4147 1650 4226 quamvis
1695 4145 2091 4226 suppositum

530 4242 748 4302 volens
777 4251 841 4304 et
867 4257 1142 4321 operans
1173 4241 1252 4301 sit
1277 4257 1476 4300 unum
1503 4247 1563 4302 et
1586 4239 1778 4301 idem.
1823 4241 1900 4300 At
1938 4255 2089 4300 vero

531 4335 604 4396 D.
647 4335 874 4398 Thom.
906 4335 1010 4396 bio
1039 4349 1334 4413 expresso
1361 4332 1544 4394 docet
1571 4333 1638 4393 in
1679 4333 1918 4394 Christo
1953 4338 2093 4394 tan-

533 4434 668 4490 tum
707 4443 843 4490 esse
898 4443 1101 4488 unum
1141 4443 1301 4488 esse.
1345 4425 1535 4506 Cujus
1576 4425 1951 4488 sententiam
2000 4443 2093 4489 se-

533 4529 816 4606 quuntur
841 4537 1062 4584 omnes
1091 4521 1228 4599 ejus
1262 4519 1574 4600 discipuli,
1605 4520 1714 4599 qni
1741 4519 1969 4580 modus
1998 4519 2092 4582 lo·

535 4616 768 4697 quendi
804 4613 956 4674 mibi
985 4613 1187 4692 magis
1211 4611 1532 4692 probatur.

614 4711 675 4770 3.
707 4707 883 4769 Unde
901 4705 1176 4768 breviter
1197 4706 1340 4766 dico
1355 4705 1558 4784 primo
1583 4726 1596 4767 :
1620 4705 1987 4788 simpliciter
2000 4705 2093 4768 di-

533 4801 806 4864 cen-dum
831 4805 928 4860 est
947 4813 1086 4861 esse
1105 4799 1172 4860 in
1191 4797 1432 4861 Christo
1459 4805 1702 4862 tantum
1727 4813 1926 4863 unum
1949 4815 2091 4863 esse

532 4891 966 4963 substantiale,
997 4889 1380 4971 completum
1414 4897 1476 4953 et
1503 4891 1870 4974 perfectum.
1913 4891 2091 4956 Hanc

533 4987 824 5050 existimo
853 4997 992 5046 esse
1019 4991 1291 5046 mentem
1335 4983 1405 5047 D.
1437 4985 1692 5049 Thomas
1717 4985 1820 5050 hic
1840 5035 1855 5062 ‚
1887 4995 1951 5050 et
1978 5001 2093 5068 poa

532 5085 658 5144 test
679 5077 1035 5141 confirmari
1059 5076 1264 5138 verbis
1287 5079 1618 5156 sophronii
1646 5097 1836 5161 supra
1863 5081 2086 5144 citatis.

531 5171 610 5238 Et
634 5173 870 5254 optime
897 5169 1200 5251 probatur
1227 5171 1470 5233 ratione
1515 5173 1589 5237 D.
1633 5173 1910 5242 Thomas.
1941 5193 2091 5238 nam

535 5285 646 5332 ens
689 5269 754 5330 in
785 5272 930 5328 actu
962 5264 1362 5326 constituitur
1405 5283 1524 5346 per
1549 5265 1757 5346 ipsum
1803 5285 1975 5345 esse,
2024 5273 2093 5331 ut

534 5365 857 5424 ostensum
879 5363 1006 5432 esu
1033 5371 1186 5440 ergo
1207 5355 1378 5437 quod
1397 5362 1492 5421 est
1515 5359 1878 5440 simpliciter
1887 5375 2089 5424 unum

535 5471 670 5533 ens,
697 5453 1066 5536 simpliciter
1091 5452 1284 5516 habet
1313 5468 1510 5554 aqum
1541 5467 1680 5518 esse
1708 5449 1839 5535 quo
1865 5456 2091 5520 eonsti-

2164 876 2311 938 dam
2358 873 2828 936 accommodari
2874 877 3139 953 possunt
3180 871 3313 931 boc
3347 867 3566 942 modo:
3592 873 3701 950 quia

2166 970 2369 1031 omnis
2394 965 2831 1030 substantialis
2860 965 3035 1039 unio,
3067 965 3226 1026 sicut
3256 964 3623 1025 terminatur
3644 967 3703 1026 ad

2173 1079 2367 1125 unam
2396 1061 2807 1124 substantiam
2830 1107 2853 1138 ,
2884 1061 2968 1122 ita
3014 1063 3081 1122 et
3122 1059 3212 1121 ad
3255 1073 3472 1119 unum
3496 1075 3600 1120 ens
3620 1077 3704 1139 per

2175 1175 2279 1231 se;
2320 1171 2471 1236 ergo
2494 1161 2558 1218 et
2587 1155 2671 1217 ad
2694 1171 2897 1215 unum
2927 1169 3066 1216 csse
3096 1151 3497 1234 simpliciter.
3526 1153 3595 1212 Et
3616 1153 3703 1214 hoc

2172 1269 2366 1311 sensu
2418 1267 2681 1312 necesse
2736 1253 2833 1310 est
2884 1265 2989 1321 ea,
3048 1263 3190 1325 quas
3247 1245 3705 1307 substantialiter

2172 1345 2496 1418 uniuntur,
2530 1341 2866 1405 convenire
2898 1341 3111 1420 aliquo
3142 1339 3348 1400 modo
3372 1339 3439 1399 in
3458 1357 3576 1399 uno
3602 1357 3701 1400 esse

2166 1440 2389 1516 totius;
2438 1455 2584 1498 cum
2636 1453 2787 1517 ergo
2838 1433 2904 1496 in
2934 1435 3177 1496 Christo
3207 1433 3293 1495 sit
3318 1433 3703 1494 substantialis

2168 1531 2343 1607 unio,
2395 1549 2659 1592 necesse
2714 1533 2811 1591 est
2861 1534 2932 1591 ut
2975 1528 3039 1590 in
3082 1526 3341 1590 Christo
3382 1526 3465 1588 sit
3508 1531 3702 1588 tautum

2168 1643 2366 1687 unum
2398 1641 2556 1688 esse.

2249 1721 2309 1782 4.
2357 1719 2519 1782 Esse
2549 1735 2739 1782 unum
2764 1715 2832 1781 in
2872 1716 3121 1783 Christo
3144 1759 3166 1792 ‚
3203 1715 3325 1778 sed
3367 1728 3491 1776 non
3516 1714 3703 1774 omnino

2169 1813 2451 1894 simplex.
2486 1843 2565 1859 —
2598 1813 2748 1875 Dico
2794 1809 3072 1874 secundo
3106 1828 3123 1870 ε
3158 1809 3289 1870 boc
3342 1823 3487 1870 esse
3528 1806 3703 1868 Christi

2170 1905 2439 1982 Domini,
2470 1911 2783 1986 quatenus
2808 1907 2981 1966 Deus
3010 1909 3074 1966 et
3096 1903 3298 1964 bomo
3332 1907 3457 1978 est,
3498 1917 3613 1961 non
3638 1907 3701 1960 est

2170 2017 2369 2062 unum
2392 2017 2506 2080 per
2528 1997 2954 2062 omnimodam
2975 1997 3478 2078 simplicitatem,
3504 1995 3603 2055 sed
3624 2012 3705 2072 per

2169 2093 2603 2157 admirabilem
2637 2092 3156 2174 compositionem
3180 2097 3243 2153 et
3264 2087 3700 2152 substantialem

2168 2187 2469 2250 unionem
2498 2189 2737 2248 naturae
2766 2187 3059 2247 humanae
3094 2201 3238 2246 cum
3276 2201 3558 2266 persona
3593 2185 3705 2242 Ver-

2168 2281 2257 2358 bi,
2314 2287 2379 2343 et
2426 2281 2729 2344 naturalis
2770 2278 3118 2342 existentias
3148 2276 3567 2340 humanitatis
3593 2293 3699 2335 cum

2170 2373 2487 2456 personali
2547 2373 2874 2436 existentia
2924 2391 3039 2435 seu
3090 2369 3509 2434 subsistentia
3558 2368 3701 2428 Verbi

2170 2469 2301 2531 Dei.
2329 2469 2473 2530 Haec
2502 2468 2822 2530 conclusio
2845 2467 3129 2548 sequitur
3152 2465 3495 2528 evidenter
3518 2481 3587 2524 ex
3608 2462 3697 2522 dle·

2170 2561 2290 2635 tis3
2324 2567 2570 2624 constat
2620 2562 2789 2624 enim
2838 2575 2980 2622 esse
3032 2559 3391 2622 existentiae
3422 2557 3597 2619 Verbi
3620 2556 3701 2616 Dei

2173 2655 2525 2718 secundum
2572 2645 2671 2731 se,
2718 2673 2855 2718 esse
2896 2671 3097 2716 unum
3127 2653 3403 2716 omnino
3430 2649 3695 2730 simplex;

2172 2749 2444 2812 diximus
2473 2755 2707 2824 autem,
2742 2751 2969 2830 praeter
3004 2749 3127 2810 hoc
3178 2763 3324 2810 esse
3371 2747 3693 2810 increatum,

2173 2861 2304 2906 esse
2335 2843 2397 2904 in
2426 2845 2816 2905 humanitate
2846 2843 3067 2904 Christi
3097 2859 3285 2904 suum
3309 2857 3453 2903 esse
3480 2839 3693 2901 existen·

2174 2937 2272 3000 tiae
2324 2943 2604 3000 creatum
2632 2983 2651 3013 ,
2712 2954 2844 2997 non
2893 2934 3149 2997 omnino
3204 2935 3555 3016 perfectum
3568 2978 3584 3009 ,
3614 2927 3693 2990 sed

2172 3029 2359 3108 quale
2389 3047 2527 3092 esse
2556 3033 2927 3110 potestesse
2974 3027 3168 3090 solius
3194 3034 3489 3100 naturae3
3522 3031 3578 3086 et
3596 3041 3693 3084 rur-

2172 3141 2279 3185 sus
2307 3123 2662 3184 addidimus
2690 3123 2751 3184 in
2783 3121 3024 3186 Christo
3046 3123 3178 3184 Deo
3208 3122 3477 3183 homine
3508 3116 3691 3194 simpli-

2170 3217 2327 3280 citer
2360 3217 2495 3278 dari
2540 3233 2739 3277 unum
2769 3231 2949 3296 esse3
2981 3233 3129 3297 ergo
3177 3232 3450 3277 necesse
3478 3217 3565 3274 est
3590 3225 3693 3270 esse

2170 3327 2369 3372 unum
2400 3307 2851 3390 compositione
2876 3355 2897 3386 ‚
2928 3327 3056 3372 non
3086 3307 3507 3388 simplicitate.
3534 3307 3597 3364 Et
3622 3321 3689 3362 ra·

2170 3405 2255 3467 tio
2286 3405 2477 3466 etiam
2504 3403 2626 3466 hoc
2667 3403 2892 3465 suadet
2915 3421 2929 3466 τ
2955 3419 3143 3465 omne
3172 3403 3348 3465 enim
3380 3419 3493 3463 ens
3514 3399 3589 3459 ita
3612 3397 3690 3455 ha-

2169 3497 2278 3560 bet
2304 3515 2503 3559 unum
2533 3515 2663 3560 esse
2690 3543 2704 3570 ‚
2736 3497 2896 3560 sicut
2940 3497 3143 3578 ipsum
3178 3501 3273 3557 est
3306 3510 3535 3566 nnum;
3568 3491 3687 3551 sicut

2172 3609 2324 3672 ergo
2368 3591 2639 3652 Christus
2667 3591 2830 3652 Deus
2862 3589 3050 3652 homo
3080 3607 3209 3651 non
3252 3595 3352 3650 est
3391 3605 3549 3649 unus
3582 3583 3689 3643 sim·

2169 3683 2468 3765 plicitate‚
2502 3683 2611 3745 sed
2642 3680 3109 3764 compositione,
3154 3683 3241 3743 ita
3280 3671 3683 3762 proportionali

2170 3775 2359 3837 modo
2384 3775 2641 3838 habebit
2660 3794 2857 3837 unum
2880 3789 3041 3838 esse.
3062 3775 3241 3850 Quod
3270 3773 3554 3854 exemplo
3580 3768 3687 3831 sub·

2170 3869 2411 3931 stantiae
2442 3885 2758 3949 corporeas
2788 3868 3083 3948 explicari
3123 3875 3186 3930 et
3222 3866 3573 3930 confirmari
3600 3879 3683 3941 po·

2172 3969 2327 4025 test:
2368 3963 2527 4026 sicut
2560 3963 2727 4024 enirn
2770 3963 2963 4024 homo
3002 3967 3248 4024 constat
3278 3981 3359 4024 ex
3396 3961 3589 4024 anima
3612 3972 3683 4016 ra·

2170 4055 2387 4118 tionali
2414 4062 2477 4118 et
2500 4072 2761 4136 corpore
2780 4101 2798 4132 ,
2828 4057 2917 4117 ita
2956 4055 3144 4118 habet
3172 4070 3375 4116 unum
3404 4069 3560 4125 esse,
3587 4064 3680 4108 non

2173 4149 2429 4230 quidem
2460 4151 2718 4211 omnino
2759 4149 3021 4231 simplex
3041 4196 3061 4226 ‚
3094 4149 3240 4228 quia
3270 4147 3443 4211 aliud
3473 4151 3679 4208 estesse

2172 4243 2437 4324 partiale
2481 4243 2742 4320 animae,
2787 4249 2850 4305 et
2899 4243 3067 4305 aliud
3114 4245 3437 4324 corporis,
3473 4239 3571 4302 scd
3598 4251 3677 4316 per

2174 4335 2690 4416 compositionem
2740 4353 2819 4398 ex
2861 4339 3166 4416 utroque3
3212 4343 3276 4398 et
3322 4335 3491 4397 idem
3537 4327 3675 4394 estin

2172 4435 2305 4492 tota
2336 4430 2721 4508 substantia,
2772 4437 3085 4510 quatenus
3124 4446 3201 4491 ex
3240 4429 3518 4510 partibus
3555 4423 3672 4484 inte-

2175 4523 2503 4604 grantibus
2533 4529 2796 4586 constat.
2826 4525 2903 4585 Et
2942 4540 3019 4586 ex
3044 4525 3165 4586 hac
3204 4522 3586 4585 conclusione
3606 4515 3672 4573 in·

2170 4618 2473 4698 telligitur
2498 4617 2658 4680 ratio
2680 4663 2695 4692 ‚
2736 4623 2993 4700 propter
3021 4635 3212 4698 quam
3242 4617 3311 4678 in
3338 4615 3557 4678 Christo
3580 4609 3669 4668 neo

2173 4715 2237 4772 et
2262 4709 2542 4785 homine,
2566 4711 2726 4772 sicut
2750 4711 3021 4771 fatemur
3044 4711 3202 4771 duas
3242 4715 3513 4779 naturas,
3539 4705 3605 4763 ita
3628 4701 3669 4755 el

2170 4801 2331 4864 duas
2356 4802 2709 4865 voluntates
2749 4809 2813 4865 et
2859 4804 3258 4882 operationes
3278 4849 3294 4878 ,
3334 4809 3401 4864 et
3427 4815 3538 4862 non
3563 4793 3666 4854 sim-

2170 4895 2418 4976 pliciter
2446 4911 2663 4973 unam,
2706 4903 2772 4958 et
2816 4901 3029 4958 tamen
3062 4893 3428 4977 simpliciter
3456 4887 3667 4954 fatemur

2172 5001 2371 5050 unum
2416 5007 2592 5066 esse,
2636 4995 2700 5051 et
2740 5004 2867 5050 non
2898 4989 3059 5064 duo,
3091 4989 3209 5051 nisi
3237 5003 3384 5051 cum
3413 4983 3592 5049 addito
3622 4973 3665 5034 ei

2174 5083 2521 5144 secundum
2559 5081 2731 5164 quid.
2754 5079 2935 5144 Ratio
2967 5081 3133 5143 enim
3158 5087 3253 5144 est
3278 5081 3425 5162 quia
3452 5079 3569 5140 duoe
3585 5081 3661 5130 na·

2170 5180 2331 5236 turae
2373 5193 2503 5236 non
2548 5177 2852 5238 uniuntur
2897 5175 2961 5236 in
2994 5193 3187 5238 unam
3232 5181 3543 5241 naturam,
3582 5155 3663 5224 ³⁹³

2170 5273 2416 5330 tantum
2456 5270 2523 5330 in
2566 5287 2755 5331 unam
2791 5285 3152 5352 personam,
3182 5275 3244 5332 et
3273 5269 3361 5331 ita
3388 5269 3450 5330 in
3478 5257 3657 5328 ratione

2170 5369 2541 5424 naturarum
2568 5381 2821 5445 semper
2844 5369 3104 5426 manent
3128 5361 3265 5426 duae
3294 5369 3359 5440 et
3383 5355 3655 5424 distinctas

2173 5461 2235 5518 et
2274 5455 2559 5520 similiter
2600 5453 2745 5520 duoe
2772 5457 3126 5520 voluntates
3160 5471 3288 5520 non
3336 5453 3593 5520 uniantur
3613 5441 3655 5502 in
