3892 6167
475 317 596 379 110
1697 304 1932 370 QUAEST.
1966 305 2097 361 xm.
2132 308 2333 363 Anne.
2369 308 2448 364 lv,

477 412 722 495 species
751 414 848 473 est
891 425 969 471 ex
995 412 1223 469 natura
1249 406 1342 467 rei
1387 404 1676 467 distincta
1705 403 1786 465 ab
1824 420 2039 465 essen·-

476 508 607 569 tiali
625 502 978 569 differentia
999 500 1290 579 specifica
1303 499 1446 560 talis
1461 496 1868 572 entitati5,vel
1885 514 2035 557 non.

478 604 784 665 Neutrum
821 602 1034 657 autem
1059 593 1180 655 diei
1221 598 1333 654 aut
1361 593 1516 653 satis
1557 589 1898 668 excogitari
1929 608 2042 668 po·—

478 701 622 757 test.
657 695 834 764 Nam,
867 690 920 751 si
947 706 1076 749 non
1107 692 1202 749 est
1217 686 1532 759 distincta,
1562 684 1879 763 quomodo
1903 682 2042 745 fleri

478 794 686 870 potest
712 788 782 846 ut
809 784 875 845 in
903 786 1214 859 conceptu
1243 778 1558 841 essentiali
1609 777 2045 856 cujuscunque

482 880 760 945 entitatis
787 882 1014 939 ereatoe
1037 872 1392 935 includatur
1415 871 1716 935 habitudo
1746 870 1828 932 ad
1854 870 2047 933 talem

483 974 841 1038 actionem?
861 969 925 1031 Si
949 986 1098 1031 vero
1119 973 1214 1029 est
1237 966 1551 1040 distincta,
1583 964 1924 1043 quomode,
1947 964 2049 1027 vel

485 1087 610 1149 quo
645 1064 1062 1129 fundamento
1091 1060 1246 1141 fingi
1273 1066 1483 1139 potest
1511 1058 1592 1120 ab
1621 1058 1794 1121 omni
1821 1058 2052 1120 entita-

483 1169 546 1224 te
565 1178 828 1223 manare
861 1158 1049 1219 talem
1078 1155 1526 1235 proprietatem
1553 1154 1636 1215 ab
1661 1152 1768 1215 illa
1795 1152 2053 1215 distinc-

487 1258 662 1319 tam?
689 1254 958 1317 Maxime
981 1250 1152 1329 quia,
1191 1250 1244 1311 si
1271 1248 1379 1311 illa
1405 1252 1502 1311 est
1524 1248 1872 1327 proprietas
1905 1263 2053 1307 con-

487 1366 757 1427 sequens
793 1344 1133 1407 essentiam
1181 1341 1458 1403 entitatis
1493 1346 1738 1417 creatae,
1765 1340 1887 1401 erit
1932 1340 2051 1399 mi·

485 1440 660 1503 noris
689 1436 1086 1519 perfectionis
1141 1452 1336 1512 quam
1389 1436 1468 1497 sit
1526 1433 1631 1495 illa
1663 1452 1680 1506 ς
1729 1432 2048 1511 quomodo

487 1551 640 1611 ergo
669 1532 880 1593 dicere
904 1529 1134 1609 poterit
1161 1527 1596 1589 habitudinem
1625 1526 1708 1589 ad
1736 1526 2049 1587 actionem

489 1626 832 1705 superioris
863 1622 1139 1685 ordinis?
1169 1621 1350 1683 Addo
1377 1621 1652 1699 denique
1683 1619 1924 1681 nullum
1955 1636 2048 1679 es-

489 1739 558 1781 se
585 1718 918 1796 vestigium
947 1723 1056 1777 aut
1077 1716 1380 1777 indicium
1407 1714 1822 1777 distinctionis
1837 1730 1916 1775 ex
1933 1730 2050 1773 na-

493 1818 634 1875 tura
671 1812 764 1873 rei
793 1812 958 1872 inter
981 1810 1306 1871 entitatem
1332 1814 1395 1870 et
1440 1806 1801 1886 hujusmodi
1829 1810 2053 1885 poten-

490 1908 664 1969 tiam.
689 1906 868 1977 Nam,
889 1903 944 1963 si
972 1920 1051 1963 ex
1071 1908 1296 1965 natura
1323 1900 1416 1961 rei
1439 1900 1930 1979 distinguuntur,
1955 1898 2055 1959 vel

493 2017 622 2061 una
663 2004 758 2059 est
788 1996 1016 2057 modus
1049 1994 1330 2070 alterius,
1360 1993 1461 2057 vel
1489 1999 1638 2057 sunt
1661 2010 1764 2055 res
1799 1992 2055 2054 omnino

493 2094 800 2157 distinctae
822 2108 844 2170 3
873 2109 1003 2153 non
1025 2096 1122 2153 est
1149 2091 1320 2153 enim
1349 2088 1510 2151 alius
1545 2088 1774 2151 modus
1801 2086 2059 2149 distinc-

493 2187 684 2250 tionis
711 2204 790 2248 ex
809 2191 1036 2247 natura
1051 2183 1168 2260 rei,
1189 2190 1258 2246 ut
1287 2183 1358 2244 in
1390 2182 1819 2262 metaphysica
1849 2186 2059 2243 osten·-

493 2281 697 2357 ditur,
737 2279 851 2341 sed
883 2280 1020 2341 haec
1047 2277 1326 2358 potentia
1349 2294 1480 2340 non
1505 2282 1714 2356 potest
1741 2293 1880 2337 esse
1917 2280 2060 2335 tan-

493 2382 632 2437 tum
658 2373 903 2447 medua,
933 2373 1082 2453 quia
1115 2372 1274 2435 ratio
1301 2370 1478 2433 modi
1523 2377 1620 2433 est
1667 2368 2055 2450 imperfecta,

496 2477 560 2531 et
585 2484 910 2547 nunquam
941 2466 1264 2529 constituit
1305 2464 1632 2545 proprium
1678 2464 2059 2544 principium

493 2562 750 2643 agendi,
785 2560 922 2637 sed,
951 2559 1038 2623 ad
1064 2576 1405 2634 summum,
1435 2576 1576 2621 esse
1601 2559 1760 2619 solet
1784 2556 2057 2619 conditio

495 2656 580 2719 ad
613 2655 952 2736 agendum,
991 2660 1062 2717 ut
1089 2659 1184 2717 est
1230 2652 1550 2715 interdum
1580 2656 1790 2713 motus
1817 2650 2056 2712 localis.

496 2750 716 2828 Neque
737 2748 928 2813 etiam
949 2752 1156 2825 potest
1179 2763 1320 2807 esse
1341 2764 1446 2807 res
1469 2744 1724 2806 omnino
1745 2744 2058 2817 distincta,

497 2841 649 2923 quia
675 2858 887 2920 neque
929 2845 1026 2903 est
1072 2840 1272 2901 ullum
1307 2838 1788 2901 fundamentum
1821 2838 1901 2899 ad
1943 2837 2064 2899 fin-

499 2936 772 3017 gendam
814 2934 1006 2997 talem
1039 2934 1384 3007 entitatem,
1421 2948 1630 3010 neque
1683 2932 1830 2992 satis
1857 2934 2063 3010 potest

499 3036 712 3093 mente
745 3028 990 3107 concipi
1021 3045 1164 3106 quae
1193 3028 1296 3087 vel
1335 3024 1542 3103 qualis
1586 3024 1684 3085 sit.
1730 3026 1858 3086 Nec
1887 3022 2062 3085 deni·-

499 3142 626 3205 que
663 3124 759 3185 his
804 3122 1008 3185 modis
1036 3138 1257 3183 verum
1299 3121 1418 3183 erit
1453 3118 1626 3199 quod
1651 3119 1900 3192 dicitur,
1933 3134 2063 3179 om-

501 3238 650 3281 nem
679 3218 998 3279 entitatem
1039 3222 1316 3278 creatam
1355 3214 1594 3275 habere
1623 3214 1788 3274 hanc
1839 3219 2059 3292 poten·-

503 3313 654 3374 tiam
696 3308 1182 3373 obedientialem
1217 3330 1234 3381 ς
1279 3324 1428 3368 nam
1448 3352 1464 3379 ,
1509 3306 1565 3367 si
1613 3306 1745 3367 haec
1779 3306 2061 3385 potentia

503 3411 599 3467 est
649 3422 754 3467 res
799 3402 1118 3477 distincta,
1167 3408 1422 3481 separet
1465 3400 1636 3462 illam
1661 3400 1868 3461 Deus:
1909 3398 2063 3478 quid

501 3499 676 3562 enim
725 3497 1136 3577 repugnabit?
1183 3501 1294 3557 aut
1334 3512 1484 3575 ergo
1527 3494 1594 3555 in
1639 3494 1766 3554 alia
1803 3493 2061 3555 entitate

503 3598 720 3655 manet
771 3590 1051 3671 potentia
1099 3588 1534 3650 obedientialis
1590 3587 1790 3648 activa
1813 3630 1829 3660 ‚
1863 3593 1926 3648 et
1972 3586 2062 3645 sie

507 3686 826 3764 superflua
859 3689 954 3745 est
991 3681 1098 3743 illa
1125 3682 1355 3743 entitas
1381 3700 1398 3753 ;
1427 3680 1526 3743 vel
1560 3697 1686 3741 non
1727 3684 1965 3749 manet,
2000 3684 2065 3739 et

505 3779 768 3839 sic‘non
807 3778 875 3837 in
923 3775 1094 3837 omni
1139 3776 1398 3837 entitate
1441 3780 1653 3835 creata
1697 3772 1883 3833 datur
1921 3772 2064 3832 talis

504 3871 784 3952 potentia
813 3868 1254 3933 obedientialis
1295 3868 1518 3929 activa.
1553 3866 1730 3939 Quod
1761 3866 1812 3926 si
1830 3882 1945 3945 per
1972 3864 2064 3925 di-

506 3966 717 4027 vinam
767 3963 1112 4043 potentiam
1156 3966 1362 4041 potest
1422 3960 1776 4023 conservari
1835 3959 2063 4021 entitas

505 4058 640 4119 sine
659 4056 774 4119 tali
797 4056 1100 4135 potentia,
1113 4055 1358 4115 nullum
1379 4054 1860 4115 fundamentum
1877 4052 2065 4113 relin-

508 4150 720 4229 quitur
747 4150 830 4211 ad
852 4148 1214 4229 fingendam
1235 4145 1596 4228 hujusmodi
1629 4146 1975 4227 potentiam
1998 4146 2065 4207 in

507 4243 789 4322 qualibet
813 4242 1072 4305 entitate
1093 4256 1114 4318 3
1137 4259 1285 4303 nam
1311 4242 1379 4303 in
1397 4240 1504 4303 illa
1524 4241 1782 4302 entitate
1801 4239 1890 4301 sic
1919 4256 2066 4300 con-

511 4340 756 4399 servata
780 4337 926 4396 sunt
953 4334 1164 4395 omnia
1193 4350 1336 4413 quae
1389 4352 1644 4395 movere
1695 4338 1959 4413 possunt
1986 4332 2069 4393 ad

509 4429 872 4511 ponendam
894 4428 1088 4489 talem
1113 4427 1460 4509 potentiam
1485 4428 1552 4489 in
1583 4426 1878 4489 omnibus
1907 4427 2069 4489 enti-

510 4523 744 4586 tatibus
769 4522 1019 4585 creatis.

589 4622 650 4682 9.
695 4617 987 4683 Octavum
1017 4622 1458 4698 oruamentum.
1477 4648 1560 4665 —
1579 4618 1830 4693 Octavo,
1865 4619 2069 4680 omnis

510 4712 789 4793 potentia
819 4711 1022 4774 activa
1041 4717 1136 4773 est
1155 4710 1625 4791 proportionata
1651 4712 1738 4772 illi
1767 4712 1949 4792 cujus
1978 4715 2073 4774 est

508 4804 820 4885 potentia3
853 4822 1002 4885 ergo
1020 4848 1035 4879 ,
1071 4804 1124 4865 si
1170 4804 1240 4865 in
1283 4804 1477 4866 rebus
1522 4806 1749 4867 creatis
1794 4812 1888 4868 est
1937 4807 2071 4867 hoec

508 4899 788 4979 potentia
831 4897 1270 4961 obedientialis
1305 4899 1506 4961 activa
1521 4942 1542 4975 ,
1587 4904 1682 4961 est
1725 4900 2073 4980 proportio-

510 4998 660 5053 nata
693 4991 850 5065 illis;
883 5008 1034 5071 ergo
1065 4992 1226 5053 sicut
1253 4991 1375 5053 iuae
1409 4991 1600 5055 finitas
1630 5001 1798 5069 sunt,
1827 4996 1913 5055 ita
1941 4992 2073 5055 haec

511 5086 792 5164 potentia
838 5084 954 5146 erit
987 5084 1166 5147 finita
1212 5085 1278 5145 in
1317 5103 1549 5165 genere
1581 5094 1644 5148 et
1693 5089 1937 5149 ratione
1966 5104 2075 5167 po-

511 5178 758 5257 tentian,
785 5178 990 5240 omnis
1013 5184 1224 5241 autem
1250 5180 1532 5257 potentia
1555 5179 1734 5242 finita
1753 5178 1946 5240 habet
1970 5179 2076 5241 de-

513 5273 922 5335 terminatum
939 5290 1014 5335 ac
1033 5272 1366 5333 limitatum
1387 5272 1726 5353 objectum,
1755 5281 1819 5335 et
1841 5280 2073 5335 certam

515 5384 591 5429 ac
609 5366 854 5429 finitam
874 5366 1272 5429 latitudiuem
1299 5368 1620 5430 actionum
1629 5382 1650 5445 3
1669 5384 1820 5449 ergo
1849 5368 2075 5430 ethaeo

515 5462 798 5541 potentia
845 5460 1279 5527 obedientialis
1313 5460 1568 5525 habebit
1591 5460 1841 5524 finitum
1871 5461 2077 5541 objec-

2120 412 2257 469 tum
2285 413 2349 468 et
2388 403 2665 467 actiones
2681 418 2701 483 ;
2732 402 2856 466 hoc
2883 404 3099 467 autem
3124 402 3243 466 dici
3294 418 3433 465 non
3462 402 3721 482 potest,

2121 502 2273 579 quia
2302 518 2431 561 non
2454 505 2551 561 est
2576 500 2781 577 major
2818 500 2978 561 ratio
3022 517 3135 561 cur
3162 499 3243 560 ad
3268 499 3393 560 hos
3436 496 3725 559 effectus

2125 601 2187 655 et
2212 595 2495 657 actiones
2528 593 2903 655 extendatur
2926 592 3135 673 potius
3162 608 3355 672 quam
3382 588 3481 653 ad
3509 586 3721 662 alios3

2128 694 2191 751 et
2210 689 2350 751 ideo
2380 688 2609 751 dicitur
2628 686 2877 749 extendi
2900 684 2983 747 ad
3010 684 3221 747 omnia
3252 700 3587 767 quas-non
3606 681 3727 741 im-

2126 782 2359 863 plicant
2387 781 2944 844 contradictionem
2961 824 2983 857 ,
3010 781 3179 860 quod
3215 778 3409 859 plane
3440 774 3729 838 includit
3849 818 3854 867 ¹:

2126 876 2473 956 quamdam
2521 875 2893 937 infinitatem
2940 880 3003 936 et
3048 873 3581 935 illimitationem.
3620 872 3729 930 At—
3852 870 3855 955 f

2128 988 2254 1051 que
2286 971 2455 1033 idem
2502 974 2943 1049 argumentum
2976 966 3109 1029 fieri
3152 972 3363 1047 potest
3394 984 3489 1027 ex
3532 968 3727 1043 parte

2130 1064 2557 1144 subjectorum
2584 1080 2693 1125 seu
2732 1062 3063 1124 entitatum
3100 1062 3167 1121 in
3204 1060 3446 1139 quibus
3482 1057 3731 1119 dieitur
3853 1140 3854 1149 ἵ

2130 1176 2269 1223 esse
2297 1158 2430 1221 haec
2466 1156 2777 1237 potentia3
2816 1172 2989 1231 nam,
3024 1154 3305 1216 camilla
3340 1152 3547 1214 valde
3574 1152 3727 1211 inae·

2130 1252 2342 1333 qualia
2372 1252 2586 1313 sintin
2614 1249 3022 1329 perfectione,
3054 1246 3425 1309 incredibile
3470 1250 3583 1307 est
3612 1246 3725 1304 ha-

2132 1346 2283 1407 bere
2312 1343 2617 1424 aequalem
2643 1344 2770 1404 vim
2798 1342 3067 1404 activam
3092 1340 3155 1400 in
3180 1340 3301 1401 hoc
3324 1354 3587 1419 genere
3612 1355 3729 1397 seu
3853 1356 3854 1367 ¹

2126 1440 2355 1501 ordine
2366 1454 2388 1516 3
2422 1438 2759 1515 minusque
2786 1434 3123 1497 verisimile
3160 1432 3415 1494 videtur
3452 1448 3725 1493 omnem

2132 1533 2478 1605 entitatem,
2512 1530 2915 1610 quantumvis
2937 1526 3393 1608 imperfectam,
3428 1528 3643 1587 etiam
3674 1526 3727 1583 si
3831 1520 3854 1574 ἵ

2130 1625 2497 1688 naturaliter
2540 1624 2696 1685 nibil
2728 1640 2915 1704 agere
2960 1622 3176 1703 possit,
3218 1620 3467 1682 habere
3512 1624 3725 1681 totam

2129 1720 2429 1783 hancvirn
2440 1719 2705 1781 activam
2720 1716 3225 1779 obedientialem.
3244 1715 3545 1793 Denique
3562 1713 3723 1773 alias

2134 1814 2323 1875 etiam
2346 1813 2424 1875 de
2446 1812 2857 1875 relationibus
2876 1810 3103 1871 divinis
3122 1814 3335 1890 posset
3356 1809 3487 1871 diei
3512 1808 3720 1887 quod,

2132 1907 2281 1971 licet
2308 1906 2681 1969 naturaliter
2706 1922 2836 1968 non
2856 1904 2981 1966 sint
2998 1906 3237 1979 activae,
3258 1902 3637 1966 secundum
3664 1902 3725 1963 id

2132 2002 2309 2083 quod
2344 2002 2433 2063 eis
2478 2007 2575 2063 est
2612 2001 2937 2080 proprium
2964 2042 2981 2073 ‚
3010 1997 3421 2060 nihilominus
3474 1995 3728 2057 habent

2136 2094 2483 2178 potentiam
2512 2093 2999 2157 obedientialem
3026 2094 3328 2168 activam,
3369 2106 3497 2173 per
3524 2108 3727 2169 quam

2136 2190 2336 2272 possit
2376 2208 2505 2251 una
2548 2188 2767 2251 relatio
2796 2187 3035 2268 aliquid
3063 2186 3345 2262 efficere,
3378 2186 3565 2266 quod
3598 2200 3727 2246 non

2136 2285 2368 2347 facient
2388 2284 2551 2345 alise.

2222 2380 2318 2441 10.
2350 2378 2787 2459 Proponamu-
2812 2374 3105 2439 nonnulla
3126 2372 3450 2457 wine-ipis
3477 2377 3733 2453 recepta
3852 2375 3855 2412 1

2134 2475 2297 2538 inter
2332 2472 2733 2552 disputantes.
2764 2502 2845 2517 —
2884 2469 3064 2533 Aetio
3106 2469 3398 2551 supponit
3432 2468 3511 2530 in
3537 2481 3731 2530 eausa
3852 2472 3855 2509 l

2136 2567 2258 2629 vim
2286 2564 2893 2647 aynan-Praesens
2924 2562 3349 2625 controversia
3380 2560 3603 2621 solum
3638 2560 3729 2620 in-
3853 2564 3854 2603 i

2142 2664 2241 2721 ter
2280 2676 2390 2720 eos
2416 2662 2739 2733 versatur,
2772 2657 2879 2736 qui
2906 2656 3243 2718 admittunt
3286 2654 3641 2735 physicam
3672 2660 3727 2714 et
3833 2653 3843 2698 -'

2144 2750 2687 2831 supernaturalem
2728 2750 3123 2811 effectionem
3154 2749 3727 2811 instrumentorum
3839 2753 3855 2791 '1

2142 2846 2255 2907 Dei
2269 2860 2289 2924 3
2314 2862 2489 2921 nam,
2518 2844 2627 2924 qui
2652 2849 2889 2924 negant
2913 2843 3140 2905 Christi
3165 2842 3645 2904 humanitatem
3670 2846 3729 2901 et
3852 2854 3855 2887 ι

2142 2943 2562 3011 sacramenta,
2596 2943 2661 2999 et
2686 2942 2913 2999 caetera
2952 2936 3337 3017 hujusmodi,
3370 2952 3521 2996 esse
3562 2934 3727 3015 phy-

2142 3032 2273 3094 sica
2325 3032 2766 3105 instrumenta,
2814 3046 2945 3091 non
2996 3037 3095 3092 est
3142 3048 3254 3091 cur
3300 3028 3383 3090 de
3436 3028 3727 3109 potentia

2142 3124 2547 3187 obedientiali
2570 3124 2772 3185 activa
2802 3122 2927 3185 sint
2952 3122 3232 3195 solliciti3
3262 3122 3419 3198 imo,
3442 3122 3599 3201 quia
3634 3128 3727 3183 ta-

2140 3220 2265 3281 lem
2298 3218 2643 3299 potentiam
2676 3234 2805 3277 non
2836 3221 3207 3294 agnoscunt,
3236 3214 3376 3276 ideo
3406 3216 3609 3277 talem
3642 3215 3729 3274 ef·

2140 3312 2476 3374 sectionem
2498 3316 2756 3390 negant,
2776 3315 2841 3371 et
2858 3314 3315 3388 consequenter
3331 3308 3725 3389 loquantum

2142 3405 2255 3467 sed
2282 3405 2363 3465 de
2412 3403 2514 3465 illo
2559 3402 2867 3482 principio
2918 3421 2993 3465 ac
3032 3402 3447 3464 fundamento
3496 3402 3659 3463 satis
3694 3418 3727 3460 a

2140 3500 2325 3561 nobis
2354 3498 2591 3559 dictum
2642 3502 2759 3558 est.
2790 3497 2925 3569 Quo
2970 3497 3294 3577 supposito
3316 3540 3338 3573 ,
3370 3500 3725 3576 antequam

2144 3592 2597 3655 satisfaciamus
2644 3591 3029 3671 arg-umentis
3078 3591 3294 3671 positis
3320 3636 3335 3664 ,
3378 3588 3721 3651 videamus

2144 3702 2404 3749 necesse
2440 3691 2537 3747 est
2568 3685 2797 3765 quibus
2827 3685 3028 3747 modis
3070 3684 3468 3747 efficientiam
3496 3684 3724 3764 physi-

2144 3798 2285 3843 cam
2336 3780 2897 3841 instrumentorum
2954 3776 3066 3840 Dei
3122 3779 3188 3839 in
3251 3776 3721 3863 supernaturali

2146 3874 2359 3955 gratiae
2388 3872 2739 3948 effectione,
2772 3878 2837 3933 et
2865 3872 3001 3933 aliis
3030 3872 3425 3933 miraculosis
3455 3870 3721 3933 actioni-

2142 3968 2296 4044 bus,
2324 3966 2564 4043 absque
2594 3966 2715 4028 hac
2750 3968 3027 4046 potentia
3076 3964 3485 4027 obedientiali
3516 3966 3719 4026 activa

2143 4069 2441 4125 tueantur
2484 4060 2551 4121 hi
2580 4062 2877 4123 Doctores
2905 4106 2921 4136 ,
2952 4060 3063 4141 qui
3090 4061 3274 4122 nobis
3304 4060 3370 4120 in
3412 4060 3539 4122 hoc
3570 4075 3721 4121 con-

2144 4154 2481 4217 tradicunt.
2504 4153 2686 4225 Quod
2714 4158 2785 4215 ut
2810 4155 3187 4231 declaretur,
3212 4154 3520 4216 nonnulla
3550 4155 3721 4233 prin·-

2148 4250 2311 4330 cipia
2340 4252 2615 4311 statuere
2642 4254 2925 4328 oportet,
2958 4249 3022 4309 iu
3054 4248 3284 4327 quibus
3312 4263 3580 4309 necesse
3626 4252 3719 4309 est

2148 4350 2219 4407 ut
2248 4344 2575 4406 nobiscum
2612 4344 3011 4406 conveniant.
3048 4344 3325 4405 Primum
3355 4350 3450 4405 est
3478 4342 3719 4404 nullam

2146 4454 2285 4499 rem
2310 4454 2494 4516 posse
2526 4436 2774 4498 efficere
2805 4438 2939 4499 sine
2962 4436 3191 4499 virtute
3220 4434 3422 4498 activa
3452 4454 3723 4516 propor-

2148 4532 2388 4592 tionata
2432 4530 2783 4592 causalitati
2828 4529 2989 4609 ejuS,
3022 4529 3111 4591 ita
3158 4536 3249 4601 ut,
3296 4530 3349 4590 si
3400 4528 3481 4591 sit
3528 4546 3719 4590 causa

2150 4623 2510 4705 principalis
2542 4630 2606 4684 et
2644 4623 2911 4703 integra,
2957 4623 3191 4684 habeat
3238 4621 3528 4683 virtutem
3580 4638 3723 4701 pro·

2150 4718 2353 4798 priam
2401 4718 2693 4790 activam,
2732 4715 3125 4793 adaequatam
3178 4714 3431 4777 effectui
3490 4714 3558 4775 in
3608 4731 3717 4775 sno

2154 4822 2419 4891 genere3
2464 4808 2517 4869 si
2561 4824 2712 4869 vero
2758 4808 2838 4870 sit
2884 4826 3077 4869 causa
3126 4807 3438 4888 partialis,
3490 4807 3719 4868 habeat

2153 4903 2346 4965 etiam
2378 4902 2674 4964 virtutem
2720 4902 3081 4983 partialem3
3118 4904 3169 4963 si
3202 4918 3351 4963 vero
3406 4900 3487 4963 sit
3532 4918 3717 4963 causa

2150 4995 2667 5072 instrumentalis,
2716 4995 2950 5058 habeat
2996 4997 3125 5057 vim
3180 4995 3449 5057 activam
3496 4996 3717 5057 instru-

2152 5088 2493 5153 mentalem
2505 5105 2525 5166 3
2559 5090 2646 5151 ita
2684 5095 2757 5150 ut
2787 5090 2971 5165 actia,
3006 5108 3081 5151 eo
3116 5088 3301 5151 modo
3332 5106 3459 5170 quo
3498 5088 3719 5151 dicitur

2158 5202 2299 5246 esse
2330 5184 2413 5245 ab
2450 5184 2686 5265 aliquo,
2718 5192 3034 5266 supponat
3060 5184 3127 5246 in
3155 5184 3263 5248 illo
3302 5184 3432 5245 vim
3470 5182 3712 5263 agendi.

2158 5278 2336 5352 Quod
2374 5278 2752 5360 principium
2802 5298 3025 5341 omnes
3072 5277 3373 5359 Theologi
3420 5280 3717 5357 tanquam

2156 5390 2273 5453 per
2310 5390 2378 5433 se
2404 5378 2641 5435 notum
2670 5374 2735 5435 in
2762 5374 2881 5435 hac
2926 5372 3185 5435 materia
3236 5376 3624 5451 supponunt,
3656 5370 3717 5428 ut

2157 5466 2375 5529 videre
2403 5466 2549 5530 licet
2574 5467 2643 5529 in
2674 5466 3019 5543 Paludem,
3049 5464 3376 5545 CapreolO,
3402 5462 3713 5537 Durando,
