3892 6167
1414 314 1741 369 msPU’ra'r.
1768 312 1938 367 XXVI.
1975 310 2144 367 sEcT.
2183 314 2262 366 111.

192 428 355 474 eam
402 412 725 491 pertinet,
770 430 906 475 non
948 414 1031 477 ad
1074 414 1374 491 beatam3
1423 414 1795 497 intelligitur

194 524 371 585 ergo
404 505 778 583 formaliter,
808 509 957 588 quia
980 528 1095 589 per
1117 510 1445 589 ipsammet
1466 510 1789 585 visionem,

196 618 343 679 qua
376 600 636 663 videtur
663 602 869 679 Deus,
891 603 1181 665 videntur
1205 610 1507 667 creaturae
1532 603 1598 665 in
1616 604 1753 683 ipso
1766 620 1789 682 3

198 712 365 755 cum
396 695 573 755 enim
594 696 735 774 ipse
762 696 845 757 sit
866 696 1067 776 prima
1090 715 1281 759 causa
1304 696 1607 773 omnium,
1639 698 1793 759 emi·

200 794 449 849 uenter
476 790 693 851 omnia
725 790 1075 867 continens,
1104 791 1169 851 in
1196 790 1355 870 ips⁰‚
1392 797 1693 871 tanquam
1722 790 1790 853 in

206 901 415 945 eausa
437 928 455 955 ‚
502 890 769 963 possunt
816 884 1073 946 effecius
1122 884 1318 948 videri
1346 904 1363 959 ;
1416 884 1577 947 sicut
1618 885 1789 949 enim

204 978 417 1053 Deae,
445 976 725 1039 videndo
756 997 825 1039 se
851 978 1083 1059 ipsum,
1118 978 1289 1041 videt
1316 980 1525 1041 omnia
1555 996 1693 1057 quae
1722 978 1789 1039 in

200 1070 357 1147 ipso
408 1076 603 1143 suut,
659 1072 747 1133 ita
794 1079 1003 1153 potest
1046 1072 1587 1153 participationem
1628 1072 1796 1135 illius

198 1165 509 1227 scientim
536 1172 841 1229 creatum
872 1167 1361 1229 communicare.

288 1260 363 1319 4.
422 1257 589 1324 Visio
618 1259 735 1321 Dei
754 1262 915 1325 ratio
942 1263 1321 1345 comessandi
1346 1270 1687 1329 creaturas.
1714 1292 1797 1311 -

193 1353 401 1413 Circa
424 1354 549 1415 hoc
568 1372 717 1415 vero
739 1354 865 1417 duo
884 1356 1217 1419 observare
1232 1365 1499 1437 oportet.
1514 1360 1791 1421 Primum

198 1450 341 1519 est,
378 1451 453 1507 ut
484 1452 787 1509 creaturae
816 1447 1106 1509 dicantur
1140 1449 1339 1534 rideri
1367 1450 1431 1513 in
1474 1450 1629 1527 Dec,
1662 1468 1790 1511 non

194 1541 377 1601 satis
402 1558 549 1602 esse
576 1548 643 1603 ut
672 1542 897 1603 eodem
924 1549 1067 1603 actu
1088 1543 1420 1605 videantur
1444 1562 1568 1625 quo
1595 1547 1784 1618 DeuS,

194 1634 329 1696 sed
350 1644 649 1715 oportere
670 1638 917 1699 utDeus
932 1638 1067 1717 ipse
1086 1638 1165 1699 sit
1179 1639 1339 1701 ratio
1354 1640 1451 1699 vid
1460 1639 1601 1701 endi
1619 1658 1788 1701 crea-

192 1734 455 1790 turam.
488 1730 829 1809 Dupliciter
874 1730 1045 1791 enim
1080 1731 1342 1813 intelligi
1370 1738 1599 1812 potest,
1631 1732 1789 1794 duas

190 1840 313 1883 res
348 1841 491 1883 uno
512 1830 661 1885 actu
682 1824 1037 1887 intellectus
1058 1826 1395 1907 cognosci:
1426 1827 1628 1907 primo
1652 1834 1787 1889 tan·-

186 1923 347 1977 tum
380 1919 907 1995 concomitanter,
930 1920 1015 1980 ita
1040 1924 1111 1981 ut
1138 1926 1363 1982 neutra
1394 1921 1473 1983 sit
1498 1924 1657 1983 ratio
1686 1940 1788 1984 co·

186 2011 569 2089 gnoscendi
602 2012 887 2075 alteram.
918 2014 1287 2093 Exemplum
1320 2032 1453 2077 esse
1484 2022 1689 2095 potest
1720 2016 1787 2077 in

190 2104 487 2183 Angelo,
532 2106 641 2185 qui
682 2107 872 2169 hahet
898 2108 1167 2185 speciem
1200 2106 1659 2185 universalem,
1690 2128 1787 2173 re·

190 2205 713 2277 praesentantem
745 2200 904 2263 duas
924 2208 1203 2277 naturae,
1226 2202 1400 2265 verbi
1426 2204 1645 2283 gratia,
1675 2204 1787 2265 ho-

194 2292 399 2353 minis
448 2300 515 2353 et
554 2295 702 2373 eqni
724 2340 739 2367 ,
776 2300 840 2356 et
884 2302 1343 2375 consequenter
1367 2296 1561 2359 habet
1587 2316 1787 2359 unum

204 2393 423 2446 actum
456 2386 867 2467 adaequatum
892 2390 979 2449 illi
1011 2390 1276 2469 speciei,
1305 2408 1431 2471 quo
1462 2391 1647 2453 simul
1674 2409 1784 2452 co-

204 2482 463 2558 gnoscit
490 2480 817 2545 hominem
860 2486 923 2545 et
952 2500 1221 2565 equum,
1256 2491 1319 2547 et
1356 2502 1561 2565 neque
1590 2486 1783 2547 homo

200 2582 301 2633 est
348 2576 517 2635 ratio
560 2579 983 2653 cognoscendi
1014 2597 1287 2658 equum,
1316 2597 1523 2658 neque
1568 2598 1603 2641 e
1633 2600 1783 2643 con-

198 2666 435 2741 trari03
465 2673 529 2730 et
556 2669 702 2732 ideo
732 2670 871 2731 dico
902 2671 1009 2732 illa
1038 2670 1162 2733 duo
1192 2677 1435 2735 tantum
1466 2674 1781 2735 concomi-

204 2766 425 2821 [anter
450 2764 745 2842 cognosci
792 2763 898 2825 illo
948 2771 1115 2841 actu,
1144 2782 1257 2845 per
1283 2784 1469 2845 quem
1496 2786 1627 2829 non
1652 2784 1780 2829 ma·

198 2853 305 2932 gis
358 2853 485 2915 dici
536 2863 743 2937 potest
790 2875 992 2939 equus
1032 2860 1328 2939 cognosci
1382 2862 1447 2921 iu
1498 2860 1776 2936 homine,

202 2964 407 3024 quam
446 2966 481 3009 e
516 2950 854 3027 contrariu,
888 2953 1034 3031 quia
1062 2954 1234 3016 nulla
1266 2960 1362 3017 est
1388 2955 1593 3033 major
1621 2955 1779 3018 ratio

204 3042 273 3101 in
302 3060 439 3102 uno
467 3058 663 3120 quam
706 3044 771 3105 in
818 3046 965 3107 alio,
1012 3047 1303 3109 Secundo
1350 3048 1781 3130 intelliguntur

204 3134 335 3195 dno
362 3134 585 3215 aliqua
610 3139 908 3217 cognosci
932 3158 1057 3202 uno
1080 3147 1224 3203 actu
1254 3142 1626 3219 intellectus,
1648 3162 1779 3207 non

208 3235 461 3289 tantum
492 3232 1006 3311 concomitanter,
1030 3235 1141 3297 sed
1164 3236 1311 3315 quia
1337 3254 1535 3299 unum
1563 3243 1657 3301 est
1684 3256 1778 3299 ra-

208 3322 293 3383 tio
323 3324 753 3398 cognoscendi
784 3326 986 3403 aliud;
1036 3328 1391 3409 exemplum
1423 3338 1515 3393 est
1544 3331 1608 3392 in
1650 3332 1778 3393 An-

210 3416 379 3493 gem,
412 3416 549 3495 qni,
577 3415 850 3479 videndo
902 3426 964 3482 et
1006 3422 1395 3501 penetrando
1438 3424 1777 3487 essentiam

212 3508 511 3584 hominis,
547 3517 1011 3591 consequenter
1040 3515 1322 3577 intuetur
1344 3523 1405 3579 et
1430 3518 1600 3581 videt
1630 3538 1776 3599 pro·

209 3602 533 3679 prietates;
554 3621 683 3665 non
706 3605 907 3666 solum
934 3606 1100 3667 enim
1126 3626 1251 3669 uno
1275 3617 1417 3672 actu
1438 3619 1775 3692 utrumque

214 3696 401 3771 videt,
430 3696 546 3757 sed
576 3698 767 3759 etiam
796 3699 1065 3763 videndo
1096 3721 1313 3777 uuum,
1342 3705 1581 3767 ratione
1606 3706 1775 3768 illius

214 3789 379 3851 videt
422 3789 599 3851 aliud
620 3836 643 3867 ,
695 3798 759 3853 et
804 3799 957 3854 tunc
1002 3796 1251 3875 proprie
1300 3798 1527 3860 dicitur
1573 3800 1772 3863 videri

218 3883 499 3945 nnumin
518 3884 648 3946 alio
662 3901 683 3963 ;
720 3891 783 3947 et
806 3889 1057 3966 signum
1082 3906 1121 3949 a
1146 3892 1471 3971 posteriori
1502 3910 1639 3955 esse
1665 3912 1775 3975 po·

217 3984 353 4051 test,
367 3977 543 4057 quia,
558 3980 812 4058 quando
830 3982 947 4042 hoc
964 3982 1152 4043 modo
1170 3988 1770 4063 cognoscunturduo

219 4070 435 4131 eodem
478 4077 667 4147 actu,
707 4090 833 4133 non
875 4081 1083 4154 potest
1126 4084 1303 4139 actus
1335 4080 1659 4141 terminari
1688 4082 1772 4143 nd

220 4164 529 4243 objectum
554 4164 619 4225 in
644 4166 767 4228 alio
791 4170 1133 4247 cognitum,
1152 4172 1271 4233 nisi
1295 4174 1611 4237 mediante
1638 4176 1763 4237 illo.

221 4258 359 4318 Cum
392 4276 547 4337 ergo
598 4266 899 4323 creaturae
950 4262 1245 4325 dicuntur
1292 4266 1487 4329 videri
1516 4269 1582 4329 in
1612 4270 1765 4345 De0‚

220 4370 333 4413 non
364 4359 460 4413 est
484 4372 705 4415 sensus
736 4354 933 4417 videri
958 4364 1204 4421 tantum
1232 4360 1426 4440 priori
1460 4362 1669 4437 modo,
1706 4368 1769 4428 et

222 4447 386 4525 qnasi
444 4448 943 4511 concomitanter
960 4467 981 4529 3
1032 4452 1144 4513 sed
1188 4454 1513 4531 posteriori
1550 4458 1762 4533 modo,

222 4540 465 4612 scilicet,
514 4540 663 4619 quia
694 4542 849 4604 visio
884 4544 999 4605 Dei
1031 4550 1125 4606 est
1155 4545 1314 4609 ratio
1342 4552 1767 4627 cognoscendi

224 4640 557 4707 creaturas;
591 4635 763 4713 quod
792 4643 984 4716 patet,
1012 4645 1145 4699 tum
1182 4658 1257 4701 ex
1290 4641 1426 4720 ipso
1459 4644 1648 4705 modo
1677 4646 1767 4707 lo-

222 4726 435 4807 quendi
450 4743 471 4805 3
502 4746 651 4789 nam
685 4729 735 4789 si
762 4734 1003 4791 tantum
1032 4734 1526 4797 concomitanter
1554 4756 1621 4798 se
1651 4738 1765 4801 ha-

222 4822 449 4897 herent,
492 4840 625 4883 non
668 4824 871 4903 magis
904 4834 1434 4907 cognoscerentur
1460 4839 1761 4895 creaturae

224 4916 277 4975 iu
302 4918 445 4988 Dee,
472 4932 665 4995 quam
685 4918 853 4979 Deus
880 4917 943 4979 in
972 4920 1300 4997 creaturiS,
1335 4924 1481 5001 quia
1506 4942 1633 4985 non
1658 4927 1765 4987 ha-

224 5006 423 5069 herent
462 5008 631 5071 inter
672 5027 739 5071 se
786 5010 1071 5073 ordinem
1105 5020 1395 5093 respectu
1446 5024 1622 5081 actus
1660 5040 1764 5082 co-

228 5101 578 5179 gnoscendi;
603 5109 739 5163 tum
766 5104 954 5164 etiam
981 5106 1149 5185 quia,
1180 5108 1633 5173 considerando
1656 5113 1761 5175 illa

228 5192 327 5255 duo
350 5194 619 5276 objecta,
645 5196 825 5274 quasi
856 5216 969 5275 per
992 5198 1279 5261 accidens
1302 5208 1465 5264 osset
1490 5206 1761 5285 cognitio

228 5290 381 5351 unius
398 5290 478 5351 ad
496 5290 929 5370 cognitionem
948 5292 1223 5368 alterum,
1248 5296 1758 5378 quandoquidem

3361 317 3438 379 23

1872 414 2118 495 objecta
2151 430 2282 477 non
2311 413 2395 475 ita
2429 430 2496 477 se
2525 414 2764 477 habent
2794 418 2866 476 ut
2911 430 3110 477 unum
3159 418 3238 481 sit
3277 420 3439 484 ratio

1872 508 2298 589 cognoscendi
2322 506 2519 581 aliud,
2549 508 2744 588 gratis
2773 507 3030 572 omnino
3061 509 3180 573 dici
3211 530 3442 596 cogno·

1874 603 2094 665 sciant
2121 602 2316 665 videri
2337 602 2539 663 Deum
2569 608 2632 663 et
2659 606 2980 665 creaturas
3013 604 3238 667 eodem
3268 612 3436 687 actu,

1873 698 2024 777 quia
2043 696 2222 777 plura
2253 695 2500 775 objecta
2523 714 2654 757 non
2683 696 3075 777 attinguntur
3097 718 3224 763 uno
3249 708 3312 765 et
3334 721 3438 766 eo-

1871 790 2019 852 dem
2045 796 2209 862 actu‚
2235 788 2356 851 nisi
2388 790 2558 869 quia,
2581 788 2680 851 vel
2705 789 2772 851 in
2802 791 3046 855 ratione
3079 792 3304 873 objecti
3335 812 3437 859 co-

1873 884 2032 965 gniti
2049 883 2286 946 habent
2311 884 2473 946 inter
2494 902 2564 945 se
2585 884 3044 947 connexionem
3069 889 3132 947 et
3153 888 3438 953 ordinem

1872 976 2138 1057 alicujus
2163 977 2574 1051 causalitatiS,
2613 980 2905 1057 respectu
2942 979 3086 1041 talis
3131 984 3438 1063 cognitio-

1875 1072 1998 1149 nis,
2027 1072 2126 1133 vel
2159 1073 2306 1152 quia
2333 1090 2448 1153 per
2477 1072 2768 1134 eamdem
2793 1072 3064 1151 speciem
3086 1074 3439 1155 intelligibi-

1872 1164 2001 1229 lem
2041 1173 2607 1245 repraesentantur3
2639 1166 2912 1228 essentia
2969 1172 3180 1229 autem
3228 1169 3438 1233 divina

1874 1259 2021 1322 licet
2045 1267 2338 1339 respectu
2365 1260 2460 1321 sui
2508 1259 2708 1339 ipsius
2740 1258 3030 1340 suppleat
3068 1260 3270 1323 vicem
3299 1280 3437 1343 spe-

1876 1354 2022 1429 ciei,
2063 1361 2276 1414 tamen
2305 1360 2598 1431 respectu
2626 1358 3054 1415 creaturarum
3079 1370 3210 1417 non
3243 1356 3436 1419 habet

1868 1449 2070 1508 vicem
2126 1446 2355 1528 speciei
2392 1446 2797 1527 intelligibilis
2843 1447 3204 1511 immediate
3251 1447 3436 1511 indu-

1871 1542 2094 1615 centis,
2123 1541 2224 1603 vel
2263 1540 2586 1603 efficientis
2633 1540 3055 1621 cognitionem
3103 1558 3322 1605 earnm
3365 1546 3434 1605 in

1869 1654 1937 1695 se
1969 1634 2142 1713 ipsi5‚
2167 1640 2467 1713 tanquam
2491 1634 2676 1709 ratio,
2706 1652 2820 1697 seu
2847 1634 3126 1699 medium
3154 1635 3434 1717 incogni-

1868 1734 2004 1789 tum
2030 1727 2134 1810 (ut
2161 1728 2514 1808 philosophi
2544 1728 2958 1809 loquuntur),
2989 1728 3138 1808 quia
3169 1728 3272 1791 hic
3300 1746 3434 1791 mo-

1868 1823 1988 1883 dus
2033 1822 2447 1885 concurrendi
2478 1821 2557 1883 ad
2587 1823 3008 1902 cognitionem
3041 1822 3295 1885 alterius
3337 1830 3433 1887 est

1868 1915 2308 1997 imperfectus;
2343 1918 2504 1980 Deus
2533 1922 2747 1979 antem
2791 1934 2918 1978 non
2957 1916 3234 1978 continet
3260 1934 3433 1979 crea·

1868 2016 2041 2071 turas
2087 2010 2192 2071 illo
2235 2010 2598 2091 imperfecto
2643 2010 2856 2081 modo,
2895 2009 3006 2072 sed
3049 2010 3426 2086 eminenter,

1868 2110 2168 2184 tanquam
2210 2104 2485 2185 perfecta
2537 2122 2726 2166 causa
2757 2121 3008 2179 earum;
3051 2104 3242 2181 unde,
3286 2104 3432 2167 licet

1866 2201 2034 2260 Deus
2062 2198 2260 2279 possit
2305 2199 2596 2279 supplere
2627 2218 2742 2260 sua
2769 2197 3016 2261 infinita
3041 2199 3269 2261 virtute
3299 2198 3433 2261 effi·

1868 2293 2163 2355 cientiam
2191 2293 2526 2373 cujuslibet
2555 2292 2788 2371 speciei
2828 2292 3270 2373 intelligibilis,
3303 2310 3436 2355 non

1867 2392 2081 2450 tamen
2131 2386 2250 2448 hoc
2299 2392 2506 2467 potest
2541 2403 2658 2466 per
2689 2384 2949 2447 modum
2997 2386 3225 2466 objecti
3252 2432 3268 2460 ‚
3306 2386 3430 2447 nisi

1863 2486 2154 2559 respectu
2199 2481 2296 2541 sui
2325 2480 2560 2559 ipsius;
2617 2484 2902 2559 respectu
2949 2498 3098 2541 vero
3133 2480 3426 2557 aliorum,

1862 2581 2104 2638 tantum
2136 2592 2248 2655 per
2275 2574 2534 2637 modum
2562 2591 2767 2636 causae
2792 2590 3128 2653 supremae,
3153 2592 3294 2655 quoe
3313 2590 3425 2654 per

1864 2688 2046 2733 suam
2073 2668 2460 2731 voluntatem
2480 2668 2774 2749 supplere
2795 2673 3001 2747 potest
3021 2666 3424 2729 efficientiam

1863 2764 2254 2846 particularis
2287 2780 2516 2839 causa»,
2549 2767 2612 2825 et
2647 2763 2731 2823 ita
2757 2767 2962 2842 potest
2987 2761 3196 2825 facere
3227 2766 3296 2823 ut
3335 2760 3425 2823 vi·

1864 2862 1970 2920 sus
1994 2858 2204 2919 videat
2241 2858 2379 2919 sine
2411 2856 2620 2937 specie
2647 2900 2665 2930 ‚
2707 2854 3060 2935 supplendo
3089 2872 3198 2933 per
3224 2854 3428 2915 omni·

1862 2952 2206 3033 potentiam
2243 2968 2422 3013 suam
2451 2950 2885 3013 efficacitatem
2909 2947 3182 3028 speciei3
3215 2952 3278 3009 et
3305 2946 3427 3011 hoc

1861 3045 2050 3107 modo
2084 3050 2290 3125 potest
2334 3045 2502 3107 idem
2539 3044 2748 3107 facere
2795 3044 2862 3105 in
2907 3041 3226 3105 intellectu
3239 3062 3258 3119 ;
3301 3040 3424 3105 hoc

1861 3147 2072 3204 tamen
2107 3138 2260 3200 nihil
2289 3140 2482 3201 refert
2507 3138 2591 3201 ad
2617 3138 2926 3200 visionem
2969 3136 3260 3211 beatam,
3310 3153 3425 3197 ne-

1862 3252 1987 3315 que
2033 3234 2113 3294 ad
2159 3234 2462 3295 visionem
2509 3239 2940 3295 creaturarum
2973 3230 3038 3293 in
3081 3231 3246 3307 De03
3293 3244 3424 3295 non

1860 3345 2012 3405 ergo
2061 3344 2128 3389 se
2179 3326 2372 3389 habet
2423 3326 2636 3389 divina
2684 3326 2957 3389 essentia
3001 3342 3115 3405 per
3160 3323 3423 3387 modum

1858 3422 2045 3482 unius
2077 3422 2309 3501 speciei
2357 3419 2758 3501 intelligibilis
2789 3418 3154 3483 immediate
3183 3434 3423 3498 reproe-

1858 3516 2160 3577 sententis
2190 3517 2392 3577 Deum
2444 3520 2508 3576 et
2555 3518 2919 3592 creaturas;
2967 3528 3120 3593 ergo
3175 3529 3255 3574 ex
3302 3510 3422 3575 hac

1858 3616 2034 3691 parte
2063 3626 2192 3670 non
2221 3616 2314 3670 est
2341 3609 2502 3671 ratio
2547 3614 2621 3671 ut
2663 3612 3124 3689 cognoscantur
3149 3605 3317 3667 Deus
3354 3610 3418 3667 et

1856 3710 2146 3765 creatura
2185 3702 2408 3763 eodem
2453 3707 2633 3778 actu;
2677 3720 2851 3781 ergo,
2905 3700 2957 3766 si
3003 3698 3256 3760 aliunde
3286 3714 3418 3761 non

1856 3803 2024 3860 esset
2052 3798 2358 3859 connexio
2387 3796 2548 3857 inter
2573 3798 2818 3877 objecta
2840 3838 2856 3869 ‚
2888 3795 2978 3857 ita
3007 3800 3076 3855 ut
3101 3808 3298 3855 unum
3324 3808 3418 3855 es·

1855 3900 1950 3953 set
2002 3890 2186 3967 ratic,
2237 3908 2350 3953 seu
2385 3891 2666 3953 medium
2713 3889 3033 3970 cognitum
3062 3886 3144 3951 ad
3181 3900 3418 3968 cogno-

1854 3986 2156 4047 scendum
2206 3986 2372 4047 aliud
2399 4028 2415 4057 ‚
2468 3985 2640 4045 nulla
2692 3989 2860 4047 esset
2910 4000 3100 4044 causa
3156 3987 3416 4061 propter

1852 4097 2042 4161 quam
2061 4081 2164 4141 illa
2180 4080 2306 4142 duo
2337 4076 2559 4141 eodem
2586 4084 2740 4141 actu.
2752 4074 3412 4157 cognoscerentur3vi-

1850 4176 2078 4238 dentur
2111 4192 2260 4255 ergo
2303 4180 2604 4237 creaturae
2633 4172 2697 4234 in
2741 4175 2895 4247 De0,
2927 4170 3078 4249 quia
3103 4170 3274 4232 Deus
3304 4183 3408 4230 co-

1852 4271 2086 4351 gnitus,
2145 4276 2239 4331 est
2283 4269 2442 4330 ratio
2477 4266 2900 4347 cognoscendi
2953 4265 3117 4327 illas.
3171 4264 3245 4325 Et
3287 4262 3410 4327 hoc

1850 4382 2041 4425 sensu
2067 4380 2212 4425 vere
2243 4362 2392 4425 dicit
2419 4380 2583 4442 soepe
2613 4362 2684 4425 D.
2705 4360 2981 4423 Thomas
3009 4358 3206 4421 videri
3233 4374 3413 4419 cren-

1846 4463 2022 4518 turas
2066 4457 2128 4518 in
2170 4458 2301 4519 Deo
2333 4474 2410 4519 ex
2457 4456 2520 4518 vi
2559 4456 2812 4519 visionis
2840 4454 3036 4536 ipsius
3075 4451 3214 4525 Dei,
3247 4451 3410 4513 sicut

1846 4553 2014 4612 Deus
2040 4550 2209 4612 videt
2232 4550 2369 4613 illas
2390 4550 2460 4611 in
2487 4568 2555 4612 se
2583 4550 2744 4631 ips0‚
2770 4552 3070 4628 tanquam
3095 4548 3161 4609 in
3187 4560 3402 4619 causa,

1847 4650 1909 4705 et
1934 4645 2135 4723 primo
2163 4646 2464 4725 principio
2479 4662 2500 4723 ;
2529 4645 2635 4707 hic
2671 4651 2882 4707 autem
2914 4643 3142 4705 modus
3173 4655 3408 4721 cogno-

1846 4737 2060 4799 scendi
2101 4740 2485 4801 non-solum
2534 4756 2663 4800 non
2692 4742 3024 4819 repugnat,
3056 4737 3170 4799 sed
3195 4736 3406 4816 potins

1845 4831 2118 4911 pertinet
2161 4832 2242 4893 ad
2275 4833 2624 4912 perfectum
2674 4850 2878 4913 genus
2926 4830 3349 4913 cognoscendi
3383 4850 3400 4891 t

1845 4926 1951 4986 illa
1981 4934 2190 4988 autem
2235 4926 2390 4988 visio
2434 4924 2544 4989 Dei
2586 4928 2652 4988 in
2683 4944 2751 4989 se
2794 4926 2952 5008 ips0‚
2999 4933 3062 4989 et
3087 4930 3406 4989 creatura-

1843 5038 1988 5082 rum
2017 5022 2080 5081 in
2107 5022 2267 5101 ips0‚
2296 5028 2392 5083 est
2432 5020 2732 5083 altissima
2762 5021 3152 5102 participatio
3201 5020 3414 5082 scien-·

1846 5115 1943 5176 tiae
1978 5114 2114 5189 Dei,
2169 5116 2443 5195 supremi
2493 5115 2726 5178 ordinis
2777 5123 2839 5179 et
2889 5114 3169 5191 rationis,
3219 5114 3406 5193 cujus

1844 5226 1978 5269 esse
2007 5214 2231 5287 potest.

1921 5306 1982 5365 5.
2013 5301 2817 5387 Oby'eotio.——Responsio.—-
2833 5305 3036 5381 Dices,
3061 5304 3212 5366 inde
3237 5302 3400 5383 fieri,

231 5403 389 5445 unum
420 5402 651 5447 eornm
696 5384 869 5445 nullo
922 5384 1111 5448 modo
1142 5395 1306 5450 esset
1333 5390 1489 5451 ratio
1519 5410 1759 5472 cogno·
1837 5396 1971 5456 visa
2005 5414 2132 5457 una
2176 5404 2486 5473 creatura,
2535 5400 2731 5463 videri
2770 5398 3124 5461 necessario
3152 5416 3396 5477 omnes,

233 5478 403 5539 scendi
434 5478 739 5540 alterum.
770 5478 927 5551 Quin
958 5479 1166 5561 potius
1196 5482 1383 5558 addo,
1418 5484 1463 5544 si
1496 5485 1601 5547 illa
1631 5488 1755 5550 duo
1838 5492 1985 5571 quia
2015 5510 2139 5553 non
2166 5498 2259 5557 est
2283 5494 2484 5575 major
2507 5496 2664 5558 ratio
2689 5494 2766 5557 de
2789 5510 2914 5555 una
2936 5510 3127 5573 qnam
3148 5494 3226 5559 de
3248 5494 3408 5558 alia.-
