3892 6167
1310 376 1633 435 msru'm.
1666 374 1841 431 ml.
1874 374 2048 431 SEGT.
2081 376 2166 430 Vl.

84 474 275 539 duas
306 478 701 545 subsannas
724 496 867 543 esse
903 480 1143 545 realem
1164 526 1183 557 ‚
1212 482 1279 543 in
1316 481 1557 563 Angelo
1584 500 1697 563 po-

90 574 239 633 test
268 592 421 637 esse
443 575 665 637 relatio
692 576 879 640 realis
906 576 1271 656 spiritualis,
1290 595 1433 657 quse
1462 577 1695 639 habeat

90 684 233 744 pro
262 669 549 730 termino
588 686 719 731 rem
770 671 1189 743 materialem3
1240 676 1303 733 et
1352 671 1693 751 spiritualis

94 760 395 823 scientia
420 770 713 825 censetur
736 762 977 825 habere
1002 764 1237 827 realem
1256 764 1689 827 habitudinem

92 854 195 915 ad
228 856 561 935 objectum
592 874 631 919 a
660 874 787 937 quo
816 864 1235 933 mensuratur,
1268 858 1509 921 etiamsi
1535 857 1691 919 illud

1774 496 1905 539 non
1930 485 2150 543 tamen
2185 480 2504 561 pertinent
2531 480 2612 545 ad
2639 491 3016 562 prasentem
3054 487 3338 551 couside-

1774 571 2109 635 rationem.
2134 575 2356 654 Itaque
2385 576 2446 639 in
2476 578 2598 639 hac
2622 576 2983 641 difficultate
3003 580 3176 659 loqui
3197 601 3338 663 pos·

1774 684 2017 741 sumus,
2057 673 2165 731 aut
2210 668 2289 729 de
2337 668 2648 733 infinitate
2679 673 2998 735 extensive
3036 692 3114 737 ex
3159 682 3336 754 parte

1773 760 2036 840 objecti,
2069 768 2180 825 aut
2209 762 2289 826 de
2319 764 2625 829 infinitate
2667 766 2976 829 intensiva
3021 776 3130 831 aut
3179 770 3338 832 enti-

1772 854 1964 917 tativa
1989 856 2130 919 talis
2159 859 2474 936 potentioe.
2494 858 2690 921 Priori
2717 860 2928 933 mod0,
2961 864 3178 941 negari
3209 881 3337 925 non

96 950 461 1015 materiale
482 950 583 1014 sit.
613 952 689 1013 Et
712 950 875 1015 ratio
904 957 1021 1023 est,
1048 952 1229 1031 quia,
1256 971 1399 1015 cum
1434 952 1537 1013 hie
1562 960 1691 1017 ter-

102 1042 341 1105 minus
374 1062 503 1107 nou
541 1045 623 1107 sit
660 1044 863 1107 forma
908 1046 1245 1109 intrinseca
1290 1046 1545 1111 alterius
1568 1046 1687 1125 rei,

106 1156 265 1217 quas
294 1137 449 1201 dicit
472 1138 909 1203 habitudinem
936 1140 1017 1201 ad
1052 1141 1257 1221 ipsum
1280 1190 1293 1213 ‚
1317 1160 1449 1203 non
1472 1148 1567 1203 est
1594 1140 1693 1201 in·

106 1232 515 1295 conveniens
558 1234 731 1311 quod
774 1234 855 1297 sit
896 1234 1159 1297 diversas
1191 1234 1453 1298 rationis
1482 1234 1693 1316 quoad

102 1326 395 1389 modum
435 1327 705 1389 essendi.
743 1327 939 1409 quue
976 1328 1165 1407 longe
1192 1328 1435 1391 facilius
1470 1332 1535 1391 et
1572 1328 1695 1393 evi·

102 1420 387 1481 dentius
408 1426 523 1493 est,
554 1420 811 1499 quando
836 1422 941 1483 ille
965 1422 1215 1497 modae,
1246 1424 1353 1503 qui
1382 1423 1575 1487 talem
1602 1422 1695 1485 di·

104 1516 201 1577 cit
230 1514 699 1593 habitudinem,
726 1517 1223 1597 supernaturalis
1248 1521 1365 1593 est,
1398 1523 1463 1579 et
1494 1518 1559 1579 in
1598 1537 1691 1595 se,

104 1616 178 1669 et
208 1608 303 1669 illi
333 1609 523 1671 etiam
562 1610 655 1671 rei
688 1628 879 1690 quam
906 1612 1251 1687 modificat,
1274 1618 1339 1673 et
1366 1630 1483 1675 suo
1506 1611 1693 1675 modo

104 1704 347 1777 afficit,
378 1704 581 1783 qualis
609 1711 703 1767 est
744 1704 847 1767 hic
890 1706 1119 1769 modus
1146 1708 1583 1787 dependentia}
1612 1707 1693 1771 de

102 1817 253 1877 quo
284 1816 461 1859 nune
500 1798 747 1878 agimus
767 1816 789 1877 ;
826 1800 965 1861 talis
1008 1802 1181 1863 enirn
1219 1801 1381 1864 actio
1416 1818 1547 1863 nou
1588 1819 1698 1881 po·

104 1899 249 1953 test
270 1892 397 1953 nisi
422 1894 983 1973 supernaturaliter
1002 1894 1157 1967 fieri,
1184 1900 1247 1957 et
1266 1896 1479 1973 gratiae
1508 1894 1695 1957 etiam

102 1988 269 2067 ipsi,
324 2004 469 2065 quae
504 2005 619 2067 per
658 1987 835 2051 illam
878 1987 983 2065 fit,
1013 1988 1547 2069 praeternaturalis
1576 1994 1691 2051 est.

104 2082 355 2158 Neque
382 2086 482 2144 est
524 2081 791 2157 mirum,
838 2101 957 2145 nec
986 2082 1333 2161 singulare,
1376 2082 1549 2161 quod
1592 2100 1696 2147 res

114 2176 477 2255 spiritualis
500 2176 779 2255 aliquam
808 2176 1237 2239 habitudinem
1278 2177 1360 2239 ad
1402 2196 1539 2239 rem
1566 2194 1697 2239 ma-

118 2269 421 2331 terialem
451 2270 686 2333 babere
714 2270 941 2350 possit3
966 2273 1133 2333 Deus
1154 2269 1323 2332 enim
1350 2270 1609 2333 infinitis
1632 2276 1697 2333 et

110 2362 303 2423 miris
332 2362 537 2427 modis
564 2367 771 2442 potest
798 2370 1119 2427 creaturas
1148 2382 1295 2427 suas
1318 2365 1693 2443 immutare3

112 2455 335 2516 multo
374 2456 545 2519 enim
593 2455 1021 2519 admirabilius
1060 2457 1357 2537 estquod
1385 2457 1693 2519 materiali

122 2550 381 2628 corpori
410 2552 475 2611 et
500 2548 797 2629 sangnini
834 2550 1049 2611 Christi
1076 2549 1411 2613 contulerit
1434 2549 1695 2613 modum

126 2643 384 2705 unionis
408 2642 491 2707 ad
514 2642 791 2705 divinam
806 2643 991 2705 Verbi
1016 2660 1383 2724 personam;
1411 2662 1561 2706 nam
1591 2644 1693 2705 ille

118 2737 381 2810 modus,
404 2756 549 2799 cum
572 2737 737 2799 sitin
764 2754 835 2799 re
864 2737 1193 2813 materiali,
1210 2738 1553 2799 materialis
1572 2742 1690 2812 est,

120 2838 189 2891 et
216 2835 443 2893 tamen
470 2831 905 2893 habitudinem
946 2830 1095 2893 dicit
1136 2832 1219 2893 ad
1252 2850 1387 2893 rem
1422 2832 1695 2893 maxime

120 2924 549 3003 spiritualem,
581 2926 785 3005 qualis
838 2932 933 2987 est
978 2925 1261 2987 divinum
1288 2927 1597 2999 Verbum;
1632 2931 1697 2987 et

118 3018 251 3079 alia
297 3019 589 3098 exempla
627 3024 889 3099 possunt
912 3019 977 3081 in
1004 3018 1231 3083 divinis
1276 3020 1573 3101 operibus
1600 3020 1695 3081 fa-

118 3110 247 3173 cile
268 3112 685 3177 considerari.

121 3258 491 3326 Solvuntur
514 3264 831 3343 septimum
858 3266 919 3327 et
946 3266 1219 3327 octavum
1254 3266 1693 3349 argumentum.

204 3402 358 3463 108.
428 3402 773 3480 Septimum
839 3404 1285 3479 argumentum
1338 3400 1699 3480 postulabat

116 3493 323 3555 aliam
384 3493 817 3559 difficultatem
865 3493 945 3556 de
990 3492 1451 3575 specificatione
1508 3494 1697 3573 hujus

114 3588 471 3667 potentias,
508 3594 573 3649 et
614 3588 1015 3651 distinctione
1054 3586 1155 3649 vel
1202 3586 1525 3649 identitate
1559 3588 1698 3666 ejus

116 3698 279 3741 cnm
304 3681 505 3741 rebus
526 3680 589 3741 in
616 3680 849 3760 quibus
870 3682 1179 3761 reperitur
1200 3698 1217 3753 ;
1250 3678 1363 3741 sed
1386 3680 1517 3741 haec
1540 3685 1698 3741 trao-

122 3778 269 3834 tata
296 3774 679 3837 sufficienter
693 3780 839 3837 sunt
864 3774 931 3836 in
957 3775 1241 3837 discursu
1270 3773 1459 3855 hujus
1480 3773 1697 3849 sectio-

122 3868 255 3940 niS,
280 3872 343 3929 et
370 3869 611 3943 omnia,
638 3886 779 3947 quse
806 3868 869 3929 in
896 3868 999 3931 illo
1026 3872 1413 4023 argument«)i
1428 3870 1695 3947 tangun-

114 3965 271 4037 tur,
302 3962 597 4025 conferre
623 3970 887 4043 possunt
914 3962 998 4025 ad
1024 3962 1369 4025 confirmau
1418 3980 1521 4022 am
1546 3960 1693 4023 doc·

106 4058 361 4119 trinam
396 4058 711 4121 traditam.
736 4058 1061 4131 Quomodo
1095 4063 1305 4119 autem
1336 4056 1693 4137 intelligen-

106 4152 283 4213 dum
314 4152 403 4213 sit
428 4153 807 4233 principium
844 4152 999 4214 illud
1018 4198 1035 4226 ,
1085 4154 1151 4213 in
1200 4168 1325 4231 quo
1356 4168 1693 4230 argumen-

104 4254 259 4305 tum
306 4246 631 4309 nitebatur
650 4292 671 4325 ‚
702 4247 957 4322 scilicet,
1007 4246 1319 4327 potentias
1347 4244 1693 4325 specificari

102 4356 235 4417 per
266 4346 479 4415 actus,
520 4340 905 4405 declaratum
928 4342 1063 4421 Jam
1100 4346 1215 4413 est,
1246 4338 1565 4415 nimirum,
1592 4339 1692 4401 in·-

104 4432 541 4511 telligendam
570 4452 711 4497 esse
738 4434 819 4499 de
852 4436 951 4498 his
972 4434 1167 4497 rebus
1188 4452 1328 4514 quas
1356 4452 1435 4497 ex
1458 4433 1693 4514 prima-

106 4526 211 4587 ria
246 4526 643 4590 institutione
693 4546 808 4591 sua
848 4528 1181 4591 facultates
1224 4534 1371 4591 sunt
1408 4528 1493 4589 ad
1532 4526 1691 4589 tales

112 4625 307 4681 actus
338 4620 667 4697 ordinatae,
689 4626 753 4684 et
770 4622 1142 4685 naturaliter
1162 4626 1490 4700 coaptatas,
1520 4618 1693 4701 quod

114 4730 257 4773 non
290 4714 589 4777 convenit
624 4714 771 4779 huic
802 4715 1095 4797 potentiae
1142 4712 1581 4791 obedientiali,
1622 4717 1693 4775 ut

118 4806 375 4867 dictum
406 4813 523 4869 est.
612 4846 629 4861 -

210 4902 361 4963 109.
402 4900 507 4963 Aa
530 4902 803 4982 potantia
825 4900 1233 4967 obedientialis
1268 4901 1357 4965 sit
1394 4901 1579 4979 finita
1605 4901 1697 4965 vel

124 4992 406 5069 infinita.
428 5024 500 5041 -—
524 4994 827 5059 Octavum
856 4999 1301 5074 argumentum
1324 4993 1513 5054 aliam
1548 4994 1693 5057 insi-

128 5094 287 5147 nuat
314 5086 767 5160 difficultatem,
800 5088 1123 5161 nimirum,
1150 5087 1367 5149 hoecne
1397 5086 1694 5149 obedien·

128 5182 299 5243 tialis
344 5181 625 5261 potentia
666 5180 841 5245 finita
891 5181 1155 5245 dicenda
1203 5182 1315 5253 sit,
1344 5180 1449 5241 vel
1487 5180 1694 5259 pqtius

134 5274 399 5337 infinita.
430 5274 559 5337 Sed
584 5275 721 5335 haec
752 5276 943 5337 etiam
967 5273 1299 5337 difficultas
1346 5280 1441 5335 est
1482 5273 1695 5335 facilli-

136 5386 241 5430 ma
284 5386 361 5429 ex
418 5367 635 5443 dictis,
687 5367 739 5429 si
776 5368 843 5429 in
872 5369 1153 5449 generali
1182 5373 1427 5431 tantum
1470 5368 1549 5427 de
1588 5366 1694 5427 illa

138 5465 508 5541 loquamur;
540 5478 691 5524 nam
724 5461 791 5523 in
820 5462 1177 5543 particulari
1206 5462 1402 5523 multa
1432 5466 1696 5540 possunt

142 5556 205 5615 in
228 5572 303 5617 ea
324 5552 653 5629 inculcari,
678 5572 819 5633 quas
848 5560 995 5617 sunt
1024 5554 1277 5633 quidem
1307 5546 1690 5629 difficillima,

1769 954 1979 1029 potest
1999 950 2154 1028 quin
2173 950 2312 1013 hoec
2341 956 2618 1032 potentia
2650 971 2764 1015 seu
2793 954 3074 1016 activitas
3100 955 3338 1017 instru-

1770 1044 2062 1107 mentalis
2089 1052 2392 1109 creaturae
2431 1045 2498 1107 in
2529 1046 2748 1109 ordine
2775 1047 2856 1109 ad
2881 1050 3083 1111 Deum
3114 1047 3194 1109 sit
3228 1048 3338 1111 ali·

1772 1154 1899 1217 quo
1926 1137 2118 1199 modo
2141 1138 2446 1203 illimitata
2475 1146 2538 1202 et
2565 1140 2804 1203 infinita
2829 1141 2895 1203 in
2923 1162 3036 1205 sua
3064 1142 3334 1219 ratione,

1775 1231 2046 1305 scilicet,
2069 1232 2491 1296 instrumenti.
2522 1234 2726 1297 Primo
2757 1234 3013 1313 quidem
3052 1255 3129 1300 ex
3157 1243 3338 1318 parte

1774 1324 2178 1405 perfectionis
2197 1327 2538 1401 intensiva,
2552 1346 2744 1408 quam
2763 1335 2968 1410 potest
2987 1332 3338 1411 producere

1774 1418 1841 1480 in
1874 1418 2142 1493 effectu3
2195 1420 2342 1481 licet
2391 1420 2556 1483 enim
2607 1438 2734 1485 non
2783 1423 2980 1503 possit
3025 1424 3338 1489 infinitum

1774 1513 2148 1593 producere,
2171 1520 2241 1577 ut
2267 1532 2438 1575 nunc
2467 1532 2776 1595 suppono,
2805 1523 3009 1597 potest
3034 1524 3244 1583 tamen
3273 1519 3340 1582 in

1776 1606 2088 1667 infinitum
2131 1624 2382 1687 semper
2427 1608 2828 1671 intensiorem
2871 1612 3164 1673 effectum
3192 1630 3341 1693 pro-

1776 1698 2032 1777 ducere,
2055 1701 2226 1781 quod
2256 1703 2408 1764 satis
2429 1704 2626 1766 estad
2651 1704 3022 1769 infinitatem
3045 1707 3339 1787 potentioe

1778 1794 1845 1855 in
1874 1812 1989 1857 suo
2017 1814 2251 1875 genere
2271 1842 2292 1870 ,
2320 1804 2392 1857 ut
2421 1803 2516 1857 est
2556 1796 2624 1858 in
2666 1796 3066 1880 philosophia
3091 1808 3336 1879 notum,

1779 1893 1968 1967 atque
1997 1888 2116 1951 hoc
2159 1888 2348 1951 modo
2379 1892 2572 1953 estin
2601 1892 2924 1955 voluntate
2953 1899 3016 1956 et
3057 1894 3124 1956 in
3151 1895 3341 1957 intel-

1776 1980 1945 2044 lectu
1974 1982 2486 2060 fundamentum,
2515 1990 2587 2046 ut
2616 1984 2848 2047 elevari
2877 1987 3119 2067 possint
3143 1987 3224 2049 ad
3251 1988 3340 2051 ef·

1776 2076 2122 2139 ficieudum
2169 2078 2480 2141 visionem
2525 2078 2630 2141 vel
2672 2078 3070 2143 dilectionem
3117 2082 3228 2145 Dei
3271 2082 3339 2147 in

1778 2172 1999 2251 quavis
2037 2172 2422 2245 intensione,
2459 2174 2652 2237 etiam
2673 2174 2722 2235 si
2757 2174 2824 2237 in
2850 2176 3164 2239 infinitum
3194 2196 3340 2257 pro·

1778 2265 2070 2339 sedatum
2103 2272 2169 2327 et
2205 2266 2430 2329 eodem
2461 2268 2650 2331 modo
2692 2287 2882 2349 aqua,
2927 2270 3090 2333 sicut
3129 2278 3340 2353 potest

1778 2376 1912 2421 esse
1938 2360 2426 2423 instrumentum
2468 2361 2550 2423 ad
2587 2362 3029 2442 producendos
3065 2372 3340 2444 quatuor

1776 2452 2014 2533 gradus
2055 2453 2312 2533 gratim,
2341 2455 2430 2517 ita
2483 2455 2565 2519 ad
2607 2456 3047 2537 producendos
3083 2466 3340 2521 centnm

1776 2548 2032 2627 gradus,
2063 2555 2176 2609 aut
2201 2548 2396 2619 mille,
2433 2554 2497 2611 et
2525 2550 2616 2613 sic
2645 2550 2710 2612 in
2740 2552 3080 2616 infinitum.
3107 2552 3342 2616 Secun-

1776 2641 1859 2703 do
1888 2660 2023 2705 esse
2063 2648 2267 2723 potest
2295 2644 2432 2705 haec
2462 2644 2796 2707 illimitatio
2836 2646 2904 2709 in
2945 2646 3250 2709 varietate
3279 2652 3342 2711 et

1776 2736 2188 2799 multitudine
2213 2736 2549 2801 effectuum
2579 2740 2968 2803 diversarum
2995 2741 3336 2820 rationum,

1774 2830 1841 2891 in
1868 2831 2096 2910 quibus
2134 2832 2390 2911 procedi
2426 2834 2617 2895 etiam
2655 2840 2861 2915 potest
2891 2833 2956 2897 in
2985 2834 3338 2911 infinitnm3

1774 2942 1950 2999 nam,
1979 2942 2104 3005 qua
2127 2926 2372 2987 ratione
2399 2926 2644 2989 elevata
2671 2926 2927 2992 fuerunt
2947 2930 3140 2991 verba
3163 2928 3340 2993 Chri-

1774 3018 1853 3080 sti
1880 3018 1963 3080 ad
1997 3018 2466 3099 producendam
2499 3022 2804 3101 gratiam,
2839 3023 2940 3085 vel
2969 3023 3052 3085 ad
3081 3041 3341 3085 conver-

1774 3112 2036 3175 tendam
2067 3114 2482 3178 substantiam
2527 3118 2712 3197 panis
2750 3116 2816 3179 in
2859 3134 3088 3197 corpus
3131 3136 3338 3192 suum,

1776 3210 2122 3287 potuerunt
2153 3210 2342 3269 etiam
2375 3209 2608 3273 elevari
2639 3210 2734 3273 ad·
2747 3228 3156 3295 quoscunque
3185 3210 3342 3273 alios

1778 3301 2038 3363 effectus
2061 3346 2078 3375 ‚
2133 3302 2244 3363 ubi
2291 3302 2578 3381 specialis
2621 3304 3044 3385 repugnantia
3085 3306 3341 3368 inventa

1776 3412 1905 3455 non
1938 3395 2178 3457 fuisset.
2203 3396 2414 3459 Tertio
2437 3442 2454 3473 ,
2489 3404 2696 3479 potest
2732 3398 2863 3461 haec
2887 3398 3162 3461 infinitas
3189 3416 3342 3461 con-

1777 3488 2042 3550 siderari
2067 3488 2134 3549 in
2159 3490 2350 3551 modo
2379 3491 2644 3571 agendi,
2685 3492 2834 3571 quia
2859 3510 2972 3574 per
2999 3492 3164 3555 hanc
3191 3492 3342 3555 acti-

1776 3581 2038 3643 vitatem
2067 3581 2479 3645 immutantur
2506 3602 2609 3647 res
2628 3630 2645 3661 ‚
2671 3603 2802 3646 non
2823 3592 3072 3649 tantum
3099 3586 3180 3648 ad
3205 3584 3340 3647 for-

1780 3692 1918 3737 mas
1944 3676 2288 3751 naturales,
2315 3676 2426 3739 sed
2458 3679 2646 3739 etiam
2691 3678 2773 3741 ad
2803 3680 3336 3761 supernaturales-3,

1780 3786 1901 3831 nec
1927 3769 2132 3831 solum
2156 3768 2425 3831 naturali
2453 3771 2644 3833 modo
2659 3816 2682 3847 ,
2725 3772 2840 3833 sed
2869 3773 3058 3834 etiam
3085 3778 3340 3853 praeter-

1776 3862 2050 3925 naturali
2079 3869 2142 3925 et
2169 3864 2664 3943 supernaturali3
2701 3864 2821 3927 hoc
2852 3870 3064 3927 autem
3101 3864 3340 3927 iudicat

1772 3956 2150 4019 illimitatum
2163 3956 2502 4035 quemdam
2515 3958 2774 4020 modum
2791 3960 3186 4041 operandi‚et
3200 3958 3338 4021 haec

1772 4057 1902 4113 tota
1924 4052 2260 4113 illimitatio
2281 4051 2623 4114 includitur
2649 4052 2714 4114 in
2733 4053 2838 4115 illo
2861 4052 3043 4133 quasi
3063 4052 3307 4133 objecto
3315 4096 3338 4127 ‚

1772 4162 1919 4207 cum
1938 4146 2219 4209 dicemus
2256 4145 2419 4209 hanc
2439 4147 2786 4225 potentiam
2821 4166 2964 4211 sese
2989 4146 3332 4209 extendere

1772 4239 1855 4301 ad
1880 4258 2134 4301 omnem
2163 4239 2476 4301 actionem
2512 4240 3052 4303 instrumentalem
3077 4286 3093 4313 ‚
3125 4240 3188 4302 in
3209 4256 3336 4322 qua
3373 4292 3398 4305 ,

1772 4334 2064 4413 specialis
2086 4333 2504 4413 repugnantia
2527 4332 2781 4397 inventa
2803 4353 2930 4397 non
2958 4334 3169 4398 fuerit.

1854 4430 1995 4489 110.
2039 4426 2134 4489 Do
2181 4428 2602 4491 instrumentis
2645 4428 2732 4491 ad
2770 4434 2942 4493 actus
2994 4428 3230 4492 vitales.
3254 4462 3337 4475 —

1772 4522 1913 4583 Jam
1940 4538 2092 4582 vero
2116 4521 2182 4584 in
2209 4520 2568 4601 particulari
2609 4521 2927 4601 inquirere
2957 4541 3042 4584 an
3064 4522 3198 4585 baec
3233 4522 3339 4585 vel

1773 4614 1883 4677 illa
1909 4614 2071 4677 actio
2100 4614 2376 4676 involvat
2421 4615 2586 4677 hanc
2613 4615 3119 4695 repugnantiam,
3151 4616 3216 4676 in
3243 4616 3308 4675 in

1772 4708 2018 4769 finitum
2043 4712 2209 4769 esset
2251 4707 2618 4787 procedere,
2647 4713 2712 4770 et
2740 4726 2778 4769 a
2806 4714 3018 4771 nostro
3049 4708 3333 4773 instituto

1772 4802 2096 4875 alienum;
2132 4801 2212 4863 de
2265 4800 2512 4863 duabus
2549 4807 2762 4863 autem
2797 4800 3148 4863 actionibus
3176 4801 3337 4864 solet

1775 4914 1911 4959 esse
1937 4894 2228 4975 specialis
2255 4894 2609 4968 difficultas,
2643 4901 2706 4958 et
2733 4897 2998 4973 utraque
3027 4900 3234 4975 potest
3253 4895 3333 4957 ad

1774 4989 1996 5053 Christi
2019 4988 2474 5051 humanitatem
2500 4986 2839 5067 pertinere.
2863 4988 3000 5051 Una
3032 4990 3127 5050 est
3169 4986 3330 5049 actio

1774 5083 2132 5159 creationis,
2162 5100 2243 5145 an
2272 5080 2364 5143 illi
2405 5080 2762 5160 specialiter
2782 5085 3094 5161 repugnet
3122 5081 3334 5143 dicere

1774 5184 2126 5257 respectum
2190 5174 2626 5255 dependentia}
2689 5175 2772 5237 ad
2845 5176 3335 5236 instrumentum

1775 5278 2080 5342 creatum,
2111 5268 2189 5331 de
2225 5286 2350 5349 qua
2379 5268 2664 5331 nonnihil
2689 5268 3070 5347 attingemus
3108 5266 3334 5328 sectio·-

1774 5380 1856 5427 ne
1882 5364 2100 5425 ultima
2141 5362 2331 5442 hujus
2371 5362 2827 5441 disputationis,
2859 5361 3068 5423 Altera
3117 5366 3212 5422 est
3252 5359 3334 5422 de

1774 5460 2020 5523 actione
2049 5474 2161 5521 seu
2189 5463 2332 5519 actu
2360 5455 2552 5531 vitali,
2589 5455 2670 5517 de
2699 5456 2974 5535 quoiam
3013 5470 3203 5535 supra
3243 5452 3336 5515 di·

1774 5554 1982 5620 ximus
2021 5568 2154 5618 non
2189 5564 2548 5631 repugnare
2585 5546 2758 5627 quod
2797 5546 2908 5611 flat
2942 5564 3058 5627 per
3105 5546 3336 5627 priuci-
