3892 6167
596 289 716 348 642

599 393 690 454 dit
731 391 794 452 in
839 393 1171 468 utrumque
1209 393 1280 448 ut
1318 388 1384 448 in
1423 387 1759 468 objectum,
1805 387 1918 450 sed
1961 386 2155 466 phan-

599 493 800 548 tasma
842 482 1046 560 ipsum
1105 480 1350 558 attingit
1381 487 1452 542 ut
1499 488 1708 544 actum
1739 481 2154 560 productum,

595 596 722 656 quo
741 575 1060 637 mediante
1075 574 1353 636 tenditur
1377 575 1438 635 in
1457 593 1586 636 rem
1615 579 2151 654 repraesentatam,

597 671 756 732 utin
787 669 1126 748 objectum.
1179 669 1256 730 At
1279 687 1428 730 vero
1459 671 1520 730 in
1550 669 1869 748 praesenti,
1900 685 2159 730 necesse

601 769 698 825 est
733 769 803 825 ut
835 762 940 823 ille
977 767 1187 823 motus
1213 761 1475 842 attingat
1498 763 1837 843 imaginem
1862 769 1926 823 et
1947 779 2162 824 exem—

599 858 740 938 plar
778 863 1081 936 tanquam
1120 857 1436 936 objectum
1461 903 1481 933 ‚
1527 858 1694 938 quod
1727 875 1847 920 nec
1875 856 1955 918 de
1984 861 2161 919 motu

602 951 997 1032 cogitationis
1041 967 1261 1012 verum
1309 951 1598 1026 videtur,
1648 951 1797 1032 quia
1843 951 2053 1031 imago
2098 956 2163 1012 et

603 1045 924 1124 exemplar
967 1044 1323 1123 cogitantur
1365 1050 1567 1106 utres
1596 1044 1894 1120 diversae,
1936 1043 2165 1123 quibus

601 1136 833 1198 diversi
877 1143 1216 1216 conceptus
1261 1138 1775 1217 correspondent,
1821 1155 1936 1199 nee
1970 1137 2049 1198 de
2076 1135 2166 1198 af—

599 1229 770 1291 fectu
797 1229 1202 1303 adorationiS,
1233 1235 1494 1310 propter
1519 1231 1810 1293 eamdem
1840 1249 2115 1292 causam.

684 1324 784 1386 38.
813 1322 1069 1403 Τνὶρίεω
1088 1321 1422 1404 ima-qimam
1447 1324 2163 1388 considerata—Eccle-

602 1418 712 1482 sioe
737 1433 888 1480 usus
915 1433 1025 1479 cur
1052 1415 1397 1493 obtinuerit,
1419 1422 1492 1480 nt
1521 1417 1636 1479 uni
1664 1417 1924 1496 ejusdem
1957 1433 2164 1496 perso·

601 1529 696 1574 πω
729 1509 993 1588 imayini
1030 1509 1232 1588 major
1271 1510 1590 1586 deseratur
1629 1509 1812 1574 honos
1849 1527 2031 1592 quam
2064 1510 2163 1572 al-

603 1601 1092 1667 teris—Celebris
1125 1601 1207 1664 B.
1253 1601 1527 1682 Virqinir
1554 1603 1756 1682 imayo
1791 1621 1830 1666 a
1873 1603 1959 1665 D.
1996 1604 2165 1667 Luca

604 1693 1189 1779 depicta—Christi
1220 1695 1421 1777 imayo
1445 1695 1520 1758 ab
1549 1697 1682 1777 ipso
1706 1696 1790 1757 ad
1810 1693 2167 1774 Abayarum

603 1789 1032 1853 misem—Has
1063 1787 1455 1850 difficultates
1493 1788 1818 1869 proposui,
1860 1795 1928 1851 ut
1956 1795 2168 1850 osten-

605 1883 847 1959 derem,
881 1881 1149 1960 primam
1178 1881 1350 1942 illam
1379 1883 1717 1957 rationem,
1749 1882 1975 1960 siquid
2012 1883 2168 1944 diffi-

604 1975 856 2038 cultatis
889 1973 1106 2049 habet,
1139 1991 1539 2036 communem
1567 1991 1716 2036 vere
1745 1992 1884 2036 esse
1905 1975 1970 2034 in
1996 1975 2165 2037 omni

607 2069 942 2143 sententia,
959 2073 1023 2130 et
1043 2067 1265 2130 eadem
1289 2065 1580 2129 facilitate
1611 2066 1906 2148 explicari
1933 2068 2031 2129 vel
2061 2086 2167 2148 ap-

602 2161 820 2242 plicari
851 2161 1222 2242 principium
1253 2160 1406 2223 illud
1435 2163 1515 2223 ad
1537 2162 1703 2223 hane
1733 2161 2161 2224 adorationem

601 2255 898 2336 imaginis
932 2271 1092 2335 pure
1139 2256 1573 2335 respectivam‚
1613 2272 1739 2335 qua
1770 2255 1852 2317 ad
1899 2255 2165 2316 alteram

605 2349 1036 2411 adorationem
1058 2349 1366 2428 imaginis’
1381 2367 1526 2410 cum
1557 2349 1900 2429 exemplari
1927 2349 2164 2411 directe

605 2443 890 2504 adorato.
937 2442 1215 2503 Primum
1267 2443 1462 2522 igitur
1516 2442 1991 2504 concedendum
2044 2445 2163 2519 est,

603 2541 832 2616 praeter
859 2535 1424 2597 considerationem
1455 2536 1745 2616 imaginis
1773 2555 1930 2615 pure
1967 2541 2167 2597 mate·

604 2628 852 2704 rialem,
898 2634 970 2689 ut
1013 2645 1115 2690 res
1157 2629 1444 2708 quaedam
1477 2635 1573 2690 est
1602 2629 1691 2691 sic
1729 2629 2029 2691 fabricata
2066 2627 2169 2690 vel

605 2722 855 2802 depicta
882 2721 1114 2783 talibus
1141 2723 1473 2798 color-ibae,
1506 2721 1732 2801 figura,
1759 2727 1908 2796 ete„
1933 2728 1999 2784 et
2024 2739 2168 2783 con-

607 2815 1050 2878 siderationem
1101 2814 1393 2896 imaginis
1419 2859 1435 2885 ,
1479 2820 1549 2876 ut
1614 2819 1866 2876 exercet
1935 2831 2166 2875 munus

606 2909 921 2990 imaginiS,
952 2907 1020 2969 id
1065 2914 1195 2981 est,
1229 2913 1298 2969 ut
1337 2907 1487 2968 facit
1533 2913 1907 2987 praesentem
1952 2923 2165 2986 perso-

605 3021 758 3066 nam
795 3007 1332 3082 repraesentatam‚
1373 3008 1435 3064 et
1479 3001 1545 3063 in
1590 3003 1764 3063 illam
1807 3001 1983 3064 ducit
2026 3008 2165 3063 tan—

606 3115 798 3178 quam
840 3097 906 3156 in
949 3096 1262 3176 objectum
1311 3096 1502 3176 quod,
1545 3095 1682 3157 dari
1719 3096 2164 3158 consideratio·

605 3206 758 3250 nem
785 3188 1098 3267 imaginis,
1125 3193 1195 3250 ut
1221 3189 1363 3250 talis
1389 3207 1492 3250 res
1521 3207 1700 3252 saera
1729 3195 1846 3264 est,
1884 3191 2053 3268 quod
2084 3207 2163 3250 ex

607 3281 790 3344 dietis
834 3282 984 3343 satis
1031 3281 1363 3360 probatum
1401 3283 1798 3362 relinquitur,
1831 3287 1893 3344 et
1938 3301 2015 3359 ex
2065 3283 2169 3344 vn

610 3373 888 3454 Synodo,
921 3390 1062 3452 quae
1091 3392 1254 3455 saepe
1282 3374 1588 3454 imagines
1613 3375 1806 3436 rebus
1832 3376 2028 3437 saeris
2057 3394 2172 3437 an-

607 3473 923 3540 numerat,
966 3473 1029 3528 et
1074 3485 1290 3546 parem
1341 3470 1810 3530 venerationem
1855 3471 1946 3531 eis
1974 3472 2171 3532 -attri-

607 3561 744 3622 huit
762 3576 784 3638 3
829 3577 1020 3640 quam
1073 3562 1450 3624 sententiam
1501 3564 1806 3642 expressit
1857 3563 2046 3625 etiam
2095 3565 2164 3625 D.

607 3655 858 3730 Thon,
891 3655 958 3714 iu
995 3657 1056 3715 2.
1095 3657 1156 3728 2,
1203 3655 1342 3718 loeo
1387 3673 1578 3736 supra
1623 3657 1833 3729 citato,
1883 3657 2169 3736 quamvis

607 3745 732 3810 hoc
769 3748 908 3809 loco
950 3765 1080 3808 non
1123 3755 1253 3810 tam
1290 3742 1512 3829 'aperte
1547 3768 1688 3811 eam
1727 3749 2161 3812 declaraverit.

607 3839 790 3902 Unde
831 3841 1014 3921 Juxta
1055 3842 1343 3904 Ecclesiae
1375 3861 1584 3916 usum,
1623 3844 1910 3922 quamvis
1941 3844 2166 3924 imagi-

607 3949 724 3995 nes
747 3933 1032 4012 ejusdem
1054 3953 1340 4014 personae
1369 3937 1434 3997 in
1461 3937 1655 4016 priori
1675 3936 1918 3999 ratione
1939 3953 2168 4016 repra}-

608 4027 897 4088 sentandi
943 4028 1216 4107 aequales
1263 4029 1407 4105 sint,
1433 4035 1646 4092 tamen
1676 4036 1989 4109 quatenus
2018 4047 2167 4090 con-

609 4121 964 4182 siderantur
987 4128 1056 4184 ut
1083 4141 1186 4184 res
1213 4123 1502 4203 quaedam
1533 4141 1747 4196 sacrae,
1787 4129 1997 4202 potest
2037 4141 2165 4184 una

612 4214 798 4276 aliam
820 4217 1147 4293 excedere,
1171 4219 1222 4278 si
1247 4217 1528 4296 pluribus
1553 4216 1746 4278 titulis
1767 4224 1830 4279 et
1850 4216 2055 4278 modis
2070 4235 2167 4277 sa-

611 4315 785 4370 erata
817 4315 1168 4384 censeatur,
1194 4315 1266 4371 ut
1302 4311 1354 4370 si
1399 4311 1564 4371 Deus
1594 4327 1710 4389 per
1757 4310 1926 4371 illam
1976 4311 2167 4372 mira-

611 4402 754 4465 cula
795 4407 1111 4483 operetur,
1139 4406 1248 4466 aut
1275 4403 1324 4465 si
1355 4403 1656 4483 peculiari
1703 4404 1824 4464 ritu
1874 4403 2165 4466 Ecclesiae

611 4494 944 4558 benedicta
971 4496 1068 4559 'sit
1109 4502 1220 4558 aut
1267 4501 1654 4570 consecrata,
1687 4502 1796 4559 aut
1823 4496 1876 4558 si
1903 4513 2035 4560 non
2066 4515 2165 4559 so-

609 4589 744 4651 lnm
774 4595 846 4652 ut
888 4587 1117 4671 imago,
1161 4590 1272 4652 sed
1313 4590 1503 4653 etiam
1531 4595 1599 4650 ut
1625 4590 1888 4669 reliquia
1935 4591 2167 4654 habea·

610 4687 736 4756 tur,
767 4687 837 4744 ut
865 4687 980 4756 est,
1012 4682 1183 4743 verbi
1215 4683 1438 4760 gratia,
1465 4682 1673 4765 imago
1701 4683 1770 4744 B.
1814 4683 2084 4764 Virginis
2128 4701 2166 4746 a

608 4775 673 4838 S.
701 4775 866 4838 Luca
891 4774 1159 4854 depicta,
1187 4782 1297 4836 aut
1319 4775 1522 4854 figura
1547 4777 1765 4838 Christi
1788 4777 1856 4837 in
1885 4777 2161 4840 sudario.

609 4866 710 4929 vel
737 4866 928 4927 linteo
957 4884 1084 4946 quo
1111 4867 1340 4929 faciem
1365 4870 1573 4940 tersit,
1605 4869 1846 4945 relicta,
1875 4876 1984 4932 aut
2010 4871 2168 4932 ima·

611 4975 694 5038 go
729 4975 922 5036 quam
962 4959 1044 5020 ad
1072 4961 1432 5038 Abagarum
1469 4962 1655 5024 misit.
1705 4961 1884 5034 Quod
1911 4981 2063 5043 ergo
2093 4965 2165 5026 D.

609 5053 882 5114 Thomas
911 5057 974 5113 et
1001 5053 1288 5115 doctores
1315 5054 1382 5114 in
1406 5054 1524 5116 hac
1547 5057 1809 5116 materia
1837 5057 2000 5116 hanc
2021 5073 2167 5116 eon·

603 5145 1056 5206 siderationem
1085 5163 1212 5207 non
1241 5147 1658 5222 distinxerint,
1683 5149 1942 5211 fortasse
1972 5167 2163 5211 causa

609 5237 730 5300 fuit
757 5257 896 5319 quae
923 5257 1114 5318 supra
1140 5246 1302 5303 tacta
1333 5248 1445 5317 est,
1469 5245 1617 5322 quia
1647 5243 1780 5304 haec
1806 5245 1967 5305 ratio
1996 5261 2164 5305 eom-

613 5335 828 5397 munis
855 5338 948 5398 est
967 5336 1212 5398 caeteris
1237 5337 1426 5399 rebus
1455 5338 1668 5413 saeriS,
1703 5343 1766 5400 et
1793 5337 1940 5419 quia
1974 5338 2164 5418 expli·

615 5435 750 5491 eata
771 5429 1022 5508 proprie
1045 5435 1104 5491 et
1125 5427 1454 5492 difficiliori
1481 5430 1844 5493 adoratione
1873 5429 2166 5510 imaginis

1831 287 2068 350 QuAEs‘r.
2103 285 2258 341 XXV.
2294 287 2497 342 ARTlc.
2534 287 2619 340 nl.

2239 405 2383 448 cum
2410 382 2774 465 exemplari,
2798 383 2919 446 alia
2940 384 3231 464 implicite
3256 394 3495 471 exposita
3516 417 3665 471 oense.

2238 480 2445 542 batur.
2473 480 2587 541 Vel
2614 483 2783 540 certe
2808 477 2927 540 dici
2956 485 3194 558 potest,
3222 483 3329 544 sub
3352 487 3441 549 illo
3465 501 3664 565 membro

2243 571 2765 634 considerationis
2792 570 3110 651 imaginis,
3150 580 3217 635 ut
3242 575 3425 659 imago
3450 591 3539 663 est,
3560 609 3665 655 com.

2240 665 2653 747 prehendisse
2683 681 2934 726 omnem
2968 665 3484 735 considerationem
3520 683 3667 765 imagi.

2240 759 2373 834 nis,
2406 777 2529 838 qua
2560 759 2895 838 conjuncte
2928 775 3071 819 eum
3100 775 3174 821 ex
3208 766 3503 846 exemplari
3534 782 3667 840 consi.

2242 853 2520 927 deretur,
2550 851 2679 915 sive
2710 852 3032 933 exemplar
3058 853 3239 916 simul
3266 861 3599 942 concipimur,
3628 883 3670 936 ut
3741 885 3744 894 ·

2243 946 2309 1008 id
2340 946 2511 1026 quod
2540 945 2857 1026 proecipue
2886 945 3215 1023 adoratur,
3243 948 3359 1010 sive
3396 955 3599 1034 tantum,
3628 971 3671 1026 ut

2246 1039 2405 1102 ratio
2451 1036 2796 1112 adorandi;
2834 1047 2897 1102 et
2938 1039 3057 1101 hoe
3096 1040 3238 1100 satis
3274 1041 3577 1120 significavit
3602 1057 3672 1118 ca.

2242 1133 2499 1212 jetanus
2554 1131 2794 1206 dicens,
2848 1131 3017 1211 quod
3064 1133 3265 1212 imago
3308 1139 3438 1199 tunc
3468 1145 3672 1211 terminat

2248 1231 2512 1299 motum,
2540 1229 2609 1285 ut
2640 1241 2763 1297 res,
2788 1225 3042 1304 quando
3072 1227 3304 1288 ratione
3330 1231 3447 1306 sui,
3472 1234 3573 1296 sive
3593 1257 3673 1302 ma.
3744 1269 3746 1300 2

2250 1318 2570 1394 terialiter,
2594 1318 2721 1379 sive
2748 1317 3095 1379 formaliter
3115 1321 3387 1382 terminat
3406 1343 3421 1398 3
3448 1332 3563 1390 tunc
3576 1349 3672 1396 vero

2246 1417 2496 1474 exercet
2516 1415 2731 1472 aetum
2753 1410 3069 1488 imaginis,
3087 1413 3327 1491 quando
3344 1417 3478 1478 ratio
3496 1421 3595 1497 ejus
3614 1445 3673 1486 ac·

2242 1513 2345 1567 tus
2374 1511 2469 1566 est
2490 1504 2833 1584 exemplar,
2860 1504 2926 1566 id
2958 1509 3075 1576 est,
3094 1506 3251 1567 ratio
3276 1507 3531 1571 adorandi
3546 1513 3670 1594 illam,

2246 1604 2317 1660 ut
2344 1598 2555 1659 statim
2599 1597 2897 1660 declarat.
2924 1597 3107 1659 Unde
3132 1597 3347 1673 subdit,
3364 1609 3561 1665 motum
3583 1609 3675 1669 ado·
3746 1641 3748 1648 ·

2248 1692 2510 1754 rationis
2537 1709 2687 1752 vere
2732 1697 2795 1752 et
2832 1689 3089 1771 proprie
3116 1693 3417 1754 terminari
3446 1695 3676 1780 adimagi-
3746 1689 3748 1700 ²

2247 1804 2419 1858 nem,
2450 1785 2738 1866 quamvis
2783 1803 2913 1846 non
2948 1784 3191 1846 ratione
3233 1787 3343 1863 sui,
3386 1789 3477 1849 sed
3512 1794 3675 1856 ratione

2250 1879 2664 1959 exemplaris3
2702 1895 2939 1958 quare,
2988 1879 3159 1958 quod
3204 1879 3435 1941 inferius
3469 1883 3564 1958 ait,
3596 1903 3676 1947 noa
3749 1931 3750 1964 i

2248 1973 2531 2036 exhiheri
2551 1972 2989 2034 adorationem
3012 1970 3285 2052 imagini,
3309 1991 3381 2035 ne
3406 1974 3499 2036 sibi
3517 1977 3575 2040 sit
3586 1996 3679 2040 eon·
3748 1975 3750 1980 ’

2246 2065 2497 2140 trariuS,
2522 2072 2588 2127 et
2615 2065 2680 2126 in
2712 2071 3001 2146 apertum
3028 2083 3296 2127 errorem
3320 2067 3542 2143 labatur,
3560 2071 3678 2134 intel-

2244 2157 2569 2239 ligendum
2601 2166 2697 2220 est
2725 2177 2855 2220 non
2888 2158 3172 2220 exhiberi
3200 2159 3563 2224 adorationem
3580 2166 3677 2226 ima·

2247 2253 2398 2333 gini,
2422 2269 2501 2314 ex
2524 2269 2615 2328 se,
2652 2269 2765 2314 seu
2806 2259 3069 2332 propter
3100 2269 3167 2314 se
3188 2273 3207 2327 3
3230 2269 3367 2314 nam
3390 2254 3565 2317 eodem
3586 2277 3676 2319 sen·
3751 2317 3752 2324 ,

2248 2365 2323 2408 su
2362 2347 2568 2426 inquit
2610 2345 2858 2408 adorari
2902 2345 3247 2426 imaginem
3288 2365 3401 2408 non
3432 2351 3677 2411 seeundum

2246 2457 2339 2518 se,
2372 2441 2487 2501 sed
2514 2440 2859 2502 secundum
2899 2439 3075 2501 aliud
3104 2439 3170 2500 in
3199 2440 3347 2520 ipsa,
3374 2442 3511 2520 qnod
3532 2451 3599 2505 est
3618 2463 3677 2506 ra-
3750 2477 3752 2482 .

2244 2534 2333 2594 tio
2364 2533 2667 2595 adorandi
2690 2534 2912 2612 ipsam.
2948 2531 3431 2612 Quotiescunque
3450 2553 3565 2615 ergo
3584 2555 3677 2599 con·

2250 2627 2561 2690 sideratur
2590 2627 2824 2706 imago,
2850 2627 2936 2690 ita
2972 2632 3042 2688 ut
3068 2633 3195 2689 tota
3223 2627 3367 2689 ratio
3390 2627 3617 2691 adorandi
3635 2632 3675 2693 il·

2246 2721 2371 2782 lam
2402 2723 2477 2783 sit
2503 2727 2908 2802 prototypon,
2948 2720 3291 2782 formaliter
3311 2727 3375 2783 ut
3394 2721 3561 2802 imago
3580 2743 3670 2786 con·

2246 2815 2601 2892 sideratur3
2632 2815 2761 2876 imo
2804 2815 2923 2876 hoe
2960 2819 3083 2890 est,
3116 2814 3282 2893 quod
3312 2831 3415 2894 per
3438 2833 3493 2876 se
3526 2834 3577 2875 ac
3598 2817 3671 2878 ior-

2246 2909 2495 2971 maliter
2528 2907 2968 2988 requiritur'ad
3000 2905 3677 2990 considerationemimagi·

2245 3001 2366 3075 niS‚
2394 3009 2463 3064 ut
2489 3003 2701 3083 imago
2727 3007 2839 3074 est,
2864 3007 2926 3065 et
2952 3001 3328 3079 adorabilis;
3355 3002 3611 3082 quodvero
3623 3003 3677 3063 ul-

2243 3095 2441 3157 terius
2479 3115 2622 3158 cum
2655 3095 2933 3175 imagine
2963 3095 3345 3176 concipiatur
3374 3096 3621 3175 exemplar
3636 3105 3677 3156 ut

2244 3187 2561 3267 objectum
2590 3187 2762 3268 quod
2798 3188 3124 3264 adoratur,
3156 3188 3410 3268 pertinet
3427 3188 3496 3248 ad
3517 3189 3678 3267 periec-
3755 3229 3756 3232 κ

2248 3282 2509 3356 tiorem,
2562 3282 2891 3361 magisque
2956 3281 3331 3362 completum
3390 3299 3571 3356 usam,
3608 3299 3677 3341 seu

2252 3375 2621 3437 exercitium
2651 3375 2970 3454 imaginis,

2333 3472 2431 3531 39.
2484 3467 2759 3542 Qualiter
2799 3469 2865 3531 in
2920 3468 3090 3531 omni
3134 3466 3445 3532 adoratione
3482 3465 3679 3550 imayinis

2250 3563 2407 3626 idem
2442 3563 2530 3623 sit
2560 3562 2631 3622 in
2656 3561 2877 3642 ipsunt,
2907 3562 3017 3643 qui
3044 3562 3113 3624 in
3150 3562 3428 3640 amplas·
3450 3567 3611 3622 motus.
3630 3589 3681 3604 -

2249 3655 2453 3734 Atque
2476 3654 2620 3715 hine
2652 3646 2749 3730 fit,
2762 3655 2951 3715 etiam
2977 3655 3097 3716 sub
3116 3655 3231 3716 hac
3252 3655 3465 3716 ratione
3484 3673 3568 3715 seu
3587 3671 3679 3714 caa-

2246 3749 2647 3822 sideratione‚
2672 3765 2813 3810 esse
2838 3747 3138 3810 eumdem
3158 3753 3382 3809 motum
3408 3745 3679 3809 adorationis

2246 3842 2313 3902 in
2336 3841 2697 3921 imaginem,
2728 3841 2873 3904 etin
2903 3859 3044 3903 rem
3075 3842 3249 3922 cujus
3272 3839 3680 3920 estimago,quia,

2247 3938 2319 3996 ut
2336 3934 2707 4014 explicando
2727 3935 3086 3997 testimonia
3102 3937 3249 4010 dixi,
3270 3935 3437 3997 etiam
3448 3935 3545 3994 hoc
3558 3931 3681 3992 modo

2249 4027 2547 4092 adoratur
2596 4029 2951 4106 aliqualiter
3004 4029 3318 4110 exemplar
3364 4027 3419 4090 in
3455 4026 3681 4104 imagine,

2248 4141 2392 4186 eum
2436 4124 2645 4204 imago
2678 4125 2814 4203 ipsa
2841 4129 3099 4204 propter
3134 4123 3433 4204 exemplar
3453 4121 3679 4182 adoretur.

2246 4219 2463 4298 Neque
2496 4222 2593 4279 est
2630 4217 2904 4293 difficile,
2936 4216 3109 4295 quod
3138 4217 3203 4280 in
3230 4216 3395 4279 tertio
3418 4221 3597 4296 puncto
3616 4230 3683 4272 su-

2244 4329 2361 4393 pra
2384 4317 2489 4373 tan
2498 4311 2783 4390 gebatur,
2810 4311 3121 4373 unitatem
3148 4310 3328 4391 hujus
3350 4315 3521 4370 motus
3540 4307 3585 4366 in
3606 4306 3683 4364 hoe

2245 4403 2433 4466 modo
2482 4405 2865 4466 adorationis
2890 4404 3237 4480 declarare,
3278 4411 3395 4466 tam
3434 4402 3487 4464 in
3521 4397 3677 4480 eogita-

2246 4498 2417 4560 tione
2442 4515 2635 4577 qnam
2666 4499 2734 4560 in
2765 4499 3026 4575 affectu3
3056 4517 3240 4574 nam,
3274 4515 3403 4560 eum
3424 4497 3587 4569 imago
3606 4490 3680 4550 sub

2246 4591 2366 4654 hae
2396 4592 2638 4655 ratione
2675 4594 3021 4674 respective
3054 4592 3436 4674 concipiatur,
3470 4593 3522 4651 et
3548 4591 3677 4648 utoes

2246 4686 2535 4767 quaedam
2558 4703 2759 4760 saera,
2787 4689 3029 4751 ratione
3044 4685 3415 4766 exemplaris,
3442 4683 3575 4744 idem
3594 4695 3675 4739 mo·

2246 4783 2349 4840 tus
2380 4779 2771 4860 cogitationis
2812 4781 3011 4842 tendit
3040 4782 3104 4841 in
3134 4779 3447 4859 imaginem
3466 4776 3518 4836 in
3547 4775 3672 4839 recto,

2249 4876 2309 4932 et
2348 4871 2412 4931 in
2462 4872 2783 4950 exemplar
2822 4873 3003 4951 quasi
3052 4873 3118 4934 in
3158 4872 3412 4950 obliquo,
3444 4885 3536 4929 seu
3572 4863 3677 4924 adae·

2249 4971 2437 5044 quate
2465 4965 2666 5026 tendit
2692 4965 2757 5026 in
2776 4965 3137 5045 imaginem,
3154 4973 3221 5026 ut
3247 4969 3497 5026 sanctam
3512 4958 3675 5021 ratione

2248 5056 2661 5136 exemplaris3
2715 5064 2777 5120 et
2822 5059 3041 5122 eodem
3073 5059 3259 5121 modo
3298 5054 3522 5120 intentio
3543 5049 3673 5112 cultus

2249 5155 2311 5211 et
2337 5152 2705 5213 reverentiae
2729 5151 2931 5213 tendit
2954 5153 3017 5213 in
3056 5153 3271 5232 ipsam,
3310 5157 3375 5211 ut
3399 5145 3548 5228 qued,
3574 5147 3615 5202 et
3632 5137 3672 5197 1ss

2246 5245 2589 5324 exemplar,
2626 5250 2695 5306 ut
2725 5263 2871 5325 quo.
2912 5245 3229 5322 Quocirca,
3266 5243 3419 5325 qnod
3440 5240 3671 5319 Cajetanus

2246 5339 2355 5413 ait,
2386 5339 2751 5418 imaginem,
2784 5347 2855 5403 nt
2880 5359 2983 5403 res
3014 5339 3291 5422 quoedam
3318 5341 3419 5412 est,
3446 5327 3669 5396 includere

2248 5447 2375 5494 non
2406 5437 2649 5495 tantum
2676 5434 3002 5497 materiam
3046 5440 3107 5499 el
3133 5433 3407 5515 figuram,
3436 5423 3669 5490 sedetiam
