3892 6167
519 301 642 368 602

585 409 766 460 autern
793 403 1142 471 capacitatem
1176 401 1615 470 obedientlatem,
1645 404 1701 459 d.
1727 408 1808 470 aa,
1841 417 1883 459 s.
1907 409 1953 459 t.

581 481 760 534 Potest
782 483 960 532 tamen
986 477 1042 532 id
1065 478 1263 532 virtute
1287 480 1708 548 supernaturali,
1743 479 1818 533 ib.

522 555 790 610 creaturae.
826 554 1084 608 videntur
1115 555 1176 608 in
1207 558 1336 620 Deo,
1376 557 1510 624 quia
1547 559 1687 611 neus
1726 555 1979 622 cognitus
2004 561 2084 610 cst

585 631 724 685 ratio
753 630 1119 697 cognoscendi
1146 629 1283 692 illas.
1307 646 1350 686 s.
1377 637 1426 686 3.

522 707 790 760 creaturae
814 705 1207 760 communicari
1238 711 1410 774 potest
1434 707 1630 763 modus
1647 706 1870 762 vivendi
1897 705 2103 766 futura-

586 794 684 848 per
714 794 1024 849 supremam
1057 781 1340 836 scientiam
1371 789 1624 848 creatam,
1655 794 1767 836 non
1797 795 1892 849 per
1933 780 2080 834 infe-

590 857 812 922 riorem,
836 858 886 911 d.
913 863 996 922 27,
1019 872 1064 910 s.
1087 861 1136 910 Ξ.

523 935 717 988 creare
743 947 802 986 se
826 931 1003 1000 ipsum
1024 933 1208 988 nullus
1237 935 1466 989 omnino
1495 939 1685 1002 potest,
1709 935 1764 988 d.
1790 939 1869 1000 3⁰,
1892 948 1934 988 s.
1968 939 2015 986 2.

521 1013 588 1066 ln
619 1009 881 1066 creaturis
906 1011 1148 1078 potentia
1177 1012 1560 1068 obedientialis
1589 1011 1764 1066 activa
1793 1015 1850 1065 et
1870 1011 2081 1080 passiva

586 1087 871 1155 reperitur,
894 1087 948 1140 d.
975 1091 1054 1151 ³1,
1079 1101 1124 1142 s,
1157 1093 1204 1140 ti.

523 1167 780 1220 creatura
805 1175 916 1216 non
950 1163 1152 1216 dicitur
1178 1177 1306 1218 vere
1325 1161 1524 1219 elevari
1560 1165 1629 1218 ad
1651 1178 1768 1218 esse
1789 1177 1914 1217 cum
1935 1176 2082 1216 ema-

585 1247 722 1302 tura,
747 1253 791 1292 s.
819 1246 867 1292 6.

519 1319 600 1374 Ad
633 1319 893 1370 creaturae
921 1314 1162 1370 debitam
1185 1314 1688 1371 subordinationem
1715 1323 1770 1370 et
1788 1315 2079 1382 subjectio-

583 1406 710 1446 nem
743 1391 815 1446 ad
845 1392 1015 1444 Deum
1045 1398 1265 1458 spectat,
1287 1398 1346 1446 ut
1371 1393 1430 1446 in
1454 1407 1512 1448 se
1541 1393 1736 1446 habeat
1758 1391 2083 1447 fundamen-

581 1475 696 1524 tum
725 1481 824 1537 per
855 1469 1004 1535 quod
1038 1469 1208 1536 possit
1237 1469 1464 1524 obedire
1500 1473 1608 1526 Deo
1634 1471 1704 1524 ad
1735 1469 1957 1524 effectus
1987 1483 2083 1522 su·

583 1543 980 1614 pernaturales,
1004 1544 1078 1597 ib.

519 1622 774 1674 creatura
795 1620 1020 1687 praecise
1048 1620 1388 1674 considerata
1414 1622 1714 1676 secundum
1741 1633 1862 1674 eam
1892 1619 2083 1674 entita-

583 1701 689 1748 tem
706 1709 872 1762 quam
901 1695 1065 1748 habet
1081 1709 1176 1762 per
1195 1710 1350 1750 suam
1375 1697 1722 1761 creationem,
1741 1702 1822 1750 est
1839 1697 2080 1762 subjecta

582 1785 682 1826 suo
710 1771 960 1834 creatori,
983 1771 1189 1838 absque
1229 1785 1294 1827 eo
1336 1773 1484 1839 quod
1521 1773 1591 1826 ab
1623 1773 1714 1826 ilia
1750 1772 2082 1840 intelligatur

581 1847 864 1901 dimanare
881 1847 1066 1914 aliqua
1087 1848 1259 1902 virtus
1276 1850 1362 1903 vel
1385 1849 1580 1904 modus
1601 1863 1634 1902 a
1657 1861 1768 1916 quo
1785 1847 1982 1902 habeat
2000 1854 2081 1902 ta·

581 1923 689 1976 lem
711 1923 1128 1989 subjectionem,
1155 1924 1229 1978 id.

519 2001 774 2053 creatura
805 2011 973 2066 agens
1013 2012 1112 2066 per
1158 1999 1455 2066 potentiam
1487 1999 1938 2064 obedientialem,
1975 2001 2083 2068 agit

581 2082 642 2129 ut
686 2075 1108 2128 instrumentum
1127 2113 1141 2138 ,
1183 2083 1237 2130 et
1283 2089 1392 2130 non
1439 2081 1500 2131 ut
1545 2090 1708 2132 causa
1740 2078 2080 2146 principalis,

582 2151 659 2204 ib.

516 2227 826 2280 creaturam
855 2239 971 2281 esse
996 2240 1152 2295 posse
1183 2225 1606 2284 instrumentum
1634 2229 1941 2296 creationis,
1978 2232 2081 2284 late

579 2302 902 2370 disputatur,
929 2303 1003 2356 ib.

579 2381 643 2433 Et
667 2380 1032 2444 concluditur,
1063 2393 1107 2434 s.
1140 2385 1188 2433 9.

519 2455 806 2520 creaturae,
833 2455 1023 2522 quales
1046 2467 1149 2510 nos
1171 2469 1377 2522 sumus,
1413 2455 1646 2524 qualiter
1665 2473 1698 2512 a
1719 2460 1929 2516 Christo
1966 2459 2081 2514 dif-

583 2530 738 2596 serat,
761 2532 816 2586 d.
853 2536 932 2595 35,
959 2546 1002 2586 s.
1030 2534 1077 2584 ⁴.

519 2608 774 2662 creatura
801 2621 918 2660 esse
943 2611 1116 2675 potest
1148 2607 1416 2672 objectiva
1442 2609 1578 2664 ratio
1611 2609 1844 2678 alicujus
1880 2612 2079 2666 decreti

587 2681 747 2737 liberi
783 2681 1078 2737 voluntatis
1100 2682 1322 2747 divinoe,
1349 2684 1402 2737 d.
1435 2689 1514 2752 tt,
1549 2699 1593 2739 s.
1629 2690 1675 2739 t.

891 2811 1022 2852 CRUX
1053 2811 1242 2850 cuman
1277 2813 1424 2862 VBM,
1461 2815 1521 2852 m
1555 2815 1712 2854 nen.

515 2909 694 2974 Cruci,
717 2908 952 2978 aliisque
972 2910 1242 2980 passionis
1261 2911 1455 2968 Christi
1489 2911 1815 2982 insignibus
1837 2916 2079 2972 adoratio

579 2987 786 3048 debita,
809 2987 862 3040 d.
892 2992 970 3049 ⁵6,
1001 3002 1046 3040 S.
1079 2993 1126 3040 1.

515 3063 576 3114 lu
610 3061 788 3116 crucis
819 3059 1038 3116 laudem
1061 3062 1250 3128 multa,
1273 3076 1317 3116 s.
1352 3066 1400 3118 2.

514 3137 672 3191 Cruci
701 3137 896 3191 christi
928 3138 1111 3193 debita
1139 3137 1386 3192 adoratio
1412 3137 1610 3204 qualis.
1645 3137 1720 3194 ib.

514 3213 703 3268 Crucis
730 3229 878 3280 usuS,
908 3227 1070 3280 quem
1099 3208 1373 3268 cdliolica
1395 3215 1634 3268 Ecclesia
1652 3229 1866 3284 semper
1887 3216 2079 3278 tenuit,

579 3291 838 3344 honestus
865 3296 918 3343 et
940 3289 1244 3356 religiosus,
1275 3289 1352 3344 ib.

517 3365 706 3420 Crucis
737 3365 937 3420 erectio
970 3365 1190 3432 signum
1218 3365 1455 3432 expulsae
1483 3365 1824 3430 idololatriae,
1849 3367 1923 3422 ib.

514 3440 892 3494 lutei-crucem
915 3439 1194 3506 etreliqua
1219 3439 1490 3508 passionis
1504 3441 1700 3496 Christi
1719 3443 2083 3499 instrumenta

579 3516 760 3581 quoad
793 3515 1000 3570 cultum
1033 3515 1363 3580 differentia,
1387 3516 1461 3570 ib.

518 3591 578 3642 ln
605 3591 783 3644 crucis
804 3591 954 3644 cultu
971 3593 1334 3646 Armenorum
1361 3591 1692 3659 superstitio,
1715 3593 1790 3648 ib.

519 3665 671 3733 Signi
706 3666 884 3720 crucis
902 3680 1036 3721 usus
1062 3668 1314 3734 quaedam
1350 3667 1476 3722 fidei
1507 3669 1792 3736 professio.
1816 3669 1888 3723 ib.

581 3742 840 3796 Virtutem
867 3742 1031 3795 babet
1047 3749 1238 3798 contra
1263 3743 1542 3798 daemones
1563 3758 1674 3798 non
1703 3745 1759 3798 in
1784 3745 1900 3800 sola
1917 3746 2085 3800 devo·

583 3818 732 3872 tione
761 3824 816 3872 et
841 3817 1034 3872 merito
1069 3819 1362 3886 operantiS,
1397 3819 1494 3874 sed
1530 3819 1587 3873 in
1635 3819 1826 3875 divina
1859 3822 2079 3878 ordina·

585 3893 752 3958 tione,
787 3898 1006 3961 propter
1039 3893 1235 3948 christi
1263 3895 1476 3958 merita,
1512 3895 1817 3961 fundatam,
1853 3897 1929 3950 ib.

522 3969 673 4036 Signi
708 3970 889 4024 crucis
920 3985 1052 4024 usus
1084 3971 1226 4026 valet
1257 3971 1420 4026 etiarn
1445 3973 1516 4026 ad
1551 3973 1953 4040 impetrandum
1984 3973 2088 4026 ali·

587 4047 723 4116 quid
755 4062 782 4102 r
812 4050 940 4113 Deo,
973 4049 1049 4102 ib.

525 4123 712 4178 Crucis
734 4123 955 4190 signum
985 4138 1152 4191 quam
1181 4125 1530 4180 laudabiliter
1559 4126 1754 4180 Christi
1791 4127 1977 4182 fideles
2019 4127 2090 4181 ad

589 4213 714 4252 suas
741 4198 981 4254 actiones
1008 4200 1354 4266 praemittant,
1387 4201 1461 4255 ib.

527 4274 716 4328 Crucis
727 4274 948 4341 signum
969 4275 1133 4330 habet
1150 4289 1341 4330 omues
1365 4277 1622 4332 utilitates
1642 4291 1779 4344 quas
1803 4276 2088 4344 imagines,

590 4349 734 4402 etde
755 4351 874 4415 ejus
897 4349 1214 4404 adoratione
1248 4364 1311 4404 eo
1345 4352 1508 4406 modo
1531 4366 1641 4418 quo
1675 4353 1742 4406 dc
1774 4354 2090 4408 adoratione

591 4421 914 4491 imaginum,
965 4438 1350 4494 sacrorumque
1399 4428 1688 4482 nominum
1741 4429 2090 4482 sentiendum

591 4504 687 4562 est,
721 4499 794 4553 ib.

532 4576 718 4630 Cultus
734 4581 788 4630 et
803 4577 1084 4632 veneratio
1107 4577 1252 4632 idem
1273 4577 1386 4632 fere
1404 4579 1554 4645 quod
1572 4581 1750 4634 honor
1763 4579 2091 4648 significant,

593 4660 647 4708 et
667 4655 858 4709 eodem
892 4669 950 4709 se
973 4657 1176 4710 habent
1194 4657 1264 4710 ad
1283 4656 1674 4722 adorationem,
1695 4672 1738 4712 s.
1761 4664 1841 4711 51.

592 4731 726 4786 Vide
745 4731 941 4798 Latria,
968 4732 1143 4798 Dulia,
1173 4732 1449 4798 Adoratio,
1471 4734 1700 4802 Religio.

1283 4863 1345 4939 D

1215 5025 1415 5066 DAEUOX.

527 5107 752 5165 Daemon
785 5123 897 5166 non
931 5111 1105 5178 potuit
1146 5111 1378 5166 naturali
1418 5111 1618 5166 virtute
1659 5107 2092 5168 incarnationem

592 5200 938 5254 cognoscere,
963 5188 1017 5242 d.
1047 5191 1095 5252 ³,
1125 5201 1168 5251 S,
1199 5193 1247 5238 2.
1337 5235 1340 5240 .

525 5259 747 5316 Daemon
773 5261 831 5316 in
855 5259 1192 5330 peccatorem
1214 5267 1529 5328 potestatem
1561 5259 1742 5325 habet,
1762 5261 1893 5327 quia
1913 5261 2092 5330 ipsum

589 5337 788 5404 punire
813 5339 942 5392 etin
970 5336 1249 5391 infernum
1283 5337 1553 5390 deducere
1587 5340 1778 5404 potest,
1801 5337 1855 5392 d.
1889 5343 1938 5402 10,
1969 5353 2011 5392 S.
2042 5345 2092 5392 3.

525 5417 748 5469 Daemon
781 5414 976 5472 mundi
999 5415 1230 5481 imperio
1253 5428 1351 5480 per
1375 5414 1737 5468 idololatriam
1766 5413 2091 5482 potiebatur,

591 5492 737 5557 quod
760 5491 810 5545 ei
839 5503 934 5558 per
963 5491 1235 5546 Christum
1269 5489 1506 5546 ablatum
1527 5496 1624 5558 est,
1649 5491 1724 5546 ib.

1881 303 2086 368 JNDSX
2116 303 2345 361 RERUH.

2162 407 2383 460 naemoa
2412 403 2683 460 malorum
2708 405 2995 464 bominum
3018 409 3101 460 est
3130 411 3313 472 caput.
3332 405 3388 460 d.
3416 411 3507 469 aa,
3528 419 3575 458 a
3602 411 3643 459 ί.

2162 481 2469 534 Daemonem
2493 481 2778 535 imitantur
2795 481 3021 548 quidam
3040 495 3105 536 ex
3119 481 3488 549 suggestione,
3502 480 3709 548 quidam

2226 557 2448 624 propria
2478 563 2689 624 sponte,
2724 557 2801 611 ib.

2828 689 3061 730 butun.

2160 781 2405 910 Daganati
2420 783 2635 838 nullum
2650 795 2715 838 ex
2732 783 2941 838 meritis
2955 783 3149 839 christi
3171 783 3417 840 fructum
3436 782 3720 850 recipiunt.

2162 862 2692 990 naxitssiuffh'ffitor
2712 936 2769 989 in
2797 936 3111 992 intensione
3132 942 3189 992 et
3208 935 3579 992 multitudine
3622 949 3724 990 ma-

2226 1009 2357 1064 litiae
2382 1024 2640 1080 superare
2660 1017 2850 1080 potest,
2878 1013 2935 1066 d.
2958 1018 3039 1077 23,
3066 1027 3109 1068 s.
3138 1018 3187 1067 2,

2698 1145 2927 1184 bastron.
2954 1145 3188 1186 bunun.

2162 1238 2381 1293 Debitor
2400 1242 2541 1293 Deus
2560 1251 2676 1293 esse
2703 1245 2877 1306 potest
2904 1253 3017 1295 non
3040 1240 3385 1307 simpliciter,
3402 1241 3509 1294 scd
3524 1253 3593 1294 ex
3612 1253 3723 1308 sup-

2226 1314 2499 1380 positione
2532 1315 2943 1383 promissionis,
2983 1317 3070 1372 vel
3101 1316 3337 1384 alicujus
3376 1317 3557 1384 pacti,
3607 1317 3661 1370 d.
3686 1324 3719 1376 t,

2227 1404 2269 1441 s.
2294 1396 2340 1442 5.

2162 1466 2415 1520 Debitum
2436 1473 2500 1521 ut
2517 1467 2598 1521 sic
2630 1469 2883 1537 importat
2904 1469 3155 1527 ordinem
3190 1469 3491 1538 exigentiae
3529 1469 3617 1520 vet
3644 1483 3729 1522 ae·

2226 1541 2507 1606 cessitatis,
2535 1542 2611 1596 lb.

2162 1616 2441 1672 Debitorcs
2488 1619 2547 1672 in
2583 1620 2821 1674 solidum
2864 1621 3109 1686 ejusdem
3151 1622 3231 1676 rei
3272 1622 3364 1676 cui
3402 1621 3603 1689 plum
3628 1635 3729 1676 esse

2224 1695 2454 1760 possint,
2482 1708 2595 1750 non
2618 1701 2798 1750 autem
2829 1697 3061 1764 domini,
3084 1712 3129 1750 s.
3152 1705 3200 1751 e.

2162 1769 2349 1824 Debita
2370 1770 2587 1824 solvens
2614 1784 2727 1825 uno
2770 1772 2925 1826 titulo
2964 1773 3207 1840 justitiae,
3238 1773 3409 1828 etiam
3442 1773 3563 1827 alio
3590 1773 3731 1828 titulo

2227 1845 2410 1900 debita
2443 1848 2651 1900 solvere
2677 1855 2867 1916 potest,
2892 1849 2969 1902 ib.
3162 1897 3169 1904 .

2163 1921 2353 1974 Debita
2380 1923 2604 1986 justitiae
2628 1922 2675 1976 si
2710 1924 3164 2002 multiplicentur,
3200 1931 3441 1993 augetur
3492 1939 3585 1978 res
3628 1926 3729 1993 ipsa

2228 2010 2351 2063 quae
2378 1998 2623 2064 debetur,
2648 2000 2719 2054 ib.

2162 2073 2353 2128 Debito
2381 2075 2849 2130 connaturalitatis
2874 2077 3099 2144 adjungi
3124 2083 3298 2145 potest
3330 2077 3587 2132 debitum
3620 2078 3727 2144 ius-

2231 2151 2387 2216 titiae,
2417 2150 2471 2205 d.
2496 2156 2577 2218 10,
2608 2165 2653 2206 s.
2680 2157 2727 2208 t.

2810 2275 3058 2316 bernerus
3066 2303 3075 2314 .

2160 2375 2411 2430 Defectus
2442 2388 2536 2430 eos
2568 2377 2813 2433 Christus
2848 2384 3055 2432 tantum
3082 2378 3377 2446 assumpsit
3398 2419 3413 2440 ,
3438 2379 3537 2446 qui
3568 2381 3637 2433 ad
3668 2381 3717 2434 tl—

2226 2465 2353 2506 nem
2390 2451 2789 2508 incarnationis
2810 2454 2973 2508 utiles
2988 2467 3106 2508 esse
3126 2461 3399 2522 poterant,
3424 2455 3483 2508 d.
3508 2461 3587 2519 aa,
3606 2470 3647 2508 s.
3672 2461 3711 2510 t.

2226 2528 2327 2590 Qui
2358 2527 2583 2594 fuerint,
2616 2543 2659 2582 s.
2684 2533 2731 2582 2.

2163 2603 2412 2657 Defectus
2458 2603 2513 2656 hi
2569 2609 2819 2672 respectu
2860 2611 3066 2660 naturae
3110 2607 3373 2660 bumanae
3412 2606 3621 2662 etevatae
3646 2609 3703 2660 ad

2226 2679 2493 2732 unionem
2515 2686 2645 2734 sunt
2674 2677 3025 2747 privationes,
3050 2695 3095 2736 s.
3120 2687 3169 2734 1.

2161 2753 2409 2807 Defectus
2430 2755 2702 2809 naturales
2724 2755 2968 2810 Christus
3000 2755 3323 2811 necessitate
3360 2758 3571 2824 quadam
3604 2773 3684 2826 pa-

2226 2828 2477 2896 tiebatur,
2498 2837 2553 2885 et
2574 2832 2867 2897 quomodo,
2904 2847 2949 2886 s.
2984 2838 3031 2886 8.

2159 2905 2530 2960 Nihilominus
2547 2907 2839 2962 voluntarii
2862 2909 3085 2964 fuerunt
3106 2910 3345 2978 Christe,
3364 2910 3527 2964 etiam
3540 2924 3699 2964 sccun-

2226 2982 2359 3036 dum
2384 2983 2719 3038 voluntatem
2742 2985 3057 3045 humanam,
3083 2985 3157 3040 ib.

2163 3057 2413 3114 Defectus
2444 3059 2643 3114 animae
2669 3060 2765 3127 qui
2788 3060 2918 3126 sint,
2942 3065 2997 3115 et
3022 3063 3303 3128 quomodo
3330 3063 3393 3116 in
3420 3062 3621 3116 Christo
3638 3063 3703 3114 lo-

2227 3125 2587 3190 cum‘habere
2618 3137 2912 3204 potuerint,
2936 3153 2979 3191 s.
3005 3143 3052 3190 t.

2766 3267 3103 3308 burmann
3114 3297 3125 3308 .

2160 3360 2544 3428 Dependentiae
2566 3361 2765 3430 duplex
2791 3364 3011 3426 modus,
3039 3365 3092 3419 d.
3119 3370 3170 3428 8,
3188 3381 3234 3419 s.
3262 3372 3306 3418 1.

2225 3435 2539 3490 Differentia
2563 3437 2676 3490 inte
2699 3439 2798 3492 hos
2819 3439 2960 3493 duos
2988 3440 3199 3504 modos,
3228 3441 3301 3494 ib.

2162 3512 2533 3579 Dependentia
2555 3513 2912 3568 humanitatis
2927 3529 2962 3568 a
2981 3515 3157 3570 Verbo
3178 3516 3315 3584 quid
3348 3517 3443 3581 sit,
3462 3524 3521 3574 et
3536 3529 3607 3572 an
3632 3517 3715 3570 dis

2228 3585 2506 3654 tinguatur
2527 3589 2595 3642 ab
2619 3589 2829 3644 unione
2847 3589 3203 3658 hypostatica,
3220 3607 3266 3645 s.
3288 3598 3341 3644 3.

2762 3719 2887 3761 ottus
2895 3743 2907 3757 ·
2942 3719 3130 3761 butus.

2168 3815 2309 3870 Deus
2336 3815 2457 3882 plus
2493 3815 2703 3870 homini
2738 3817 2991 3872 concedit
3034 3833 3201 3885 quam
3232 3818 3351 3888 ipse
3384 3827 3563 3888 petat,
3594 3821 3644 3874 d.
3684 3825 3721 3880 t,

2232 3905 2275 3942 S.
2308 3895 2356 3943 2.

2166 3967 2308 4022 Dens
2340 3981 2399 4021 sc
2435 3966 2801 4024 communicat
2832 3971 2994 4025 modo
3037 3971 3437 4038 perfectissimo
3478 3975 3553 4028 ad
3582 3975 3721 4034 intra,

2230 4045 2283 4097 d.
2316 4051 2365 4108 2,
2395 4060 2437 4098 S.
2476 4051 2523 4100 t.

2168 4119 2311 4172 Deus
2337 4120 2511 4174 beatis
2530 4135 2647 4176 sese
2684 4124 3055 4178 communicat
3084 4125 3247 4180 modo
3276 4125 3471 4180 minus
3504 4128 3725 4194 perfecto

2234 4209 2399 4261 quam
2430 4196 2489 4250 in
2512 4197 2719 4252 unione
2746 4198 3094 4266 hypostatica,
3114 4198 3189 4254 ib.

2170 4271 2311 4325 Deus
2338 4278 2391 4325 et
2424 4273 2663 4326 humana
2693 4280 2885 4328 natura
2909 4277 3320 4344 proportionem
3348 4277 3579 4342 babent,
3603 4283 3725 4332 ulex

2235 4349 2315 4402 eis
2338 4362 2448 4404 una
2470 4362 2702 4416 persona
2720 4351 3086 4419 constituitur,
3108 4351 3183 4408 ib.

2171 4425 2231 4476 In
2261 4425 2369 4478 Deo
2402 4438 2515 4478 non
2545 4430 2627 4480 est
2657 4425 2898 4493 potentia
2918 4427 3319 4492 obedientialis,
3348 4428 3447 4482 sed
3468 4428 3723 4496 quidquid

2237 4499 2293 4552 in
2316 4513 2380 4554 eo
2403 4507 2498 4560 est,
2528 4509 2607 4554 est
2633 4502 2897 4566 naturale,
2922 4503 2995 4558 ib.

2171 4577 2399 4632 neusin
2439 4578 2699 4632 omnibus
2734 4579 2851 4634 suis
2892 4580 3153 4648 operibus
3194 4587 3276 4634 oet
3299 4579 3467 4646 liber,
3488 4582 3649 4636 etiam
3672 4581 3717 4632 in

2235 4665 2399 4720 opere
2427 4653 2835 4720 redemptionis,
2864 4654 2919 4708 d.
2954 4660 3003 4719 t,
3026 4670 3069 4710 s.
3102 4661 3149 4708 1.

2175 4729 2314 4782 Deus
2346 4728 2561 4783 duobus
2592 4729 2771 4784 modis
2798 4731 3067 4784 redimere
3106 4731 3390 4786 hominem
3430 4732 3641 4798 potuit,
3665 4743 3712 4782 ex

2238 4805 2633 4872 misericordia,
2652 4812 2707 4860 et
2728 4820 2791 4860 ex
2808 4807 3035 4874 justitia,
3054 4813 3171 4862 sd.

2175 4883 2317 4938 Deus
2342 4897 2445 4937 nec
2464 4883 2662 4936 mutari
2684 4898 2785 4940 nec
2807 4885 3045 4940 mendax
3069 4893 3185 4940 esse
3211 4890 3407 4954 potest,
3426 4885 3513 4938 ib.

2238 4959 2501 5014 potuisset
2514 4960 2662 5013 salva
2674 4967 2903 5028 utraque
2917 4961 3251 5028 perfectione
3270 4960 3563 5014 hominem
3582 4955 3709 5028 gratis

2236 5051 2271 5088 a
2303 5035 2465 5102 culpa
2496 5034 2749 5098 liberare,
2781 5036 2857 5090 ib.

2174 5109 2267 5163 nei
2296 5109 2487 5163 offensi
2511 5111 2763 5176 placandi
2800 5111 3015 5166 diversa
3048 5112 3185 5166 ratio
3209 5125 3323 5165 esse
3352 5112 3543 5176 debet,
3576 5126 3607 5164 a
3642 5121 3715 5160 ra·

2238 5185 2387 5240 tione
2416 5199 2525 5252 qua
2558 5187 2721 5240 homo
2748 5185 2985 5242 offensus
3005 5188 3267 5255 placatur,
3294 5187 3373 5240 ib.
3454 5187 3467 5198 “

2174 5262 2315 5314 Deus
2340 5261 2397 5314 in
2421 5263 2587 5316 rebus
2602 5261 2789 5327 finitis,
2814 5276 3143 5330 quacunque
3180 5263 3342 5328 facta,
3365 5269 3545 5330 potest
3564 5263 3714 5316 facere

2238 5337 2542 5400 meliorem,
2567 5342 2789 5406 excepto
2817 5352 2978 5406 opere
2999 5338 3413 5406 redemptionis,
3441 5339 3519 5394 ib.

2175 5413 2315 5466 Deus
2343 5413 2401 5466 in
2432 5414 2595 5468 rebus
2621 5415 2881 5470 omnibus
2914 5429 3027 5470 non
3050 5415 3183 5470 facit
3203 5417 3354 5483 quod
3394 5415 3712 5474 conveniri}d

2238 5489 2506 5547 tissimum
2535 5498 2615 5548 est
2640 5493 2902 5559 absolute,
2940 5492 3013 5548 ib.
