3892 6167
1281 348 1602 403 Discunt
1633 348 1778 403 XLV.
1813 351 1983 405 SECT.
2020 353 2083 406 ΙΙ.

171 453 276 525 ,3,
303 448 382 509 ita
423 452 743 525 exponunt
783 445 884 509 illa
927 446 1142 523 verba,
1191 467 1330 529 quae
1357 448 1636 515 Christus

171 540 438 623 abjunxit:
467 538 602 619 B'qo
622 543 822 603 autem
847 540 1098 607 sciebam
1127 544 1274 625 quia
1294 560 1522 623 semper
1549 562 1637 607 mc

170 618 300 710 ¹udis,
333 642 392 695 ut
415 631 517 694 illa
548 630 629 693 ad
659 630 1048 695 divInitatem
1079 634 1300 697 Christi
1330 635 1628 698 referant.

169 706 283 791 lnde‘
315 727 390 789 ita
435 732 758 807 exponunt
781 772 796 797 ,
851 724 1105 791 arucias
1159 728 1272 793 tibi
1321 746 1453 809 ayo,
1506 747 1634 789 nou

168 822 252 901 juia
275 820 568 900 indigeam
599 820 893 900 precibus
939 838 1150 884 coram
1179 828 1263 897 te,
1293 822 1420 883 scio
1465 822 1634 884 enim

169 933 286 980 nam
308 915 676 977 voluntatem
707 930 810 977 me
835 918 1045 977 tecum
1079 914 1334 991 habere,
1366 914 1633 995 ideoque

165 1026 335 1089 emper
374 1006 530 1073 velle
557 1006 730 1089 quod
761 1027 878 1089 ego
907 1008 1072 1086 vole,
1108 1008 1216 1074 sed
1251 1014 1498 1093 propter
1523 1028 1634 1091 po-

166 1102 316 1177 clum,
343 1102 441 1181 qui
472 1100 853 1177 circumstat,
895 1109 1012 1164 etc.
1049 1102 1122 1165 Et
1143 1102 1494 1183 Theophyl.
1528 1100 1636 1163 ad·

165 1194 294 1270 ertit,
335 1192 662 1271 Christum,
707 1202 1048 1276 antequam
1081 1202 1348 1271 orasset,
1389 1194 1491 1259 vel
1522 1196 1635 1258 ali-

165 1288 246 1351 uid
269 1290 548 1369 petiisset,
583 1288 854 1353 dixisse:
887 1288 1146 1359 Gratias
1178 1290 1286 1355 tibi
1311 1308 1448 1374 ayo,
1491 1288 1636 1375 quia

163 1382 315 1449 &disci
330 1401 413 1446 me
425 1407 451 1457 ,·
478 1380 628 1461 quia
655 1382 824 1445 enim
847 1402 976 1447 non
1015 1402 1172 1465 opus
1197 1382 1472 1445 habehat
1497 1402 1635 1445 ora-

159 1496 280 1552 ione,
307 1495 424 1539 non
443 1474 556 1539 fuit
589 1476 792 1540 oratio
824 1476 1142 1551 exaudita,
1177 1475 1290 1540 sed
1342 1476 1630 1540 voluntas

159 1571 360 1653 npleta‚
391 1576 448 1629 et
495 1568 612 1631 hoc
662 1566 785 1632 init
833 1568 1074 1633 Christo
1119 1570 1404 1635 exaudiri
1446 1570 1628 1651 juxta

158 1664 346 1727 hrasim
389 1662 746 1741 Scripturae,
794 1662 1142 1727 secundum
1185 1662 1342 1725 illud
1392 1662 1622 1727 Psalm.

175 1756 556 1823 :Desidet-ium
565 1776 908 1839 pauperum
937 1758 1250 1823 evaudivit
1285 1756 1580 1823 Dominus
1601 1782 1627 1831 ,-

157 1848 298 1913 tJob.
328 1852 390 1913 31
422 1870 438 1913 :
465 1848 856 1915 Desideriam
876 1869 1070 1917 meum
1099 1850 1313 1917 aaudiat
1344 1846 1627 1933 Omnipo-

155 1963 242 2009 m.
268 1942 330 2005 Et
373 1940 784 2008 confirmatur
829 1962 906 2008 ex
932 1941 1248 2017 Damaso„
1305 1942 1413 2005 lib.
1464 1947 1503 2005 4
1549 1943 1627 2006 de

153 2038 258 2114 fide,
282 2056 406 2119 cap.
435 2042 536 2113 19,
565 2040 734 2103 circa
761 2038 1066 2113 medium,
1098 2038 1204 2103 ubi
1225 2038 1427 2119 inquit
1457 2058 1624 2119 quae·

153 2134 240 2193 lam
292 2130 402 2194 dici
453 2132 532 2197 de
582 2130 830 2197 Christo
889 2132 1143 2195 homine
1212 2130 1626 2198 simulationis

151 2226 291 2301 nodo,
330 2234 392 2291 ut
441 2246 571 2293 cum
610 2235 928 2309 precatur,
984 2228 1222 2307 inquit;
1265 2234 1330 2291 et
1371 2224 1620 2291 subdit:

149 2322 221 2385 Iis
240 2322 374 2385 euim
396 2327 450 2386 et
473 2323 808 2398 similibus,
826 2340 1009 2407 neque
1035 2326 1103 2387 ut
1125 2322 1310 2399 Deus,
1349 2340 1529 2405 nequo
1557 2328 1627 2387 ut

149 2420 255 2483 homo
277 2437 409 2502 opus
429 2418 678 2485 habebat
689 2447 716 2495 ,·
745 2438 954 2485 cerum
987 2420 1226 2485 ratione
1253 2420 1626 2485 huniaaitcti

147 2517 415 2596 mmm
439 2514 522 2577 ad
543 2511 611 2580 id
632 2534 694 2577 se
715 2514 1323 2597 confmabat,quod
1351 2530 1498 2578 usus
1528 2519 1624 2579 at-

147 2628 208 2673 me
225 2609 438 2675 utilitas
459 2611 765 2691 poscebat:
787 2610 952 2675 corbi
972 2612 1208 2691 qratia,
1231 2611 1298 2675 οὗ
1325 2628 1453 2673 eam
1475 2630 1620 2677 cau-

145 2722 222 2766 ·am
239 2704 586 2785 precabatur,
629 2710 698 2769 ut
727 2722 791 2767 sc
819 2705 1070 2791 impium
1101 2706 1438 2786 quemdam,
1483 2704 1622 2769 Dei-

145 2812 208 2873 ‚me
225 2795 602 2862 adamar-tum
628 2798 878 2861 minime
897 2816 1020 2863 esse
1046 2800 1500 2870 demonstraret,
1529 2804 1623 2863 at-

143 2906 210 2971 ῃω
229 2894 282 2951 ut
303 2890 558 2961 Patrem,
580 2909 620 2954 a
642 2909 764 2975 quo
791 2892 1082 2973 eripiam
1111 2890 1382 2967 ducebat,
1407 2890 1624 2955 honoro

143 2984 357 3057 immet.

185 3078 230 3137 3.
255 3076 437 3145 oratio
461 3081 746 3161 mnodo
774 3080 1014 3147 oter-isto
1045 3080 1382 3147 wasser-ia
1401 3082 1616 3157 suerit.

141 3171 497 3235 -Dicendum
537 3179 756 3237 tamen
783 3181 879 3237 est
899 3175 1093 3255 (sicut
1123 3174 1185 3237 in
1211 3170 1472 3238 articulo
1496 3174 1620 3255 pri-

141 3282 202 3325 no
213 3267 350 3327 circa
363 3268 739 3335 solutionem
752 3268 834 3331 ad
854 3270 1130 3350 primum
1151 3266 1615 3345 adnotavimus)

141 3359 364 3437 primum,
381 3361 683 3427 Christum
709 3381 944 3427 versa-c
963 3361 1216 3445 proprie
1242 3379 1454 3424 orasse
1473 3379 1613 3443 pos-

141 3452 346 3530 stando,
371 3461 430 3519 et
458 3456 824 3537 suppliciter
849 3455 1126 3538 petendo
1155 3454 1394 3539 aliquid
1422 3473 1459 3515 a
1491 3455 1614 3519 Pa-

141 3560 215 3621 re,
239 3552 298 3609 ut
319 3566 388 3611 ex
417 3549 758 3631 Evangelio
792 3556 1058 3615 constat.
1091 3550 1179 3613 Ex
1221 3566 1346 3629 quo
1373 3546 1445 3611 fit
1468 3564 1614 3611 con-

141 3654 362 3717 loquens,
387 3660 548 3723 saepe
575 3661 660 3706 ex
679 3644 892 3709 divina
935 3642 1332 3725 providentia
1357 3648 1422 3705 et
1452 3640 1613 3703 ordi-

141 3732 326 3797 natione
347 3736 426 3797 ita
451 3736 646 3801 fuisse
676 3754 785 3801 res
811 3736 1146 3819 dispositas
1173 3741 1238 3799 et
1257 3730 1614 3817 praedefini-

141 3832 214 3897 ωε,
249 3834 308 3889 ut
341 3830 531 3893 multa
569 3831 812 3895 fuerint
845 3850 884 3895 a
923 3830 1166 3895 Christo
1197 3829 1453 3893 homine
1498 3846 1614 3909 per

141 3920 407 3985 arationem
443 3924 864 4006 impetranda,
905 3942 1048 4008 quoe
1079 3923 1214 3985 sine
1257 3922 1427 3985 illius
1474 3938 1612 3983 ora-

141 4010 254 4085 iane
269 4031 382 4077 non
418 4015 680 4099 fierent3
709 4017 866 4081 sicut
895 4017 1064 4081 enim
1091 4034 1219 4079 non
1247 4014 1614 4079 redemisset

141 4106 374 4186 nomines,
402 4110 520 4175 nisi
537 4129 652 4195 pro
671 4110 798 4175 illis
821 4112 1164 4191 pateretur,
1197 4109 1345 4191 quia
1373 4108 1458 4173 ita
1483 4108 1615 4171 fue-

141 4204 204 4261 rat
225 4218 258 4260 a
278 4202 394 4265 Deo
417 4206 846 4287 proescriptum
861 4208 948 4281 get
971 4201 1486 4285 praeordinatum,
1528 4200 1614 4265 ita

141 4306 286 4371 neque
305 4295 428 4357 sine
450 4299 734 4361 oratione
761 4297 1135 4361 obtinuisset
1171 4314 1309 4379 quoe
1337 4314 1468 4359 non
1491 4294 1612 4357 nisi

141 4400 216 4461 per
245 4390 555 4459 orationem
607 4392 952 4456 obtinenda
999 4399 1201 4465 eraut,
1239 4392 1416 4471 juxta
1462 4386 1618 4451 divi-

141 4492 244 4539 nam
281 4486 875 4561 praeordinationem.
922 4484 1124 4559 Unde,
1181 4485 1342 4545 sicut
1401 4501 1618 4545 neces-

141 4572 314 4637 sariam
351 4578 462 4641 tuit
503 4580 590 4643 illi
627 4582 782 4661 pati,
835 4587 902 4643 ut
951 4580 1036 4643 ita
1081 4579 1343 4641 intraret
1389 4575 1456 4639 in
1481 4574 1616 4655 glo-

141 4662 254 4727 riam
291 4687 477 4747 suam,
503 4679 566 4737 et
607 4692 726 4737 nos
765 4690 980 4737 secum
1009 4672 1077 4733 in
1121 4671 1291 4733 illam
1338 4667 1617 4733 introdu-

141 4765 292 4833 cerat,
323 4761 398 4825 ita
430 4766 854 4831 necessarium
889 4766 1004 4829 fuit
1043 4766 1130 4829 illi
1168 4782 1347 4827 orare
1393 4761 1475 4825 ad
1502 4764 1618 4825 im-

141 4854 442 4925 petrandum
489 4858 690 4923 multa
743 4877 884 4941 quae
941 4878 1058 4941 per
1110 4859 1460 4921 orationem
1507 4856 1619 4921 ob-

142 4940 292 5017 tinuit,
333 4950 498 5027 juxta
529 4953 684 5016 illud
732 4954 956 5017 Psalm.
1007 4958 1093 5017 2:
1135 4950 1390 5017 Postula
1430 4970 1468 5015 a
1500 4969 1612 5023 me,

141 5037 312 5103 adata
335 5043 435 5106 tibi
459 5052 659 5125 ymos
687 5048 1097 5113 Iam-edituum
1127 5052 1296 5110 tuam
1307 5070 1336 5119 ,·
1377 5051 1439 5107 at
1468 5062 1617 5105 vero

142 5127 264 5193 sicut
297 5139 612 5201 necessitas
653 5142 964 5223 passionis
997 5138 1080 5203 ed
1115 5138 1617 5221 redemptionem

143 5231 362 5291 nostram
373 5235 621 5299 nonfuit
641 5254 720 5299 ex
737 5236 988 5299 defectu
1010 5253 1315 5317 personae,
1342 5240 1452 5297 aut
1472 5231 1617 5312 quia

145 5314 362 5385 Christus
385 5344 504 5389 non
529 5334 690 5393 esset
707 5330 1024 5396 sufficiens
1040 5326 1297 5416 infinitis
1321 5326 1460 5389 aliis
1488 5344 1620 5389 mo·

3162 348 3280 411 43¹1

1717 452 1957 516 dinavit
1984 460 2055 517 ut
2084 454 2509 519 necessarium
2538 456 2819 518 medium
2865 456 2949 518 ad
2997 455 3171 517 illum
3212 455 3283 517 fl-

1719 566 1864 609 nem
1891 594 1906 621 ,
1941 548 2028 611 ita
2056 550 2189 611 haec
2214 549 2555 612 necessitas
2578 548 2874 611 orationis
2902 568 3029 611 non
3056 548 3173 612 fuit
3200 566 3281 612 ex

1717 640 2059 725 indigentia
2106 644 2299 723 ipsius
2344 660 2631 725 personae
2652 690 2668 718 ,
2712 648 2821 705 aut
2848 643 2995 723 quia
3041 660 3159 721 per
3207 660 3276 704 se

1717 754 1845 799 non
1874 738 2189 801 sufficeret
2214 738 2295 800 ad
2339 737 2737 801 efficiendum
2786 754 2899 817 per
2918 736 3277 797 humanita-

1715 834 1843 891 tem
1868 876 1887 906 ,
1922 831 2164 911 absque
2185 832 2508 913 petitione,
2537 828 2840 913 quidquid
2866 828 3136 911 petendo
3164 828 3277 890 ob-

1663 924 1906 989 ·tinuit
1956 926 2049 989 vel
2099 928 2324 1001 effecit,
2370 926 2480 991 sed
2534 926 2682 1010 quia
2713 931 2969 1008 propter
2998 922 3275 987 rationes

1715 1030 2157 1105 congruenleS,
2202 1022 2379 1085 etad
2429 1022 2709 1087 divInum
2749 1020 3077 1095 honorem,
3129 1038 3276 1081 nos-

1717 1122 2007 1197 tramque
2030 1115 2359 1179 utilitatem
2387 1118 2797 1197 pertinenteS,
2825 1116 2911 1177 ita
2933 1131 2974 1176 a
2998 1114 3129 1177 Deo
3158 1114 3275 1177 fuit

1717 1208 2071 1275 ordinatum
2106 1219 2170 1273 et
2198 1211 2593 1290 dispositum.
2651 1210 2865 1289 ltaque
2904 1227 3033 1270 uno
3081 1208 3273 1269 verbo

1717 1304 1836 1367 dici
1883 1311 2108 1386 potest,
2162 1306 2473 1371 Christum
2528 1306 2889 1386 simpliciter
2939 1321 3068 1367 non
3118 1302 3273 1365 indi-

1717 1400 1928 1479 guisse
1950 1402 2259 1473 oratione,
2293 1402 2443 1483 quia
2464 1408 2719 1483 propter
2745 1400 3107 1481 dignitatem
3133 1416 3272 1478 per-

1715 1511 1884 1557 sonoe
1913 1494 2241 1573 potuisset,
2277 1492 2582 1575 quidquid
2611 1494 2797 1557 vellet
2826 1492 2963 1556 sine
2989 1493 3271 1554 oratione

1711 1586 2041 1669 perficere,
2075 1594 2135 1649 et
2173 1587 2253 1650 de
2296 1588 2463 1651 facto
2490 1586 2715 1651 habuit
2742 1588 2929 1649 etiam
2962 1586 3022 1647 in
3050 1584 3272 1647 huma-

1709 1680 1902 1743 nitate
1933 1700 2049 1743 sua
2073 1684 2445 1761 potestatem
2485 1681 2754 1743 faciendi
2800 1678 3125 1755 miracula,
3155 1680 3273 1739 im-

1707 1772 1990 1851 perando
2015 1782 2078 1835 et
2105 1774 2373 1837 volendo
2390 1775 2525 1839 sine
2555 1774 2927 1837 necessitate
2949 1771 3267 1836 orationis·

1711 1865 2125 1929 Nihilominus
2143 1874 2355 1931 tamen
2378 1868 2441 1929 in
2461 1887 2649 1930 sensu
2675 1886 2812 1931 com
2822 1867 3042 1947 posito,
3064 1864 3131 1927 id
3150 1873 3269 1941 est,

1709 1960 2029 2040 supposita
2058 1960 2265 2023 divina
2298 1961 2714 2029 ordinatione.
2762 1959 2958 2023 multa
2988 1978 3117 2021 non
3159 1976 3271 2039 po·

1709 2051 1828 2117 tuit
1849 2054 1917 2115 in
1942 2062 2249 2131 quantum
2274 2054 2466 2117 homo
2486 2056 2620 2116 sine
2639 2054 2919 2116 oratione
2935 2050 3267 2133 perficere,

1708 2152 1778 2209 ut
1807 2146 1874 2209 D.
1905 2148 2129 2211 Thom.
2174 2146 2409 2219 docuit.
2450 2146 2622 2229 quod
2660 2166 2785 2209 non
2816 2151 3053 2227 negant
3096 2144 3271 2209 citati

1707 2240 1960 2313 Patres;
1995 2240 2109 2305 sed
2154 2241 2426 2321 priorem
2454 2240 2648 2321 hujus
2689 2241 2987 2303 doctrinoe
3022 2245 3266 2321 partem

1709 2332 1934 2397 docere
1998 2334 2365 2407 voluerunt;
2400 2340 2462 2397 et
2489 2334 2593 2396 hic
2650 2340 2743 2396 est
2799 2352 3022 2396 sensus
3078 2330 3272 2413 Chry-

1707 2434 1888 2503 sost.,
1920 2426 2243 2504 Ambros„
2286 2427 2635 2509 Theopbyl.
2673 2434 2733 2489 et
2776 2426 3004 2509 Euthy.
3036 2426 3153 2503 Qui
3178 2424 3272 2487 l'a·

1706 2518 1822 2581 cile
1847 2520 2037 2583 etiam
2062 2527 2265 2601 potest
2296 2519 2377 2583 ad
2398 2520 2611 2583 locum
2638 2520 2896 2585 Joannis
2919 2534 3268 2583 accommo-

1703 2610 1874 2691 dari3
1905 2610 2271 2697 quanquam
2296 2614 2467 2694 quod
2487 2612 2763 2679 Christus
2787 2611 2971 2677 dixit:
3000 2614 3139 2695 Eae
3161 2632 3269 2676 aa·

1705 2714 1823 2773 tem
1850 2708 2111 2773 sciebam
2150 2708 2437 2793 quoniam
2465 2728 2694 2793 semper
2734 2728 2825 2772 mo
2866 2710 3069 2787 audie,
3120 2709 3271 2769 satis

1704 2802 2059 2878 commode,
2111 2809 2175 2865 et
2202 2804 2465 2865 tortasse
2493 2804 2695 2883 magis
2734 2801 2818 2864 ad
2842 2800 3137 2875 litteram,
3186 2800 3267 2865 de

1701 2894 1943 2959 Christo
1974 2902 2043 2958 ut
2068 2896 2325 2959 homine
2359 2896 2621 2977 intelligi
2661 2902 2891 2976 potest,
2916 2897 3097 2974 cujus
3122 2914 3266 2958 ora-

1703 2987 1790 3050 tio
1819 2988 2109 3051 absoluta
2133 2996 2197 3051 et
2216 2990 2437 3053 efficax
2460 3008 2710 3069 semper
2737 2988 3031 3049 exaudita
3056 2994 3171 3063 est,
3199 2995 3267 3050 ut

1703 3078 1786 3143 ibi
1813 3082 1885 3143 D.
1907 3082 2133 3145 Thom.
2163 3088 2335 3145 recte
2367 3083 2644 3167 exponit.
2670 3080 2853 3154 Quod
2882 3099 3031 3142 vero
3062 3081 3267 3161 sequi-

1704 3176 1802 3236 lur
1827 3220 1842 3248 ,
1896 3176 2007 3239 sed
2042 3183 2290 3259 propter
2332 3174 2621 3259 populum
2649 3222 2665 3249 ,
2724 3174 2831 3255 qui
2871 3170 3263 3249 circumstat,

1700 3268 1864 3345 diei,
1919 3276 2071 3347 etc„
2116 3270 2354 3347 optime
2406 3268 2663 3348 intelligi
2712 3274 2917 3347 potest
2968 3267 3151 3347 (sicut
3190 3268 3259 3330 D.

1695 3360 1991 3437 Thomas,
2015 3363 2080 3427 in
2110 3370 2228 3425 art.
2262 3366 2323 3439 3,
2358 3364 2647 3443 exposuit
2676 3360 2995 3441 quoddam
3021 3360 3257 3423 dictum

1697 3450 1918 3533 nilar.)
1941 3452 2021 3519 de
2050 3456 2395 3537 gratiarum
2436 3456 2680 3521 actione
2736 3460 3019 3533 externa,
3052 3462 3115 3518 et
3141 3473 3257 3538 pu-

1695 3546 1856 3613 blica
1902 3570 2054 3613 voce
2110 3548 2305 3625 factm
2338 3548 2703 3631 hujusmodi
2749 3550 2916 3613 enim
2960 3550 3158 3612 oratio
3200 3558 3263 3611 et

1696 3642 2041 3723 gratiarum
2096 3645 2257 3707 actio
2314 3646 2574 3725 propter
2620 3650 2900 3707 nostram
2951 3641 3261 3726 praecipne

1693 3734 2171 3801 edificationem
2202 3744 2268 3801 et
2296 3737 2655 3819 exemplum
2683 3737 2846 3799 sacta
2873 3742 2986 3800 est.

1774 3833 1834 3892 4.
1885 3828 1982 3893 Ad
2016 3830 2301 3895 Damaso.
2354 3828 2795 3913 respondetur,
2850 3849 2981 3893 non
3024 3846 3259 3907 negare

1695 3924 2021 3987 veritatem
2064 3924 2365 3989 orationis
2392 3922 2639 4001 Christi,
2672 3924 2783 3989 sed
2812 3924 3254 3987 necessitatem

1695 4016 2083 4097 simpliciter,
2112 4018 2269 4081 sicut
2296 4016 2453 4081 alios
2483 4016 2719 4081 Patres,
2760 4016 2940 4083 Unde
2969 4034 3098 4081 non
3144 4016 3259 4079 ab·

1695 4110 1899 4175 solute
1925 4110 2089 4187 dicit,
2120 4112 2430 4175 Christum
2456 4108 2805 4187 simulasse,
2834 4108 2947 4173 sed
2964 4108 3261 4173 habuisse

1695 4222 1762 4267 se
1793 4202 1874 4267 ad
1895 4204 2155 4269 modum
2184 4202 2551 4281 simulantis,
2599 4203 2749 4285 quia
2785 4202 3025 4267 orando
3054 4202 3259 4267 occul·

1700 4295 1872 4363 tabat
1904 4298 2250 4381 potentiam
2290 4315 2497 4374 suam,
2529 4297 2689 4361 sicut
2715 4315 2860 4361 cum
2914 4294 3261 4379 interroga-

1697 4392 1828 4469 bat,
1882 4390 2236 4457 occultabat
2264 4411 2445 4455 suam
2484 4392 2835 4465 scientiam,
2884 4396 2948 4453 et
2976 4409 3119 4453 cum
3149 4390 3260 4453 ad-

1697 4485 2045 4549 mitabatur
2085 4484 2399 4561 simililer3
2434 4490 2645 4549 lamen
2681 4482 2841 4547 sicul
2872 4503 3017 4547 vere
3066 4484 3260 4547 admi-

1696 4578 1957 4642 rabatur
2004 4585 2066 4641 et
2094 4596 2243 4643 vere
2271 4577 2725 4661 interrogabat,
2776 4576 2859 4639 ita
2892 4577 3079 4640 etiam
3113 4598 3259 4642 vere

1699 4670 1940 4747 orabat,
1971 4678 2033 4733 et
2059 4672 2299 4735 orando
2326 4670 2721 4753 impetrabat.

2321 4860 2537 4915 swrlo
2570 4860 2633 4917 11.

1705 4980 1894 5039 Utrum
1928 4978 2175 5039 Clarium
2200 4980 2489 5051 Dominus,
2532 4996 2678 5037 nunc
2712 4980 2773 5035 in
2812 4981 2951 5039 caelo
2996 4980 3257 5047 amens,

2004 5081 2129 5123 vere
2154 5082 2223 5127 ac
2236 5068 2467 5141 proprie
2490 5080 2595 5141 pro
2626 5063 2781 5123 nobis
2808 5071 2949 5122 oret.

1783 5239 1843 5299 1.
1887 5234 2147 5297 Duobus
2172 5236 2375 5299 modis
2392 5222 2503 5317 v'(ut
2530 5244 2625 5301 est
2662 5234 2940 5299 doctrina
2986 5234 3056 5297 D.
3105 5232 3264 5297 Tho·

1701 5346 1844 5405 moe,
1883 5328 1949 5391 in
1978 5330 2037 5403 4,
2070 5326 2215 5393 dist.
2246 5330 2349 5404 45,
2396 5348 2459 5409 q.
2487 5333 2551 5407 3,
2578 5334 2696 5393 art.
2728 5330 2791 5405 3,
2819 5334 2884 5390 et
2908 5346 3101 5407 super
3123 5346 3265 5407 cap.

143 5406 216 5471 dis
249 5414 331 5475 vel
372 5422 656 5500 operibus
688 5424 862 5485 illam
911 5424 1238 5505 perficere,
1301 5420 1416 5485 sed
1471 5424 1622 5501 quia
1703 5426 1736 5485 7
1769 5420 1849 5485 ad
1881 5420 2097 5501 Hebr.)
2150 5423 2407 5502 intelligi
2450 5429 2659 5503 potest
2699 5422 3009 5485 Christum
3058 5422 3266 5483 Domi-

147 5512 348 5589 Pmpter
369 5522 770 5595 congruentes
813 5518 1088 5585 rationes
1117 5518 1284 5583 Deus
1316 5512 1484 5583 illam
1509 5534 1620 5597 ‚or-

1703 5532 1853 5579 num
1884 5512 1943 5577 in
1972 5512 2133 5577 coelo
2159 5517 2529 5580 existentem
2564 5536 2677 5599 pro
2704 5516 2884 5579 nohis
2910 5532 3120 5577 orare:
3148 5518 3270 5599 pri·-
