3892 6167
1524 364 1708 419 tibitx
1742 364 1970 418 RERUM.

154 468 286 510 nec
306 456 497 525 potuit
511 456 903 511 communicari
926 456 1249 513 humanitati
1272 462 1487 525 Christi,
1508 469 1709 530 etqua-

150 532 311 588 liter
345 534 537 589 Patrcs
569 534 639 589 de
666 536 771 589 hoc
806 534 1103 603 loquentes
1135 536 1500 607 intelligendi,
1536 540 1590 594 d.
1624 545 1703 606 at,

74 614 707 773 Ag'otr’inipotetitiam
728 686 821 741 Dei
846 687 957 742 duo
977 688 1350 757 requiruntur,
1371 696 1423 745 et
1442 704 1565 759 quae
1586 692 1699 756 ilia,

78 762 709 908 Admomnipotentiam
740 838 837 893 Dei
872 840 1111 907 pertinet
1136 846 1197 895 ut
1222 842 1392 909 possit
1430 842 1509 896 uti
1551 852 1704 897 crea-

164 919 316 965 tura
364 926 468 966 sua
508 912 579 967 ad
610 924 831 968 omnem
881 912 1131 971 effectum
1176 930 1289 971 non
1339 918 1703 973 involventem

166 988 714 1052 contradictionem,
740 991 796 1044 d.
830 994 910 1057 ιο,
946 1006 989 1045 s.
1022 997 1069 1045 ⁴.

88 1066 267 1194 begs
284 1064 606 1196 ἔξιπὲιιιὲἱιει·
617 1074 696 1121 est
718 1066 925 1123 activus
944 1082 1041 1136 per
1057 1070 1508 1139 omnipotentiam
1528 1084 1701 1137 suam,

600 1260 740 1310 0208,
771 1261 1013 1303 ornatio
1038 1261 1248 1302 cunuti.

100 1369 277 1437 Opus
308 1370 603 1425 sanctioris
630 1380 877 1439 personae
896 1415 909 1438 ,
948 1373 1154 1425 coeteris
1187 1372 1447 1439 paribuS,
1482 1373 1706 1441 majoris

184 1445 427 1509 valoris»,
462 1446 517 1500 d.
556 1449 666 1510 ⁴,s.
705 1448 751 1498 ⁴.

112 1521 329 1589 operis
354 1523 597 1587 dignitas
619 1524 795 1589 major
814 1529 895 1577 est
920 1536 951 1576 a
978 1534 1209 1591 persona
1232 1528 1510 1590 operante,
1535 1538 1701 1593 quam

186 1598 265 1650 ab
288 1610 358 1651 ea
390 1599 463 1652 ad
483 1612 647 1665 quam
681 1599 955 1667 dirigitur,
986 1600 1063 1653 ib.

104 1673 207 1725 Ad
242 1686 393 1741 opus
423 1672 839 1728 satisfactorium
875 1686 987 1729 non
1016 1682 1097 1729 est
1123 1688 1359 1740 necesse,
1382 1682 1442 1730 ιιι
1459 1676 1596 1730 alter
1612 1690 1705 1732 ac-

187 1754 401 1816 ceptet,
428 1749 515 1804 rei
536 1757 811 1817 acceptare
841 1756 1105 1817 teneatur,
1139 1766 1183 1805 s.
1219 1759 1267 1806 5.

106 1824 311 1892 Opera
334 1825 484 1880 bona
515 1826 762 1893 moralia,
780 1828 1058 1882 meritoria
1074 1832 1203 1883 sunt
1222 1828 1291 1882 de
1313 1828 1587 1896 condigno
1607 1844 1702 1885 su-

184 1901 568 1968 pernaturalis
592 1903 797 1969 gioriae.
819 1903 876 1958 d.
896 1908 975 1969 2⁹,
997 1919 1039 1958 s.
1065 1909 1090 1956 ⁴

108 1976 247 2039 Quo
284 1974 456 2031 modo
488 1978 557 2031 sit
590 1976 1006 2046 intelligendum
1024 1993 1138 2033 rem
1164 1992 1280 2035 esse
1306 1987 1525 2048 propter
1547 1994 1701 2035 suam

190 2053 597 2121 operationem,
626 2055 679 2108 d.
715 2059 761 2120 ⁴,
796 2070 839 2109 s.
869 2062 916 2109 8.

112 2129 313 2195 Opera
341 2126 489 2183 bona
526 2130 753 2184 moralia
785 2130 1028 2187 hominis
1064 2131 1123 2185 in
1157 2132 1311 2200 puris
1343 2133 1699 2197 naturalibus

198 2204 333 2261 licet
360 2205 597 2259 habeant
611 2208 1017 2275 proportionem
1051 2221 1176 2262 cum
1202 2208 1434 2262 naturali
1468 2209 1704 2263 beatitu-

198 2280 359 2344 dine,
401 2282 499 2335 sed
540 2293 651 2335 non
694 2284 969 2353 propriam
1010 2284 1277 2337 rationem
1316 2285 1517 2347 meriti,
1543 2285 1701 2351 (1.38,

202 2370 250 2409 s.
292 2364 339 2410 s.

130 2433 319 2501 Opera
340 2434 537 2489 christi
570 2438 699 2487 sunt
732 2434 932 2489 infiniti
965 2434 1167 2489 valoris
1194 2435 1265 2489 ad
1298 2435 1619 2490 merendum
1653 2442 1703 2491 et

204 2509 674 2573 satisfaciendum,
696 2524 737 2563 s.
763 2514 809 2562 ⁴.

206 2584 325 2639 Non
345 2590 525 2640 tamen
547 2586 679 2653 quia
702 2600 735 2639 a
760 2586 1037 2640 voluntate
1070 2586 1259 2640 divina
1280 2586 1702 2655 proficisceban-

210 2670 315 2725 tur,
346 2662 421 2715 ib.

206 2738 429 2805 Ncquea
444 2736 842 2805 personalitate,
858 2738 944 2793 vel
967 2741 1027 2791 ut
1052 2750 1147 2804 per
1169 2748 1225 2791 se
1247 2739 1417 2805 ipsam
1441 2738 1702 2793 innuente

210 2813 521 2867 immediate
556 2813 615 2866 iu
651 2815 827 2882 ipsum
858 2818 1057 2875 actum,
1082 2813 1159 2867 ib.

206 2887 299 2941 Vel
328 2896 388 2943 ut
405 2889 615 2943 ratione
642 2902 675 2943 a
694 2888 980 2944 divinitate
1004 2890 1248 2957 praecisa,
1281 2904 1325 2943 s.
1355 2896 1400 2943 6.

146 2966 258 3018 Nec
288 2965 417 3031 quia
444 2964 664 3032 physice
696 2964 963 3020 uniantur
986 2965 1161 3020 Verbo
1194 2966 1405 3030 divino,
1429 2980 1473 3020 s.
1498 2972 1545 3021 ⁴.

216 3040 397 3105 Neque
429 3040 495 3093 ab
528 3040 714 3108 aliqua
737 3046 915 3094 creata
944 3040 1139 3095 virtute
1161 3042 1405 3109 speciali,
1426 3056 1469 3095 S.
1498 3048 1545 3095 5.

224 3114 327 3168 Sed
359 3128 422 3168 ex
452 3122 595 3184 parte
621 3130 870 3185 personae
901 3117 1143 3185 praeciso,
1180 3123 1237 3171 ut
1268 3130 1501 3185 operans
1530 3124 1626 3175 est.
1654 3127 1706 3171 et

226 3192 443 3245 unionis
468 3194 696 3249 mediate
714 3195 785 3248 ad
808 3195 999 3261 ipsam,
1024 3206 1127 3248 nec
1150 3206 1262 3249 non
1294 3194 1531 3248 materiae
1562 3194 1705 3249 circa

222 3280 381 3333 quam
412 3270 783 3333 versabantur.
808 3284 855 3325 s.
884 3276 934 3322 ⁴.

153 3343 215 3394 in
240 3344 696 3410 operibuscliristi
709 3359 821 3404 non
842 3352 922 3401 est
938 3346 1260 3413 compositio
1280 3359 1345 3399 ex
1362 3352 1486 3400 actu
1508 3346 1706 3403 volun-

218 3420 339 3473 tatis
369 3421 623 3476 humanas
652 3422 876 3489 divinoe,
902 3423 976 3477 ib.

152 3494 212 3547 In
234 3496 435 3550 ratione
454 3498 655 3564 meriti,
685 3497 1071 3553 satisfactionis
1090 3503 1143 3551 et
1167 3496 1420 3553 sacrificii
1445 3510 1705 3565 magnum

217 3572 445 3627 valorem
480 3575 790 3630 habuerunt
817 3590 882 3629 ex
914 3589 972 3628 re
1004 3575 1202 3634 oblata.
1228 3586 1339 3629 non
1364 3581 1545 3627 tamen
1575 3574 1703 3628 inss-

217 3647 405 3711 nilum.
439 3650 568 3705 licet
600 3651 718 3719 ipsa
750 3650 969 3708 infinita
1000 3651 1089 3711 sit,
1125 3650 1201 3703 ib.

154 3722 441 3791 Inaequalia
470 3726 622 3780 suere
655 3727 713 3780 in
741 3726 963 3795 propria
999 3727 1240 3781 bonitate
1274 3724 1587 3791 intrinseca,
1628 3736 1703 3779 ω-

219 3798 393 3862 qualia
426 3800 484 3853 in
518 3802 701 3856 valore
728 3806 914 3870 utpote
947 3802 1181 3861 intinita,
1207 3802 1283 3855 ib.

158 3873 545 3931 sufficet-emaci
568 3876 889 3931 solvendum
909 3890 1073 3932 omne
1094 3876 1357 3935 debitum.
1382 3876 1593 3930 etiamsi
1614 3876 1706 3929 in-

225 3950 385 4003 iinitis
408 3952 579 4007 titulis
596 3953 902 4019 deberetur,
930 3958 985 4007 et
1006 3953 1076 4006 ad
1107 3952 1423 4006 merendam
1445 3953 1705 4006 incarna-

228 4024 441 4091 tionem,
472 4030 525 4083 d.
561 4033 640 4092 ιο,
676 4045 720 4085 s.
746 4034 791 4084 ⁴.

164 4102 524 4173 operationem
560 4122 727 4161 unam
757 4109 815 4161 in
835 4107 1045 4161 Christo
1074 4105 1300 4175 reperiri
1332 4104 1508 4167 tribus
1529 4108 1706 4163 modis

230 4180 445 4250 intelligi
472 4188 659 4250 potest,
684 4185 737 4237 d.
763 4188 842 4245 38,
872 4198 915 4238 s.
939 4190 986 4237 5.

164 4254 343 4309 omnis
365 4258 603 4325 operatio
630 4259 981 4314 humanitatis
1008 4258 1201 4313 Christi
1233 4258 1337 4314 l'uit
1362 4260 1627 4325 humana,
1646 4263 1700 4317 d.

230 4336 303 4397 88,
323 4346 363 4385 s.
387 4340 433 4386 5.

168 4406 398 4473 Operatio
430 4410 672 4463 humana
695 4425 809 4465 una
841 4418 1049 4465 tantum
1079 4411 1138 4465 in
1171 4410 1380 4465 Christo
1418 4412 1710 4481 dupliciter

232 4482 445 4551 intelligi
476 4492 667 4551 potest,
687 4487 743 4540 d.
772 4492 853 4544 39.
873 4500 917 4541 s.
940 4490 989 4539 1.

170 4558 519 4626 Operationes,
537 4575 661 4628 quae
682 4564 740 4615 in
757 4562 918 4616 nobis
938 4568 1065 4617 sunt
1083 4563 1372 4629 naturales,
1396 4568 1524 4618 sunt
1546 4564 1711 4617 etiam

233 4636 489 4692 naturales
521 4638 577 4691 in
607 4638 835 4699 Christo,
859 4638 985 4693 licet
1005 4638 1125 4706 ejus
1143 4638 1407 4695 voluntati
1432 4639 1706 4707 subjectas.

235 4712 302 4764 ib.

176 4788 333 4855 Opera
360 4790 551 4844 Christi
584 4790 835 4844 ordinata
866 4797 993 4845 sunt
1034 4790 1105 4844 ad
1135 4789 1578 4846 satisfaciendum
1614 4802 1712 4858 pro

236 4865 407 4926 nobis,
435 4866 533 4920 sed
559 4878 673 4920 non
702 4867 823 4919 sine
849 4866 1028 4928 nobis,
1058 4866 1113 4920 d.
1137 4869 1187 4928 ⁴,
1208 4880 1252 4920 s.
1282 4871 1330 4919 8.

236 4942 289 4993 ln
312 4942 509 4995 christo
530 4955 628 4995 cur
650 4942 761 4997 sint
782 4942 906 4995 duae
930 4941 1289 5009 operationes,
1315 4948 1369 4995 et
1390 4955 1563 4996 unum
1591 4948 1714 4996 tan-

239 5022 339 5071 tum
363 5031 493 5083 esse,
518 5017 573 5071 d.
601 5020 680 5081 ³6,
704 5031 749 5071 s.
772 5023 818 5069 Ξ.

608 5144 806 5187 mtto.
836 5145 1015 5186 ouflo
1044 5146 1256 5186 0111811.

181 5238 359 5369 Orgtio.
378 5245 435 5293 ut
464 5248 543 5295 est
572 5246 723 5295 actus
748 5238 1046 5309 religionis
1071 5220 1431 5309 est‘quaeda'm
1451 5242 1709 5302 adoratio.

242 5320 822 5521 list³;c?5is?⁰inserioris
862 5392 1209 5462 deprecantis
1252 5395 1517 5449 auxilium
1550 5410 1713 5467 supe-

244 5478 474 5596 nglizssali
494 5471 889 5611 gizz'n‘i'fl26attone
916 5556 1135 5597 omnem
1170 5548 1347 5598 actum
1379 5546 1711 5609 interiorem,

3233 358 3353 419 ’709

1850 474 1962 530 quo
1995 462 2183 517 anima
2209 460 2450 516 elevatur
2477 461 2536 514 in
2571 461 2740 517 Deum
2772 458 3073 527 significat,
3107 458 3354 528 quidque

1848 538 2025 607 magis
2049 538 2250 597 stricte.
2272 539 2327 593 d.
2358 542 2440 601 ⁴5,
2463 552 2509 591 s.
2533 542 2581 589 1.

1784 614 1968 671 oratio
1997 614 2251 669 mentalis
2276 613 2412 669 dicit
2442 610 2652 679 aliquid
2685 611 2966 680 pertinens
2999 611 3070 665 ad
3103 611 3353 666 intellec--

1846 696 1982 752 tum.
2005 696 2058 745 et
2083 690 2295 758 aliquid
2323 690 2391 744 ad
2419 690 2772 745 voluntatem.
2804 686 2879 740 ib.

1846 769 1965 822 Non
1995 767 2172 821 solum
2193 778 2292 834 pro
2312 766 2461 821 bono
2481 766 2780 829 communi,
2803 764 2899 817 sed
2919 773 3018 830 pro
3038 762 3350 829 particulari

1852 842 2012 895 fundi
2042 847 2231 909 potest,
2263 841 2318 894 d.
2343 844 2422 901 ⁴⁴,
2445 853 2489 893 s.
2520 844 2570 891 2.

1848 918 2088 981 Qualiter
2132 916 2402 971 Christum
2433 926 2590 969 orare
2635 924 2924 981 possumus
2965 916 3028 966 ut
3057 924 3160 979 pro
3189 912 3352 965 nobis
3455 931 3462 937 ·

1849 999 1967 1048 oret
1993 993 2052 1045 in
2086 992 2243 1053 coeio.
2265 991 2320 1046 d.
2349 994 2427 1054 ⁴5,
2448 1004 2491 1044 s.
2521 994 2568 1041 2.

1846 1070 2015 1123 Habet
2033 1068 2326 1123 efficaciam
2355 1080 2420 1121 ex
2446 1066 2674 1129 christo,
2700 1076 2813 1118 non
2835 1063 3023 1117 minus
3041 1074 3206 1129 quan·
3231 1074 3350 1116 me-

1848 1146 2046 1207 ritum,
2083 1156 2186 1199 nec
2215 1144 2338 1197 sine
2369 1142 2488 1209 ejus
2519 1140 2690 1209 gratia
2725 1144 2896 1207 potest
2927 1138 3139 1205 aliquid
3173 1138 3349 1205 impe-

1847 1223 2345 1351 tsliazelir‘ilsttiig’gssgt
2376 1300 2586 1349 tantum
2627 1294 2785 1356 neus,
2819 1302 2976 1345 orare
3004 1300 3117 1344 non
3147 1294 3347 1357 posset,

1847 1375 2090 1503 giixs'uffs
2108 1378 2222 1517 ²per
2251 1446 2762 1514 contemplationem
2795 1442 3008 1495 beatam
3039 1440 3231 1501 orat-it,
3267 1440 3344 1492 ih.

1844 1524 1970 1578 Fuit
2007 1522 2100 1577 illa
2145 1522 2450 1577 necessaria
2495 1518 2750 1574 mentalis
2787 1516 2964 1571 oratio
3009 1520 3228 1583 propter
3257 1528 3345 1579 se;

1848 1600 2054 1655 vocalis
2082 1613 2257 1655 secus,
2289 1600 2362 1651 ib.

1784 1676 1975 1731 omnis
1997 1676 2170 1731 oratio
2187 1675 2382 1729 christi
2417 1686 2482 1727 ex
2513 1670 2758 1725 absoluta
2783 1667 3060 1725 voluntate
3087 1668 3346 1735 prosecta,

1846 1753 2098 1807 exaudita
2121 1756 2218 1815 est,
2244 1762 2358 1805 non
2386 1761 2509 1817 quae
2542 1762 2605 1801 ex
2633 1746 2920 1806 velieitate,
2941 1744 2995 1798 d.
3021 1748 3101 1807 ⁴⁵,
3130 1756 3172 1796 s.
3206 1748 3252 1797 ι.

1845 1831 1974 1894 Quae
2005 1830 2246 1884 christus
2268 1827 2473 1883 sciebat
2504 1838 2616 1881 nou
2651 1824 2851 1885 sutura,
2877 1832 3161 1888 nunquam
3188 1820 3348 1873 abso·

1845 1906 1958 1959 lute
1983 1906 2193 1960 orando
2217 1919 2248 1958 a
2271 1906 2380 1958 Deo
2411 1901 2582 1970 petiit,
2609 1900 2663 1955 d.
2689 1904 2768 1959 ⁴⁴,
2791 1912 2836 1951 s.
2859 1904 2909 1951 2.

1844 1982 2089 2036 christus
2135 1979 2456 2047 simpliciter
2505 1990 2618 2031 non
2670 1975 2908 2041 indiguit
2957 1973 3239 2032 orat-ione,
3287 1974 3348 2024 ut

1848 2070 2194 2124 quoecunque
2231 2056 2392 2111 vellet
2425 2054 2652 2117 tierent3
2689 2062 2846 2105 secus
2881 2062 2952 2103 ex
2987 2047 3346 2115 dispositione

1847 2133 2226 2195 Providentiae,
2256 2132 2310 2185 d.
2336 2136 2417 2193 ⁴5,
2442 2144 2486 2182 s.
2519 2134 2566 2181 1.

1846 2210 2090 2264 christus
2116 2221 2229 2263 non
2263 2208 2322 2260 in
2346 2206 2498 2261 omni
2521 2218 2619 2258 sua
2641 2202 2888 2258 oratione
2905 2200 2992 2254 sui
3014 2202 3096 2252 est
3124 2196 3343 2261 oblitus,

1847 2285 1901 2339 d.
1935 2286 2013 2343 40,
2036 2298 2079 2336 s.
2105 2288 2152 2336 3.

1844 2360 1907 2413 in
1941 2360 2082 2413 coe-io
2105 2368 2322 2425 semper
2345 2368 2446 2424 pro
2467 2354 2628 2410 nobis
2651 2350 3052 2419 interpretative
3073 2352 3210 2409 orat,
3233 2346 3346 2399 imo

1849 2436 2120 2488 interdum
2147 2440 2330 2501 aperta
2353 2438 2406 2487 et
2425 2442 2675 2499 expressa
2697 2425 2990 2485 voluntatis
3005 2434 3120 2478 suae
3139 2434 3342 2490 reprae-

1846 2512 2169 2575 mutatione,
2190 2512 2243 2565 d.
2276 2515 2354 2574 45,
2388 2524 2432 2563 s.
2454 2515 2503 2562 2.

2488 2634 2638 2677 oneo.

1784 2742 1925 2799 ordo
1959 2748 2167 2797 naturae
2199 2738 2526 2809 supponitur
2557 2736 2739 2791 ordini
2773 2733 2978 2801 gratiae.
3013 2742 3126 2785 non
3161 2736 3340 2783 tamen

1848 2832 1934 2873 res
1965 2828 2155 2873 omnae
2186 2817 2470 2881 utriusque
2503 2810 2716 2867 ordinis
2750 2810 2891 2864 inter
2915 2821 2978 2861 se
3009 2808 3156 2861 hunc
3189 2802 3345 2858 ordi-

1850 2907 1977 2949 nem
2005 2898 2242 2953 servant.
2270 2892 2324 2945 d.
2348 2898 2396 2951 5.
2417 2904 2462 2942 s.
2485 2894 2533 2942 1.

1787 2969 1927 3025 Ordo
1961 2970 2146 3037 gratiae
2177 2965 2438 3034 supponit
2469 2970 2715 3017 naturam
2757 2962 2812 3014 in
2847 2958 3192 3018 emolitione,
3235 2964 3346 3008 non

1850 3044 1906 3096 in
1938 3043 2260 3105 intentione,
2294 3040 2368 3095 ib.
2421 3094 2430 3101 .

1785 3118 1927 3173 ordo
1969 3120 2170 3185 prioris
2211 3122 2264 3171 et
2305 3114 2619 3184 posterioris
2661 3114 2718 3165 in
2754 3110 3028 3165 intellectu
3063 3106 3256 3162 divino
3301 3112 3352 3157 et

1848 3194 2126 3250 voluntate
2153 3193 2302 3249 unde
2333 3191 2654 3253 sumendus,
2687 3189 2763 3240 ib.

1850 3268 2004 3325 Unde
2043 3270 2184 3323 inter
2215 3268 2500 3322 scientiam
2523 3264 2773 3326 visioniS,
2799 3268 2852 3317 et
2877 3261 3211 3315 voluntatem
3233 3258 3350 3319 Dei,

1850 3350 2004 3475 {fatie
2038 3421 2179 3475 inter
2211 3432 2297 3471 res
2319 3430 2553 3485 quarum
2587 3412 2884 3482 prioritatis
2909 3413 2966 3465 in
3000 3412 3109 3463 Deo
3135 3420 3243 3461 non
3275 3413 3354 3460 cst

1808 3541 1811 3547 .
1848 3496 2288 3555 fundamentum,
2318 3506 2362 3547 s·
2391 3498 2437 3546 ι.

1786 3573 1927 3627 ordo
1961 3572 2179 3641 duplex,
2217 3570 2542 3625 intentionis
2567 3572 2626 3623 et
2654 3564 3005 3627 executionis,
3036 3566 3091 3614 et
3121 3559 3354 3627 qualiter

1848 3650 1908 3703 in
1942 3649 2134 3702 divina
2160 3646 2436 3701 voluntate
2463 3644 2887 3711 distinguantur.
2917 3639 2993 3692 ib.

1786 3725 1928 3779 ordo
1958 3724 2158 3792 prioris
2186 3729 2239 3778 et
2271 3720 2588 3790 posterioris
2611 3720 2670 3774 in
2701 3716 2929 3771 scientia
2951 3712 3200 3773 visionis,
3225 3726 3268 3764 s.
3299 3716 3346 3763 2.

1786 3801 1927 3856 Ordo
1971 3801 2198 3855 unionis
2243 3798 2588 3865 hypostaticae
2633 3806 2746 3848 non
2793 3790 3053 3861 supponit
3096 3783 3348 3842 ordinem

1848 3877 2053 3944 gratiae,
2089 3882 2145 3929 et
2178 3874 2412 3943 qualiter
2445 3871 2516 3925 ad
2554 3876 2845 3935 utrumque
2877 3878 2936 3920 se
2977 3864 3172 3919 habeat
3212 3861 3348 3916 ordo

1790 3952 2179 4082 ⁰313ssss
2201 4027 2376 4080 solum
2401 4029 2481 4077 est
2505 4024 2646 4078 inter
2671 4032 2889 4075 causam
2911 4023 2962 4071 et
2983 4015 3254 4070 effectum.

2563 4158 2617 4232 P

2307 4267 2331 4297 α
2365 4320 2532 4364 »Assio
2561 4320 2772 4363 οιιιπι.

1852 4414 2026 4477 Quare
2071 4412 2150 4467 illi
2180 4410 2487 4481 specialiter
2517 4408 2786 4463 tribuatur
2811 4412 2996 4461 nostra
3027 4400 3348 4471 redemptio,

1852 4490 1990 4653 gog,
2004 4491 2196 4622 gunnes
2217 4563 2425 4633 species
2446 4563 2760 4632 passionum
2783 4559 3022 4614 Christus
3041 4556 3349 4623 assumpsit,

1789 4640 2074 4773 Passiones
2099 4716 2388 4771 sensibiles
2408 4717 2632 4771 fuerunt
2664 4714 2722 4767 iu
2744 4712 2968 4770 christo.
2992 4709 3216 4765 seclusis
3243 4708 3352 4761 im·

1855 4792 2314 4861 perfectionibus,
2344 4790 2493 4846 unde
2525 4790 2725 4845 melius
2749 4786 3116 4857 propassiones
3153 4782 3352 4837 dicun·

1855 4871 2229 5001 ffi’ssnsgciffn
2248 4876 2433 5013 {apita
2462 4946 2796 5001 revocantur,
2825 4938 2899 4991 ib.

1860 5022 2101 5078 christus
2131 5036 2242 5090 qua
2273 5021 2483 5077 ratione
2507 5017 2786 5087 passiones
2809 5025 3091 5082 superasse
3121 5010 3351 5071 dicatur.

1860 5112 1902 5154 s.
1934 5103 1982 5153 2.

2361 5218 2514 5259 nrm
2547 5214 2794 5257 mm.

1791 5323 1946 5377 Pater
1994 5329 2228 5379 aeternus
2271 5318 2496 5374 nonnisi
2543 5330 2713 5372 unam
2759 5326 3047 5385 personam
3095 5324 3357 5380 generare

1857 5404 2047 5467 potest.
2070 5398 2123 5452 d.
2151 5402 2229 5458 13.
2254 5410 2296 5449 s.
2320 5400 2368 5447 Ξ.

1856 5472 1946 5527 Est
1986 5484 2158 5527 unum
2210 5468 2546 5540 principium
2587 5468 2712 5523 Filii
2763 5474 2816 5521 ct
2867 5466 3098 5534 Spiritus
3151 5463 3354 5529 Sancti,

1857 5548 2108 5617 quamvis
2141 5548 2334 5601 babeat
2365 5546 2548 5615 plures
2574 5542 2880 5607 relationeS,
2905 5543 3004 5599 iu·
