3892 6167
557 306 678 369 124

553 411 844 473 virtutem
877 407 1144 470 activam
1171 404 1398 469 horum
1433 410 1690 469 actuum
1739 408 2121 483 supernatu-

552 504 780 568 ralium
823 502 1193 566 naturaliter
1227 501 1382 581 ipsis
1431 498 1872 580 congenitam;
1901 515 2123 560 conse·

557 616 759 676 quens
785 602 999 659 autern
1031 597 1124 673 (ut
1152 596 1369 657 dicunt
1417 593 1698 674 quidam)
1741 608 1870 653 non
1899 598 1997 654 est
2022 598 2127 653 tu·

555 699 723 764 tum,
753 691 903 771 quia
933 708 1060 752 non
1091 697 1316 769 parum
1362 689 1430 749 in
1477 688 1594 749 hoc
1641 686 1886 748 favetur
1927 686 2124 747 errori

558 785 817 865 Pelagii,
849 802 994 845 cum
1023 782 1267 863 aliquid
1293 782 1607 844 tribuatur
1633 785 1875 841 naturae
1906 796 2127 841 secun-

557 879 711 941 dum
753 896 845 952 se,
875 883 1165 957 respectu
1193 874 1770 957 supernaturalium
1813 878 2067 935 actuum
2102 892 2117 946 ;

559 990 732 1053 erge.
769 971 1251 1050 Respondetur:
1285 970 1338 1031 si
1383 969 1464 1029 sit
1489 984 1700 1029 sermo
1749 966 1829 1027 de
1875 964 2121 1045 partiali

557 1067 782 1128 virtute
829 1064 1030 1127 activa
1057 1063 1344 1125 absolute
1372 1069 1436 1125 ct
1463 1060 1852 1140 simpliciter,
1879 1059 2123 1121 abstra-

559 1158 770 1221 hendo
789 1158 872 1220 ab
894 1158 1014 1219 hoc
1045 1156 1214 1237 quod
1241 1155 1350 1217 illa
1373 1156 1570 1217 virtus
1599 1154 1845 1217 dicatur
1865 1158 2125 1216 natura·-

559 1253 638 1314 lis
657 1252 758 1313 vel
771 1250 1228 1325 obedientialiS,
1251 1247 1614 1329 principalis
1629 1246 1729 1311 vel
1742 1248 2127 1311 instrumen-

559 1346 724 1419 talis,
755 1345 1012 1407 omnino
1045 1342 1384 1405 dicendum
1425 1349 1522 1405 est
1551 1340 1747 1423 quod,
1773 1342 1838 1403 in
1867 1340 1965 1401 his
2006 1358 2125 1420 po·-

561 1438 772 1501 tentiis
810 1456 890 1499 ex
935 1437 1198 1517 praecisa
1245 1441 1470 1497 natura
1501 1452 1617 1497 sua
1645 1433 2122 1509 considerantia,

559 1531 640 1593 sit
661 1531 870 1611 aliqua
898 1533 994 1593 vis
1025 1530 1230 1592 activa
1247 1528 1616 1607 imperfecta
1641 1538 1702 1590 et
1717 1527 2015 1589 inchoata
2044 1526 2127 1588 ad

563 1623 926 1687 efficiendos
951 1624 1066 1685 hos
1093 1630 1272 1685 actus
1289 1622 1846 1703 supernaturales3
1871 1620 1991 1683 hoc
2016 1638 2125 1681 au·

560 1722 692 1779 tem
730 1734 864 1777 nou
911 1716 1114 1779 solum
1145 1716 1300 1777 nihil
1330 1716 1520 1777 babet
1548 1714 1810 1795 periculi
1839 1716 1951 1775 aut
1978 1712 2126 1776 doc-

561 1810 740 1871 trinae
789 1809 996 1871 minus
1053 1814 1220 1882 tutae,
1256 1827 1476 1872 verum
1519 1808 1710 1871 etiam
1737 1824 1963 1888 parum
2010 1807 2127 1869 erit

561 1908 768 1967 tutum
785 1948 802 1977 ‚
841 1921 1194 1983 parumque
1245 1908 1742 1967 consentaneum
1803 1900 2126 1981 principiis

561 1995 710 2058 fidei
726 1995 792 2057 id
822 2011 1082 2075 negare3
1099 1996 1270 2076 quia,
1294 1997 1456 2059 sicut
1484 2000 1580 2057 est
1597 1995 1678 2057 de
1699 1993 1828 2057 fide
1855 1999 2122 2066 certum,

563 2089 680 2151 has
709 2091 1020 2171 potentias
1055 2091 1203 2153 solis
1247 2094 1490 2151 naturae
1531 2088 1770 2151 viribus
1803 2106 1953 2151 cum
1982 2105 2129 2151 con-

564 2202 754 2245 cursu
795 2184 1076 2263 generali
1121 2202 1246 2247 non
1277 2201 1462 2264 posse
1501 2184 1728 2246 elicere
1755 2184 1874 2245 bos
1901 2184 2081 2244 actus
2106 2226 2127 2257 ,

561 2277 650 2341 ita
681 2277 868 2339 etiam
891 2285 987 2339 est
1011 2278 1090 2341 de
1126 2276 1252 2339 fide
1281 2282 1546 2353 certum,
1571 2294 1716 2339 cum
1751 2281 2132 2356 supernatu-

563 2370 680 2432 rali
707 2371 938 2433 auxilio
967 2370 1293 2450 (quicquid
1341 2370 1492 2433 illud
1530 2370 1628 2445 sit)
1653 2388 1840 2451 posse
1869 2369 2009 2431 illos
2044 2368 2135 2431 et*-

564 2463 788 2538 ficere;
823 2472 884 2527 et
903 2470 1368 2544 consequenter
1389 2468 1486 2527 est
1509 2464 1700 2527 etiam
1723 2469 1989 2539 certum,
2018 2463 2133 2525 has

564 2557 877 2639 potentias
903 2558 992 2621 ita
1031 2576 1172 2621 esse
1197 2576 1274 2621 ex
1315 2564 1542 2620 natura
1569 2575 1684 2619 sua
1713 2556 2031 2619 institutas
2058 2573 2135 2617 ac

567 2652 875 2728 conditas,
909 2658 976 2713 ut
1031 2658 1194 2715 natae
1247 2651 1374 2713 sint
1419 2650 1648 2713 elevari
1687 2668 1804 2731 per
1855 2649 2133 2713 divinam

569 2745 836 2826 gratiam
865 2744 946 2807 ad
975 2746 1093 2807 hos
1135 2750 1310 2807 actus
1337 2742 1722 2807 efficiendos,
1753 2744 1844 2805 Ex
1871 2743 1989 2804 boc
2022 2758 2135 2803 au-

569 2845 699 2901 tem
727 2839 1056 2919 principio,
1085 2837 1384 2918 adjuncto
1417 2837 1542 2899 alio
1566 2835 1700 2899 fere
1724 2835 2003 2899 evidenti
2028 2853 2138 2897 na·

569 2932 875 3007 turaliter,
903 2931 1160 3004 scilicet,
1191 2938 1369 2995 actus
1411 2930 1630 2995 vitales
1664 2929 1892 2993 saltem
1917 2946 1999 2991 ex
2028 2945 2137 2989 na-

571 3033 714 3091 tura
741 3042 859 3087 sua
889 3024 1207 3104 postulare
1236 3029 1308 3085 ut
1343 3026 1544 3087 active
1575 3023 1734 3085 fiant
1783 3042 1823 3085 a
1856 3022 2136 3103 potentia

569 3119 765 3192 vitali,
793 3136 921 3180 non
946 3117 1409 3183 denominative
1439 3123 1709 3193 tantum,
1744 3115 1852 3179 sed
1881 3132 2135 3177 emana—

569 3212 694 3275 tive
719 3212 813 3291 (ut
841 3212 930 3275 sic
963 3212 1188 3290 dicam)
1215 3229 1362 3273 vere
1395 3229 1471 3273 ac
1503 3228 1616 3291 per
1653 3228 1722 3273 ae
1761 3208 2135 3290 profluendo

570 3305 826 3385 abipsa,
855 3305 1040 3385 plane
1056 3304 1451 3367 concluditur
1469 3305 1585 3365 has
1599 3304 1908 3384 potentias
1929 3320 2009 3365 ex
2024 3320 2133 3363 na·-

569 3406 713 3461 tura
729 3416 844 3461 sua
863 3416 1050 3479 posse
1081 3398 1313 3461 elevari
1337 3398 1421 3461 ad
1451 3398 1566 3461 hos
1589 3403 1768 3461 actus
1793 3397 1914 3459 hoc
1943 3394 2133 3457 modo

567 3493 958 3557 connaturali
993 3491 1396 3566 efficiendos;
1431 3490 1626 3563 unde,
1659 3491 1822 3554 sicut
1861 3509 1995 3553 non
2040 3496 2137 3553 est

569 3593 776 3651 tutum
801 3605 1034 3667 negare
1061 3588 1528 3651 conclusionem
1545 3585 1985 3667 theologicam,
2000 3603 2140 3666 quae

571 3700 650 3745 ex
687 3700 814 3745 uno
850 3682 1160 3763 principio
1189 3682 1269 3745 de
1299 3681 1449 3758 fide,
1479 3689 1542 3745 et
1577 3680 1702 3745 alio
1739 3680 2014 3743 naturali
2040 3698 2140 3743 se·-

569 3777 784 3859 quitur
803 3822 818 3851 ,
851 3778 936 3839 ita
955 3796 1079 3839 non
1101 3782 1308 3855 potest
1331 3782 1466 3839 tuto
1489 3776 1708 3855 negari
1735 3792 1874 3837 esse
1898 3775 1969 3836 in
1993 3791 2139 3835 nos-

569 3870 680 3932 tris
709 3869 1004 3949 potentiis
1026 3870 1376 3931 secundum
1403 3888 1470 3932 se
1489 3870 1654 3931 banc
1677 3867 2015 3946 aliqualem
2034 3884 2139 3929 ac-

571 3962 874 4029 tivitatem
897 3964 1280 4038 inchoatam,
1314 3980 1726 4043 quincumque
1757 3960 1862 4023 illa
1891 3962 1993 4023 sit.

649 4059 750 4119 44.
784 4058 988 4132 Unde,
1013 4056 1185 4137 quod
1201 4057 1592 4135 Augustinus
1615 4055 1791 4131 dixit,
1808 4058 1840 4119 1
1869 4053 1951 4116 de
1980 4054 2137 4117 Prae-

571 4150 732 4215 dest.
759 4152 996 4227 Sauct„
1027 4169 1082 4212 c.
1115 4154 1188 4213 δε
1221 4151 1410 4214 Posse
1429 4150 1640 4215 habere
1661 4148 1866 4227 fidem,
1893 4153 2139 4211 natura·

570 4250 658 4309 est
671 4246 1000 4321 homiuum,
1018 4244 1227 4309 habero
1243 4250 1464 4316 autem,
1481 4245 1707 4323 yratioe
1731 4246 1820 4305 ost
1835 4241 2135 4318 fidelium,

571 4356 702 4399 non
729 4338 933 4399 solum
961 4344 1056 4401 est
1081 4355 1303 4401 verum
1349 4337 1596 4399 ratione
1629 4336 1924 4416 potentiae
1966 4353 2132 4397 rece·

570 4432 778 4513 ptivae,
801 4433 915 4497 sed
948 4433 1138 4495 etiam
1163 4432 1408 4497 ratione
1435 4431 1622 4510 hujus
1651 4428 1945 4510 potentiae
1980 4428 2139 4491 acti-

568 4544 684 4601 vae,
711 4526 932 4589 saltem
951 4526 1256 4589 inchoatae
1281 4531 1344 4587 et
1365 4524 1791 4604 imperfectae3
1815 4524 1965 4605 quia
1978 4520 2137 4585 fides

572 4624 806 4701 (sermo
835 4630 932 4685 est
959 4622 1040 4683 de
1061 4620 1315 4700 actuali)
1343 4620 1560 4682 baberi
1589 4637 1720 4683 non
1747 4624 1954 4699 potest
1980 4617 2138 4681 reci-

569 4715 803 4796 piendo
835 4720 1104 4790 tantum,
1135 4713 1248 4777 sed
1274 4714 1623 4795 coagendo,
1647 4720 1710 4775 et
1737 4712 2137 4793 cooperando

572 4809 786 4890 gratiae
829 4808 1124 4871 excitanti
1155 4812 1218 4868 et
1255 4806 1602 4888 adjuvanti.
1633 4806 2136 4875 Fundamentum

571 4909 788 4965 autem
829 4901 936 4979 huj
947 4919 1019 4963 us
1069 4901 1528 4981 cooperationis
1581 4900 1940 4965 necessario
1994 4918 2137 4963 esse

573 4994 764 5057 debet
799 4994 864 5055 in
895 4993 1030 5074 ipsa
1059 5000 1285 5057 natura
1307 5039 1325 5070 ,
1355 4995 1504 5074 quia
1544 5012 1673 5057 non
1701 4999 1908 5074 potest
1937 4998 2138 5055 totum

572 5088 654 5151 ab
690 5089 1036 5151 extrinseco
1065 5089 1394 5168 provenire
1422 5106 1440 5165 ς
1475 5088 1631 5151 illud
1657 5095 1870 5151 autem
1915 5086 2139 5149 funda·

571 5188 854 5245 mentum
883 5182 1228 5245 nibilaliud
1253 5188 1350 5244 est
1371 5200 1560 5261 quam
1589 5182 1873 5245 activitas
1898 5181 2135 5261 aliqua,

570 5293 718 5339 cnm
741 5294 868 5337 non
897 5276 978 5337 sit
997 5276 1132 5339 sola
1155 5278 1473 5357 receptiva
1503 5277 1806 5357 potentia.
1853 5275 2139 5355 Denique

572 5370 695 5433 hoc
739 5370 936 5432 multo
987 5370 1218 5435 certius
1257 5377 1522 5451 apparet
1543 5371 1608 5433 in
1639 5370 1736 5431 bis
1765 5368 2005 5431 actibus
2035 5386 2141 5429 su-

571 5466 1104 5546 pernaturalibuS,
1133 5466 1388 5547 quando
1447 5465 1644 5531 libere
1694 5464 1901 5538 fiunt;
1947 5464 2098 5542 quia
2118 5508 2133 5538 ,

1769 300 2009 367 QuAEs'r.
2042 299 2173 355 xm.
2216 302 2419 357 ARTlc.
2454 304 2535 357 lv.

2201 404 2373 484 quod
2399 405 2523 468 sint
2550 404 2735 468 nobis
2756 404 2963 481 liberi,
2990 420 3125 468 non
3154 404 3405 468 habent
3432 405 3725 477 formaliter

2202 503 2267 561 et
2292 498 2551 578 praecise
2578 516 2655 560 ex
2692 516 2769 560 eo
2816 498 2987 578 quod
3013 499 3146 561 sint
3170 516 3211 560 a
3244 499 3399 573 Deo,
3430 500 3567 579 quia
3586 512 3643 566 ut
3663 509 3724 569 sie

2203 612 2333 655 non
2356 597 2804 673 comparantur
2841 592 2921 655 ad
2946 610 3061 655 nos
3088 592 3327 665 active,
3355 592 3469 653 sed
3499 597 3696 674 passive
3706 616 3720 677 ;

2204 687 2473 749 liberum
2512 692 2748 763 autem,
2786 693 2857 749 ut
2906 685 3209 759 liberum,
3236 703 3373 748 non
3416 692 3510 749 est
3532 688 3587 749 in
3606 694 3723 753 reci-

2204 780 2460 862 piendo,
2475 780 2669 842 sedin
2698 779 2973 857 agendO,
2992 785 3225 841 utnon
3250 780 3517 843 obscure
3538 783 3723 862 signifi-

2204 876 2367 938 cavit
2380 874 2725 937 Concilium
2746 872 3214 948 Tridentinum‚
3250 890 3411 935 sess.
3446 878 3506 947 6,
3536 892 3655 937 can.
3674 884 3719 953 4,

2204 976 2271 1031 et
2302 968 2491 1031 latius
2533 966 2799 1029 traditur
2833 966 2899 1027 in
2942 966 3149 1047 prima
3200 967 3535 1045 secundoe;
3562 988 3721 1049 neque

2204 1062 2395 1126 etiam
2434 1060 2499 1123 bi
2539 1067 2717 1123 actus
2762 1060 3113 1123 formaliter
3158 1058 3407 1123 babent
3450 1063 3602 1141 quod
3633 1066 3723 1126 siut

2202 1155 2407 1231 liberi,
2452 1172 2532 1217 ex
2572 1170 2650 1217 eo
2684 1153 2855 1234 quod
2898 1154 2980 1215 ab
3022 1153 3359 1216 habitibus
3396 1156 3716 1234 procedunt;

2204 1250 2355 1329 quia
2382 1266 2593 1328 neque
2608 1248 2741 1328 ipse
2756 1247 3007 1309 habitus
3030 1251 3131 1309 est
3158 1247 3351 1321 liber,
3368 1247 3482 1310 nisi
3502 1250 3557 1310 in
3571 1266 3719 1328 quan-

2206 1348 2340 1405 tum
2377 1340 2659 1422 potentia
2686 1340 2791 1402 illo
2838 1342 2932 1402 uti
2970 1344 3213 1421 potest,
3248 1358 3401 1403 cum
3426 1342 3578 1417 vult3
3610 1360 3717 1422 ergo

2204 1436 2271 1497 hi
2304 1442 2481 1497 actua
2512 1436 2743 1497 babent
2771 1434 2943 1515 quod
2966 1434 3092 1497 sint
3114 1434 3309 1496 liberi
3335 1451 3414 1496 ex
3440 1434 3649 1497 influxu
3668 1438 3717 1498 li-

2203 1528 2360 1593 bero
2388 1530 2589 1609 ipsius
2610 1528 2903 1609 potentiae
2926 1546 2943 1601 ς
2966 1544 3243 1591 necesse
3272 1534 3373 1590 est
3396 1545 3541 1607 ergo
3568 1537 3623 1591 ut
3644 1548 3719 1608 po·

2204 1624 2401 1686 tentia
2426 1642 2557 1685 non
2584 1623 2786 1685 solum
2818 1641 2931 1702 per
2958 1622 3279 1697 habitum,
3314 1621 3429 1685 aed
3456 1622 3617 1685 etiam
3640 1642 3719 1702 per

2206 1736 2275 1781 se
2298 1719 2501 1798 ipsam
2530 1717 2753 1779 influat
2780 1718 2843 1779 in
2869 1716 2987 1779 hos
3014 1724 3201 1781 actus
3228 1732 3253 1795 ;
3280 1734 3419 1778 non
3444 1724 3625 1797 potest
3646 1736 3721 1777 au-

2205 1818 2337 1875 tem
2366 1830 2479 1893 per
2504 1830 2572 1873 se
2599 1811 2887 1887 influere,
2920 1812 3041 1875 nisi
3076 1830 3162 1874 ex
3188 1830 3263 1875 se
3288 1812 3357 1873 in
3390 1812 3619 1875 entitate
3641 1828 3719 1871 sua

2207 1906 2439 1968 haheat
2466 1906 2743 1985 aliquam
2770 1905 2895 1967 vim
2944 1906 3224 1967 activam
3266 1904 3353 1967 ad
3389 1905 3535 1967 tales
3554 1914 3715 1977 actus;

2208 2017 2357 2063 nam
2382 1999 2433 2062 si
2462 1998 2634 2061 illam
2660 2016 2739 2060 ex
2770 2016 2839 2061 se
2868 2016 2997 2061 non
3014 1998 3317 2071 haberet,
3345 2016 3471 2059 non
3498 1998 3717 2077 possetei

2210 2093 2547 2155 intrinsece
2599 2099 2663 2155 et
2700 2092 2921 2154 intime
2960 2091 3139 2169 addi,
3174 2092 3294 2155 sed
3336 2091 3536 2153 solum
3564 2096 3717 2169 posset

2210 2187 2477 2267 adjungi
2520 2186 2827 2261 activitaS,
2856 2202 3000 2263 quoe
3044 2192 3147 2247 est
3174 2186 3247 2247 in
3275 2185 3495 2247 habitu
3518 2183 3602 2245 vel
3630 2181 3717 2243 for-

2212 2298 2319 2341 ma
2352 2278 2777 2359 superaddita,
2803 2279 2905 2341 vel
2924 2279 2989 2341 in
3012 2279 3235 2358 aliquo
3266 2278 3597 2341 extrinseco
3620 2292 3717 2337 coo·

2214 2378 2500 2454 perante,
2528 2372 2698 2452 quod
2724 2389 2853 2433 non
2882 2378 2982 2434 est
3002 2372 3357 2447 sufficienti,
3381 2376 3445 2433 ut
3466 2376 3713 2431 ostensum

2214 2472 2330 2529 est.
2358 2466 2433 2527 Et
2449 2470 2785 2545 propterea
2810 2470 2981 2527 recte
3006 2464 3165 2529 dixit-
3190 2464 3589 2545 AugustinuS,
3604 2461 3713 2521 libro

2216 2558 2297 2621 de
2324 2558 2559 2639 Spiritu
2598 2564 2661 2621 et
2699 2558 2929 2628 littera.
2956 2558 3223 2624 liborum
3250 2557 3567 2623 arbitrium
3588 2559 3715 2616 natu-

2213 2652 2435 2715 raliter
2460 2652 2829 2717 ambacum
2864 2670 2905 2715 a
2930 2658 3201 2717 creatore
3232 2653 3457 2717 anima·
3492 2644 3711 2713 ration-ali

2216 2762 2343 2809 esee
2364 2742 2487 2808 cim
2512 2746 2789 2821 mediam,
2822 2763 2955 2826 quar
2980 2745 3075 2809 vel
3098 2744 3339 2809 intendi
3360 2744 3443 2809 ad
3462 2743 3634 2819 fidem,
3654 2737 3711 2801 od

2218 2837 2513 2903 inclinari
2564 2839 2648 2901 ad
2690 2838 3109 2918 infidelitatem
3158 2843 3378 2919 potest.
3426 2836 3499 2897 Et
3534 2834 3601 2895 de
3634 2832 3709 2891 hac

2218 2930 2631 3011 possibilitate
2659 2931 2937 3010 loquitur
2968 2932 3037 2993 in
3064 2931 3176 2993 lib.
3210 2934 3239 2993 1
3276 2931 3361 2993 de
3380 2928 3575 2991 Gratia
3598 2924 3710 2985 Chri·
3777 2980 3779 2991 ,

2218 3024 2321 3100 sti,
2350 3040 2490 3105 cap.
2524 3026 2627 3098 50,
2646 3042 2791 3085 cum
2814 3024 2901 3087 ait
2922 3026 3285 3087 naturalem
3314 3021 3708 3104 possibilitatem
3772 3050 3783 3099 3

2215 3123 2473 3197 peccato
2524 3134 2661 3181 ease
2696 3117 3016 3195 vitiatam,
3046 3117 3329 3199 ideoque
3370 3117 3639 3177 inermem
3664 3125 3709 3167 ac
3769 3147 3783 3193 ³.

2214 3211 2527 3273 infirmam
2546 3211 2629 3274 ab
2648 3211 2973 3273 Ambrosio
3000 3211 3258 3289 vocari;
3290 3228 3419 3273 non
3448 3206 3593 3271 enim
3612 3219 3708 3282 pos-
3775 3232 3782 3283 i

2196 3303 2475 3367 .sibilitas
2517 3304 2767 3384 passiva
2784 3302 3111 3369 ,infirmata
3139 3311 3242 3368 est
3268 3321 3385 3385 per
3409 3302 3706 3381 peccatumi
3780 3342 3782 3376 2

2214 3398 2437 3463 eadem
2470 3399 2639 3461 enim
2668 3414 2923 3478 semper
2950 3404 3213 3470 manen
3249 3396 3363 3461 sed
3392 3394 3571 3457 activa
3590 3393 3708 3451 eale·

2217 3510 2340 3553 nus
2368 3491 2685 3555 infirmata
2712 3498 2833 3566 est,
2860 3498 3177 3570 quatenus
3196 3491 3489 3555 destituta
3510 3489 3592 3547 est
3609 3494 3709 3543 con·
3774 3502 3779 3541 ,ε

2219 3586 2409 3649 sortio
2430 3584 2687 3665 justitias
2712 3590 2776 3646 et
2792 3584 3121 3649 habituum
3138 3584 3379 3666 gratiae.
3405 3578 3641 3655 Denique
3652 3566 3707 3629 ad

2220 3678 2589 3741 salvandam
2650 3679 2843 3741 vitam
2894 3684 2956 3741 et
3006 3677 3369 3743 libertatem
3420 3674 3483 3736 iu
3528 3666 3707 3733 actibus

2220 3772 2848 3854 supernaturalibus,
2878 3774 3304 3837 necessariam
3352 3760 3706 3859 existimarunt

2220 3868 2387 3931 hanc
2436 3867 2812 3929 activitatem
2842 3866 3097 3939 Driedo,
3126 3866 3209 3927 de
3249 3868 3435 3929 Cone.
3464 3858 3558 3920 lib.
3590 3851 3705 3915 arbi-

2217 3961 2317 4023 trii
2364 3968 2430 4023 et
2484 3960 2673 4040 praed.
2703 4006 2725 4037 ,
2770 3977 2911 4040 cap.
2948 3963 2985 4023 3
3014 3980 3033 4035 ;
3066 3960 3330 4035 Ruard.,
3374 3960 3486 4017 art.
3516 3956 3580 4023 ’ῖς
3614 3942 3704 4021 Bel·

2216 4054 2547 4131 larminus,
2576 4054 2687 4115 lib.
2707 4052 2787 4115 de
2814 4054 3027 4115 Gratia
3054 4054 3308 4117 etliber.
3336 4036 3700 4117 arbitr.,c.15‚

2218 4148 2327 4230 qui
2372 4145 2567 4210 etiam
2601 4146 2912 4209 videndus
2956 4154 3051 4209 est
3092 4146 3203 4209 lib.
3242 4148 3305 4221 3,
3336 4159 3463 4222 cap.
3497 4138 3579 4201 10.
3608 4130 3699 4233 Non
3777 4136 3779 4213 ζ

2222 4259 2377 4322 ergo
2406 4258 2520 4321 per
2548 4240 2713 4301 hanc
2736 4239 2865 4301 vim
2896 4240 3162 4303 activam
3192 4240 3531 4301 inchoatam
3554 4232 3701 4288 et1m·
3777 4252 3779 4291 ῑ

2218 4334 2569 4417 perfectam
2610 4339 2968 4395 nostrarum
3005 4335 3423 4414 potentiarum
3468 4322 3540 4386 ad
3580 4322 3700 4381 aetus
3777 4322 3783 4403 3

2218 4428 2731 4510 supernaturales
2770 4428 3057 4491 favemus
3110 4428 3307 4491 errori
3355 4416 3595 4497 Pelagii,
3626 4402 3701 4469 ⁵0⁴¹
3777 4446 3783 4499 l

2217 4524 2493 4603 fugimus
2523 4542 2801 4587 errorem
2830 4523 3122 4599 Lutlieri;
3158 4520 3435 4601 Pelagius
3460 4511 3697 4604 enimnqn
3766 4546 3783 4600 3

2218 4618 2362 4683 ideo
2410 4618 2745 4683 damnatus
2796 4625 2913 4695 est,
2950 4618 3099 4699 quia
3152 4618 3278 4679 vim
3312 4614 3561 4691 aliquam
3594 4601 3699 4661 acu·

2216 4732 2362 4777 vam
2388 4713 2825 4794 imperfectam
2838 4719 3064 4775 nostrae
3088 4718 3326 4777 naturae
3344 4697 3604 4798 attribuit,
3618 4682 3697 4751 sed

2218 4808 2367 4889 quia
2391 4812 2587 4871 totam
2611 4806 2737 4871 vim
2761 4806 3080 4887 propriam
3096 4813 3161 4869 et
3184 4796 3559 4885 principalem
3576 4801 3627 4847 m
3646 4793 3695 4838 ea
3777 4848 3779 4851 ,

2218 4900 2466 4983 posuit;
2497 4919 2709 4981 neque
2758 4901 3031 4965 concilia
3052 4946 3067 4977 ,
3100 4898 3350 4981 quando
3396 4890 3549 4954 illum
3572 4879 3696 4983 qam·

2220 5001 2396 5071 nant,
2428 5001 2665 5075 negant
2700 4995 2930 5057 nostris
2960 4994 3355 5057 facultatibus
3379 4970 3691 5048 naturalibus

2222 5104 2478 5151 omnem
2501 5088 2629 5152 vim
2656 5088 2741 5149 ad
2774 5088 2889 5150 hos
2915 5093 3113 5160 actus,
3148 5088 3257 5149 sed
3284 5074 3581 5169 aliqualeu}
3611 5073 3693 5139 po-

2218 5183 2345 5245 tius
2374 5188 2761 5263 supponunt,
2788 5182 2939 5245 dum
2968 5182 3143 5245 aiunt
3162 5183 3355 5244 Deum
3380 5160 3689 5238 nosadlul'a‘

2219 5293 2311 5351 re,
2336 5282 2401 5338 et
2444 5274 2655 5339 facere
2683 5281 2755 5337 ut
2790 5275 3118 5352 sadanma,
3151 5282 3213 5337 et
3240 5288 3350 5335 nos
3387 5263 3557 5327 libere
3586 5257 3690 5351 φῦ·

2220 5370 2454 5432 sentire
2470 5370 2687 5450 gratia!
2716 5370 2967 5432 vocanti
2989 5388 3133 5431 cum
3148 5356 3476 5449 adjuvantis
3492 5336 3682 5454 {luxllffffi

2220 5466 2285 5525 et
2312 5463 2441 5525 alia
2478 5462 2729 5541 similia,
2759 5481 2901 5542 quae
2944 5463 3079 5526 sine
3104 5462 3307 5543 aliqua
3334 5454 3392 5518 vi
3418 5450 3596 5510 activa,
3622 5442 3683 5487 ¹¹¹·
