3892 6167
1323 378 1557 443 Qum.
1591 380 1720 435 XV!-
1753 380 1955 435 Anne.
1992 380 2075 435 w.

197 496 244 565 el
281 488 548 556 (iminica
582 498 814 555 manus,
859 479 954 543 vel
982 480 1280 545 dominica
1301 482 1528 563 passio.
1560 480 1658 544 Et

221 608 270 653 eo
287 588 400 665 ipse
423 581 582 643 homo
608 575 908 649 Christe-5,
941 574 1048 654 qui
1075 580 1162 637 eet
1190 576 1506 651 Dominus,
1537 592 1656 637 non

199 684 318 745 otest
343 676 450 738 dt'ci
473 670 834 739 dominicam,-
855 670 962 731 secl
981 672 1182 748 potest
1207 687 1346 732 earo
1377 669 1506 748 ejus
1533 670 1658 733 dici

222 794 274 837 ro
300 766 592 841 dominica,
620 768 678 827 et
703 762 908 845 passio
928 762 1056 841 ejvs
1071 766 1272 845 potest
1301 764 1425 828 diei
1443 764 1654 845 passio

156 866 425 939 {anniinice

154 963 156 991 l

154 1031 156 1074 ¹
559 1048 1187 1116 COMMENTARIUS.

150 1236 152 1263 ³
225 1252 264 1306 l.
292 1242 554 1323 Auyust„
603 1234 960 1309 Athenae„
994 1231 1246 1313 otu-ys„
1293 1230 1648 1313 Epiphan„

159 1340 420 1421 vadimus.
447 1366 526 1381 -
553 1330 742 1392 Divus
765 1326 1033 1392 Thomas
1077 1326 1326 1391 videtur
1381 1327 1652 1388 movisse

159 1431 498 1515 ‹saaestionem
530 1426 694 1485 hane
731 1429 989 1505 propter
1019 1426 1306 1501 August„
1341 1422 1653 1500 quiinter-

157 1528 269 1591 dum
316 1524 418 1582 hac
445 1518 762 1582 locutione
793 1535 944 1577 usus
971 1520 1088 1593 est,
1121 1522 1184 1577 et
1221 1521 1440 1596 postea
1477 1514 1650 1576 illam

155 1616 469 1689 retractavit,
499 1620 567 1674 ut
613 1614 689 1674 D.
717 1611 993 1671 Thomas
1027 1610 1218 1673 refert
1265 1611 1330 1671 in
1360 1609 1644 1685 articulo,

155 1720 202 1777 et
223 1714 430 1773 constat
451 1706 638 1769 etiam
667 1722 746 1766 ex
781 1704 889 1765 lib.
917 1704 958 1764 2
981 1704 1060 1765 de
1089 1704 1288 1765 Serm.
1319 1702 1562 1764 Domini
1583 1702 1648 1762 in

153 1812 336 1875 monte,
368 1820 416 1863 c.
451 1802 546 1862 10.
581 1797 710 1860 Sed
733 1816 862 1859 non
891 1797 1062 1859 solus
1083 1800 1348 1877 August.
1377 1814 1452 1857 ea
1483 1796 1652 1857 locu-

151 1902 280 1963 tione
313 1892 607 1955 interdum
641 1910 799 1952 usus
819 1896 935 1966 est,
955 1888 1070 1952 sed
1098 1891 1286 1952 etiam
1317 1891 1649 1963 Athenae„

153 1996 200 2055 in
224 1990 566 2071 expositione
601 1984 783 2061 fidei,
811 2002 952 2065 quae
985 1984 1257 2047 habetur
1283 1984 1348 2045 in
1377 1989 1530 2046 tom.
1563 1987 1594 2045 1
1627 1998 1648 2063 3

155 2094 198 2149 et
225 2088 437 2163 Chrys,
463 2076 681 2142 homil.
737 2078 817 2140 de
845 2080 1042 2141 Cruce
1085 2078 1356 2155 Domini,
1387 2078 1452 2139 in
1493 2084 1648 2139 tom.

153 2184 208 2257 3;
234 2186 284 2240 et
309 2176 624 2256 Epiphan.,
649 2174 878 2235 hoeres.
917 2174 1020 2243 69,
1053 2172 1204 2234 etin
1235 2171 1341 2234 lib.
1373 2174 1654 2233 Ancora·

147 2282 208 2340 to,
233 2278 346 2351 post
369 2268 644 2329 medium
673 2284 690 2341 ;
729 2272 792 2328 et
817 2264 1144 2345 DydimuS,
1175 2264 1286 2327 lib.
1312 2266 1350 2325 3
1377 2264 1458 2327 de
1512 2264 1652 2345 spi-

145 2368 236 2427 ritu
258 2364 480 2438 Sanct0,
513 2360 632 2423 col.
679 2364 746 2432 4,
779 2359 845 2421 in
875 2362 916 2421 6
941 2364 1094 2421 tom.
1143 2358 1431 2419 Biblioth.
1474 2376 1650 2420 sane-

147 2466 222 2519 tae.
249 2452 631 2517 Nihilominus
681 2454 760 2515 D.
785 2453 1081 2527 Thomas,
1113 2468 1385 2531 sequeus
1415 2458 1652 2512 retrae-

145 2552 391 2613 tationem
442 2547 802 2626 Augustini,
835 2552 1026 2626 negat
1073 2546 1439 2625 simpliciter
1489 2546 1649 2607 hano

143 2646 478 2715 locutionem,
509 2642 659 2719 quia
712 2640 1064 2703 dominicus
1103 2640 1332 2701 dieitur
1363 2640 1651 2701 'denomi-

143 2739 304 2798 native
327 2754 360 2797 a
379 2734 676 2813 Domin03
707 2734 904 2810 unde,
939 2752 1084 2796 curn
1109 2734 1390 2795 Christus
1419 2733 1498 2795 sit
1516 2734 1649 2810 ipso

141 2832 399 2902 DominuS,
419 2848 544 2889 uon
565 2834 782 2908 potest
799 2844 948 2891 vere
967 2828 1088 2889 diei
1105 2828 1482 2901 dominicus,
1497 2826 1650 2905 quia

143 2944 226 3003 per
245 2924 346 2984 hoe
371 2923 744 3001 importatur
793 2922 997 2983 solum
1027 2921 1316 3001 quaedam
1345 2920 1646 2981 habitudo

145 3016 200 3076 ad
220 3016 541 3075 Dominum.
585 3015 766 3076 Circa
814 3032 1007 3097 quam
1054 3016 1366 3077 rationem
1399 3018 1462 3075 et
1499 3030 1647 3075 sen-

145 3111 346 3171 tentiam
386 3108 784 3171 ohservanda
822 3110 918 3170 est
955 3110 1175 3188 regula
1223 3126 1413 3187 supra
1442 3108 1648 3186 posita

142 3204 198 3264 de
221 3202 746 3282 praedicationibus
773 3202 1252 3263 denominativis
1266 3219 1287 3282 3
1315 3219 1444 3263 non
1476 3202 1646 3262 enim

137 3298 295 3357 omnis
311 3296 661 3376 praedicatio
681 3296 1146 3358 denominativa
1175 3295 1646 3374 repugnathuio

135 3392 401 3467 austerio,
433 3389 543 3450 sed
581 3390 716 3463 illa,
745 3408 884 3469 quae
912 3390 1148 3451 indicat
1177 3388 1638 3450 distinctionem

136 3484 564 3563 suppositorum,
591 3488 786 3561 atque
817 3484 977 3545 adeo
1021 3483 1322 3545 unionem
1351 3481 1642 3543 acciden-

135 3577 282 3637 talem
301 3599 316 3651 3
355 3578 466 3637 hoe
505 3594 664 3638 vero
711 3576 1140 3657 praedicatum,
1179 3574 1533 3649 dominicus,
1565 3574 1642 3635 si-

142 3672 486 3751 gnificetsine
529 3674 666 3734 ullo
697 3672 888 3734 dubio
936 3672 1368 3735 habitudinem
1413 3670 1494 3732 ad
1523 3672 1640 3731 Do·

145 3766 349 3840 minum,
380 3774 440 3829 et
467 3772 934 3847 consequenter
968 3766 1264 3847 importat
1297 3764 1644 3827 distinotio-

146 3876 248 3919 nem
262 3861 338 3920 rei
357 3861 440 3921 sic
459 3860 881 3922 denominatas
899 3859 980 3921 ab
993 3860 1128 3939 ipso
1149 3859 1414 3919 Domino
1436 3876 1452 3931 ;
1473 3855 1641 3917 unde

141 3950 188 4011 lit
211 3960 262 4013 ut
291 3954 640 4015 humanitas
669 3954 891 4015 Christi
938 3970 1086 4014 vere
1125 3953 1320 4032 possit
1359 3948 1643 4011 denomi-

139 4046 241 4105 mri
266 4046 583 4124 dominica,
625 4047 774 4127 quia
803 4052 898 4108 est
921 4046 1205 4107 distincta
1235 4062 1272 4104 a
1293 4042 1638 4122 supposito.

139 4141 190 4199 Et
215 4140 312 4201 hoe
337 4140 592 4203 fortasse
624 4140 814 4202 modo
843 4140 1036 4202 locuti
1065 4146 1210 4201 sunt
1239 4140 1454 4199 Patres
1479 4138 1643 4198 Grae·

136 4232 193 4307 ci,
222 4240 270 4294 et
316 4236 569 4313 August.
630 4236 692 4295 in
741 4234 1055 4314 prioribus
1097 4232 1290 4306 locis3
1339 4230 1642 4310 frequens

136 4328 266 4386 enim
292 4328 442 4407 apud
493 4328 640 4390 illos
685 4334 800 4403 est,
835 4329 1290 4388 humanitatem
1322 4326 1640 4387 hominem

135 4420 421 4496 appellare.
451 4422 526 4484 Et
547 4422 717 4483 idern
753 4426 848 4483 est
867 4420 945 4483 de
975 4420 1268 4501 passione
1299 4426 1362 4481 et
1389 4420 1526 4481 aliis
1564 4420 1640 4481 si-

135 4514 378 4586 niilibus;
408 4520 644 4578 atvero
677 4514 869 4576 homo
897 4514 1193 4586 chrisme,
1227 4530 1370 4575 eum
1393 4530 1522 4573 non
1551 4513 1640 4574 di-

138 4606 438 4686 stinguatur
473 4628 510 4669 a
553 4610 901 4688 supposito,
935 4608 1105 4687 quod
1156 4614 1250 4668 est
1291 4608 1588 4667 Dominus
1619 4651 1636 4681 ,

137 4719 236 4761 non
261 4710 448 4780 potest
475 4702 828 4765 dominicus
862 4702 1188 4782 appellari,
1221 4702 1370 4780 quia
1405 4701 1642 4763 indica·

139 4794 619 4858 lurNestorianus
667 4814 863 4873 error,
891 4802 954 4862 et
991 4796 1304 4857 distinctio
1353 4795 1642 4875 supposi-

141 4892 324 4949 torum.
349 4888 520 4953 Unde
571 4892 758 4953 etiam
789 4890 1104 4964 Nazianz.,
1137 4894 1293 4952 orat.
1321 4892 1388 4952 54
1402 4936 1422 4967 ,
1453 4889 1642 4951 refert

140 4982 290 5041 etiam
314 4984 728 5061 Apollinarem
755 4984 861 5045 illa
887 5002 1040 5046 voco
1081 5002 1268 5045 usum
1299 5002 1461 5061 esse,
1504 4985 1639 5064 ipse

139 5092 254 5135 vero
277 5076 468 5139 subdit
491 5098 508 5138 t
541 5078 676 5144 Noe
695 5094 832 5141 vero
855 5080 1080 5143 rectius
1110 5080 1302 5142 Deum
1336 5086 1394 5140 et
1419 5079 1640 5142 Domi·

139 5186 250 5231 num
273 5179 527 5235 nosti-tim
556 5174 950 5254 appellamus,
981 5192 1100 5235 non
1142 5173 1292 5236 enim
1348 5173 1642 5237 hominem

141 5283 168 5325 a
200 5266 422 5327 Dimiuo
447 5282 816 5345 separamus.
853 5266 1013 5327 Addi
1053 5282 1204 5328 vero
1246 5272 1473 5345 potest,
1501 5267 1640 5329 hoee

141 5358 310 5416 omnia
337 5378 466 5420 esse
491 5378 660 5432 vera,
679 5362 727 5422 si
757 5361 1200 5441 intelligamus,
1233 5361 1354 5423 hoe
1379 5378 1637 5437 nomeu,

144 5449 449 5527 dominicus,
473 5454 680 5515 dicere
717 5452 1151 5516 habitudinem
1193 5454 1274 5516 ad
1303 5455 1644 5534 ipsummet

149 5541 398 5621 Verbum,
425 5550 494 5611 ut
529 5565 744 5612 revera
793 5549 1097 5629 contingit
1122 5548 1190 5611 in
1218 5547 1323 5613 illa
1353 5550 1643 5631 proposi-

3040 378 3299 451 ,335

1737 483 1932 559 tione,
1954 484 2137 561 juxta
2180 498 2581 545 communem
2630 492 2817 545 usum
2848 484 3291 559 terminorum;

1737 576 1995 655 intelligi
2032 580 2245 639 tamen
2266 583 2501 657 posset,
2536 578 2696 639 lianc
2723 578 3297 641 denominationem

1737 672 1924 734 etiam
1956 674 2117 733 sumi
2156 690 2271 751 per
2298 672 2733 734 habitudinem
2780 674 2859 734 ad
2891 674 3137 735 Patrem
3168 694 3186 747 ς
3220 674 3301 735 si-

1735 770 1838 827 eut
1885 766 2055 826 enim
2090 765 2319 828 dicitur
2356 766 2633 830 Christus
2666 768 2856 829 Filius
2899 769 3011 829 Dei
3042 774 3301 847 propter

1733 857 2167 920 habitudinem
2198 859 2278 921 ad
2298 861 2569 933 Patrem,
2592 862 2677 924 ita
2715 862 2902 923 etiam
2934 867 3139 941 potest
3174 861 3298 923 dici

1733 952 1926 1015 Filius
1965 972 2079 1015 seu
2100 954 2373 1015 Verbum
2398 956 2665 1031 Domini,
2694 956 3011 1036 quomodo
3040 956 3103 1015 in
3140 955 3299 1017 Scri-

1734 1052 1919 1125 ptura
1960 1046 2277 1108 interdum
2305 1048 2659 1126 appellatur
2676 1064 2697 1126 3
2731 1066 2881 1129 ergo
2912 1048 3151 1110 ratione
3178 1049 3299 1109 bu-

1727 1142 1833 1220 jus
1877 1140 2263 1203 habitudinis
2306 1146 2509 1220 potest
2540 1140 2663 1203 dici
2706 1143 2979 1203 Verbum
3026 1141 3299 1203 domini-

1735 1250 1902 1303 cum,
1935 1240 1999 1296 et
2026 1234 2215 1295 Filius
2244 1233 2619 1308 dominicus,
2648 1238 2710 1296 et
2736 1254 2855 1313 per
2872 1234 3299 1297 communica-

1731 1328 1971 1389 tionem
2026 1328 2396 1388 idiomatum
2416 1372 2437 1403 ,
2508 1328 2697 1388 homo
2740 1328 3111 1389 dominicus.
3172 1328 3299 1389 Sed

1734 1425 1882 1501 quia
1927 1422 2185 1483 vocibus
2222 1421 2529 1483 utendum
2568 1424 2661 1483 est
2682 1422 2863 1500 juxta
2894 1438 3295 1484 communem

1730 1532 1940 1589 usum,
1968 1516 2069 1575 cui
2100 1533 2325 1576 sensus
2354 1516 2455 1577 hic
2498 1534 2629 1577 nou
2675 1522 2769 1577 est
2804 1523 3292 1592 consentaneuS,

1729 1608 1872 1670 ideo
1908 1610 2041 1671 haee
2078 1610 2309 1673 locutio
2353 1610 2810 1673 introducenda
2840 1630 2970 1672 non
3002 1618 3111 1673 est.
3146 1610 3293 1673 Pos-

1733 1707 1827 1763 set
1845 1720 1997 1763 vero
2026 1703 2125 1765 hie
2151 1703 2607 1765 hahereloeum
2640 1704 2923 1783 qaeestio,
2950 1722 3055 1779 an,
3071 1705 3293 1767 saltem

1733 1811 1876 1857 cum
1905 1794 2025 1857 hae
2064 1795 2614 1869 determinatione,
2648 1800 2716 1859 ia
2768 1803 3061 1878 quantum
3106 1800 3264 1873 limo,

1731 1890 1930 1969 possit
1960 1890 2079 1951 hoe
2116 1889 2527 1970 praedicatum
2564 1890 2687 1953 dici
2739 1892 2819 1953 de
2864 1890 3150 1967 Christ03
3184 1891 3297 1955 sed

1732 1980 1870 2043 haze
1898 1982 2159 2060 quaestio
2194 1982 2487 2046 coincidit
2536 2002 2681 2045 cum
2711 1984 2839 2059 illa,
2870 2002 2953 2044 an
2988 1984 3287 2059 Christus,

1733 2072 1797 2135 in
1825 2080 2134 2153 quantum
2156 2077 2373 2151 homo,
2390 2078 2587 2156 possit
2612 2078 2733 2140 diei
2765 2094 3003 2152 servus,
3036 2094 3175 2159 quae
3200 2078 3297 2141 in-

1731 2166 1848 2241 fra,
1871 2186 1933 2249 q.
1966 2170 2411 2242 marmanda
2440 2176 2556 2233 est.

1812 2264 1873 2323 Ξ.
1909 2263 2147 2325 Solutio
2172 2264 2253 2325 ad
2281 2264 2553 2343 primum
2577 2265 2761 2326 simul
2788 2282 2931 2327 eum
2958 2272 3073 2328 art.
3104 2268 3297 2347 expli-

1731 2363 1870 2419 eata
1900 2360 2015 2419 est.
2062 2358 2419 2420 Solutiones
2470 2376 2617 2420 vero
2651 2359 2735 2421 ad
2770 2362 2809 2421 2
2840 2367 2903 2426 et
2933 2360 2993 2437 3,
3034 2362 3098 2422 in
3128 2360 3288 2442 disp.

1729 2466 1944 2531 proee„
1978 2456 2130 2512 sect.
2164 2452 2224 2527 3,
2258 2456 2535 2513 tractatae
2558 2458 2725 2514 sunt.

2212 2710 2635 2825 aathulaUS
2674 2712 2781 2775 lv.

1741 2889 1975 2953 Utrum
1996 2907 2089 2963 ea,
2114 2906 2249 2967 quae
2268 2891 2623 2953 conveniunt
2650 2890 2826 2954 Filio
2855 2893 3135 2967 hominis,
3151 2914 3295 2976 poe·

1805 2983 1928 3046 sint
1950 2984 2293 3065 predicari
2322 2985 2393 3047 de
2412 2983 2589 3049 Filio
2616 2987 2758 3063 Dei,
2788 2990 2847 3051 et
2868 3005 3209 3055 econverso.

1809 3202 1866 3263 1.
1917 3199 2027 3262 Aa
2078 3206 2374 3279 quartum
2432 3203 2521 3265 eie
2572 3206 2946 3284 proceditur.
3034 3206 3296 3273 Videtur

1725 3292 1886 3370 quod
1910 3312 2005 3366 ea,
2035 3310 2168 3372 quse
2194 3300 2335 3357 sant
2361 3299 2641 3358 hamana»
2667 3304 2911 3361 natura*
2936 3346 2953 3371 ,
3006 3316 3125 3360 nori
3142 3318 3295 3380 poe-

1719 3388 1848 3448 sint
1876 3388 2003 3449 clici
2030 3390 2103 3450 de
2130 3390 2273 3452 Dea.
2305 3389 2688 3471 Impossibile
2712 3392 2872 3454 enim
2900 3396 2989 3455 eet
3017 3396 3293 3473 opposita

1723 3480 1795 3542 de
1828 3483 2029 3543 eodem
2048 3482 2405 3561 praedicari.
2458 3482 2587 3547 Sed
2612 3502 2703 3557 ea,
2734 3502 2867 3563 qaae
2895 3491 3037 3548 sunt
3065 3488 3289 3551 lemna·-

1719 3590 1816 3635 aoe
1843 3580 2111 3649 naturae,
2146 3582 2289 3637 eunt
2322 3578 2633 3640 contraria
2671 3578 2767 3641 hie
2793 3596 2927 3659 qua·
2952 3584 3095 3641 eunt
3128 3596 3289 3661 pro-

1709 3668 1862 3747 pria
1889 3670 2009 3731 Dei
2032 3695 2053 3729 .·
2082 3670 2245 3733 Deae
2272 3673 2369 3733 eni
2372 3690 2429 3731 m
2456 3677 2541 3735 est
2568 3674 2895 3747 increatus,
2927 3675 3183 3735 immuta
3194 3675 3291 3737 bi·-

1724 3758 1834 3835 lis,
1867 3768 1924 3823 et
1947 3768 2209 3827 αντη-ητις
2232 3786 2259 3835 ,·
2300 3767 2385 3827 ad
2412 3768 2739 3828 burianam
2767 3772 2970 3829 antem
2996 3773 3291 3831 naturam

1713 3857 2007 3937 pertinet,
2038 3862 2109 3919 ut
2127 3859 2213 3921 sit
2234 3876 2365 3921 crea
2374 3862 2462 3933 ta,
2492 3864 2758 3941 tempora
2768 3860 2847 3923 lie
2868 3866 2925 3924 et
2946 3862 3285 3925 mutabilis.

1722 3949 1902 4031 Erqo
1931 3970 2022 4023 ea,
2056 3968 2189 4031 quoe
2215 3959 2357 4016 sunt
2397 3956 2677 4017 hiemante
2704 3960 2967 4032 naturoe,
3004 3974 3122 4018 noa
3140 3974 3292 4037 poe·-

1722 4049 1862 4107 etmt
1893 4046 2019 4108 dici
2048 4047 2119 4107 de
2146 4048 2291 4111 Deo,

1804 4144 1862 4203 2.
1911 4140 2258 4217 Proeterea,
2294 4142 2627 4205 attribuere
2652 4143 2777 4205 Deo
2808 4160 2873 4205 ea
2908 4160 3043 4222 qaoe
3070 4144 3155 4205 ad
3186 4146 3316 4206 de-.

1721 4236 1946 4313 fectum
1966 4236 2279 4313 pertinent
2302 4282 2317 4309 ,
2356 4236 2597 4299 videtur
2626 4238 2917 4318 deroyare
2950 4238 3155 4299 divino
3184 4240 3295 4299 leo-

1721 4329 1858 4389 aori
1882 4374 1897 4401 ,
1944 4332 2003 4390 et
2044 4330 2153 4411 adj
2172 4328 2607 4411 blasphemiam
2643 4333 2970 4411 pertinere.
3030 4330 3159 4394 Sed
3196 4350 3289 4403 ea,

1719 4438 1854 4500 qaoe
1881 4426 2025 4483 eunt
2055 4424 2337 4485 hiemante
2362 4428 2623 4496 naturae,
2658 4426 2957 4502 desectam
2978 4424 3294 4503 quemdam

1721 4516 2047 4588 continent,
2078 4517 2235 4579 sieut
2256 4518 2423 4596 pati,
2456 4518 2635 4591 mori,
2676 4521 2733 4579 et
2760 4517 2893 4579 alia
2923 4518 3284 4598 hrjmmodi.

1719 4608 1898 4689 Erqo
1935 4610 2179 4671 videtum·
2218 4612 2377 4689 quod
2410 4608 2583 4672 nullo
2624 4613 2797 4673 modo
2838 4628 2927 4683 ea,
2975 4629 3111 4691 qaoe
3149 4615 3293 4675 erent

1721 4704 2005 4765 hiemante
2030 4709 2295 4781 παίωνας,
2319 4706 2559 4785 possint
2589 4706 2711 4767 dici
2742 4706 2813 4767 cle
2836 4706 2984 4767 Dec.

1802 4799 1859 4860 3.
1907 4796 2247 4871 Proeterea,
2282 4800 2509 4861 assumi
2546 4800 2815 4862 convenit
2851 4801 3131 4861 hiemante
3174 4816 3294 4861 aa·

1721 4894 1897 4953 tnroe.
1937 4890 2087 4955 Non
2116 4894 2317 4953 autem
2344 4892 2451 4955 hoc
2478 4893 2750 4955 convenit
2778 4892 2923 4955 Deo.
2968 4892 3119 4959 Non
3152 4910 3293 4975 erqo

1723 5002 1815 5056 ea,
1845 5000 1983 5063 quoe
2006 4990 2147 5047 sunt
2174 4986 2453 5048 humana·
2478 4990 2740 5061 naturae,
2772 4988 2844 5050 de
2869 4986 2995 5049 Deo
3025 4987 3295 5068 dicipoe·

1719 5084 1882 5143 eunt.

1803 5171 1936 5236 Sed
1972 5178 2185 5237 contra
2228 5179 2317 5238 eet
2358 5176 2521 5255 quod
2560 5174 2920 5239 Damascen.
2958 5177 3131 5249 dicit,
3160 5176 3229 5238 in
3256 5178 3295 5239 3

1723 5265 1827 5330 lib.
1867 5273 1912 5341 ¹,
1957 5270 2115 5347 qaod
2141 5270 2309 5331 Deice
2330 5268 2593 5349 suscepit
2619 5289 2710 5343 ea,
2755 5286 2888 5350 quoe
2915 5274 3057 5332 ment
3086 5270 3293 5333 carnis

1721 5360 2043 5436 idiomata,
2081 5362 2152 5425 id
2178 5370 2287 5436 est,
2310 5360 2743 5445 proprietates,
2782 5365 2927 5426 dian
2951 5362 3117 5427 Dm
3132 5380 3289 5442 pas-

1806 5554 1824 5592 ¹
1874 5552 2049 5615 Orth.
2080 5552 2217 5633 fid„
2248 5571 2303 5615 c.
2334 5555 2397 5631 6,
2428 5554 2491 5614 in
2520 5550 2755 5613 medio.
