3892 6167
562 361 683 421 376

560 462 947 528 sufficienter
1003 461 1288 526 ordinata
1353 463 1436 526 ad
1502 463 1813 526 rationem
1875 460 2080 524 meriti
2107 503 2122 534 ‚

560 563 871 640 quantum
904 563 999 620 est
1042 575 1121 620 ex
1156 563 1335 638 parte
1364 556 1560 638 ipsius
1599 557 1745 628 Dei;
1778 555 1975 630 unde,
2007 555 2126 616 hoc

560 652 703 732 ipso
734 651 903 731 quod
946 653 1113 712 Deus
1140 650 1609 731 praedestinavit
1650 649 1970 713 Christum
2019 647 2124 708 tali

560 743 779 814 modo,
804 743 1039 822 talique
1062 744 1403 814 voluntate,
1429 743 1491 804 in
1517 761 1591 804 ea
1613 741 1936 805 voluntate
1966 757 2126 818 pra·-

566 835 721 899 vidit
752 835 963 897 futura
1018 837 1156 916 ejus
1196 838 1439 910 merita,
1478 841 1735 918 propter
1761 851 1903 914 quae
1931 833 2128 894 voluit

562 929 699 991 aliis
745 929 1119 992 benefacere
1149 929 1353 1010 magis
1378 936 1485 992 aut
1514 930 1747 1004 minua,
1787 929 1967 1008 juxta
2017 926 2124 988 be·

559 1023 943 1102 neplacitum
974 1041 1183 1084 suum.
1216 1027 1452 1085 Rursus
1481 1029 1626 1084 ante
1651 1023 1816 1084 hane
1842 1021 2125 1082 volunta·

562 1123 691 1176 tem
716 1117 826 1177 Dci
862 1122 929 1178 ut
960 1117 1047 1178 sic
1079 1118 1479 1179 terminatam
1524 1115 1605 1178 ad
1630 1116 1968 1187 Christum,
2000 1129 2126 1172 non

564 1214 661 1270 est
702 1226 959 1270 necesse
1014 1209 1363 1290 intelligere
1418 1211 1689 1290 priorem
1740 1208 2128 1270 voluntatem

562 1303 958 1364 terminatam
994 1303 1077 1364 ad
1105 1303 1372 1384 gloriam
1402 1304 1750 1376 hominum,
1778 1303 1927 1380 quia
1958 1301 2130 1362 aliud

561 1400 659 1457 est
688 1395 845 1458 velle
872 1397 1183 1459 Christum
1215 1402 1283 1457 ut
1308 1397 1616 1474 medium,
1644 1394 1815 1456 aliud
1843 1395 2006 1455 velle
2036 1393 2126 1473 ip-

560 1505 700 1548 sum
750 1495 821 1550 ut
864 1490 1133 1569 primam
1177 1507 1435 1551 causam
1474 1490 1540 1550 in
1594 1505 1827 1569 genere
1873 1487 2119 1558 meriti;

560 1582 726 1642 Deus
752 1589 965 1642 autem
990 1583 1111 1644 hoc
1141 1583 1471 1663 posteriori
1502 1583 1691 1644 modo
1719 1581 1914 1642 voluit
1940 1579 2124 1643 Chri-

563 1679 727 1737 stum
754 1675 953 1736 inille
980 1677 1185 1756 primo
1226 1679 1429 1756 signo,
1460 1695 1589 1738 non
1626 1675 1839 1756 priori,
1890 1681 1954 1737 et
1981 1674 2123 1735 idco

566 1787 695 1832 non
742 1777 983 1851 oportet
1012 1773 1487 1854 praeintelligere
1537 1773 1711 1834 illam
1748 1772 1933 1832 aliam
1967 1771 2129 1850 prio·

562 1881 698 1927 rem
743 1866 1151 1940 voluntatem,
1209 1869 1375 1947 quia,
1420 1869 1567 1930 licet
1620 1865 1910 1928 voluntas
1936 1863 2126 1925 medii

561 1967 875 2038 supponat
918 1959 1303 2022 voluntatem
1350 1959 1515 2036 finis,
1577 1967 1797 2023 tamen
1840 1960 2128 2020 voluntas

560 2069 767 2113 causae
785 2053 963 2132 quasi
980 2053 1299 2115 efficientis
1317 2055 1379 2116 in
1409 2073 1523 2116 suo
1554 2073 1793 2134 genere
1821 2071 1947 2114 non
1977 2071 2120 2132 sup·

560 2147 741 2224 ponit
768 2146 1153 2208 voluntatem
1202 2147 1484 2224 effectus,
1526 2147 1639 2210 sed
1690 2151 1901 2227 potest
1949 2146 2121 2206 illam

562 2255 780 2300 secum
810 2237 1057 2301 afferre.
1082 2241 1251 2303 Sicut
1272 2243 1459 2302 etiam
1491 2242 1553 2301 in
1584 2259 1659 2302 eo
1684 2239 1889 2319 signo,
1912 2239 2120 2318 inquo

560 2330 755 2394 voluit
795 2333 964 2394 Deus
1008 2333 1354 2411 Christum,
1396 2333 1593 2396 voluit
1628 2333 1715 2394 ini
1766 2331 2122 2394 commuui-

562 2441 705 2488 care
726 2426 1071 2504 potentiam
1097 2425 1370 2488 faciendi
1392 2426 1899 2506 supernaturalia
1926 2442 2120 2505 opera

560 2519 623 2578 et
666 2517 993 2594 miracula,
1042 2538 1170 2580 non
1214 2521 1362 2598 quia
1394 2525 1853 2600 supponeretur
1898 2519 1963 2578 in
1993 2520 2120 2578 Deo

558 2609 848 2671 voluntas
872 2611 1087 2672 talium
1114 2631 1401 2692 operum,
1426 2621 1489 2675 ct
1508 2613 1649 2674 ideo
1668 2611 1935 2673 voluerit
1955 2627 2122 2671 com-

556 2703 878 2764 municare
903 2704 1141 2767 Christo
1170 2704 1339 2766 illam
1369 2706 1717 2786 potentiam
1746 2712 1815 2766 ut
1838 2704 2121 2766 medium

560 2794 640 2857 ad
667 2795 774 2857 illa
800 2815 1013 2876 opera,
1062 2797 1175 2860 scd
1222 2799 1429 2879 potius
1471 2801 1619 2878 quia
1648 2816 1765 2878 per
1804 2815 1873 2860 se
1924 2798 2121 2861 voluit

560 2889 1023 2952 communicare
1052 2890 1297 2955 Christo
1344 2893 1513 2954 illam
1548 2891 2021 2972 perfectionem,
2053 2898 2122 2954 ut

559 2988 745 3054 esset,
774 2982 839 3043 in
889 2983 1061 3046 omni
1104 3001 1338 3064 genere
1388 2984 2117 3064 causae‚perfectissima,

559 3075 769 3156 quoad
825 3083 1060 3155 posset,
1097 3094 1324 3155 causa,
1373 3079 1518 3140 ideo
1548 3097 1625 3140 ex
1681 3096 1756 3140 ea
1804 3079 2124 3142 voluntate

556 3175 965 3230 consecutum
994 3175 1111 3245 est,
1142 3175 1212 3232 ut
1230 3189 1305 3233 ea
1326 3189 1520 3252 opera
1548 3177 1754 3234 essent
1780 3172 2116 3252 possibilia,

556 3267 666 3322 aut
698 3259 1037 3339 aliquando
1065 3263 1299 3326 futura.
1344 3265 1639 3328 Similiter
1680 3265 1745 3325 in
1786 3265 2011 3326 eodem
2041 3266 2124 3326 si-

555 3371 682 3433 gno
738 3355 1199 3434 praedestinavit
1244 3357 1554 3420 Christum
1594 3365 1666 3420 ut
1720 3364 1908 3437 caput
1951 3357 2122 3437 quod

554 3446 819 3509 haberet
846 3447 1264 3525 influentiam,
1298 3467 1426 3513 non
1468 3459 1681 3514 tamen
1714 3457 1785 3512 ut
1810 3451 2115 3528 medium,

556 3557 764 3619 neque
802 3559 879 3604 ex
904 3543 1097 3623 priori
1144 3544 1464 3607 voluntate
1505 3544 1807 3606 influendi
1836 3545 1904 3604 in
1932 3545 2114 3619 ahoe,

556 3625 667 3694 s'ed
692 3639 761 3695 ut
807 3651 1059 3696 causam
1094 3638 1470 3717 praecipuam
1522 3639 1591 3698 in
1638 3655 1715 3698 eo
1754 3637 1994 3711 ordine,
2035 3635 2118 3698 ad

554 3745 743 3808 quam
768 3739 1237 3809 consequuntur
1260 3733 1419 3795 tales
1448 3731 1737 3809 effectus3
1774 3730 1945 3792 idem
1963 3747 2113 3810 ergo

554 3821 889 3886 dicendum
916 3843 1145 3889 censeo
1164 3825 1247 3888 de
1273 3827 1409 3906 ejus
1436 3827 1681 3889 merito.

634 3920 735 3983 25.
782 3919 984 3998 Atque
1008 3919 1157 3981 hinc
1183 3919 1364 3983 facile
1402 3919 1606 3983 estad
1632 3920 1911 4001 singulas
1946 3919 2111 3980 diffi-

555 4011 816 4074 cultates
843 4012 1247 4091 respondere.
1286 4013 1381 4074 Ad
1418 4013 1683 4094 primam
1716 4013 1883 4074 enim
1922 4031 2119 4094 nega-

558 4111 661 4167 tur
700 4115 1111 4185 assumptum,
1156 4107 1479 4182 nimirum,
1520 4126 1646 4168 non
1684 4109 1960 4186 potuisse
1986 4127 2118 4171 me-

552 4197 673 4259 rita
726 4197 948 4260 Christi
990 4199 1319 4279 praevideri
1370 4205 1517 4262 ante
1558 4199 1929 4262 electionem
1964 4219 2116 4280 prae-

557 4291 1031 4353 destinatorum.
1088 4293 1162 4352 Et
1220 4291 1301 4352 ad
1350 4292 1617 4369 primam
1680 4292 2118 4372 probationem

553 4383 994 4464 respondetur,
1026 4384 1171 4446 licet
1198 4385 1263 4445 in
1304 4383 1582 4464 quodam
1611 4403 1869 4464 genere,
1900 4405 2013 4448 seu
2049 4388 2116 4448 in

554 4475 929 4538 subsistendi
972 4478 1437 4556 consequentia,
1471 4478 1656 4538 simut
1692 4478 1927 4541 fuerint
1947 4497 2118 4559 prae-

555 4570 845 4632 destinati
875 4587 1094 4631 omnes
1128 4571 1310 4632 electi
1334 4589 1479 4633 cum
1508 4570 1769 4647 Christo,
1800 4572 2117 4634 nihilomi-

553 4673 676 4723 nus
720 4661 783 4722 in
832 4661 1044 4741 aliquo
1090 4681 1322 4744 genere
1375 4663 1567 4724 fnisse
1614 4663 1925 4728 Christum
1979 4665 2115 4728 aliis

552 4755 978 4836 praeelectum,
1008 4756 1264 4833 scilieet,
1294 4758 1360 4818 in
1392 4775 1627 4838 genere
1647 4758 1789 4819 finis
1816 4764 1881 4820 et
1906 4775 2105 4820 exem·

549 4849 762 4929 piaris,
786 4855 850 4910 et
878 4849 1163 4912 similiter
1182 4851 1250 4911 in
1280 4868 1513 4932 genere
1530 4869 1732 4913 cansae
1756 4853 2108 4927 meritorias,

552 4942 701 5022 quia
727 4943 813 5004 ita
850 4943 1046 5004 voluit
1075 4944 1243 5004 Deus
1271 4945 1455 5006 simul
1490 4945 1799 5006 Christum
1824 4953 1889 5006 et
1930 4946 2109 5021 alios,

551 5041 621 5097 ut
649 5040 860 5096 tamen
888 5035 1153 5098 voluerit
1198 5036 1531 5109 Christum,
1566 5044 1634 5099 ut
1668 5038 1980 5100 rationem
2009 5055 2116 5102 vo-

548 5128 723 5190 lendi
760 5129 955 5205 aliae,
1002 5133 1065 5190 et
1108 5138 1573 5211 consequenter
1618 5131 1809 5192 etiam
1846 5130 2115 5195 voluerit

548 5221 724 5300 prius
752 5223 995 5282 ratione
1024 5224 1246 5284 merita
1282 5224 1529 5298 Christi,
1564 5241 1911 5302 corumque
1956 5241 2114 5303 praa-

544 5315 893 5391 visionem,
938 5333 1130 5394 quam
1171 5316 1437 5378 aliorum
1484 5316 1891 5391 electionem,
1938 5319 2109 5395 quod

548 5415 835 5489 respectu
870 5409 1221 5472 dilectionis
1264 5411 1595 5490 ipsiusmet
1630 5409 1853 5472 Christi
1896 5409 2107 5472 locum

1792 361 2027 427 QUAEST.
2063 361 2193 414 xlx.
2229 363 2431 416 Anno.
2469 363 2550 416 tv.

2207 478 2338 522 non
2381 461 2716 524 involvitur
2765 459 3392 542 respectu·aliorum.
3433 460 3520 522 Ad
3559 462 3696 526 aliam

2205 571 2361 616 vero
2405 553 2843 634 probationem
2882 555 3016 633 jam
3049 551 3438 615 declaratum
3477 561 3575 631 est,
3611 574 3696 636 quo

2207 647 2396 710 modo
2435 649 2720 710 voluntas
2769 650 3134 709 meritorum
3181 646 3408 709 Christi
3447 665 3562 708 non
3595 669 3700 729 snp-

2207 747 2401 820 ponat
2429 740 2799 804 elect-ionem
2831 741 3177 803 hominum.

2285 837 2386 897 26.
2433 836 2664 897 Dices.
2697 851 2987 913 quaenam
3031 833 3257 896 merita
3293 831 3512 894 Christi
3543 784 3704 912 potae

2207 932 2391 991 runt
2377 949 2440 991 m
2473 931 2582 992 illo
2627 933 2810 1010 signo
2839 927 3193 1010 praevideri,
3223 945 3374 988 cum
3405 943 3522 988 nou
3547 931 3704 1004 potae·

2207 1022 2334 1083 rint
2359 1023 2422 1083 in
2456 1041 2532 1084 eo
2576 1021 2758 1102 signo
2791 1021 3122 1102 praevideri
3147 1019 3434 1082 actiones
3455 1021 3707 1098 etpassin-

2213 1133 2328 1177 nes
2345 1133 2506 1196 quas
2527 1116 2750 1178 habuit
2771 1117 2838 1176 in
2859 1114 3108 1177 mortali
3127 1113 3433 1193 corpore?
3457 1112 3536 1172 De
3551 1112 3706 1174 haere

2211 1227 2376 1288 sa‘pe
2403 1209 2640 1271 dictum
2665 1215 2759 1271 est
2787 1210 2852 1270 in
2871 1207 3336 1288 superioribus:
3357 1204 3596 1284 quidam
3609 1223 3707 1266 sea-

2209 1303 2372 1366 tiunt
2415 1303 2628 1364 fuisse·
2655 1303 2880 1366 merita
2914 1300 3134 1363 Christi
3186 1301 3256 1360 in
3291 1299 3594 1360 communi
3628 1315 3705 1359 seu

2207 1397 2572 1471 formaliter,
2610 1415 2740 1458 non
2782 1397 2848 1458 in
2893 1395 3256 1476 particulari
3285 1409 3404 1454 sen
3437 1391 3708 1453 materiali-

2205 1499 2324 1564 ter,
2347 1497 2534 1570 prout
2548 1507 2661 1571 per
2682 1491 2838 1552 tales
2861 1497 3040 1552 actus
3057 1491 3456 1550 exercentur.
3477 1483 3590 1547 Sed
3601 1486 3707 1563 qaia

2207 1603 2334 1647 non
2377 1592 2546 1647 recte
2591 1585 2952 1646 attribuitur
2988 1586 3119 1646 Deo
3169 1581 3278 1642 hic
3329 1577 3550 1641 modus
3603 1596 3708 1638 con-

2209 1679 2364 1740 fusae
2407 1677 2816 1759 cognitionis,
2849 1679 3074 1740 metius
3111 1674 3346 1737 dicitur
3372 1675 3436 1734 in
3483 1689 3551 1733 eo
3579 1674 3708 1750 signa

2209 1773 2400 1835 fuisse
2440 1771 2707 1851 praevisa
2749 1772 2972 1834 merita
3013 1787 3130 1849 per
3155 1775 3374 1830 actum
3403 1766 3614 1828 amoris
3635 1763 3707 1826 Dei

2211 1873 2273 1928 et
2303 1867 2604 1944 proximi,
2639 1867 2746 1945 qui
2765 1881 2895 1926 non
2925 1862 3248 1946 dependet
3275 1881 3316 1924 a
3339 1877 3590 1940 corpore
3611 1877 3708 1937 pas-

2209 1961 2393 2021 sibili.

2285 2057 2385 2118 27.
2437 2054 2530 2116 Ad
2561 2055 2905 2117 secundam
2935 2053 3372 2116 difficultatem
3401 2049 3604 2111 eadem
3619 2065 3709 2107 res-

2201 2148 2426 2228 ponsio
2450 2145 2806 2212 adhibenda
2827 2155 2957 2223 est;
2981 2145 3469 2209 concedendum
3493 2143 3706 2206 estcnim

2203 2242 2466 2317 illatum,
2501 2241 2673 2322 quod
2705 2243 2769 2302 in
2808 2257 2884 2301 ea
2913 2240 3201 2314 infertur,
3233 2239 3368 2298 imo
3417 2255 3492 2297 ex
3533 2236 3620 2295 illo
3641 2253 3708 2292 sn·

2201 2336 2396 2396 mitur
2417 2334 2860 2415 praedictorum
2883 2332 3308 2395 confirmatio.
3345 2328 3565 2389 Eadem
3583 2343 3708 2386 uam·

2203 2445 2330 2507 que
2365 2434 2460 2490 est
2487 2427 2968 2506 proportionalis
2989 2425 3148 2488 ratio
3180 2422 3534 2486 dilectionis
3559 2420 3708 2480 effica-

2201 2523 2288 2582 cis
2331 2539 2446 2582 seu
2495 2521 2872 2600 beneplaciti
2911 2522 3280 2590 electorum,
3318 2523 3384 2578 et
3429 2511 3711 2574 dilectionis

2203 2615 2565 2677 sufficientis
2590 2631 2702 2676 seu
2727 2613 3164 2678 antecedentis
3179 2625 3550 2674 caeterorum
3563 2623 3580 2682 ;
3598 2605 3710 2665 sicut

2203 2725 2356 2788 ergo
2371 2709 2648 2770 Christus
2661 2709 2892 2770 meruit
2901 2705 3368 2786 praedestinatis
3377 2701 3708 2767 electionem,

2199 2803 2287 2862 ita
2311 2802 2546 2863 caeteris
2565 2801 2798 2862 meruit
2813 2817 2960 2863 eum
2985 2817 3268 2860 amorem
3291 2815 3412 2858 sen
3427 2792 3708 2872 simplicem

2201 2893 2608 2969 voluntatem,
2653 2913 2779 2974 qua
2809 2895 2996 2968 Deus,
3035 2891 3444 2971 quantumin
3469 2887 3591 2967 ipso
3625 2889 3706 2952 est.

2203 2987 2337 3048 vult
2395 3005 2613 3048 eorum
2673 2987 2964 3048 salutem.
3024 2986 3234 3060 Unde,
3296 2985 3464 3045 sieut
3509 2985 3710 3060 propter

2201 3078 2518 3144 Christum
2539 3081 2732 3144 voluit.
2753 3083 2918 3143 Deus
2945 3083 3095 3142 dare
3121 3079 3346 3142 clectis
3379 3075 3580 3138 omnia
3611 3087 3711 3132 me-

2201 3171 2309 3232 dia
2360 3181 2532 3236 certa
2583 3181 2647 3236 et
2677 3175 2956 3236 efficacia
3011 3173 3242 3252 quibus
3281 3171 3618 3234 salvantur,
3653 3165 3710 3223 ita

2205 3265 2448 3325 caeteris
2495 3267 2695 3329 voluit
2719 3268 2912 3329 etiam
2962 3274 3220 3348 propter
3245 3265 3560 3328 Christum
3599 3257 3708 3318 dare

2205 3356 2575 3420 sufficientia
2626 3361 2836 3422 media
2899 3359 3130 3439 quibus
3185 3357 3420 3420 salvari
3483 3356 3708 3435 possunt,

2201 3447 2424 3510 Christi
2465 3467 2618 3530 ergo
2647 3454 2942 3515 meritum
2987 3469 3116 3513 non
3167 3459 3306 3514 tam
3345 3456 3448 3512 est
3485 3444 3711 3508 medium

2201 3539 2518 3604 sufficiens
2533 3559 2608 3606 ex
2635 3563 2702 3608 se
2725 3545 3086 3608 adsalutem
3117 3545 3553 3626 reproborum,
3569 3551 3710 3616 quam

2199 3649 2389 3696 causa
2433 3639 2714 3700 omnium
2742 3639 3096 3702 mediorum
3121 3637 3580 3704 sufficientium,
3607 3645 3710 3707 (ΙΙΙε

2200 3727 2472 3806 reprobo
2501 3731 2894 3807 tribuuntur;
2939 3738 3004 3794 et
3041 3740 3344 3813 respectu
3387 3729 3594 3792 divium
3635 3740 3710 3782 ιο-

2191 3817 2470 3899 luntatis,
2489 3832 2584 3887 est
2611 3827 2772 3888 ratio
2793 3843 2906 3888 seu
2935 3827 3244 3888 motivum
3273 3823 3580 3888 inclinans
3606 3831 3707 3878 eam

2189 3914 2272 3975 ad
2328 3917 2500 3980 illam
2563 3919 2975 3984 voluntatem.
3035 3919 3148 3981 Vel
3209 3924 3422 3999 potest
3467 3912 3706 3976 meritam

2197 4009 2428 4073 Christi
2469 4013 2808 4091 dupliciter
2829 4012 3239 4085 considerari,
3283 4012 3511 4091 primo,
3539 4019 3707 4066 secuu-

2199 4104 2348 4165 dum
2379 4121 2446 4165 se
2477 4112 2536 4166 et
2559 4106 2864 4183 absolute,
2891 4113 3076 4186 pro-ut
3093 4109 3190 4168 est
3207 4104 3497 4184 quaedam
3523 4096 3706 4180 perfec-

2197 4198 2284 4260 tio
2315 4200 2568 4260 moralis
2593 4197 2836 4262 Christo
2863 4199 3264 4270 convenicae,
3289 4203 3428 4260 tum
3457 4214 3530 4257 ex
3551 4189 3706 4270 digni-

2195 4297 2324 4352 tate
2347 4309 2486 4365 sua,
2518 4299 2652 4354 tum
2673 4309 2746 4355 ex
2775 4293 3304 4373 proeordinatione
3335 4291 3557 4363 divina,
3579 4291 3634 4348 ut
3651 4298 3706 4343 et

2197 4403 2265 4445 sc
2295 4385 2374 4446 sit
2403 4385 2719 4447 sufficiens
2749 4387 2830 4448 ad
2855 4385 3276 4448 obtinendum·
3301 4404 3342 4446 a
3367 4387 3492 4446 Deo
3511 4377 3706 4461 quodli-

2195 4477 2304 4539 bet
2332 4477 2808 4557 supernaturale
2840 4479 3080 4540 bonum
3111 4479 3334 4557 gratiae
3373 4473 3706 4538 sanctifican-

2197 4572 2300 4648 tis,
2351 4578 2416 4634 et
2473 4573 2653 4634 istam
2699 4574 2810 4635 Dei
2861 4573 3372 4636 benevolentiam
3423 4573 3704 4649 impetran-

2195 4664 2384 4738 dam;
2421 4670 2484 4726 et
2515 4672 2582 4726 ut
2607 4664 2714 4740 sic,
2745 4673 3018 4742 negatur
3043 4683 3178 4729 esse
3201 4667 3498 4737 medium,
3527 4662 3703 4722 torma-

2193 4757 2338 4819 liter
2359 4760 2693 4839 loquendo,
2729 4761 2842 4821 sed
2865 4760 3180 4840 objectum
3209 4777 3328 4839 per
3355 4775 3424 4820 so
3451 4761 3697 4822 amatum,

2197 4868 2308 4912 seu
2339 4857 2696 4913 coamatum
2723 4853 2846 4932 ipsi
2882 4851 3152 4929 Christo,
3201 4858 3270 4914 ut
3323 4842 3698 4914 universaliac

2195 4945 2412 5024 primae
2437 4963 2642 5007 causoe
2669 4947 2733 5006 in
2771 4963 3008 5025 genere
3030 4946 3261 5007 meriti.
3293 4942 3586 5009 Secmido,
3615 4953 3697 5015 po-

2197 5043 2316 5099 test
2345 5039 2568 5100 Christi
2611 5039 2900 5100 meritum
2947 5039 3332 5100 considerari
3357 5045 3430 5099 nt
3451 5025 3696 5116 peculiari

2197 5131 2406 5210 aliquo
2435 5132 2624 5193 modo
2653 5133 3036 5206 ordinatum,
3070 5138 3131 5193 et
3156 5133 3337 5209 quasi
3373 5129 3694 5212 applicatum

2197 5223 2276 5286 ad
2306 5225 2571 5286 salutem
2597 5226 2924 5287 hominum
2941 5226 3322 5288 sufficienter
3339 5218 3692 5304 operandam,

2193 5326 2273 5391 et,
2314 5325 2382 5379 ut
2411 5320 2522 5396 sic,
2555 5326 2764 5398 potest
2805 5319 2926 5381 dici
2979 5318 3296 5392 medium3
3327 5325 3550 5386 tumen,
3583 5309 3691 5387 quia

2189 5411 2322 5472 hoec
2351 5413 2509 5473 ratio
2561 5413 2856 5492 supponit
2897 5411 3196 5493 priorem,
3227 5413 3373 5476 ideo
3411 5403 3692 5472 difficultas

550 5521 677 5574 non
706 5501 918 5581 habet,
952 5505 1099 5585 quia
1140 5503 1398 5569 involvit
1442 5501 1921 5593 repugnantiam
1965 5521 2106 5591 quae
2183 5509 2350 5570 tacta
2379 5521 2507 5565 non
2538 5504 2842 5592 procedit.
