3892 6167
1371 416 1606 482 QUAEST.
1639 416 1769 473 xm.
1803 416 2007 473 Anne.
2044 420 2085 472 1.

115 520 198 581 est
221 516 374 580 unio
396 516 760 600 inpos-sona
779 564 800 594 ,
829 520 990 600 quod
1013 523 1216 584 tamen
1237 521 1538 585 remansit
1565 522 1698 587 dis-

113 612 330 675 tinctio
375 615 754 675 naturarum
771 660 791 687 ,
821 618 1080 694 utraque
1096 659 1118 692 ‚
1145 613 1380 679 scilicet
1403 663 1420 690 ,
1465 619 1698 680 natura

111 706 416 769 retinente
453 708 530 770 id
571 709 738 787 quod
757 709 878 772 sibi
902 714 992 773 est
1005 708 1352 790 proprium.
1403 710 1696 773 Potentia

113 804 318 862 autem
343 801 554 864 activa
569 800 894 881 cuiuslibet
916 804 1008 866 rei
1034 804 1308 882 sequitur
1319 806 1586 882 somam
1603 804 1696 884 ip·

111 894 263 972 sius,
294 910 438 973 qua·
461 897 554 957 est
561 894 948 976 principium
969 897 1210 977 aqendi.
1233 895 1470 960 Forma
1493 900 1696 960 autem

111 987 206 1050 vel
233 994 328 1050 est
351 987 500 1069 ipsa
525 992 758 1051 nativ-a
787 990 902 1063 rei,
919 989 1074 1053 sieut
1097 990 1168 1052 in
1187 991 1585 1073 simplicibus,
1601 990 1698 1053 vel

115 1088 200 1144 est
225 1082 610 1144 constitimus
633 1082 838 1163 ipsam
869 1083 962 1145 rei
985 1087 1302 1159 natm-am,
1336 1086 1404 1147 in
1425 1086 1542 1155 leis.
1573 1085 1698 1149 sci-

118 1174 286 1247 licet,
312 1191 456 1254 qua·
475 1180 624 1238 simt
651 1176 980 1256 composita
999 1194 1072 1239 ea·
1094 1178 1356 1240 materia
1383 1181 1442 1240 et
1467 1180 1689 1255 forma.

129 1269 316 1331 Unde
343 1271 750 1349 manifestum
775 1271 1044 1350 estquod
1057 1271 1340 1351 potentia
1358 1271 1560 1334 activa
1587 1286 1696 1333 cu-

104 1362 370 1441 iuslibet
385 1364 486 1426 rei
511 1365 900 1445 consequitur
921 1367 1214 1427 naturam
1231 1365 1444 1445 ipsius.
1464 1362 1560 1426 Et
1576 1381 1696 1444 per

115 1459 278 1521 hnc
299 1458 558 1521 modum
592 1458 1026 1541 omnipotentia
1054 1463 1472 1537 consequenter
1491 1474 1554 1519 se
1577 1458 1694 1519 Ita-

117 1552 208 1613 bet
263 1552 354 1613 ad
381 1553 666 1615 divinam
703 1554 1016 1615 naturam.
1069 1550 1230 1625 Quia
1261 1551 1420 1613 enim
1463 1554 1695 1614 natura

117 1646 334 1708 divina
363 1651 457 1709 est
479 1648 682 1727 ipsum
707 1662 828 1709 esse
847 1645 966 1707 Dei
991 1644 1581 1725 incircumscriptum
1603 1640 1694 1726 (ut

107 1743 288 1818 patet
293 1738 614 1819 pes-Dion.
629 1788 644 1814 ‚
660 1742 700 1801 5
712 1756 763 1802 c.
787 1737 1010 1801 cleDiv.
1027 1736 1268 1822 πωπω),
1285 1738 1428 1800 inde
1439 1740 1524 1799 est
1541 1738 1700 1815 quod

111 1832 296 1895 habet
317 1834 666 1913 potentiam
693 1832 959 1896 activam
979 1835 1251 1912 respectu
1275 1830 1538 1893 munium
1565 1848 1698 1910 quoe

101 1931 370 2007 possunt
407 1928 628 1991 nabere
651 1926 953 1989 rationem
981 1926 1159 1997 eutis,
1185 1926 1346 2004 quod
1363 1928 1450 1986 est
1478 1924 1698 1987 habere

111 2017 646 2101 omnipotentidm.
677 2019 860 2083 Sicut
889 2024 947 2082 et
973 2017 1256 2099 qua-libet
1283 2016 1416 2081 alia
1440 2035 1538 2079 res
1579 2016 1696 2079 lta-

111 2117 208 2177 bet
237 2116 600 2195 potentiam
625 2116 892 2179 activam
917 2119 1188 2196 respectu
1217 2130 1418 2175 eorum
1442 2112 1526 2174 ad
1562 2129 1695 2191 qua·

109 2226 170 2269 se
195 2208 486 2271 extendit
505 2208 806 2290 perfectio
823 2210 1236 2276 suoenaturoe;
1249 2206 1406 2269 sicut
1425 2204 1696 2268 calidum

109 2302 198 2363 ad
221 2300 742 2381 calefaciendum.
781 2299 936 2363 Cum
961 2300 1162 2381 iqitur
1195 2298 1406 2362 anima
1455 2296 1698 2361 Christi

105 2395 194 2455 sit
229 2414 404 2475 pars
423 2396 712 2458 liumanoe
735 2398 998 2463 naturoe,
1029 2390 1398 2473 impossibile
1425 2395 1512 2454 est
1539 2391 1698 2471 quod

113 2488 640 2569 manipotentiam
665 2490 904 2551 habeat.

199 2582 308 2644 Ad
344 2582 632 2663 primum
655 2600 798 2664 erqo
825 2580 1142 2645 dicendum
1169 2632 1183 2656 ,
1215 2581 1374 2660 quod
1399 2581 1568 2641 homo
1589 2594 1700 2641 ac-

119 2676 282 2754 cepit
328 2694 408 2738 ecc
453 2680 720 2757 tempore
749 2675 1246 2755 omnipotentiam
1273 2690 1456 2752 quam
1485 2670 1701 2733 Filius

119 2767 240 2829 Dei
265 2769 492 2832 habuit
517 2770 592 2832 ab
619 2773 864 2841 oeterno,
882 2786 1000 2849 per
1023 2770 1226 2849 ipsam
1249 2767 1526 2829 unionem
1542 2780 1698 2845 per-

113 2878 280 2923 sona»
298 2886 321 2931 ‚·
351 2880 432 2925 ex
457 2878 582 2941 qua
602 2864 838 2941 fae-tum
857 2866 944 2923 est
971 2866 1064 2935 ut,
1094 2860 1252 2924 sicut
1277 2861 1446 2922 homo
1467 2857 1700 2921 dieitur

115 2956 290 3018 Deus
315 3007 330 3031 ,
381 2957 482 3020 ita
527 2956 776 3019 dicatur
801 2956 1188 3035 omnipotens.
1227 2952 1376 3018 Non
1409 2950 1588 3031 quasi
1614 2951 1700 3015 sit

115 3049 254 3112 alia
281 3048 728 3131 omnipotentia
757 3048 1018 3112 laminis
1043 3065 1228 3127 quam
1245 3044 1416 3109 Filii
1446 3045 1584 3118 Dei,
1605 3044 1698 3107 si·-

117 3150 220 3205 αττ
247 3162 360 3208 nee
387 3141 530 3207 alia
575 3144 800 3217 deitas,
826 3142 934 3207 sed
962 3161 1026 3206 eo
1070 3140 1230 3221 quod
1255 3146 1344 3205 est
1387 3154 1514 3201 una
1540 3155 1696 3219 per-

116 3254 264 3299 sona
291 3238 420 3301 Dei
438 3242 498 3301 et
523 3238 806 3301 hominis.

200 3332 312 3393 Ad
337 3333 673 3395 secundum
707 3331 1045 3404 dicendum,
1075 3328 1236 3409 quod
1261 3326 1395 3392 alia
1417 3326 1582 3389 ratio
1607 3331 1696 3389 est

124 3427 194 3488 de
219 3426 510 3502 scientia,
539 3430 598 3489 et
625 3426 696 3488 de
715 3424 994 3505 potentia
1013 3424 1238 3497 activa,
1265 3422 1418 3485 sicut
1447 3421 1700 3500 quidam

125 3522 358 3583 dicunt.
385 3518 566 3584 Nam
575 3518 854 3599 potentia
875 3518 1078 3581 activa
1100 3516 1482 3595 consequitur
1499 3514 1700 3595 ipsam

125 3618 428 3676 naturam
471 3612 567 3675 rei
592 3663 606 3684 ,
649 3628 714 3674 eo
758 3612 921 3691 quod
958 3612 1116 3675 actio
1165 3609 1586 3675 consideratur
1627 3612 1698 3669 ut

137 3706 452 3789 egrediens
475 3706 554 3768 ab
576 3708 826 3787 aqente;
865 3704 1120 3769 scientia
1147 3708 1350 3766 autem
1376 3720 1498 3765 non
1537 3718 1700 3765 sem-

147 3820 242 3881 per
263 3802 531 3865 kabetm·
546 3816 668 3881 per
685 3799 884 3880 ipsam
925 3796 1266 3873 essentiam,
1298 3794 1394 3860 vel
1435 3798 1700 3875 formam

152 3898 396 3971 scientis,
430 3897 541 3960 sed
555 3898 762 3977 potest
797 3894 1006 3957 haberi
1043 3910 1164 3974 per
1201 3891 1702 3955 assimilationem

149 3991 378 4055 scientis
401 3990 494 4054 ad
523 4008 624 4052 res
665 3988 856 4052 scitas
876 4034 893 4060 ,
922 3988 1242 4051 secundum
1267 3984 1704 4049 similitudines

151 4090 460 4166 meeptas.
497 4082 632 4147 Sed
648 4083 776 4146 ltoec
797 4081 960 4144 ratio
983 4098 1106 4143 non
1127 4081 1371 4144 videtur
1394 4079 1699 4158 sufficere,

155 4180 304 4256 qnia,
335 4180 496 4243 sicut
541 4176 777 4256 aliquis
789 4180 991 4257 potest
1019 4192 1364 4257 coquoscere
1383 4190 1503 4255 per
1526 4171 1704 4234 simi-

157 4271 464 4336 litudinem
513 4273 854 4350 smceptam
893 4270 968 4331 ab
1013 4267 1140 4331 alio
1159 4315 1176 4341 ,
1225 4267 1321 4329 ita
1366 4266 1550 4329 etiam
1583 4282 1705 4346 po-

147 4372 252 4430 test
287 4384 472 4449 aqere
490 4382 612 4445 per
631 4366 896 4442 formam
917 4362 992 4425 ab
1016 4361 1144 4424 alio
1170 4362 1528 4441 susceptam,
1547 4358 1706 4421 sicitt

147 4478 296 4539 aqua
327 4458 424 4522 vel
474 4462 716 4537 ferrum
764 4454 1050 4534 calefacit
1065 4474 1185 4537 per
1209 4451 1474 4517 calorem
1505 4467 1706 4515 mce-

141 4560 308 4637 ptum
347 4555 425 4616 ab
470 4552 631 4635 iqne.
684 4548 834 4615 Non
875 4567 1014 4630 erqo
1037 4566 1158 4629 per
1201 4548 1310 4611 lioc
1351 4546 1708 4627 prohibetur

147 4652 306 4729 quin,
361 4648 524 4711 sicut
575 4645 788 4708 anima
836 4641 1073 4707 Christi
1109 4660 1228 4722 per
1273 4639 1708 4704 similitudines

149 4744 406 4805 omnium
435 4756 642 4803 rerum
669 4736 790 4801 sibi
810 4754 850 4799 a
878 4736 1002 4798 Deo
1030 4735 1266 4799 inditas
1281 4737 1484 4816 potest
1506 4734 1708 4796 omnia

149 4850 506 4919 coqnoscere,
532 4832 628 4895 ita
648 4848 770 4913 per
797 4829 1033 4893 easdem
1057 4826 1494 4892 similitudines
1511 4826 1710 4907 possit

151 4949 214 4993 ea
239 4933 464 5009 facere.

225 5022 348 5085 Est
375 5022 582 5103 iqitur
591 5018 858 5083 ulterius
883 5017 1400 5089 considerandum,
1431 5015 1590 5095 quod
1613 5014 1704 5092 id,

156 5118 303 5196 quod
329 5136 370 5179 a
397 5113 708 5206 superiori
727 5117 956 5176 natura
981 5112 1050 5174 in
1076 5110 1364 5190 inferiori
1389 5110 1706 5191 recipitur,

157 5212 400 5273 babetur
407 5226 530 5290 per
553 5194 910 5285 inferiorem
927 5206 1210 5274 modum;
1227 5220 1348 5265 non
1365 5202 1524 5265 enim
1542 5202 1713 5267 calor

165 5306 217 5365 in
257 5304 464 5367 eadem
495 5298 874 5383 perfectione
919 5302 980 5361 et
1023 5299 1252 5361 virtute
1295 5296 1594 5378 recipitur
1637 5297 1712 5360 ab

165 5416 330 5477 aqua,
345 5412 482 5476 quoe
509 5393 692 5458 estin
711 5390 1054 5474 immuta
1073 5392 1272 5473 iqitur
1297 5390 1508 5455 anima
1525 5387 1716 5452 Chri-

237 5596 251 5631 ¹
297 5594 456 5653 Ante
487 5582 800 5649 modium.

3260 416 3341 477 85

1777 521 1864 584 sti
1887 521 2215 601 inferioris
2238 524 2481 585 naturoe
2526 526 2613 585 est
2642 536 2827 601 quam
2850 524 3081 585 natura
3108 520 3343 597 divina,

1774 615 2215 679 similitudines
2262 633 2469 680 rerum
2506 632 2627 679 non
2670 616 3051 696 recipiuntur
3090 614 3161 678 in
3204 614 3346 697 ipsa

1775 710 1987 773 anima
2010 708 2271 783 Christi,
2298 711 2621 774 secundum
2640 710 2905 772 eamdem
2913 709 3345 789 perfectionem

1777 806 1832 865 et
1851 803 2161 875 virtutem,
2184 803 2505 866 secundum
2530 818 2715 883 quam
2736 804 2961 866 suntin
2986 806 3215 865 natura
3240 802 3345 865 di-

1775 899 1939 962 vina.
1975 898 2069 960 Et
2097 898 2241 960 inde
2268 902 2357 960 est
2382 900 2545 977 quod
2569 898 2821 962 scientia
2854 898 3075 960 anima
3106 896 3349 960 Christi

1779 996 1868 1055 est
1895 991 2161 1071 inferior
2188 991 2445 1054 scientia
2492 993 2725 1069 divina,
2773 996 3069 1071 quantum
3106 992 3192 1053 ad
3214 1006 3348 1053 mo-

1781 1086 1922 1148 dum
1962 1085 2371 1167 cop-noscendi,
2403 1086 2550 1163 quia
2576 1085 2742 1148 Deus
2764 1084 3103 1165 perfectius
3124 1102 3345 1165 coqno-

1777 1182 1892 1242 scit
1919 1196 2017 1241 res
2041 1196 2225 1259 quam
2247 1179 2456 1241 anima
2485 1176 2745 1251 Christi,
2769 1183 2825 1241 et
2843 1181 3140 1257 quantum
3159 1179 3345 1240 etiam

1777 1274 1862 1335 ad
1885 1290 2201 1335 numerum
2226 1272 2537 1345 scitorum,
2560 1272 2707 1351 quia
2726 1272 2937 1334 anima
2964 1270 3203 1334 Christi
3224 1286 3345 1332 non

1778 1366 2077 1447 coqnoscit
2106 1366 2306 1428 omnia
2344 1382 2481 1444 qua·
2507 1365 2675 1428 Deus
2688 1369 2891 1446 potest
2934 1368 3158 1444 facere,
3210 1380 3345 1443 quoe

1777 1463 1981 1521 tamen
2008 1460 2173 1522 Deus
2198 1458 2499 1541 coqnoscit
2519 1459 2773 1523 scientia
2792 1458 3095 1539 simplicis
3109 1456 3346 1521 intelli-

1773 1552 2033 1633 qentioe‚·
2059 1552 2199 1616 licet
2221 1557 2533 1635 coquoscat
2563 1552 2765 1615 omnia
2786 1550 3145 1633 praesentia,
3166 1568 3344 1631 pra·-

1775 1648 1964 1709 terita
1991 1651 2049 1709 et
2075 1650 2295 1725 futura
2320 1694 2336 1719 ,
2369 1663 2505 1725 quoe
2530 1644 2698 1708 Deus
2748 1644 3047 1725 coqnoscit
3088 1644 3343 1707 seientia

1775 1740 2042 1807 visionis.
2068 1739 2165 1801 Et
2180 1738 2470 1803 similiter
2495 1738 2933 1801 similitudines
2947 1754 3174 1805 rerum.
3200 1738 3344 1800 ani-

1779 1850 1892 1894 moe
1936 1832 2175 1897 Christi
2220 1834 2437 1895 indita»
2456 1883 2470 1910 ,
2521 1848 2641 1894 non
2692 1834 3021 1911 adaequant
3054 1830 3343 1893 virtutem

1781 1927 2055 1989 divinam
2084 1928 2153 1989 in
2180 1928 2434 2008 aqendo,
2464 1931 2557 2000 ut,
2584 1926 2839 1999 scilicet,
2865 1924 3105 2006 possint
3142 1924 3345 1987 conseia

1779 2036 1957 2100 affere
2006 2036 2139 2099 quoe
2186 2020 2352 2082 Deus
2388 2024 2626 2100 potest,
2668 2012 2791 2082 vel'
2818 2018 3004 2080 etiam
3052 2035 3115 2080 eo
3168 2018 3345 2079 modo

1779 2130 1980 2193 aqere,
2012 2114 2169 2175 sicut
2186 2114 2351 2175 Deus
2377 2112 2534 2194 aqit,
2564 2112 2673 2192 qui
2698 2112 2831 2193 aqit
2858 2110 3115 2187 infinita
3140 2108 3343 2172 virtu-

1774 2210 1856 2279 te,
1885 2206 2059 2285 cujus
2083 2210 2369 2269 creatura
2393 2222 2515 2267 non
2540 2210 2629 2268 est
2652 2222 2868 2286 capam.
2902 2202 3113 2267 Nulla
3140 2206 3344 2265 autem

1775 2316 1873 2362 res
1901 2304 1989 2363 est
2007 2300 2091 2363 ad
2116 2298 2289 2377 quus
2306 2296 2705 2378 coqnitionem
2730 2295 3096 2377 aliqualiter
3114 2296 3343 2358 liaben-

1779 2396 1924 2457 dam
1956 2394 2316 2473 requiratur
2342 2392 2543 2455 virtus
2582 2392 2881 2471 infinita,
2930 2390 3073 2455 licet
3112 2388 3345 2469 aliquis

1777 2489 1987 2550 modus
2014 2486 2403 2569 coqnoscendi
2435 2485 2519 2548 sit
2559 2485 2811 2549 virtutis
2836 2484 3145 2561 infinitoe·
3119 2530 3137 2553 ,
3172 2500 3345 2562 qua»-

1780 2584 1923 2645 dam
1953 2585 2157 2644 tamen
2180 2584 2325 2642 sunt
2356 2596 2489 2659 quoe
2514 2596 2637 2641 non
2672 2582 2927 2660 possunt
2976 2576 3121 2655 fieri
3154 2576 3279 2638 nisi
3304 2595 3345 2639 a

1777 2675 2005 2738 virtute
2030 2674 2309 2753 infinita,
2337 2674 2495 2737 siem
2524 2672 2749 2736 creatio
2780 2677 2839 2735 et
2868 2670 3005 2734 alia
3031 2669 3345 2749 hujusmo-

1777 2768 1844 2831 di
1856 2790 1884 2837 ,·
1923 2772 1997 2829 ut
2014 2770 2193 2848 patet
2217 2784 2289 2829 eu
2316 2766 2415 2829 Itis
2442 2782 2577 2845 qua»
2610 2766 2681 2827 in
2716 2766 2929 2846 prima
2963 2766 3151 2845 parte
3174 2762 3343 2827 dicta

1775 2866 1914 2925 sunt
1937 2862 1985 2924 ².
2022 2860 2116 2923 Et
2152 2860 2287 2923 ideo
2332 2862 2544 2923 anima
2576 2858 2815 2923 Christi
2844 2855 3015 2940 (quoe
3039 2904 3056 2930 ,
3086 2873 3221 2921 cum
3256 2856 3343 2920 sit

1777 2957 2083 3029 ereatura,
2106 2958 2193 3015 est
2216 2953 2469 3016 virtutis
2484 2952 2709 3039 finitae)
2724 2956 2923 3034 potest
2945 2951 3189 3031 quidem
3212 2968 3342 3011 om·-

1775 3047 1884 3111 nia
1916 3064 2281 3128 coquoscere,
2318 3048 2427 3109 sed
2470 3064 2591 3109 non
2612 3064 2731 3127 per
2776 3062 3003 3107 omnem
3051 3043 3291 3105 modum
3310 3063 3337 3111 ,-

1775 3156 1895 3203 non
1945 3145 2149 3203 autem
2189 3143 2390 3221 potest
2436 3139 2640 3201 omnia
2690 3140 2891 3217 facere
2918 3184 2933 3210 ,
2988 3136 3147 3216 quod
3185 3152 3343 3215 per-

1775 3234 1930 3297 tinet
1962 3234 2047 3297 ad
2076 3234 2377 3297 rationem
2407 3227 2872 3313 omnipotentiae.
2904 3230 3001 3292 Et
3032 3230 3194 3293 inter
3222 3248 3343 3293 cce-

1777 3331 1910 3389 tera
1935 3326 2335 3405 manifestum
2357 3330 2443 3389 est
2468 3326 2627 3406 quod
2652 3342 2773 3385 non
2789 3326 2989 3405 potest
3018 3340 3225 3387 creare
3244 3340 3343 3385 se·-

1778 3438 1997 3501 ipsam.

1857 3510 1967 3574 Ad
1988 3512 2241 3575 tertium
2282 3512 2601 3576 dicendum
2624 3558 2641 3585 ,
2671 3512 2831 3590 quod
2865 3509 3073 3573 anima
3107 3506 3345 3571 Christi

1779 3606 1991 3669 habuit
2020 3608 2079 3668 et
2128 3606 2451 3670 scientiam
2479 3605 2830 3688 practicam
2853 3648 2871 3681 ,
2920 3608 2979 3665 et
3008 3600 3345 3683 speculati-

1778 3720 1918 3765 vam
1931 3724 1959 3773 ‚·
1972 3718 2093 3763 non
2122 3706 2327 3765 tamen
2355 3706 2589 3783 oportet
2614 3701 2773 3780 quod
2798 3698 3063 3761 omnium
3086 3694 3345 3759 illorum

1780 3796 1999 3859 habeat
2046 3794 2365 3861 seientiam
2406 3795 2755 3876 practicam
2776 3838 2793 3866 ‚
2830 3806 3081 3870 quormn
3134 3788 3345 3850 habuit

1779 3890 2099 3954 scientiam
2146 3889 2603 3970 speculativam.
2662 3885 2773 3949 Ad
2820 3884 3139 3948 scientiam
3186 3882 3347 3943 enim

1779 3982 2219 4065 speculativam
2236 3982 2571 4045 habendam
2597 3978 2835 4059 sufficit
2855 3975 2991 4040 sola
3014 3973 3347 4054 conformi-

1783 4081 1904 4151 tas,
1934 4075 2032 4140 vel
2057 4074 2425 4140 assimilatio
2452 4073 2698 4139 scientis
2724 4071 2809 4135 ad
2832 4086 2963 4133 rem
2985 4068 3203 4132 scitam
3216 4088 3243 4136 ,·
3262 4068 3349 4131 ad

1783 4170 2100 4234 seientiam
2146 4174 2347 4231 autem
2398 4166 2749 4250 practicam
2794 4162 3137 4243 requio-itm·
3188 4160 3349 4239 quod

1784 4266 2000 4342 formoe
2056 4280 2261 4325 rerum
2284 4308 2299 4335 ,
2355 4279 2491 4342 quoe
2544 4263 2687 4324 sunt
2743 4259 2813 4320 in
2858 4254 3193 4328 intellectu,
3220 4255 3349 4318 sint

1785 4360 2051 4439 factiva.
2078 4358 2241 4421 Plus
2266 4362 2469 4421 autem
2492 4362 2581 4421 est
2608 4356 2822 4419 habere
2847 4356 3113 4433 formam
3140 4353 3195 4412 et
3224 4349 3351 4412 im-

1775 4452 2047 4533 primere
2077 4453 2343 4530 formam
2371 4451 2645 4515 habitam
2690 4450 2761 4512 in
2808 4446 3073 4511 alterum
3097 4490 3115 4517 ,
3165 4460 3351 4523 quam

1783 4545 1979 4609 solum
2006 4546 2220 4608 habere
2256 4548 2523 4624 formam
2538 4566 2565 4613 ,·
2595 4544 2753 4607 sieut
2770 4540 2923 4621 plus
2950 4544 3039 4601 est
3068 4536 3262 4600 lucere
3291 4540 3349 4597 et

1784 4638 2169 4710 illuminare,
2222 4654 2405 4717 quam
2450 4636 2645 4701 solum
2696 4635 2910 4699 lucere.
2950 4632 3047 4693 Et
3073 4631 3217 4692 inde
3262 4634 3352 4691 est

1788 4735 1949 4814 quod
1998 4733 2205 4796 anima
2264 4731 2503 4795 Christi
2536 4732 2712 4795 habet
2752 4730 2992 4809 quidem
3016 4722 3353 4806 speculati-

1787 4846 1928 4891 vam
1951 4827 2269 4891 scientiam
2296 4826 2547 4891 creandi
2564 4821 2703 4907 (scit
2722 4824 2879 4887 enim
2896 4818 3165 4901 qualiter
3188 4819 3354 4882 Deus

1789 4921 2009 5007 creat),
2038 4922 2144 4985 sed
2174 4938 2293 4982 non
2320 4920 2496 4983 habet
2520 4918 2703 4999 limus
2728 4916 2823 4979 rei
2845 4913 3161 4978 scientiam
3188 4929 3352 4992 pra-

1790 5016 2049 5087 cticam,
2096 5014 2243 5095 quia
2274 5029 2393 5075 non
2442 5012 2617 5076 babet
2658 5010 2975 5075 scientiam
3029 5004 3355 5072 creationis

1792 5109 2107 5189 factivum.

2252 5304 2877 5369 COMMENTARIUS.

1877 5488 1934 5545 1.
1980 5484 2180 5562 Negat
2229 5485 2303 5544 D.
2348 5482 2623 5544 Thomas
2676 5476 3197 5561 omnipotentiam
3246 5494 3358 5555 po·

1795 5578 1989 5639 tuisse
2018 5577 2311 5637 humanae
2338 5582 2575 5637 naturoe
2603 5572 3075 5646 communicari,
3096 5570 3245 5650 quia
3266 5575 3361 5633 est
