3892 6167
593 297 716 358 638

595 399 743 461 hinc
805 391 998 478 ⁴plane
1050 395 1123 458 fit
1145 439 1162 469 ‚
1215 395 1380 458 hanc
1457 396 1660 476 ipsam
1723 393 2159 456 adorationem

597 491 914 570 imaginis,
931 506 1124 568 quam
1152 488 1219 550 in
1235 487 1353 552 hac
1373 489 1650 552 sectione
1673 485 2051 550 declaravim
2062 503 2155 560 us,

595 602 782 664 posse
811 583 938 646 diei
971 581 1410 646 adorationem
1440 581 1842 662 exemplaris,
1875 581 2049 660 qula,
2079 596 2155 640 eo

591 677 784 740 modo
811 695 936 758 quo
969 677 1036 738 in
1067 695 1144 738 ea
1173 679 1238 738 et
1263 693 1379 756 per
1421 693 1566 736 eam
1591 674 1892 738 adoratur
1941 689 2157 734 exem-

593 770 732 850 plar
759 771 828 832 in
878 769 1180 848 imagine,
1228 768 1336 830 illa
1367 774 1462 830 est
1505 767 1790 831 adoratio
1833 766 2153 846 imaginis,

593 883 722 926 non
747 869 818 926 ut
845 862 1074 942 objecti
1129 861 1325 941 quod,
1355 879 1472 924 seu
1517 860 1883 937 materialis,
1923 859 2039 922 sed
2088 863 2157 920 ut

595 957 818 1037 objecti
843 975 994 1036 quo,
1025 973 1139 1018 seu
1168 955 1473 1032 formalis,
1515 961 1578 1018 et
1617 965 1690 1016 ut
1725 954 1822 1016 rei
1867 954 1934 1014 in
1964 964 2157 1030 quam

593 1050 819 1112 transit
837 1056 902 1112 et
921 1050 1190 1112 resultat
1207 1049 1412 1110 omnis
1435 1049 1572 1110 haic
1595 1047 1936 1111 veneratio.
1953 1046 2158 1124 Atque

595 1141 686 1204 ita
719 1141 910 1204 etiam
940 1141 1014 1204 fit
1049 1146 1122 1202 ιιι
1153 1157 1278 1203 una
1333 1158 1586 1221 semper
1635 1140 1716 1202 sit
1757 1137 2055 1218 imaginis
2099 1143 2163 1200 et

605 1236 984 1315 exemplaris
1012 1235 1294 1298 adoratio
1317 1253 1334 1308 ;
1367 1251 1498 1297 non
1525 1234 1694 1315 quod
1715 1234 1852 1296 hnc
1883 1231 2163 1296 adoratio

599 1347 730 1392 uno
755 1334 1004 1392 tantum
1031 1327 1222 1392 modo
1251 1329 1351 1391 vel
1371 1347 1500 1390 uno
1529 1334 1772 1392 tantum
1799 1345 2033 1408 genere
2062 1344 2164 1390 ac·

595 1429 696 1485 tus
731 1423 1113 1503 perficiatur,
1145 1421 1213 1484 id
1245 1422 1420 1484 enim
1445 1441 1572 1484 non
1620 1428 1717 1484 est
1743 1439 2031 1496 necesse,
2052 1437 2163 1482 ne-

595 1534 718 1594 que
739 1533 818 1578 ex
839 1515 1124 1579 Patribus
1149 1521 1260 1577 aut
1283 1516 1578 1580 Consiliis
1605 1516 1770 1578 sumi
1792 1521 2021 1596 potest;
2046 1514 2160 1576 scd

595 1610 790 1688 quod,
811 1609 1318 1689 quandocunque
1347 1609 1648 1672 adoratur
1667 1609 1900 1690 imago,
1921 1607 2025 1670 illo
2054 1625 2159 1670 eo-

595 1705 742 1767 dem
767 1711 912 1768 actu
955 1705 1254 1767 adoretur
1299 1705 1510 1784 aliquo
1557 1704 1747 1768 modo
1782 1703 2106 1785 exemplar
2137 1747 2156 1776 ‚

595 1798 726 1860 sive
775 1798 844 1859 in
897 1804 1100 1872 recto,
1127 1805 1192 1860 et
1223 1805 1294 1860 ut
1329 1799 1648 1879 objectum
1677 1797 1872 1876 quod,
1905 1797 2041 1858 sive
2088 1797 2157 1857 in

593 1891 874 1970 obliquo,
897 1897 960 1954 et
989 1897 1055 1954 ut
1081 1891 1240 1953 ratio
1283 1891 1626 1964 adorandi3
1661 1891 1823 1954 sicut
1871 1891 1938 1951 in
1968 1889 2155 1952 simili

593 2003 788 2065 supra
815 1983 1198 2058 dicebamus,
1231 1987 1574 2047 tractantes
1603 1984 1682 2048 de
1707 1984 1894 2046 unica
1929 1981 2155 2046 Christi

592 2077 712 2140 Dei
737 2083 800 2140 et
835 2076 1108 2139 hominis
1135 2077 1526 2140 adoratione.
1553 2079 1632 2140 Et
1669 2077 1796 2139 fere
1841 2076 1908 2138 in
1941 2093 2155 2138 exem·

593 2171 698 2251 plo
751 2171 941 2234 simili
971 2171 1094 2232 hoc
1137 2171 1478 2234 insinuavit
1515 2173 1586 2235 D.
1627 2173 1850 2234 Thom.
1896 2173 1960 2233 2.
1991 2175 2055 2246 2,
2086 2188 2151 2248 q.

595 2267 737 2339 103,
757 2271 876 2328 art.
913 2267 976 2341 3,
1013 2265 1096 2328 ad
1127 2267 1191 2339 3,
1235 2264 1372 2340 ubi,
1415 2283 1614 2346 agens
1673 2265 1752 2328 de
1780 2264 2155 2327 adoratione

592 2359 871 2421 hominis
891 2365 1210 2439 quatenus
1233 2377 1350 2440 per
1375 2365 1666 2422 naturam
1699 2365 1796 2421 est
1819 2358 1904 2420 ad
1935 2356 2157 2438 imagi-

593 2469 741 2514 nem
765 2451 900 2528 Dei,
952 2452 1126 2527 dicit,
1163 2453 1452 2530 quamvis
1479 2470 1608 2514 non
1639 2469 1894 2531 semper
1919 2451 2159 2514 refera-

591 2553 714 2622 tur,
733 2567 846 2610 seu
871 2547 1246 2610 terminetur
1271 2553 1418 2609 actu
1445 2548 1514 2610 in
1537 2549 1761 2623 Deum,
1787 2564 2041 2627 semper
2064 2552 2156 2608 ta—

590 2659 742 2705 men
763 2641 1124 2704 redundare
1163 2641 1374 2720 aliquo
1407 2641 1597 2704 modo
1639 2641 1708 2702 in
1735 2641 1936 2716 illum,
1964 2646 2154 2720 atque

588 2736 679 2798 ita
703 2741 948 2798 motum
979 2735 1044 2797 in
1070 2735 1418 2814 imaginem
1461 2753 1716 2815 semper
1755 2753 1896 2798 esse
1941 2734 2153 2812 aliquo

591 2829 784 2892 modo
807 2829 876 2890 in
893 2845 1030 2890 rem
1057 2829 1239 2908 cujus
1267 2835 1362 2890 est
1376 2830 1612 2908 imago·
1635 2830 1828 2892 Juxta
1859 2828 2024 2890 hano
2060 2846 2154 2890 er-

591 2939 674 3000 go
741 2921 1333 3001 interpretationem
1373 2921 1742 2985 facillimum
1803 2927 1898 2983 est
1940 2921 2155 2983 omnia

591 3016 786 3078 verba
841 3013 1286 3090 Consiliorum,
1319 3033 1461 3096 quse
1509 3015 1602 3078 ibi
1650 3015 2033 3090 referuntur,
2076 3015 2156 3076 ad

591 3107 762 3171 hunc
793 3109 1056 3172 modum
1085 3109 1488 3183 adorationis,
1513 3109 1582 3170 in
1603 3109 1726 3170 hac
1745 3109 2021 3172 sectione
2049 3107 2157 3170 de-

591 3201 922 3276 claratum,
946 3201 1448 3266 accommodare.

619 3343 624 3348 -
669 3300 776 3360 28.
799 3297 1136 3362 Matio.
1152 3327 1236 3344 —-
1251 3297 1498 3369 Quaeret
1523 3303 1736 3360 tamen
1761 3297 1987 3378 aliquis
2016 3299 2156 3376 quis

589 3407 810 3454 revera
853 3390 932 3453 sit
964 3407 1196 3454 vseriens
1219 3389 1679 3469 Consiliorum,
1709 3393 1861 3471 qnia
1893 3409 2017 3455 neo
2042 3411 2157 3472 po·-

589 3489 714 3548 test
737 3495 882 3547 esse
913 3484 1243 3563 multiplex
1283 3490 1350 3547 et
1389 3486 1752 3564 aequivocus
1781 3485 1890 3568 (ut
1931 3487 2023 3547 sic
2054 3485 2157 3548 di·-

587 3579 768 3657 cam)
791 3619 810 3651 ,
862 3578 1208 3658 praeaertim
1239 3578 1304 3640 in
1331 3577 1806 3657 &finitionibus
1829 3578 2017 3656 fidei,
2048 3595 2155 3640 ne-

587 3689 718 3750 que
749 3677 847 3736 est
893 3671 1256 3749 verisimile,
1311 3676 1560 3734 tautum
1605 3673 1953 3736 intendisse
1984 3673 2154 3734 hunc

587 3766 1000 3847 posteriorem
1045 3761 1308 3828 modum
1333 3765 1639 3828 adorandi
1681 3767 1991 3847 imagines
2040 3765 2152 3828 do-

589 3877 732 3921 cere
743 3901 766 3936 ,
795 3867 932 3922 tum
959 3859 1112 3940 quia
1135 3859 1292 3922 alias
1317 3861 1476 3922 alter
1496 3859 1728 3922 modus
1765 3860 1905 3922 sine
1927 3859 2151 3921 funda-

587 3959 804 4014 mento
827 3951 1247 4018 Consiliorum
1273 3959 1688 4028 asserentum
1715 3959 1846 4016 tum
1871 3953 2147 4015 maxime

587 4045 738 4125 qula
763 4046 948 4125 plura
965 4047 1328 4112 testimonia
1355 4048 1636 4124 Patrem,
1659 4047 1888 4127 quaein
1907 4047 2013 4109 v11
2036 4049 2149 4127 Sy·

584 4138 754 4202 nodo
775 4139 1145 4216 affemntur,
1167 4140 1356 4220 plane
1375 4139 1698 4204 declarant
1717 4139 1995 4220 priorem
2012 4157 2150 4202 mo·

583 4230 737 4294 dum
765 4231 1000 4298 directe
1033 4233 1338 4298 adorandi
1371 4234 1758 4314 exemplaria
1805 4233 1872 4296 in
1924 4234 2145 4315 imagi·

583 4324 772 4388 nibus
787 4347 808 4401 3
857 4327 1139 4392 definitio
1187 4333 1404 4390 autem
1435 4329 1632 4390 totius
1676 4327 1930 4390 Concilii
1982 4328 2147 4390 facta

583 4424 684 4482 est
721 4419 897 4497 juxta
946 4437 1203 4484 sensum
1243 4427 1309 4484 et
1347 4421 1750 4484 traditionem
1801 4422 2051 4484 Patrum
2082 4422 2145 4483 in

584 4513 808 4576 eodem
861 4515 1236 4592 adductam3
1283 4523 1421 4578 tum
1461 4516 1736 4594 deniq-ue
1765 4517 1914 4594 quia
1955 4515 2149 4578 verba

531 4635 542 4644 ·
582 4607 792 4681 citata,
819 4608 882 4670 in
901 4609 1074 4672 omni
1097 4610 1308 4689 rigore
1325 4616 1392 4672 et
1407 4609 1814 4690 proprietate,
1837 4610 2041 4689 magis
2059 4610 2149 4670 iu-

581 4699 792 4764 dicant
821 4703 1208 4782 superiorem
1231 4703 1493 4766 modum
1515 4703 1926 4780 adorationis,
1954 4721 2147 4782 quam

580 4793 750 4855 hunc
777 4797 1208 4875 posteriorem.
1229 4797 1296 4860 Si
1321 4801 1538 4860 autem
1563 4797 1852 4858 dicamus
1871 4795 2145 4860 Consilia

577 4884 772 4948 fuisse
799 4887 1008 4953 locuta
1025 4889 1106 4952 de
1125 4890 1320 4971 priori
1347 4890 1744 4969 adoratione,
1774 4891 2148 4970 relinquitur

577 4977 712 5042 haec
735 4989 952 5045 nestra
983 4983 1293 5048 sententia
1323 5001 1452 5046 non
1479 4984 1683 5048 solum
1731 4983 1979 5065 absque
2005 4983 2145 5048 fun·-

573 5073 895 5149 damento,
925 5076 1038 5139 sed
1065 5077 1256 5139 etiam
1281 5077 1510 5140 virtute
1539 5077 1874 5158 reprobata
1899 5095 2011 5156 per
2036 5095 2143 5156 ge·-

574 5167 824 5232 nerales
849 5167 1264 5247 definitiones,
1313 5177 1386 5232 ut
1433 5171 1500 5232 in
1547 5170 1652 5234 illa
1697 5170 1898 5250 prima
1929 5170 2139 5250 objec-

573 5259 748 5325 tIone
779 5267 1018 5324 tactum
1045 5269 1164 5326 est.

1809 292 2043 358 QUAEST.
2080 291 2231 346 XXV.
2264 291 2469 348 Anile.
2497 291 2583 346 m.

2238 409 2469 470 nempe
2495 387 2805 470 imagines
2832 404 2964 452 esse
3004 403 3151 450 vere
3192 405 3263 450 ac
3302 395 3517 473 proprie
3540 398 3679 470 hono-

2238 486 2469 548 randas
2506 491 2573 548 et
2606 482 2959 562 adorandas
3010 482 3249 544 ratione
3293 491 3676 574 exemplarium

2238 581 2359 642 hoc
2402 579 2569 642 enim
2602 584 2697 640 est
2730 576 2901 654 quod
2925 575 3131 654 primo
3158 582 3423 641 statuunt
3453 583 3507 644 in
3528 586 3680 656 defini.

2236 674 2515 736 tionibus
2547 674 2676 736 suis
2692 717 2711 746 ,
2742 677 2807 734 et
2834 671 2899 732 in
2923 670 3047 737 hoc
3074 669 3303 732 directe
3329 673 3580 744 damnant
3598 687 3681 748 [ω.

2236 769 2697 830 nomachorum
2746 764 3058 828 lia-resim.
3106 763 3279 826 Unde
3326 783 3682 851 consequenter

2235 863 2453 936 aiunt,
2512 861 2863 941 imaginum
2924 858 3351 920 adorationem
3412 865 3585 929 referri
3632 877 3683 936 ad

2240 955 2645 1036 exemplaria,
2666 961 2731 1016 ct
2750 954 2881 1016 haec
2896 953 2963 1016 in
2990 953 3118 1014 illis
3136 953 3433 1018 honorari.
3450 958 3683 1031 Quomodo

2240 1056 2454 1114 autom
2510 1050 2643 1112 haee
2686 1047 2969 1110 adoratio
3012 1053 3402 1126 exerceatur,
3434 1059 3489 1112 et
3520 1073 3583 1115 an
3614 1060 3685 1122 fiat

2241 1161 2369 1206 uno
2397 1149 2649 1206 tantum
2680 1142 2869 1206 modo
2897 1142 2998 1206 vel
3031 1140 3344 1220 pluribuS,
3372 1149 3429 1205 et
3456 1163 3523 1206 an
3544 1167 3683 1216 exem.

2242 1238 2381 1319 plar
2420 1243 2487 1300 et
2530 1238 2741 1317 imago
2780 1251 3033 1314 semper
3074 1233 3305 1298 directe
3345 1237 3634 1319 adorentur,
3650 1257 3687 1310 31

2242 1334 2313 1394 ιιι
2340 1332 2655 1412 objectum
2688 1329 2887 1410 quod,
2932 1347 3019 1390 an
3067 1346 3216 1390 vero
3250 1330 3527 1394 interdum
3550 1336 3686 1400 solum

2243 1445 2313 1488 se
2332 1427 2611 1490 habeant
2636 1431 2708 1488 ut
2733 1424 3055 1503 objectum
3076 1423 3389 1488 materiale
3410 1433 3465 1488 et
3484 1427 3684 1505 formale,

2240 1520 2323 1582 de
2348 1519 2449 1582 his
2471 1518 2633 1582 nihil
2663 1516 2973 1580 definiunt
2996 1515 3289 1593 Consilia,
3312 1517 3415 1580 sed
3437 1519 3688 1604 Theolcge

2236 1632 2380 1676 rum
2440 1609 2971 1693 disputationibus
3012 1608 3151 1672 hoec
3198 1609 3555 1690 relinquunt,
3590 1619 3686 1693 quia

2238 1725 2367 1770 non
2394 1707 2709 1788 pertinent
2729 1703 2813 1768 ad
2838 1703 3139 1782 dogmata
3166 1701 3335 1778 fidei,
3366 1704 3467 1766 sed
3486 1705 3579 1768 sub
3598 1711 3687 1788 opi-

2236 1801 2497 1862 nionem
2548 1797 2801 1861 cadunt.
2836 1797 2994 1868 Quia
3026 1813 3177 1858 vero
3206 1797 3303 1860 hic
3326 1797 3505 1860 cultus
3540 1801 3690 1882 imagi-

2236 1911 2393 1956 num
2421 1892 2609 1956 variis
2636 1891 2843 1954 modis
2870 1889 3153 1954 exerceri
3178 1895 3404 1970 potest,
3432 1891 3547 1954 ideo
3568 1894 3691 1974 plura

2238 1988 2430 2050 etiam
2453 1987 2751 2050 dicuntur
2776 1985 2857 2048 de
2884 1985 3009 2046 hac
3037 1983 3417 2060 adoratione,
3442 1991 3691 2064 praesertim

2236 2082 2303 2144 in
2341 2081 2449 2144 VII
2489 2079 2771 2161 synodo,
2820 2097 2963 2159 quae
2994 2077 3314 2140 interdum
3348 2095 3520 2140 unum
3542 2080 3693 2144 adora-

2235 2176 2425 2239 tionis
2450 2174 2737 2251 modum,
2766 2171 3091 2236 interdum
3112 2171 3303 2235 alium
3328 2170 3611 2236 declarant.
3627 2177 3694 2238 At·

2238 2287 2365 2350 que
2412 2285 2494 2331 ex
2538 2268 2641 2330 his
2684 2268 2839 2332 satis
2876 2265 3199 2330 declarata
3224 2263 3449 2328 videtur
3486 2265 3690 2330 doctrina

2238 2361 2681 2426 Consiliorum.

2314 2459 2419 2520 30.
2466 2456 2755 2520 Primum
2784 2460 3005 2522 notata
3038 2451 3685 2535 diffusam-Semina.

2234 2581 2319 2600 -
2343 2552 2423 2614 Ut
2462 2556 2674 2612 tamen
2712 2554 2845 2614 tota
2874 2550 3006 2612 haec
3036 2546 3297 2612 materia
3339 2546 3511 2626 magis
3530 2546 3687 2608 intelli·

2236 2649 2446 2726 gutur,
2476 2643 2603 2706 duo
2628 2642 3021 2706 advertenda
3066 2648 3237 2714 sunt,
3270 2657 3399 2720 qum
3437 2639 3507 2702 ad
3536 2641 3688 2702 intelli·

2236 2737 2479 2817 gendes
2528 2736 2721 2800 etiam
2774 2736 3120 2800 nonnullas
3160 2737 3400 2800 Petrum
3436 2735 3683 2796 sententias

2234 2829 2611 2894 deservient.
2646 2830 2925 2894 Primum
2952 2836 3077 2905 est,
3114 2829 3435 2910 imaginem
3452 2826 3685 2906 dupliciter

2238 2922 2625 2988 considerari
2676 2931 2897 3004 poss03
2930 2923 3163 3004 primo,
3212 2925 3281 2984 ut
3322 2922 3504 3000 imago
3547 2921 3685 2982 estin

2236 3025 2383 3082 actu
2410 3017 2683 3080 exercito
2712 3017 2822 3096 (ut
2848 3017 3187 3098 cajetanus
3212 3014 3515 3093 loquitur).
3537 3013 3587 3072 id
3610 3019 3681 3087 est,

2236 3115 2309 3174 ut
2339 3117 2479 3174 actu
2511 3116 2763 3174 exercet
2780 3128 3015 3174 munus
3042 3109 3351 3190 imaginis,
3368 3106 3515 3186 quod
3532 3113 3605 3168 est
3622 3125 3684 3168 re-

2235 3210 2615 3286 presentare
2642 3210 3055 3286 prototypum
3090 3201 3381 3276 secundo,
3404 3199 3681 3264 considerari

2234 3304 2443 3378 potest
2468 3297 2681 3376 imago
2708 3303 2779 3358 ut
2798 3313 2904 3359 res
2926 3295 3225 3376 quaedam
3249 3312 3415 3356 sacra
3438 3298 3547 3365 est;
3564 3293 3623 3352 ita
3641 3299 3681 3351 ut

2234 3409 2365 3454 non
2410 3390 2841 3454 consideretur
2881 3391 3099 3470 imago
3130 3389 3332 3452 solum
3375 3392 3439 3450 ut
3476 3385 3587 3448 talis
3616 3401 3681 3444 ms

2234 3483 2543 3548 naturalis
2569 3484 2669 3546 vel
2692 3483 3033 3546 artificialis
3052 3485 3175 3560 est,
3192 3482 3409 3562 lignea,
3424 3484 3681 3550 nutantes,

2232 3577 2397 3640 bene
2416 3577 2519 3640 vel
2534 3576 2699 3638 male
2722 3576 2973 3656 depicta
2990 3582 3105 3638 aut
3124 3574 3440 3646 fabricam
3462 3587 3578 3632 uam
3593 3569 3683 3628 haec

2232 3671 2369 3734 sola
2396 3671 2657 3751 praecisa
2686 3669 3113 3734 consideratio
3140 3668 3375 3730 nullum
3395 3661 3681 3728 adorationis

2232 3783 2435 3846 genus
2479 3764 2747 3828 fundare
2786 3767 3030 3844 potest,
3076 3780 3285 3842 neque
3320 3758 3519 3824 sufficit
3540 3762 3593 3816 ut
3616 3773 3681 3816 res

2232 3860 2341 3922 illa
2384 3877 2561 3922 sacra
2604 3863 2976 3932 censeatur-3
3024 3853 3457 3922 consideranda
3484 3857 3561 3914 est
3582 3864 3682 3926 crgo

2228 3954 2463 4034 imago,
2494 3959 2565 4016 ut
2590 3951 2783 4015 cultui
2805 3952 3019 4015 divino
3043 3951 3268 4024 dicata,
3293 3955 3351 4012 et
3374 3948 3434 4008 in
3458 3947 3681 4008 honorem

2228 4048 2343 4110 Dei
2363 4047 2466 4109 vel
2496 4048 2865 4110 Sanctorum
2894 4045 3201 4108 instituta.
3220 4041 3407 4116 Unde,
3432 4040 3485 4104 in
3508 4037 3600 4098 hoc
3619 4049 3683 4096 se-

2228 4141 2437 4205 cundo
2480 4141 2671 4204 modo
2694 4183 2711 4214 ‚
2758 4139 2953 4204 etiam
2992 4139 3411 4202 consideratur
3443 4135 3605 4210 imago
3638 4131 3683 4186 ut

2226 4233 2438 4314 imago
2466 4237 2591 4308 est,
2626 4251 2757 4296 non
2802 4233 3061 4313 quidem
3094 4233 3161 4294 in
3194 4237 3333 4294 actu
3362 4226 3609 4298 exercito,
3640 4219 3680 4280 id

2226 4332 2347 4404 est,
2373 4327 2547 4408 quod
2573 4333 2719 4392 actu
2746 4332 3038 4390 exerceat
3064 4343 3297 4388 munus
3320 4319 3679 4402 reproeseutan-

2226 4421 2295 4484 di
2334 4422 2675 4485 intellectui
2704 4421 2977 4484 hominis
3004 4420 3352 4502 exemplar,
3386 4414 3487 4478 sed
3506 4417 3675 4474 tantum

2230 4515 2671 4595 specificative,
2712 4533 2826 4578 seu
2858 4515 3143 4589 relative,
3172 4515 3314 4592 quia
3342 4507 3677 4572 consideratur

2228 4609 2439 4690 ima'go
2470 4615 2541 4672 ut
2576 4616 2674 4672 est
2696 4609 2990 4690 quaedam
3018 4625 3123 4670 res
3150 4607 3379 4670 habeus
3400 4600 3673 4666 relationem

2228 4702 2309 4765 ad
2350 4703 2473 4766 tale
2517 4701 2841 4782 exemplar
2864 4721 2903 4764 a
2928 4719 3059 4781 quo
3086 4699 3401 4781 participat
3422 4689 3674 4774 quamdam

2226 4795 2767 4875 significationem,
2792 4802 2855 4858 et
2876 4795 3061 4875 quasi
3082 4790 3581 4858 consecrationem,
3596 4778 3673 4840 sak

2228 4896 2355 4952 tem
2394 4907 2510 4970 per
2556 4891 2973 4952 extrinsecam
3021 4883 3563 4950 denominationem.
3596 4875 3672 4934 Se-

2224 4982 2433 5046 cundo
2460 4981 3091 5046 animadvertendum
3116 4986 3249 5054 est,
3278 4974 3667 5058 quotiescunque

2222 5077 2429 5156 imago
2464 5077 2731 5138 sumitur
2770 5077 2833 5136 in
2876 5082 3023 5140 actu
3050 5073 3312 5138 exercito
3337 5071 3398 5132 in
3420 5064 3593 5128 ordine
3614 5054 3665 5161 {ld

2224 5169 2681 5244 adorationem,
2725 5169 2815 5231 ita
2858 5165 3156 5230 constitui
3205 5165 3331 5226 vice
3360 5153 3660 5233 exemplam·

2223 5271 2291 5326 ut
2318 5271 2463 5328 actu
2492 5265 2649 5328 illud
2680 5270 2933 5328 revocet
2960 5263 3025 5324 in
3053 5258 3423 5330 memoriam,
3438 5258 3663 5329 etpropo·

656 5359 758 5420 29.
782 5356 1168 5426 Declaratur.
1189 5391 1270 5404 -—
1291 5360 1749 5440 Respondetur,
1774 5375 1973 5422 unum
1998 5376 2137 5422 esse
2219 5365 2331 5422 nat
2360 5365 2429 5421 ιιι
2452 5357 2769 5438 objectum
2796 5357 3219 5438 principaliter
3242 5339 3662 5439 adorandum-et

577 5449 746 5526 quod
791 5451 1104 5531 praecipue
1159 5453 1496 5515 intendunt
1549 5454 1776 5516 docere
1821 5453 2096 5516 concilia
2113 5497 2132 5528 ,
2218 5459 2367 5516 tunc
2386 5451 2693 5530 adoratio,
2714 5469 2853 5531 quse
2876 5455 3217 5521 exercetur,
3244 5445 3453 5508 directe
3472 5455 3529 5498 ac
3546 5447 3661 5510 prm-
