3892 6167
568 313 691 378 224

570 423 907 498 sequenter
950 433 1161 496 neque
1206 416 1311 478 illa
1360 416 1705 480 nationalia
1756 418 2136 498 praedicata,

570 528 713 590 quae
742 511 827 572 ita
874 516 1025 574 sunt
1050 511 1302 590 propria
1332 509 1531 574 Patris
1563 512 1662 573 vel
1688 511 1960 590 Spiritus
1987 513 2140 574 San-

569 604 689 679 cti,
724 609 795 668 ut
838 621 967 666 non
1014 603 1391 668 conveniant
1431 604 1659 678 Verbo,
1693 610 1958 683 possunt
1990 622 2137 667 vere

569 696 654 760 de
678 697 922 762 Christo
950 703 1061 760 aut
1086 695 1347 760 homine
1380 697 1727 776 proedicari.

648 791 710 852 4.
758 787 971 856 Tertia
996 789 1233 872 recula.
1264 823 1341 836 --
1370 791 1523 854 Dico
1562 790 1746 856 tertio
1786 811 1801 852 ε
1834 790 2134 854 divinitas

570 901 687 946 seu
723 883 1019 946 attributa
1064 883 1201 963 ejus
1245 901 1371 946 non
1408 890 1673 964 possunt
1698 885 2026 965 praedicari
2049 884 2132 948 de

571 976 813 1040 Christo
858 994 975 1040 seu
1016 975 1275 1040 homine
1318 976 1785 1044 denominative
1815 1025 1831 1054 ‚
1878 979 2130 1058 propria

570 1069 1091 1134 denominatione
1132 1069 1523 1134 accidentali.
1572 1072 1749 1136 Hanc
1806 1072 1998 1136 etiam
2039 1089 2134 1134 re-

574 1163 787 1245 gulam
822 1163 1031 1241 quoad
1059 1181 1191 1226 rem
1220 1165 1418 1246 ipsam
1450 1165 1735 1228 existimo
1776 1173 2040 1241 certam,
2071 1172 2134 1228 et

572 1257 654 1321 de
700 1256 825 1320 fide
850 1276 869 1332 ;
916 1256 1149 1320 directe
1182 1259 1349 1320 enim
1376 1258 1651 1322 excludit
1676 1277 1956 1322 errorem
1983 1261 2135 1323 Nes-

571 1350 740 1426 torii,
772 1349 883 1430 qui
910 1349 1115 1412 solum
1142 1353 1423 1430 ponebat
1450 1352 1747 1414 unionem
1778 1352 2131 1418 accidenta-

572 1443 721 1506 lem.
762 1444 837 1506 Et
876 1443 1221 1523 explicatur
1248 1444 1315 1504 in
1347 1445 1831 1524 particularibus
1870 1447 2132 1512 locutio-

572 1535 795 1610 nibus;
828 1535 891 1599 in
920 1536 1192 1598 Concilio
1234 1536 1403 1600 enim
1436 1539 1753 1617 Ephesino
1792 1539 2133 1604 damnatur

575 1632 707 1694 haec
738 1648 857 1694 vox
890 1638 1135 1706 θιοφόρος,
1164 1629 1233 1692 id
1258 1635 1379 1709 est,
1408 1632 1615 1710 deifer,
1648 1637 1954 1711 tanquam
1989 1652 2133 1715 pro·

571 1725 775 1806 priam
802 1725 1320 1788 Nestorianornm
1341 1769 1356 1800 ,
1396 1727 1551 1806 quia
1576 1744 1691 1806 per
1720 1727 1896 1790 illam
1938 1727 2134 1792 deno-

572 1818 871 1882 minative
898 1825 1145 1882 tantum
1168 1819 1539 1899 preadicatur
1556 1821 1726 1884 Deus·
1750 1821 1831 1884 de
1851 1821 2132 1898 homine,

574 1919 641 1976 et
664 1911 1055 1994 significatur
1080 1914 1349 1994 supponi
1380 1913 1701 1978 hominem
1726 1917 2136 1980 constitutum

578 2009 641 2068 et
685 2005 1125 2079 subsistentem
1152 2007 1261 2086 qui
1310 2007 1374 2068 in
1408 2025 1477 2068 se
1504 2008 1663 2072 ferat
1692 2009 1925 2085 Deum,
1963 2010 2136 2074 unde

578 2099 813 2162 indicat
836 2099 1827 2181 distinctionemsuppositorum,
1866 2110 1932 2166 et
1957 2104 2138 2166 unio·

576 2195 721 2256 nem
764 2193 1245 2269 accidentalem5
1280 2200 1346 2257 et
1375 2195 1517 2258 idco
1546 2198 1869 2272 Damaso„
1918 2195 2030 2260 lib.
2073 2199 2135 2273 3,

574 2306 633 2350 c.
664 2291 761 2362 ¹2,
776 2293 841 2351 et
854 2287 1183 2363 Athenas„
1206 2287 1273 2350 in
1298 2305 1487 2350 serm.
1509 2288 1586 2350 de
1605 2290 1903 2352 Sanctiss-
1930 2289 2131 2368 Deip„

574 2381 739 2446 circa
788 2381 979 2444 finem
1008 2399 1025 2442 ι
1060 2381 1205 2448 Non
1234 2399 1543 2456 vocamus,
1576 2383 1808 2462 inquit,
1846 2382 2136 2446 hominem

574 2475 918 2549 Doifmmt,
970 2475 1079 2540 sed
1120 2476 1311 2540 Deum
1339 2478 1707 2556 comiter-um
1719 2521 1741 2553 ,
1788 2477 1940 2556 quia
1985 2493 2134 2540 vere

575 2572 743 2634 Deus
771 2588 1025 2634 carnem
1066 2569 1443 2650 assumpsit,
1486 2577 1550 2634 et
1584 2569 1759 2632 illam
1799 2571 1867 2632 in
1898 2589 1966 2634 se
1997 2589 2136 2632 sns-

572 2669 803 2736 tentam
836 2664 1029 2726 homo
1060 2669 1269 2726 antem
1300 2681 1427 2728 non
1451 2670 1667 2744 posset
1696 2663 1765 2726 in
1792 2681 1862 2726 se
1892 2670 2136 2728 susten·

574 2757 1345 2837 tarelautjsubstantialiter
1368 2757 1707 2820 terminare
1728 2757 2006 2820 divinam
2026 2775 2135 2818 na-

574 2857 807 2924 turam.
840 2855 903 2912 et
936 2849 1079 2912 ideo
1104 2867 1235 2912 non
1269 2854 1477 2929 potest
1504 2850 1629 2914 dici
1667 2851 1857 2914 homo
1902 2851 2132 2932 Daisun

573 2943 700 3005 nisi
727 2943 969 3006 ratione
1010 2942 1413 3006 accidentalis
1442 2944 1707 3008 unionis.
1747 2946 1986 3008 Verum
2015 2948 2131 3019 est,

574 3037 787 3110 Basil„
822 3037 886 3098 in
916 3037 1143 3100 Psalm.
1191 3040 1271 3102 59
1299 3083 1315 3112 ,
1366 3038 1455 3100 sic
1496 3038 1673 3118 loqui
1718 3057 1733 3099 :
1769 3037 2138 3103 Divinuatie

572 3131 1041 3196 calceamentum
1068 3136 1155 3194 osc
1174 3147 1317 3194 caro
1336 3133 1529 3194 Deum
1547 3135 1777 3208 form,
1796 3133 1947 3212 quia
1969 3131 2140 3196 habet

576 3225 774 3288 Deum
796 3225 864 3286 in
896 3243 961 3288 so
978 3224 1473 3288 substantialiter
1510 3225 1984 3296 inhabitantem;
2008 3241 2140 3286 ma-

574 3317 673 3396 gis
697 3334 847 3380 vero
876 3318 1127 3398 proprie
1160 3318 1473 3380 diceretur
1510 3318 1655 3380 ferri
1682 3318 1763 3380 ab
1794 3317 1933 3398 ipso
1959 3319 2130 3390 De03

574 3411 685 3474 ubi
726 3409 929 3474 obiter
976 3411 1169 3474 etiam
1210 3411 1705 3486 observandum,
1736 3429 1813 3474 ex
1840 3411 2128 3474 Nazianz.

574 3511 733 3568 orat.
776 3507 878 3580 52,
908 3504 1385 3585 Apollinaristas
1408 3505 1643 3568 abusos
1666 3504 1857 3568 fuisse
1886 3505 1992 3566 illa
2021 3523 2134 3568 vo·

570 3618 671 3676 ce,
698 3601 1101 3676 caniferam,
1128 3599 1210 3660 ad
1232 3597 1716 3680 signifieandum
1731 3599 2008 3662 Verbum
2033 3617 2130 3660 as·

572 3692 915 3772 sumpsisse
956 3709 1239 3765 carnem,
1288 3697 1352 3754 et
1398 3707 1529 3754 non
1578 3691 1891 3768 animam3
1920 3697 1986 3754 et
2010 3691 2130 3754 hoc

570 3803 765 3848 sensu
793 3785 941 3848 dicit
971 3786 1107 3864 ipse
1128 3829 1145 3858 ,
1199 3783 1407 3864 potius
1434 3783 1772 3848 dicendum
1802 3801 1941 3846 esse
1977 3786 2132 3846 Ver-

570 3879 723 3942 bum
752 3877 965 3940 ferens
995 3877 1485 3952 humanitatem,
1516 3893 1711 3957 quam
1736 3895 2030 3950 earnem3
2063 3877 2130 3938 in

570 3990 722 4034 vero
752 3977 965 4036 autem
988 3989 1180 4049 sensu
1215 3977 1553 4050 utrumque
1576 3970 1697 4032 diei
1728 3975 1956 4050 potest,
1982 3969 2132 4049 quia

572 4084 719 4129 caro
744 4083 873 4126 non
902 4064 1179 4128 excludit
1203 4064 1504 4138 animam,
1538 4062 1653 4126 sed
1680 4081 1827 4144 pars
1854 4081 1971 4143 pro
2001 4068 2130 4126 toto

572 4159 862 4221 sumitur.
894 4159 1199 4220 Praeterea
1222 4162 1479 4237 propter
1510 4156 1669 4218 hane
1690 4157 1972 4236 regulam
2002 4174 2132 4218 non

571 4259 777 4335 potest
802 4250 928 4314 dici
964 4251 1263 4324 Christus,
1294 4251 1467 4314 homo
1506 4250 1839 4326 deificatus,
1873 4257 1937 4312 ut
1964 4257 2132 4312 recte

570 4345 787 4410 docuit
806 4343 991 4424 Cyril.
1024 4343 1353 4412 Alexand..
1381 4342 1489 4404 lib.
1523 4341 1605 4405 de
1634 4343 1907 4418 lnoarn„
1940 4361 1995 4404 c.
2029 4345 2128 4414 ss,

573 4439 685 4502 nbi
708 4439 901 4502 sentit
916 4436 1087 4498 illam
1104 4436 1487 4498 locutionem
1510 4453 1651 4504 esse
1666 4436 2128 4514 Nestor-ianam,

570 4531 721 4612 quia
739 4529 1053 4610 significat
1072 4529 1341 4610 supponi
1360 4528 1707 4604 hominem,
1732 4527 1795 4594 et
1814 4529 1992 4591 illum
2009 4529 2127 4592 sibi

572 4626 751 4688 unire
780 4623 1193 4696 divinitatem,
1226 4621 1397 4700 quod
1438 4639 1567 4684 non
1598 4628 1813 4700 posset
1852 4639 1994 4687 esse
2023 4641 2129 4688 ve-

573 4735 737 4792 rum,
768 4716 886 4780 nisi
932 4717 1013 4779 de
1038 4715 1275 4778 unione
1301 4714 1694 4778 accidentali.
1727 4716 1903 4780 Idem
1944 4717 2130 4778 docet

572 4813 885 4888 Damaso„
916 4809 1024 4872 lib.
1056 4811 1095 4872 3
1123 4809 1203 4870 de
1232 4807 1395 4884 Fid„
1424 4826 1481 4872 c.
1505 4813 1543 4870 2
1556 4831 1576 4884 3
1604 4809 1797 4885 unde,
1830 4809 1880 4870 si
1905 4811 2012 4871 illa
2041 4811 2129 4872 lo-

573 4906 741 4968 cutio
765 4904 1079 4966 interdum
1106 4903 1419 4982 reperitur
1438 4903 1507 4964 in
1532 4904 1840 4979 Patribus,
1868 4908 1936 4964 ut
1961 4904 2132 4985 apud

574 4999 993 5080 Sophronium
1025 5041 1047 5074 ,
1084 5014 1251 5078 saepe
1285 4996 1474 5058 citata
1516 4997 1736 5077 epist.,
1774 5004 1837 5060 et
1880 4999 2076 5062 Nicet.
2109 5043 2129 5076 ‚

570 5094 683 5156 lib.
733 5095 771 5155 3
806 5093 991 5154 Thes.
1000 5135 1021 5167 ‚
1056 5108 1115 5154 c.
1146 5091 1247 5164 29,
1296 5089 1407 5169 qui
1436 5089 1585 5152 citat
1608 5089 1980 5170 Gregorium
2011 5093 2134 5154 Na-

570 5188 795 5260 zianz.‚
827 5184 931 5266 pie
973 5183 1341 5264 explicanda
1370 5189 1505 5256 est;
1535 5182 1635 5247 vel
1662 5185 1829 5246 enim
1864 5192 1962 5248 est
2005 5204 2133 5248 ser·

572 5300 679 5344 mo
708 5280 787 5344 de
816 5280 1230 5353 humanitate,
1263 5295 1407 5356 qnae
1444 5276 1733 5340 deificata
1766 5278 1891 5342 dici
1927 5283 2134 5358 potest

572 5394 685 5455 per
710 5369 1189 5436 substantialem
1214 5371 1533 5446 unionem,
1556 5370 1661 5432 cni
1679 5371 1814 5450 ipsa
1834 5372 2131 5450 supponi-

568 5476 709 5546 tur3
740 5467 859 5544 vel,
884 5467 937 5528 si
962 5471 1057 5530 est
1084 5483 1293 5528 sermo
1321 5464 1401 5526 de
1428 5464 1703 5538 homine,
1736 5464 2124 5545 intelligitur,

1818 321 2052 383 QUAEST.
2089 321 2218 374 xvt.
2253 322 2456 375 Amne.
2491 321 2532 373 1.

2216 417 2564 481 formaliter
2585 435 2658 479 ac
2677 416 3035 496 simpliciter
3063 417 3499 479 abstrahendo
3521 437 3556 478 a
3577 420 3738 483 deter-

2217 511 2460 574 minato
2477 511 2824 592 supposito,
2847 510 3026 590 juxta
3047 528 3126 572 en
3149 528 3302 592 qum
3331 511 3505 571 eima
3529 530 3584 571 a.
3609 516 3640 574 7
3659 559 3675 587 ‚
3693 515 3739 576 in

2217 605 2436 678 simili,
2467 604 2770 668 dicemus.
2801 603 3012 666 Tertio
3032 648 3054 678 ,
3081 609 3360 683 propter
3401 601 3562 664 inne
3597 606 3741 668 etiam

2215 698 2502 778 regulam
2553 715 2684 762 non
2739 696 2968 760 dicitur
2991 696 3250 776 proprie
3277 695 3560 758 Christus
3592 697 3738 762 homo

2213 791 2598 866 Dominicus,
2626 796 2700 852 ut
2723 789 2912 854 latius
2947 790 3107 852 cim
3131 795 3258 852 art.
3293 791 3338 850 3
3359 788 3616 852 dicetur.

2293 891 2354 952 5.
2403 887 2530 950 Sed
2570 891 2792 950 contra
2813 929 2830 958 ‚
2881 900 3032 946 nam
3073 882 3372 946 Christus
3411 883 3536 945 diei
3576 891 3741 964 potest

2211 979 2402 1042 homo
2443 979 2716 1054 divinoe,
2769 983 2838 1040 ut
2883 986 3002 1040 art.
3057 978 3120 1054 3,
3163 976 3250 1038 ad
3291 979 3364 1053 3,
3407 977 3486 1040 D.
3517 980 3738 1042 Thomas

2213 1075 2522 1149 concedit,
2549 1093 2628 1138 ex
2655 1074 2940 1153 Dionys„
2979 1090 3117 1154 cap.
3147 1073 3213 1144 4,
3245 1071 3336 1134 de
3369 1071 3602 1133 Eccles.
3635 1073 3738 1136 hie·

2211 1187 2366 1238 rar..
2399 1174 2558 1248 part.
2588 1171 2651 1243 3,
2681 1167 2848 1229 circa
2875 1165 3070 1228 finem
3095 1210 3116 1240 ‚
3149 1165 3263 1226 ubi
3312 1165 3499 1244 juta
3524 1168 3740 1228 transla-

2213 1263 2450 1325 tionem
2480 1260 2776 1333 Perionii‚
2813 1265 2994 1321 vocat
3021 1257 3498 1322 divinissimum
3529 1259 3578 1320 J
3581 1277 3738 1332 mm

2211 1356 2582 1419 Ambrosius
2613 1355 2782 1417 enim
2813 1352 3213 1415 Florentinns
3269 1369 3414 1413 non
3453 1351 3540 1413 ita
3577 1353 3734 1416 vertit.

2212 1451 2324 1513 sed
2351 1467 2654 1514 summm
2673 1447 2871 1510 Deum
2886 1489 2908 1523 ,
2951 1445 3124 1526 quod
3169 1445 3388 1526 magis
3415 1463 3536 1506 vox
3583 1463 3736 1523 greca

2213 1543 2548 1624 significat,
2575 1551 2984 1616 οιαρχικόνιατσν,
3011 1539 3080 1602 id
3107 1545 3228 1615 est,
3271 1553 3634 1619 supremum
3653 1555 3736 1599 nu·

2213 1653 2397 1710 mem
2445 1637 2534 1699 ita
2579 1653 2730 1698 vero
2769 1633 3044 1714 appellat
3079 1631 3486 1714 Augustinus
3509 1675 3526 1703 ,
3567 1630 3736 1692 1111.ae

2215 1731 2475 1804 Quaest„
2509 1731 2574 1792 in
2602 1733 2706 1792 57.
2739 1727 3171 1809 Respondetur
3209 1726 3388 1788 hane
3423 1722 3736 1787 momina»

2213 1824 2450 1888 tionem
2491 1841 2620 1886 non
2643 1840 2784 1886 esse
2821 1820 3305 1892 accidentalem,
3342 1816 3462 1882 >sed
3499 1817 3734 1878 substan-

2217 1917 2430 1980 tialem
2481 1923 2547 1981 et
2575 1915 3010 1988 essentialem;
3057 1931 3208 1976 nam
3257 1919 3332 1975 et
3379 1917 3598 1974 natura
3639 1908 3730 1980 Dei,

2217 2011 2493 2074 essentia
2533 2010 2746 2074 divina
2787 2007 3040 2084 dieitur,
3091 2014 3156 2069 et
3195 2005 3491 2070 secunda
3518 2021 3732 2084 persona

2217 2104 2446 2166 dieitur
2469 2103 2748 2166 Verbum
2782 2101 3085 2164 divinum.
3116 2102 3271 2164 Haec
3299 2099 3476 2162 enim
3510 2096 3732 2162 denom-

2217 2199 2390 2260 natio
2426 2198 2592 2260 sumi
2619 2203 2823 2278 potest
2855 2196 3102 2276 abipsa
3125 2194 3238 2256 Dei
3269 2201 3529 2266 natura,
3555 2209 3732 2251 conce·

2217 2299 2325 2374 pta
2361 2309 2477 2373 per
2503 2291 2762 2354 modum
2785 2290 3000 2352 formae
3037 2289 3138 2350 vel
3163 2285 3544 2350 differentiae
3575 2301 3731 2345 essen·

2213 2387 2396 2460 tialis„
2425 2387 2584 2450 sicut
2607 2385 2832 2448 dicitur
2851 2391 3074 2448 natura
3097 2384 3420 2454 humana3
3443 2379 3551 2442 sed
3575 2379 3628 2438 in
3648 2377 3728 2436 hac

2211 2479 2350 2560 ipsa
2373 2478 2888 2542 denominatione
2917 2475 3196 2542 cavenda
3221 2481 3326 2537 est
3353 2467 3723 2552 aequivocatio,

2213 2591 2363 2635 nam
2387 2573 2493 2635 illa
2517 2571 2970 2642 denominatim
2995 2569 3238 2632 divium
3255 2617 3274 2643 ,
3317 2567 3534 2628 addita
3557 2563 3723 2625 divinis

2211 2667 2402 2730 rebus
2422 2711 2443 2743 ‚
2493 2667 2687 2728 habet
2734 2665 2966 2727 dictam
3025 2662 3554 2743 significationem
3595 2657 3720 2735 juxta

2215 2775 2619 2824 communem
2647 2775 2870 2830 usum3
2901 2755 3118 2818 addita
3143 2774 3302 2818 vero
3321 2754 3516 2816 rebus
3533 2748 3717 2820 creatis,

2215 2853 2572 2933 significare
2593 2853 2752 2916 solet
2773 2849 3221 2914 accidentalem
3236 2844 3718 2928 participationem

2216 2945 2442 3008 divinae
2473 2945 2872 3027 perfectionis
2887 2987 2902 3018 ,
2936 2950 3008 3004 nt
3031 2961 3178 3005 cum
3205 2942 3446 3005 dicitur
3469 2939 3640 3000 homo
3659 2934 3718 2994 di-

2216 3040 2425 3112 vinus,
2457 3045 2520 3104 et
2547 3039 2688 3102 ideo
2717 3057 2845 3100 non
2877 3037 3126 3100 videtur
3155 3035 3240 3098 ita
3271 3032 3626 3114 simpliciter
3647 3043 3719 3104 ap

2217 3132 2551 3212 pellandus
2599 3132 2876 3194 Christus
2909 3131 3247 3198 Dominus.
3281 3130 3426 3192 sine
3457 3117 3716 3188 sufficienti

2221 3227 2634 3306 explicatione
2661 3230 2728 3287 et
2753 3221 3308 3288 determinatione.

2297 3321 2362 3382 6.
2407 3318 2668 3399 objectio
2693 3315 3520 3397 semaa.—Responsio.-
3535 3306 3636 3374 Sed
3655 3323 3717 3364 ur·

2215 3413 2390 3493 gebit
2417 3411 2643 3492 aliquis
2663 3457 2684 3490 ,
2715 3429 2865 3474 nam
2909 3411 3191 3474 Christus
3217 3408 3522 3472 Dominus
3547 3400 3716 3464 dicitur

2213 3505 2637 3570 sanctificatus
2661 3524 2698 3568 a
2714 3506 2916 3578 Patre,
2941 3522 3086 3568 cum
3105 3520 3256 3566 vere
3281 3503 3370 3569 sit
3389 3503 3619 3563 sanctus
3635 3507 3711 3569 per

2212 3598 2570 3662 essentiam.
2594 3598 3057 3677 Respondetur,
3079 3598 3258 3676 juxta
3295 3589 3608 3675 Augustini
3637 3601 3711 3688 εξ·

2210 3692 2620 3773 positionem,
2651 3692 2964 3754 Christum
3005 3697 3072 3754 ut
3108 3691 3312 3755 Deum
3349 3687 3478 3751 dict
3494 3677 3708 3746 maetin-

2209 3793 2422 3850 catum
2451 3802 2490 3847 a
2517 3787 2698 3848 Patre
2717 3804 2834 3865 per
2854 3791 3158 3848 aeternam
3179 3781 3648 3864 generationem,
3667 3769 3710 3830 0²

2211 3881 2332 3942 hoc
2365 3897 2554 3942 sensu
2597 3879 2703 3942 illa
2730 3877 3158 3942 denominatio
3189 3895 3320 3940 non
3351 3881 3446 3938 est
3487 3865 3706 3937 acciden-

2213 3973 2376 4046 talis,
2403 3991 2518 4038 seu
2548 3990 2660 4053 per
2688 3971 3256 4052 participationem,
3287 3969 3404 4032 sed
3431 3971 3521 4028 est
3545 3973 3706 4023 essen-

2213 4066 2376 4128 tialis
2396 4111 2418 4143 ,
2463 4067 2802 4145 conjuncta
2849 4082 2996 4128 cum
3021 4063 3368 4140 notionali;
3403 4059 3622 4134 sumpla
3641 4047 3705 4108 θεῖ

2211 4160 2382 4224 enim
2431 4157 2514 4222 ab
2557 4159 2694 4238 ipsa
2745 4159 3074 4221 sanctitate
3119 4172 3234 4236 per
3281 4157 3617 4218 essentiam,
3645 4140 3702 4244 οὓ*

2213 4251 2674 4316 communicata
2709 4251 2862 4314 Filio
2911 4267 3028 4331 per
3065 4257 3371 4312 aeternam
3413 4242 3699 4325 generatio-

2211 4363 2394 4420 nem;
2437 4346 2504 4409 in
2543 4345 2672 4407 alio
2703 4364 2850 4408 vero
2897 4361 3090 4408 sensu
3130 4343 3359 4406 dicitur
3395 4335 3636 4402 caristus
3657 4327 3699 4384 ut

2211 4441 2404 4501 homo
2435 4438 2891 4512 sanctificatus,
2917 4437 3016 4500 vel
3055 4455 3166 4516 per
3209 4436 3416 4517 ipsam
3441 4428 3694 4494 unionem,

2210 4533 2314 4596 vel
2338 4551 2454 4612 per
2480 4531 2936 4596 accidentalem
2963 4530 3383 4594 sanctitatem.
3405 4529 3473 4592 In
3501 4535 3604 4600 quo
3621 4512 3696 4573 Οἳ)-

2211 4627 2586 4689 servandam
2613 4632 2732 4703 est,
2763 4625 3051 4704 quaedam
3079 4641 3217 4686 esse
3245 4622 3578 4706 praedicata,
3597 4617 3694 4687 <1¹¹²

2207 4721 2356 4784 licet
2369 4719 2610 4786 Christo
2635 4726 2702 4783 ut
2723 4721 2846 4782 Deo
2867 4737 2982 4800 per
3003 4718 3342 4782 essentiam
3367 4699 3690 4782 conveniant,

2211 4811 2418 4876 eidem
2445 4817 2656 4876 tamen
2689 4820 2759 4876 ut
2786 4813 3032 4874 homini
3058 4812 3272 4874 insunt
3291 4830 3403 4891 per
3426 4795 3691 4887 quamdam

2211 4906 2754 4986 participationem
2805 4905 3289 4978 accidentalem3
3351 4911 3417 4966 ut
3463 4909 3582 4962 esse
3617 4887 3692 4948 1³⁰·

2213 5017 2392 5074 num,
2415 4999 2788 5079 sapientem,
2821 5005 3132 5074 sanctum,
3165 5005 3286 5062 etc.
3312 5015 3328 5072 3
3357 5005 3418 5060 et
3441 4994 3556 5056 haec
3575 4989 3692 5044 utro·

2213 5111 2338 5173 que
2365 5092 2552 5156 modo
2582 5093 2706 5154 dici
2735 5099 3016 5173 possunt.
3042 5093 3122 5156 de
3165 5092 3402 5156 Christo
3445 5101 3544 5168 per
3569 5083 3687 5172 ⁰⁰¹¹?

2213 5184 2698 5248 manicationem
2725 5185 3120 5260 idiomatum,
3149 5197 3496 5264 quanquam
3519 5161 3690 5244 simph·

2211 5279 2368 5341 citer
2397 5279 2485 5340 illi
2527 5279 3134 5358 semper-tribuenda
3171 5285 3266 5342 est
3309 5276 3549 5340 maxima
3585 5272 3684 5340 ΙΨ·

2209 5371 2422 5447 festio,
2448 5389 2588 5450 quse
2615 5372 3156 5452 imperfectionem
3184 5391 3312 5434 ‚non
3343 5362 3595 5434 includat.
3637 5441 3645 5454 ⁵

2291 5471 2352 5530 7.
2375 5465 2608 5540 Qua-ma
2625 5465 3246 5546 requam—Haeretici
3259 5465 3438 5546 hujus
3448 5455 3678 5534 amparet·
