3892 6167
1346 347 1665 406 nispu‘rtt‘r.
1700 347 1779 406 u.
1811 345 1985 404 ΒΜ.
2020 347 2105 402 nt.
3195 347 3317 410 587

95 439 264 512 111113,
299 438 659 508 exhibetur,
691 436 796 514 qui
841 437 1114 501 maxime
1141 440 1220 502 ad
1249 445 1453 509 Deum
1477 445 1668 509 refer-
1751 446 1902 523 quia
1929 447 2063 508 haec
2088 460 2211 506 vox
2242 447 2570 506 externum
2608 447 2819 504 actum
2862 445 3213 510 humanum
3236 450 3317 512 si·

93 537 216 606 tur,
241 532 361 612 qui
390 549 679 594 summus
707 529 967 612 spiritus
991 538 1108 610 est,
1135 541 1198 598 et
1219 537 1548 602 interiores
1569 558 1672 602 ac·
1751 538 2029 618 gnificat.
2076 535 2509 617 Compar-ando
2535 541 2750 598 autem
2772 537 3195 618 adorationes,
3223 543 3319 604 in-

93 633 192 686 tus
220 626 468 690 mentis
495 625 704 699 videt3
735 623 988 686 extendi
1021 630 1231 690 autem
1263 631 1452 694 etiam
1469 637 1672 713 potest
1751 634 1999 694 ternam
2018 636 2081 694 et
2108 637 2457 706 externam,
2477 629 2807 709 posteriori
2829 630 3015 694 modo
3043 635 3315 714 explica-

95 718 174 778 ad
213 723 474 782 creatos
519 717 772 798 spiritus
807 717 1048 796 beatos,
1077 728 1390 800 quatenus
1419 724 1670 788 interio-
1752 730 1870 799 tas,
1887 724 2054 786 inter
2069 729 2492 802 se‚quatenus
2512 739 2907 802 unaquaeque
2928 741 3145 788 earum
3170 745 3318 788 con-

95 829 196 872 res
217 817 412 872 actus
441 809 522 872 ad
551 809 690 874 illos
715 807 946 872 relatos
981 829 1364 894 cognoscere
1382 825 1666 897 possunt,
1744 817 1969 896 juncta
1998 821 2095 880 cst
2116 835 2260 878 cum
2302 834 2419 878 suo
2460 823 2605 878 actu
2632 816 2993 890 voluntatiS,
3024 817 3114 882 sic
3142 825 3313 882 utra-

97 915 164 966 ut
185 906 358 968 intra
394 907 838 970 declarabitur.
881 907 956 967 Et
984 907 1105 970 hoc
1133 909 1321 972 modo
1361 913 1518 974 dixit
1544 915 1672 974 Au-
1753 926 1878 986 que
1913 918 2009 973 est
2034 909 2345 985 adoratio,
2374 915 2439 970 et
2474 907 2755 986 perfecta
2800 909 2867 970 in
2912 928 3028 972 sua
3078 911 3313 991 specie,

95 1005 293 1078 gust„
326 999 402 1060 in
429 1001 654 1075 Encb.,
681 1019 818 1082 cap.
852 1005 888 1064 3
923 1006 985 1064 et
1011 1005 1075 1078 6,
1103 1007 1168 1066 et
1192 1003 1304 1066 lib.
1340 1009 1417 1084 12
1442 1005 1520 1068 de
1540 1006 1672 1067 Tri·-
1751 1002 1898 1066 licet
1925 1022 2055 1066 una
2078 1005 2275 1083 possit
2302 1021 2437 1066 esse
2468 1000 2593 1064 alia
2616 1003 2973 1082 perfectior,
2998 1004 3319 1068 sicutora-

97 1093 236 1166 nit„
265 1109 421 1172 cap.
458 1095 558 1170 14,
591 1093 997 1159 christianam
1034 1094 1390 1176 reliyioucm
1415 1098 1680 1162 maoeimo
1760 1095 1848 1158 tio
1899 1097 2133 1158 vocalis
2186 1102 2251 1158 et
2296 1095 2589 1158 mentalis
2614 1095 2681 1156 in
2730 1097 2973 1160 ratione
3016 1097 3319 1160 orationis

93 1185 279 1248 colere
303 1185 511 1248 Deum
538 1185 680 1262 fide,
705 1205 806 1266 spe
825 1193 880 1251 et
907 1188 1244 1262 charitas&
1277 1190 1448 1269 quod
1476 1189 1676 1269 dupli-

91 1277 248 1338 citer
271 1279 494 1356 potest
514 1279 803 1360 intelligi,
835 1281 1064 1360 primo,
1100 1281 1251 1360 quia
1281 1300 1358 1344 ex
1386 1283 1534 1358 fide,
1565 1300 1676 1362 spe

93 1377 154 1433 et
218 1371 540 1435 charitate
593 1379 878 1436 movetur
938 1375 1128 1436 homo
1193 1374 1274 1436 ad
1337 1375 1670 1438 colendum

93 1463 297 1526 Deum
329 1483 492 1526 vero
522 1465 845 1546 religionis
869 1467 1064 1542 cultu,
1093 1475 1162 1529 ut
1190 1469 1261 1529 D.
1301 1469 1522 1530 Thom.
1567 1485 1671 1528 ex·

93 1559 324 1638 posuit,
357 1564 429 1623 2.
475 1564 535 1634 2,
585 1569 803 1640 quaest.
837 1565 938 1640 81,
989 1568 1109 1624 art.
1142 1565 1206 1636 5,
1249 1563 1334 1624 ad
1381 1567 1450 1636 13
1505 1563 1604 1626 vel
1633 1580 1668 1624 e

93 1651 447 1729 contrarie,
475 1654 622 1731 quia
650 1655 786 1733 ipsa
815 1656 1008 1716 virtus
1050 1655 1374 1736 religionis
1417 1657 1670 1719 ordinat

93 1751 153 1804 et
175 1745 382 1806 refert
416 1749 590 1808 actus
635 1747 890 1808 illarum
929 1749 1251 1817 virtutum,
1283 1755 1354 1810 ut
1385 1767 1500 1829 per
1527 1749 1670 1810 illos

93 1838 296 1898 Deum
317 1837 516 1912 colat,
542 1845 610 1927 ut
623 1839 792 1902 idem
818 1841 886 1902 D.
915 1841 1138 1904 Thom.
1165 1842 1470 1922 exposuit,
1503 1842 1566 1903 in
1605 1845 1668 1920 3,

94 1929 234 1992 dist.
269 1933 334 2006 9,
365 1933 526 2012 (1.1»,
540 1938 657 1996 art.
691 1937 753 2009 1,
775 1935 1142 2012 quaestiunc.
1167 1937 1230 2007 3,
1262 1935 1345 1998 ad
1375 1937 1434 1996 1.
1458 1935 1670 2010 Quan-

93 2043 282 2103 quam
309 2025 494 2088 enim
539 2025 764 2108 religio
816 2029 891 2090 sit
941 2028 1232 2108 specialis
1263 2029 1480 2098 virtus,
1521 2030 1672 2110 quia

91 2117 370 2197 speciale
401 2117 592 2182 habet·
617 2119 928 2199 objectum
947 2123 1040 2198 (ut
1073 2140 1262 2202 supra
1289 2121 1668 2202 explicatum

95 2211 232 2288 est),
259 2211 473 2276 utitur
496 2217 708 2282 tamen
747 2213 991 2275 actibus
1039 2213 1304 2276 aliarum
1343 2214 1667 2287 virtutum,

93 2309 160 2372 ut
189 2323 307 2384 per
333 2303 486 2366 illos
511 2303 748 2367 cultum
777 2303 908 2368 Deo
952 2305 1269 2380 exhibeat,
1299 2313 1362 2368 et
1391 2308 1510 2369 hoc
1539 2325 1668 2368 mo·

95 2397 174 2458 do
201 2403 425 2475 potest
456 2397 642 2459 etiam
672 2398 764 2460 uti
794 2400 1037 2462 actibus
1061 2399 1235 2476 fidei,
1267 2400 1403 2480 spei
1434 2405 1496 2462 et
1524 2401 1667 2462 cha·

97 2490 319 2565 ritatiS,
387 2491 560 2569 quia,
603 2491 750 2554 licet
785 2493 1186 2572 perfectiores
1223 2492 1367 2570 sint,
1409 2495 1528 2555 hoc
1578 2499 1666 2554 ta·

95 2601 239 2646 men
270 2602 414 2644 non
460 2584 666 2646 obstat
709 2584 1046 2666 quominus
1089 2587 1332 2666 possint
1363 2587 1446 2648 ad
1471 2587 1668 2648 finem

95 2675 427 2756 religionis
456 2677 756 2740 ordinari.
785 2678 1022 2760 Hiergo
1046 2686 1222 2742 actus
1243 2681 1492 2760 proprie
1522 2699 1666 2760 per-

97 2771 300 2832 tinent
334 2769 424 2830 ad
467 2770 704 2834 cultum
741 2772 1082 2849 internum,
1115 2781 1177 2838 et
1233 2774 1314 2836 ad
1366 2774 1664 2836 cumdem

97 2864 283 2924 etiam
323 2869 614 2944 spectare
643 2869 846 2943 potest
872 2865 1131 2930 interior
1150 2867 1525 2940 reverentia,
1549 2885 1664 2930 seu

99 2957 284 3018 timor
319 2959 634 3036 (utsupra
665 2957 1002 3039 dicebam),
1039 2960 1372 3024 detestatio
1395 2961 1656 3042 peccati,

100 3049 404 3110 mentalis
439 3051 660 3126 oratio,
693 3057 755 3113 et
783 3051 1020 3114 similes
1042 3059 1238 3128 1101113,
1268 3055 1320 3115 si
1347 3073 1426 3116 ex
1453 3054 1670 3116 volun·

103 3147 224 3204 tate
255 3143 516 3204 colendi
541 3145 738 3206 Deum
771 3144 1267 3225 proficiscantur.
1291 3149 1562 3226 Legatur
1589 3147 1668 3208 de

105 3237 216 3298 hac
247 3235 660 3306 distinctione
709 3239 776 3300 D.
830 3239 1051 3300 Thom.
1090 3241 1150 3302 2.
1199 3245 1264 3318 2,
1312 3247 1532 3320 quaest.
1567 3243 1668 3316 814,

103 3335 212 3390 art.
247 3335 317 3402 2,
348 3334 413 3389 et
434 3336 656 3409 quaest.
693 3331 831 3403 103,
865 3338 979 3394 art.
1008 3335 1066 3394 1.

175 3426 234 3484 3.
287 3425 502 3496 Quaeri
537 3431 751 3487 antem
773 3427 876 3490 hic
903 3429 1061 3491 solet
1091 3447 1378 3508 quaenam
1407 3429 1666 3492 istarum

101 3517 550 3580 adorationum
567 3519 646 3580 sit
672 3521 926 3601 propria
951 3523 1259 3599 adoratiO,
1283 3542 1366 3584 an
1385 3523 1664 3600 interior,

99 3612 195 3674 vel
227 3611 551 3674 exterior?
601 3613 669 3674 In
716 3633 842 3694 quo
890 3615 1158 3680 breviter
1184 3616 1526 3679 dicendum
1547 3623 1663 3694 est,

101 3706 149 3765 si
201 3724 655 3786 comparemus
702 3707 1124 3786 adorationeS,
1178 3716 1304 3772 tam
1355 3709 1668 3774 internam

103 3818 298 3878 quam
332 3804 675 3874 externam,
701 3801 1030 3882 posteriori
1053 3803 1239 3866 modo
1261 3810 1566 3882 sumptas,
1587 3800 1668 3864 ad

101 3891 316 3969 ipsam
353 3891 740 3954 voluntatem
767 3889 1105 3972 adorandi,
1136 3899 1422 3958 neutram
1450 3912 1670 3958 earum

104 3985 351 4046 habere
365 4003 580 4046 veram
600 3987 906 4049 rationem
925 3987 1327 4065 adorationis,
1348 3989 1464 4050 nisi
1489 3994 1674 4069 prout

103 4079 330 4140 subest
364 4077 476 4139 tali
496 4078 800 4142 voluntati
827 4081 1188 4160 procedenti
1227 4101 1306 4144 ex
1351 4083 1456 4144 tali
1497 4083 1674 4162 judi-

103 4173 220 4245 010,
261 4177 333 4231 61
365 4170 823 4234 existimatione
852 4174 966 4247 rei,
992 4175 1193 4254 qualis
1223 4193 1338 4255 per
1365 4175 1672 4236 adoratio-

107 4283 255 4325 nem
287 4263 624 4326 indicatur.
663 4267 818 4342 Quia
866 4267 915 4328 si
964 4269 1220 4330 omnino
1261 4269 1507 4332 deesset
1560 4285 1672 4329 vo-

104 4359 349 4432 luntas,
367 4377 494 4420 non
517 4361 718 4422 solum
747 4379 876 4422 non
907 4363 1168 4424 haberet
1199 4364 1505 4424 rationem
1526 4362 1673 4424 ado·

107 4451 403 4526 rationis„
433 4452 542 4514 sed
569 4471 777 4532 neque
812 4454 1074 4516 actionis
1103 4455 1430 4528 humanam
1471 4455 1523 4516 si
1554 4475 1672 4518 au-

111 4550 238 4606 tem
301 4543 552 4606 deesset
591 4547 856 4621 veritas,
899 4565 1011 4610 seu
1069 4547 1472 4612 conformitas
1529 4566 1687 4620 cum,

111 4637 576 4700 existimatione
625 4639 742 4714 rei,
802 4659 930 4701 non
978 4648 1144 4704 esset
1189 4660 1336 4703 vera
1366 4639 1671 4716 0110111110,

111 4731 224 4792 sed
267 4729 439 4792 fictio
494 4731 898 4807 adorationis,
959 4741 1022 4797 et
1073 4734 1312 4808 irrisio,
1345 4741 1414 4798 111
1442 4733 1676 4796 dictum

111 4831 253 4898 est;
306 4823 494 4900 unde,
533 4831 598 4886 ut
648 4826 730 4887 sit
766 4825 1048 4887 adoratio
1098 4827 1392 4900 honesta,
1441 4826 1522 4888 de
1551 4845 1674 4906 qua

111 4935 288 4978 nunc
312 4917 579 4997 agimu5‚
609 4925 854 4998 oportet
879 4927 948 4980 ut
973 4939 1050 4982 ex
1073 4920 1393 4984 voluntate
1414 4920 1676 4982 honesta

107 5009 436 5090 procedat.
471 5011 549 5072 At
579 5031 752 5088 vero,
791 5033 824 5073 e
857 5014 1191 5088 contrarie,
1219 5013 1350 5075 sola
1386 5013 1677 5074 voluntas

109 5102 448 5179 adorandi,
472 5104 525 5164 si
553 5104 618 5165 in
639 5105 884 5168 nullum
905 5113 1113 5168 actum
1134 5105 1515 5168 adorationis
1535 5125 1676 5186 pro-

109 5197 289 5271 deat,
329 5199 530 5275 potest
566 5198 689 5259 dici
723 5199 968 5261 interna
998 5200 1300 5274 adoratiO,
1331 5198 1430 5262 vel
1476 5198 1676 5280 magis

111 5288 375 5370 proprie
393 5291 772 5353 adorationis
799 5293 1213 5372 propositum,
1239 5293 1398 5355 sicut
1421 5293 1554 5354 sola
1572 5309 1680 5352 vo-

1759 1189 2110 1269 comparari
2136 1195 2422 1268 possunt.

1837 1286 1898 1342 4.
1947 1285 2189 1346 Divisio
2224 1284 2599 1348 adorationis
2640 1284 2709 1346 in
2750 1283 3033 1362 latriam,
3084 1287 3319 1351 asaiam

1755 1381 1812 1440 et
1841 1377 2284 1457 hyporduziam.
2310 1413 2387 1424 -
2419 1376 2733 1452 Secundo,
2764 1377 2957 1440 dividi
2988 1379 3147 1442 solet
3169 1380 3317 1442 ado-

1752 1470 1912 1531 ratio
1944 1487 2021 1530 ex
2052 1475 2227 1548 parte
2254 1470 2505 1548 objecti,
2538 1475 2603 1532 61
2631 1470 3014 1532 excellentias
3040 1473 3133 1535 rei
3162 1473 3317 1536 ado-

1751 1567 1927 1637 ratae,
1955 1562 2019 1622 in
2048 1560 2318 1636 latriam,
2362 1568 2427 1625 et
2454 1562 2717 1636 duliam,
2748 1570 2817 1625 et
2851 1563 3311 1642 hyperduliam.

1748 1655 1821 1716 In
1850 1673 1979 1734 qua
2006 1655 2340 1727 divisione,
2372 1655 2647 1733 primum
2674 1654 3048 1735 explicanda
3074 1661 3171 1720 est
3200 1676 3317 1720 no·

1751 1748 1995 1810 minum
2014 1747 2173 1809 ratio
2204 1754 2265 1832 et
2286 1747 2635 1828 impositi03
2672 1757 2888 1823 λατρέυω
2918 1748 3089 1812 6111111
3114 1768 3317 1830 graece

1751 1840 1924 1903 idem
1976 1849 2070 1903 est
2124 1841 2295 1920 quod
2348 1841 2569 1915 latine,
2624 1859 2895 1906 revereor
2916 1888 2933 1918 ‚
2984 1849 3093 1906 aut
3142 1845 3265 1910 colo
3290 1869 3315 1916 ;

1752 1943 1965 1994 δουλέυω
1984 1952 2160 2009 vero,
2187 1933 2365 1996 idem
2390 1941 2489 1996 est
2508 1934 2682 2014 quod
2708 1936 2905 1998 servio
2922 1961 2949 2010 ,·
2980 1935 3149 1998 unde
3179 1937 3317 2000 haec

1751 2028 1879 2089 duo
1906 2025 2100 2090 verba
2128 2021 2298 2106 apu'd
2314 2026 2563 2090 Graecos
2576 2027 2943 2104 frequenter
2957 2046 3071 2108 pro
3088 2029 3315 2092 eodem

1753 2119 2169 2200 accipiuntur,
2186 2123 2257 2180 ut
2283 2125 2412 2182 tam
2440 2119 2571 2182 Deo
2596 2138 2790 2199 quam
2818 2121 3123 2184 creaturis
3140 2139 3317 2182 com-

1751 2214 1969 2274 munia
2000 2213 2143 2275 sint.
2180 2212 2315 2284 Quo
2342 2211 2416 2274 fit
2466 2217 2559 2286 111,
2606 2219 2737 2274 tam
2786 2213 2855 2274 in
2882 2231 3086 2294 graeca
3122 2231 3315 2294 quam

1751 2305 1818 2366 in
1842 2305 2039 2366 latina
2067 2306 2285 2384 lingua
2314 2307 2402 2383 (et
2423 2305 2595 2367 idem
2622 2312 2716 2368 est
2734 2307 2813 2369 de
2842 2306 3134 2384 hebraea),
3174 2307 3317 2370 nul-

1748 2400 1880 2461 lum
1927 2398 2008 2458 sit
2038 2416 2275 2460 nomen
2315 2398 2484 2478 quod
2513 2417 2591 2460 ex
2618 2399 2877 2478 propria
2906 2406 2969 2462 et
3014 2400 3315 2481 primaeva

1747 2492 2197 2574 significatione
2222 2510 2361 2570 sua,
2390 2493 2775 2570 singularem
2804 2493 2916 2555 Dei
2940 2495 3177 2556 cultum
3204 2501 3317 2556 aut

1748 2586 2053 2647 honorem
2076 2585 2379 2648 creaturis
2398 2584 2679 2648 debitum
2701 2586 3053 2665 specialiter
3072 2587 3313 2667 signifi-

1748 2685 1887 2753 cet;
1921 2678 2049 2738 nisi
2075 2677 2341 2740 fortasse
2372 2679 2809 2756 componendo
2834 2697 3050 2742 vocem
3070 2697 3149 2742 ex
3174 2679 3311 2762 ipso

1747 2773 2003 2834 nomine
2031 2773 2164 2846 Dei,
2194 2777 2265 2834 ut
2294 2777 2389 2832 est
2420 2771 2482 2832 in
2512 2789 2719 2852 graeco
2758 2790 2879 2834 vox
2906 2782 3173 2846 οωσέόεια,
3206 2775 3309 2836 0111

1747 2865 1922 2925 nulla
1960 2871 2057 2926 est
2082 2864 2300 2926 similis
2332 2864 2549 2926 latina.
2588 2865 2853 2928 Nomina
2882 2865 3052 2928 enim
3094 2867 3311 2932 adora·

1751 2960 1965 3034 tionis,
1996 2958 2219 3035 cultus,
2250 2959 2591 3032 servitutis,
2616 2964 2679 3020 61
2726 2958 2972 3035 similia,
3021 2959 3111 3022 eis
3142 2977 3314 3024 com-

1751 3052 1967 3114 munia
2022 3058 2205 3126 311111,
2264 3053 2550 3132 quamvis
2590 3053 2931 3128 interdum,
2980 3055 3160 3133 quasi
3198 3073 3313 3136 per

1753 3145 2253 3206 antonomasiam
2282 3144 2365 3206 ad
2406 3143 2886 3224 significandum
2926 3147 3307 3228 singularem

1751 3239 1867 3301 Dei
1923 3241 2159 3302 cultum
2210 3245 2613 3321 usurpentur,
2665 3247 2735 3302 ut
2790 3241 2855 3302 in
2898 3243 3313 3321 sequentibus

1745 3333 2112 3412 frequenter
2154 3333 2529 3406 videbimus,
2564 3333 2932 3413 explicando
2976 3337 3178 3398 varias
3218 3337 3313 3399 lo·-

1747 3427 2035 3489 cutiones
2063 3429 2339 3499 Patrum,
2392 3443 2533 3506 quae
2567 3444 2645 3488 ex
2676 3427 2795 3488 hac
2816 3427 3143 3490 nominum
3175 3447 3313 3492 am-

1747 3519 2053 3600 biguitate
2075 3528 2225 3582 ortae
2254 3526 2421 3582 sunt.
2446 3519 2625 3592 Quod
2646 3525 2815 3582 certe
2832 3525 2927 3582 est
2949 3520 3133 3583 valde
3158 3540 3311 3586 con-

1750 3613 2182 3690 siderandum,
2234 3617 2295 3675 et
2337 3613 2656 3676 memoriae
2705 3613 3157 3676 mandandum.
3214 3617 3317 3680 Ad

1748 3709 1914 3769 hanc
1956 3725 2107 3789 ergo
2150 3705 2629 3786 ambiguitatem
2673 3705 3038 3783 tollendam,
3096 3709 3311 3772 schola

1747 3800 2210 3880 'theologorum
2256 3798 2617 3862 communia
2662 3798 2921 3861 nomina
2948 3801 3033 3862 ad
3076 3800 3311 3882 siguifi-

1753 3893 1989 3956 candas
2019 3891 2401 3954 adorationis
2430 3891 2677 3972 species
2702 3893 3219 3967 accommodavit,
3249 3907 3313 3956 e:

1752 3987 2007 4052 latriam
2036 3986 2373 4066 appellavit
2396 3985 2783 4065 singularem
2806 3991 2871 4048 et
2898 3986 3313 4050 excellentem

1752 4079 2212 4154 adorationem,
2240 4096 2381 4158 quoe
2404 4079 2534 4139 Deo
2558 4083 2813 4158 propter
2833 4096 3146 4141 summam
3172 4081 3310 4160 ejus

1755 4172 2190 4235 excellentiam
2210 4171 2494 4233 debetur.
2514 4171 2622 4250 Cuj
2634 4189 2705 4232 113
2716 4172 3310 4235 accommodationis

1751 4265 2015 4328 fortasse
2042 4265 2199 4330 ratio
2227 4263 2369 4341 fuit,
2393 4263 2541 4342 quia
2562 4263 2650 4344 (ut
2666 4263 3051 4326 phavorinus
3075 4264 3223 4327 dicit
3242 4266 3311 4328 iu

1753 4360 2003 4440 Lexico)
2032 4359 2169 4440 ipsa
2201 4378 2321 4420 vox
2360 4377 2567 4440 groeca
2594 4358 3059 4422 vehementiam
3089 4379 3313 4441 quam-

1754 4452 1901 4517 dam
1936 4453 2175 4516 timoris
2208 4452 2543 4532 significat,
2574 4457 2685 4514 aut
2713 4456 2905 4526 certe,
2937 4453 3084 4532 quia
3140 4455 3311 4534 apud

1756 4548 2019 4609 Sanctos
2048 4549 2259 4608 Patres
2284 4544 2418 4608 fere
2455 4563 2705 4626 semper
2729 4545 2851 4608 hac
2876 4563 3057 4624 voce,
3088 4547 3311 4610 adora-

1755 4640 1842 4702 tio
1890 4643 2021 4702 Deo
2058 4639 2310 4720 propria
2357 4639 2705 4718 significata
2760 4644 2875 4716 est,
2913 4645 2981 4702 111
3016 4646 3191 4719 patet
3232 4661 3313 4704 ex

1756 4733 1864 4796 vn
1891 4733 2127 4813 Synod.
2178 4731 2309 4794 fere
2360 4737 2523 4805 tota3
2560 4737 2623 4794 et
2646 4731 2939 4812 August„
2970 4732 3079 4794 lib.
3127 4735 3205 4795 10
3232 4733 3311 4796 de

1757 4823 1958 4902 civit„
1990 4844 2130 4906 cap.
2162 4829 2223 4904 1,
2253 4831 2317 4888 61
2347 4825 2454 4888 1111.
2486 4829 2517 4888 1
2566 4825 2645 4886 de
2673 4825 2917 4900 Trinit.‚
2946 4844 3089 4904 cap.
3136 4829 3198 4900 6,
3248 4834 3315 4890 61

1757 4918 1865 4982 lib.
1891 4921 1972 4982 20
1998 4925 2214 4980 contra
2236 4919 2624 4997 Faust.,cap.
2648 4919 2715 4980 2⁴
2729 4961 2751 4994 ,
2778 4923 2841 4980 et
2854 4934 2916 4996 q.
2942 4921 3015 4980 61
3040 4917 3105 4978 111
3123 4917 3306 4993 Gen„

1759 5011 1866 5072 ubi
1897 5011 2185 5085 advertit,
2217 5017 2547 5091 propterea
2572 5009 2875 5074 falsorum
2900 5008 3164 5072 deorum
3183 5014 3309 5074 cul-

1758 5111 1890 5166 tum
1921 5104 2337 5169 idololatriam
2373 5103 2567 5164 fuisse
2610 5099 3011 5181 appellatam,
3044 5103 3190 5182 quia
3218 5105 3313 5168 la-

1761 5199 1890 5261 tria
1917 5197 2239 5277 proprium
2281 5195 2517 5258 cultum
2562 5211 2713 5255 vero
2741 5193 2870 5254 Deo
2902 5193 3180 5257 debitum
3232 5197 3311 5257 si·

1761 5289 2051 5372 3111110οη
2084 5294 2148 5353 61
2173 5287 2400 5352 eodem
2428 5286 2615 5348 modo
2644 5286 2841 5349 utitur
2869 5287 2987 5350 hac
3014 5305 3167 5352 voce
3194 5291 3313 5353 Da-

117 5385 335 5444 luntas
377 5383 700 5446 occidendi
743 5390 950 5466 potest
996 5385 1119 5447 dici
1147 5385 1553 5448 homicidium
1583 5384 1681 5445 in·
1761 5403 1983 5462 masc„
2043 5390 2200 5448 orat.
2251 5383 2331 5445 de
2379 5380 2621 5462 Imagin
2648 5403 2667 5458 ;
2698 5381 2987 5454 Thatae„
3030 5381 3097 5443 in
3144 5383 3311 5448 dicta

123 5484 398 5548 ternum,
445 5495 570 5538 non
613 5485 826 5541 tamen
869 5477 1228 5562 simpliciter
1249 5479 1678 5556 homicidium,

1767 5477 1949 5558 epist.
1986 5478 2066 5540 ad
2094 5477 2415 5540 Constant.
2460 5477 2523 5536 ct
2553 5474 2821 5547 Irenem,
2856 5474 2965 5555 qui
2996 5483 3189 5542 notat
3244 5480 3307 5543 in
