3892 6167
607 327 725 388 304

607 433 870 514 sumpsit
889 431 1005 495 hos
1024 435 1200 494 actus
1231 431 1644 514 procedentes
1672 431 1754 494 ab
1779 431 1918 512 ipsa.
1945 431 2165 494 volun·-

605 530 757 600 tate,
791 533 862 589 ut
887 533 1113 588 natura
1147 531 1279 602 est3
1307 525 1448 605 quas
1479 525 1764 587 doctrina
1792 524 2057 587 sumitur
2086 540 2165 588 ex

605 619 676 682 D.
719 621 960 682 Thema
1017 627 1081 682 et
1133 619 1432 700 cajetano
1457 620 1582 692 hic,
1623 624 1688 681 et
1717 633 1929 698 supra,
1962 633 2030 698 q.
2058 621 2157 689 ¹4,

605 719 722 776 art.
747 717 806 776 2.
839 712 996 775 Adai
1025 730 1178 774 vero
1205 717 1432 792 potest,
1463 711 1525 773 in
1563 712 1699 792 ipsa
1727 712 2047 773 voluntate
2092 715 2163 772 ut

605 809 830 867 natura
857 805 1155 884 distingui
1185 821 1372 885 posse
1402 805 1793 886 superiorem
1823 809 1888 866 et
1911 804 2163 866 inferio·

603 915 738 960 rem
765 903 1034 977 partem,
1067 899 1215 978 quia
1239 899 1306 960 in
1336 899 1562 961 eadem
1585 899 1908 961 voluntate
1933 896 2163 960 intelli·

603 991 666 1072 gi
706 995 909 1073 potest
943 993 1250 1054 naturalis
1279 991 1598 1055 inclinatio
1629 992 1714 1054 ad
1755 991 2045 1054 ultimum
2086 989 2162 1052 fl·

603 1101 752 1148 nem
775 1100 984 1158 sunm,
1011 1091 1076 1146 et
1103 1084 1184 1145 ad
1209 1083 1335 1146 alia
1359 1089 1616 1165 propter
1639 1085 1871 1165 ipsum,
1891 1099 2037 1164 quaa
2064 1088 2162 1145 est

605 1194 901 1260 suprema
941 1177 1264 1240 inclinatio
1309 1179 1667 1241 volunt-atis.
1711 1181 1922 1241 Potest
1968 1177 2160 1239 etiam

605 1271 864 1352 intelligi
908 1272 1214 1334 naturalis
1261 1274 1602 1353 propensio
1651 1272 1732 1334 ad
1781 1287 2033 1350 corpus,
2078 1269 2160 1332 ad

601 1365 1044 1446 prosequenda
1099 1381 1177 1428 ea
1225 1383 1370 1446 quae
1417 1371 1566 1428 sunt
1615 1364 1949 1428 commoda
1994 1361 2157 1442 parti

603 1459 936 1536 sentienti,
967 1465 1032 1521 et
1059 1459 1178 1521 snb
1204 1463 1476 1538 utraque
1502 1459 1744 1520 ratione
1771 1473 1995 1518 verum
2024 1471 2165 1517 esse

601 1559 804 1633 potest
853 1553 1144 1616 elicuisse
1191 1552 1580 1615 voluntatem
1603 1551 1851 1626 Christi,
1882 1555 1954 1611 ut
1980 1555 2166 1611 natu-

601 1663 761 1715 ram.
801 1645 1166 1726 hujusmodi
1216 1653 1414 1720 actus,
1462 1645 1736 1708 maxime
1774 1650 1989 1706 tamen
2041 1642 2161 1704 snb

603 1739 934 1819 posteriori
957 1739 1222 1816 ratione,
1253 1746 1324 1801 ut
1350 1755 1431 1801 ex
1464 1739 1646 1800 dictis
1673 1744 1870 1819 patet.

685 1837 748 1895 4.
787 1833 1009 1898 Etiam
1042 1839 1114 1898 ιιι
1147 1834 1312 1897 ratio
1352 1835 1634 1916 superior
1667 1839 1722 1896 et
1763 1829 2029 1908 inferior
2056 1845 2163 1908 po·

607 1927 730 1992 enit
757 1925 968 1990 elicere
993 1925 1270 1990 voluntas
1315 1925 1549 1991 Christi
1592 1931 1762 1990 aem
1790 1925 2158 2004 inefficaces.

603 2020 846 2082 -Dico
878 2019 1189 2095 secundo,
1229 2019 1419 2082 etiam
1463 2019 1740 2100 potuisse
1766 2018 2163 2080 voluntatem

605 2113 830 2177 Christi
861 2159 877 2186 ,
909 2119 980 2176 ut
1025 2113 1332 2176 rationem
1395 2111 1782 2193 superiorem
1815 2117 1879 2173 et
1903 2105 2165 2170 inferio-

608 2225 767 2282 rem,
799 2207 1024 2269 elicere
1060 2207 1173 2268 hos
1203 2213 1399 2270 actus.
1432 2208 1524 2268 lta
1567 2205 1754 2267 sentit
1782 2207 1855 2265 D.
1889 2203 2165 2264 Thomas

603 2296 666 2361 in
691 2303 752 2375 3,
778 2299 841 2362 d.
878 2303 978 2375 17,
1007 2308 1225 2380 quaest.
1261 2303 1318 2376 l,
1353 2299 1614 2362 articulo
1637 2302 1716 2370 2:
1748 2297 1918 2360 etibi
1941 2293 2159 2364 Gabr.;

601 2393 860 2470 Marsil.,
893 2393 1058 2458 dicta
1087 2412 1148 2473 q.
1184 2397 1252 2458 ll
1283 2415 1298 2466 ;
1335 2401 1396 2457 et
1415 2393 1730 2474 colligitur
1756 2393 1950 2454 etiam
1980 2407 2059 2451 ex
2082 2389 2155 2451 D.

597 2487 840 2549 Thoma
894 2487 1077 2561 infra,
1121 2505 1182 2567 q.
1235 2487 1340 2560 21,
1385 2493 1502 2550 art.
1537 2490 1600 2560 2,
1635 2487 1742 2548 nbi
1773 2485 1922 2548 dicit
1966 2482 2159 2544 ratio-

601 2599 748 2643 nem
779 2579 972 2644 fuisse
1024 2583 1086 2642 in
1145 2581 1429 2643 oratione
1455 2579 1686 2643 Clu-isti
1729 2577 2158 2641 sensualitatis

599 2673 1005 2748 adv'ocatam3
1037 2679 1102 2735 et
1128 2691 1206 2736 ex
1251 2677 1459 2748 Scoto,
1495 2674 1558 2735 d.
1593 2675 1668 2736 15
1693 2691 1708 2744 3
1737 2677 1801 2734 et
1845 2689 1924 2734 ex
1956 2671 2151 2749 cajet.

599 2785 813 2847 supra,
843 2783 904 2845 q.
939 2771 1039 2839 13,
1067 2775 1184 2828 art.
1217 2771 1280 2834 4.
1313 2767 1396 2828 ad
1425 2771 1450 2828 l
1487 2783 1510 2844 3
1541 2773 1604 2830 et
1643 2767 1943 2846 imprimis
1968 2766 2158 2826 iidem

601 2865 797 2936 actus,
829 2861 940 2940 qui
970 2866 1184 2923 sunta
1206 2861 1528 2923 voluntate
1551 2867 1621 2922 nt
1653 2867 1905 2936 natura,
1935 2865 2159 2940 quate-

596 2973 716 3018 nus
747 2955 956 3034 aliquo
985 2953 1173 3016 modo
1201 2951 1383 3016 liberi
1406 2959 1573 3029 sunt,
1601 2960 1860 3034 possunt
1871 2953 1993 3014 dici
2014 2971 2155 3015 esse

597 3067 635 3110 a
663 3047 982 3109 voluntate
1009 3051 1080 3108 ut
1107 3047 1372 3110 ratione.
1402 3045 1642 3110 'Deinde
1675 3047 1991 3108 interdum
2044 3063 2156 3126 po-

597 3141 716 3204 tuit
739 3140 982 3202 habere·
1023 3141 1303 3202 Christus
1337 3142 1453 3202 hos
1495 3149 1669 3204 actus
1713 3141 1878 3202 circa
1907 3140 2153 3218 objecta

597 3252 738 3316 quae
767 3253 895 3294 non
946 3235 1344 3314 pertinebant
1392 3233 1473 3295 ad
1511 3233 1834 3314 proprium
1875 3251 2154 3295 commo-

595 3327 770 3402 dum,
794 3325 900 3388 sed
943 3327 1023 3388 ad
1080 3345 1358 3389 amorem
1402 3327 1710 3402 amicitiae,
1739 3327 1840 3388 vel
1888 3327 1971 3387 ad
1998 3327 2153 3388 alias

594 3419 945 3502 superiores
967 3426 1028 3482 et
1056 3417 1353 3482 honestas
1373 3419 1683 3497 rationes3
1720 3421 1810 3481 sic
1839 3419 2011 3482 enim
2038 3435 2151 3498 po-

594 3513 711 3579 tuit
737 3513 1096 3576 desiderare
1119 3514 1400 3575 omnium
1423 3513 1694 3576 salutem
1715 3531 1794 3576 ex
1819 3513 2148 3587 charitate,

595 3609 880 3688 quamvis
905 3607 1090 3669 sciret
1113 3623 1240 3668 non
1271 3623 1490 3668 omnes
1513 3603 1652 3668 fore
1679 3605 2036 3683 salvandos3
2058 3605 2149 3668 sic

593 3701 781 3763 etiam
809 3746 825 3775 ,
873 3699 1147 3763 Matthoe.
1201 3703 1278 3773 9,
1325 3699 1523 3761 voluit
1565 3698 1785 3775 latere,
1833 3715 1965 3760 non
2016 3697 2151 3777 qui-

593 3794 737 3856 dem
774 3811 852 3855 ex
873 3789 1111 3872 impetu
1169 3796 1432 3868 natnrae,
1487 3791 1598 3854 sed
1649 3805 1728 3854 eu
1765 3791 2144 3866 hnmilitate,

592 3893 662 3948 ut
688 3885 870 3948 nobis
913 3891 1078 3946 esset
1123 3883 1501 3965 exemplum.
1555 3885 1628 3948 Et
1682 3885 1902 3947 eodem
1956 3883 2147 3946 modo

591 3977 806 4053 voluit,
837 3997 950 4058 per
974 3979 1141 4039 hunc
1173 3977 1489 4055 affectum,
1521 3979 1773 4059 signnm
1797 3993 1930 4039 suae
1956 3978 2148 4041 vehe-

590 4073 816 4136 mentis
875 4071 1135 4134 tristitiae
1180 4069 1496 4146 exhibere,
1548 4077 1682 4133 tum
1733 4071 1814 4133 ad
1869 4071 2149 4151 gravita-

587 4169 717 4228 tem
743 4171 1096 4227 nostrornm
1119 4169 1522 4243 peccatorum
1549 4181 1627 4227 ex
1649 4165 1989 4226 acerbitate
2016 4180 2147 4227 snae

589 4257 846 4319 tristitias
874 4257 1314 4318 declarandam
1333 4301 1352 4332 ‚
1379 4263 1516 4318 tum
1537 4257 1619 4318 ad
1652 4257 2143 4320 consolationem

593 4356 892 4423 nostram,
925 4349 1014 4425 ut,
1047 4366 1191 4411 cum
1229 4349 1460 4411 similes
1475 4351 1738 4412 affectus
1765 4349 2060 4429 patimur,
2080 4352 2145 4411 in

588 4442 1056 4505 difficultatibus
1083 4443 1475 4520 superandis,
1513 4444 1614 4505 vel
1663 4443 1982 4504 doloribus
2004 4461 2147 4523 per·

585 4535 894 4611 ferendis,
948 4553 1079 4596 non
1132 4535 1641 4615 despondeamus
1690 4535 1998 4612 animum,
2030 4537 2144 4598 sed

584 4647 701 4708 per
738 4627 1148 4690 deliberatam
1193 4627 1582 4690 voluntatem
1617 4627 1790 4689 hunc
1840 4628 2141 4690 affectum

585 4736 978 4802 superemus.
1013 4719 1306 4782 Similiter
1349 4721 1540 4782 etiam
1595 4721 1785 4782 Hilar.
1821 4728 1884 4783 et
1925 4722 2144 4783 Hiero-

585 4833 756 4897 nym.
792 4815 1112 4895 exponunt
1151 4812 1526 4893 appetivisse
1569 4812 1884 4877 Christum
1924 4815 2141 4896 fug-am

585 4907 828 4982 mortiS,
859 4924 984 4968 nou
1035 4905 1236 4967 solum
1293 4923 1372 4968 ex
1427 4909 1670 4968 naturae
1716 4906 2141 4985 inclinatione,

589 4999 702 5063 sed
739 5001 930 5062 etiam
959 5004 1216 5080 propter
1254 4995 1578 5060 vitandam
1607 4999 1856 5060 ruinam
1891 5001 2145 5062 Judoeo-

588 5111 754 5170 rum,
785 5109 924 5173 qnae
943 5091 1060 5153 fnit
1089 5093 1278 5154 etiam
1303 5092 1608 5173 expositio
1637 5093 1949 5172 OrigeniS,
1982 5101 2145 5154 trac-

585 5195 697 5252 tat.
721 5189 802 5250 35
829 5186 894 5247 in
917 5183 1166 5260 Matth.,
1187 5191 1248 5246 et
1267 5183 1376 5247 lib.
1409 5188 1446 5247 2
1467 5191 1686 5246 contra
1709 5185 1982 5263 Celsum3
2001 5203 2143 5266 quae

589 5284 638 5343 si
678 5297 805 5342 non
859 5277 1149 5341 excludat
1203 5277 1497 5340 affectum
1546 5278 1898 5340 naturalem
1956 5297 2145 5358 supra

589 5373 988 5454 explicatum,
1017 5369 1129 5433 sed
1160 5375 1386 5450 praeter
1409 5371 1588 5432 illum
1617 5371 1788 5433 hunc
1815 5372 2142 5454 adjungat,

589 5484 794 5544 neque
841 5462 1240 5545 impossibilis
1285 5468 1423 5540 est,
1451 5479 1660 5542 neque
1699 5463 1898 5526 ullum
1954 5463 2149 5528 habet

1797 326 2059 394 'QtJAEsT.-
2088 327 2261 383 xvm.
2295 330 2497 386 Alt'lw.
2534 333 2615 386 Vl.
2652 342 2659 353 ¹

2245 431 2712 496 inconveniente.
2746 435 2921 498 Ratio
2976 449 3129 497 vero
3181 443 3301 512 est,
3331 441 3467 520 quia
3488 443 3539 506 hi
3576 457 3699 516 actus

2245 535 2392 587 sunt
2416 528 2687 602 honesti,
2713 532 2775 590 et
2809 545 2936 590 non
2964 538 3324 609 repugnant
3337 533 3507 597 alicui
3528 542 3695 618 perfec.

2244 620 2399 682 tioni
2424 620 2663 684 Christo
2696 621 2963 684 Domino
2977 621 3231 685 debito.

2322 715 2381 774 ὅ.
2416 711 2703 793 Οῌσσᾶο.
2724 745 2805 764 -·-
2822 715 3170 795 Responsio.
3188 747 3273 770 --
3287 718 3428 782 Scio
3444 729 3699 794 meantes

2240 809 2529 868 auctores
2559 823 2689 870 uon
2728 807 3061 871 admittere
3092 810 3211 871 hos
3240 819 3417 875 actus
3454 813 3701 896 imam.

2240 904 2339 960 tos
2366 900 2489 961 nisi
2516 901 2583 962 in
2602 899 2947 977 voluntate,
2968 904 3041 963 nt
3061 909 3289 966 natura
3306 911 3429 980 est,
3444 925 3557 987 quo
3572 915 3703 978 modu

2238 993 2533 1056 videntur
2561 994 2734 1074 toqui
2748 995 3065 1075 Capreol„
3092 1001 3169 1058 et·
3186 997 3365 1074 Mai„
3388 1007 3453 1064 at
3473 1003 3701 1084 amand,

2240 1085 2309 1146 in
2330 1087 2393 1161 3,
2415 1085 2485 1148 d.
2518 1089 2619 1161 Π,
2648 1087 2879 1168 quibus
2915 1088 3135 1152 favore
3162 1091 3407 1154 videtur
3430 1095 3707 1162 &Thomas

2240 1179 2307 1238 in
2335 1177 2435 1241 his
2458 1181 2759 1257 atticum,
2783 1184 2849 1242 et
2862 1181 3056 1258 infra,
3082 1199 3150 1262 q.
3170 1186 3277 1260 21,
3296 1189 3465 1249 arta-l
3482 1207 3502 1259 ς·
3528 1193 3581 1251 et
3598 1195 3703 1256 mio

2242 1279 2341 1334 est
2370 1279 2597 1354 potest,
2624 1275 2773 1355 quia
2812 1275 3067 1356 proprie
3102 1293 3235 1340 nan
3274 1279 3489 1343 dieitur
3532 1289 3705 1363 operari

2247 1366 2563 1442 voluntas,
2592 1375 2665 1430 ut
2684 1369 2866 1446 ratio,
2892 1369 3011 1432 uisi
3038 1371 3298 1450 quando
3334 1391 3415 1435 ex
3436 1375 3706 1442 efficat-,iin-

2249 1461 2531 1522 tentione
2564 1460 2711 1524 linis
2748 1460 2829 1525 de
2868 1463 3095 1528 mediis
3126 1463 3467 1545 delffiemg
3494 1475 3551 1531 et
3574 1489 3707 1550 qaan-

2245 1553 2327 1614 do
2384 1553 2505 1615 hoc
2560 1554 2751 1616 modo
2808 1573 2936 1616 nnn
2990 1564 3293 1636 operatur
3322 1603 3341 1632 ,
3390 1577 3607 1641 semper
3636 1583 3707 1626 ac·

2244 1651 2343 1708 tus
2372 1648 2657 1728 procedit
2698 1666 2781 1726 ex
2813 1651 3087 1713 naturali
3128 1652 3434 1732 pondere,
3476 1656 3714 1736 valipsius

2242 1741 2603 1816 voluntatis,
2630 1743 2731 1805 vol
2753 1743 3024 1822 >alicujus
3051 1744 3301 1808 virtutis
3326 1746 3415 1808 iu-
3430 1751 3500 1809 ea
3516 1751 3713 1814 onam-

2242 1833 2349 1909 tis,
2382 1840 2451 1895 nt
2486 1834 2827 1912 charitatis,
2857 1836 2959 1898 vel
3010 1837 3277 1901 alterius
3326 1840 3547 1904 similis.
3587 1845 3643 1904 Et
3660 1846 3711 1906 nd

2246 1932 2413 1991 hunc
2439 1930 2698 1992 modum
2722 1937 3023 2012 operatur
3046 1949 3306 2014 semper
3330 1935 3467 1996 illos
3484 1940 3713 2000 samsim-

2242 2023 2573 2104 perfectos.
2604 2024 2733 2086 Sed
2780 2025 2917 2088 hoec
2966 2025 3345 2102 differentia,
3372 2035 3443 2092 ut
3482 2031 3708 2108 existimo,

2243 2122 2489 2180 tantum
2516 2123 2611 2178 est
2638 2119 2701 2178 in
2742 2119 2935 2180 modo
2960 2118 3311 2200 loquendi3
3352 2139 3467 2184 nos
3502 2125 3711 2187 enimdi-

2244 2209 2449 2272 cimus
2475 2211 2865 2273 voluntatem
2890 2213 3142 2292 operari
3160 2214 3369 2294 magis
3396 2221 3461 2278 nt
3486 2217 3712 2280 rationem

2246 2318 2439 2381 qnam
2468 2311 2542 2365 ut
2583 2309 2903 2378 naturam,
2928 2305 3208 2388 qnando,
3228 2323 3367 2370 non
3388 2317 3643 2388 epuratur
3664 2329 3714 2372 cx

2240 2396 2520 2476 appetitu
2588 2396 2821 2476 proprii
2868 2398 3181 2460 commodi
3252 2399 3445 2479 ipsius
3497 2407 3707 2474 ιιιῐιιιιιες

2240 2491 2585 2569 prasertim
2608 2491 2759 2570 quia
2778 2490 3096 2554 interdum
3119 2492 3319 2554 etiam
3343 2511 3429 2556 ex
3446 2493 3707 2558 intentione

2238 2583 2505 2662 alicujus
2528 2582 2675 2644 finis
2700 2585 3075 2664 potestqnis
3102 2585 3346 2648 habere
3368 2589 3711 2650 actiunincffi-

2238 2693 2453 2738 cacam
2466 2675 2872 2739 desiderandi
2889 2678 3175 2740 medinm
3202 2681 3545 2744 seeundum
3566 2701 3619 2745 se
3632 2684 3711 2742 uti-

2238 2769 2322 2844 le,
2348 2767 2539 2830 etiam
2580 2769 2773 2831 sihic
2802 2777 2866 2832 et
2902 2787 3077 2833 nunc
3118 2790 3254 2833 non
3292 2774 3710 2854 apprehendatur

2238 2868 2307 2922 ut
2338 2861 2659 2940 possibile,
2688 2862 2789 2924 vel
2816 2862 3197 2944 eligendum,
3230 2867 3343 2945 qui
3372 2873 3540 2930 actus
3574 2865 3711 2946 patuit

2238 2969 2377 3014 esse
2402 2954 2473 3014 in
2524 2953 2791 3030 Christo,
2824 2965 2897 3017 ut
2940 2975 3021 3018 ex
3066 2956 3253 3020 dictis
3298 2966 3487 3038 patet.
3520 2962 3635 3022 -Ncc
3664 2960 3705 3020 Ι).

2233 3047 2505 3109 Thomas
2522 3056 2865 3128 repugnem
2884 3051 3160 3130 loquitur
3184 3053 3360 3115 enim
3390 3055 3649 3134 proecipnc
3662 3053 3711 3112 de
3783 3119 3785 3124 ,

2234 3143 2373 3200 actu
2406 3142 2666 3218 efficaci,
2702 3149 2765 3204 et
2822 3143 2902 3206 de
2942 3143 3253 3208 electione
3284 3165 3426 3228 quae
3466 3146 3533 3209 fit
3560 3164 3712 3210 secun·
3783 3205 3785 3218 ,

2234 3231 2383 3294 dum
2414 3233 2746 3312 rationem,
2778 3244 2848 3298 ut
2876 3243 3049 3316 patet
3088 3257 3166 3300 ex
3194 3246 3317 3302 art.
3348 3243 3407 3302 5.
3783 3225 3785 3238 '

2314 3327 2375 3388 6.
2410 3327 2551 3389 Scio
2580 3329 2769 3390 etiam
2792 3329 3189 3408 cajetanum,
3214 3331 3407 3408 infra,
3436 3350 3495 3412 q.
3520 3331 3658 3406 lfi,a.
3678 3331 3713 3387 i.

2232 3420 2585 3499 specialiter
2636 3439 2873 3502 negare
2930 3425 3047 3486 hos
3118 3429 3301 3487 actus
3359 3426 3427 3487 in
3474 3426 3711 3486 voluntate

2230 3512 2453 3576 Christi
2477 3557 2496 3588 ,
2530 3521 2599 3575 ut
2628 3521 2727 3577 est
2748 3517 2911 3578 ratio
2935 3517 3249 3596 superior.
3297 3519 3423 3582 Sed
3446 3535 3563 3582 nan
3587 3515 3708 3576 video

2234 3607 2551 3686 propriam
2580 3613 2691 3670 aut
2729 3609 3115 3689 sing-eiluein
3140 3612 3455 3674 rationem
3472 3661 3487 3686 ,
3514 3611 3611 3672 nisi
3628 3609 3709 3668 for·

2232 3703 2401 3760 tasse
2424 3699 2673 3762 diverso
2706 3702 2894 3763 modo
2927 3703 3578 3768 nominihus-utamur.
3610 3702 3710 3762 Far·

2230 3797 2397 3853 tasse
2422 3793 2601 3854 enim
2632 3793 2765 3873 ipse
2794 3813 2921 3856 non
2952 3801 3139 3861 vocat
3160 3797 3470 3862 rationem
3504 3794 3710 3874 superio·

2230 3887 2527 3960 rem,·nisi
2556 3886 2811 3965 quando
2840 3894 3140 3968 operatur
3166 3907 3289 3970 par
3308 3891 3565 3954 rationes
3586 3899 3710 3964 supe

2228 3979 2453 4053 riores,
2478 3987 2543 4043 et
2562 3987 2853 4043 versatur
2874 3983 3039 4046 circa
3072 4001 3180 4046 res
3198 3985 3487 4056 memes,
3502 3981 3706 4044 etueum

2224 4072 2434 4150 ipsum
2461 4117 2481 4149 ‚
2511 4073 2679 4136 circa
2703 4093 2897 4153 quem
2920 4093 3053 4138 non
3092 4075 3350 4141 videtur
3369 4077 3619 4142 Christis
3638 4071 3709 4132 ha·

2226 4165 2378 4226 here
2404 4167 2525 4227 hos
2564 4174 2745 4229 actus
2768 4168 3193 4248 imperiectos,
3218 4171 3342 4232 sed
3368 4175 3583 4238 tautum
3612 4179 3707 4243 pel*-

2225 4256 2443 4320 fectos.
2479 4259 2616 4338 *Ego
2658 4279 2809 4323 vero
2843 4261 3130 4324 existimo
3161 4263 3473 4327 rationem
3496 4256 3704 4338 superio·

2226 4368 2363 4411 rem
2384 4357 2561 4414 recte
2578 4353 2811 4430 vocari,
2843 4355 3349 4434 quotiescunque
3374 4373 3486 4434 per
3504 4352 3705 4418 rafiam?s

2226 4451 2291 4506 et
2330 4446 2587 4526 regulas
2620 4453 2889 4508 aeternas
2923 4447 3016 4510 ad
3034 4447 3439 4528 operandum.
3467 4447 3701 4509 movetur,

2226 4537 2471 4600 etiamsi
2510 4541 2808 4614 materia,
2862 4541 3027 4604 eirca
3076 4557 3270 4619 quam
3316 4545 3615 4620 operetur,
3636 4547 3703 4593 κδ’

2224 4647 2523 4709 suprema
2542 4651 2673 4696 non
2702 4633 2804 4709 sit,
2834 4634 2983 4714 qnia
3000 4633 3284 4698 formalis
3310 4633 3465 4700 mtio
3485 4626 3701 4712 poton&

2226 4723 2429 4803 magis
2462 4743 2547 4786 ex
2584 4727 2831 4806 objecto
2868 4727 3140 4802 motivo,
3177 4743 3481 4806 quamcr-
3506 4717 3697 4785 maletis

2224 4816 2393 4878 circa
2440 4836 2631 4898 qnam
2674 4826 2990 4895 vomitur,
3018 4821 3329 4884 sumenda
3363 4824 3477 4886 ›ost-
3512 4817 3701 4876 Praei·

2228 4911 2341 4972 tim
2374 4912 2524 4988 quia
2566 4912 2737 4973 salus
2762 4913 3191 4992 proximorum
3212 4919 3276 4977 et
3298 4911 3490 4994 glorie
3514 4905 3611 4972 :nei
3628 4919 3697 4964 1⁸5

2226 5006 2592 5082 superiores⁴
2617 5011 2787 5082 sunt,
2815 5011 2882 5068 et
2910 5025 3030 5068 ano
3068 5005 3261 5069 modo
3301 5012 3565 5074 aterne,
3586 4998 3698 5060 (ΞΜ

2226 5113 2385 5177 quas
2408 5101 2645 5160 versari
2684 5105 2973 5178 poterant
2998 5099 3147 5162 dicti
3176 5107 3373 5175 aetus,
3406 5105 3469 5163 nt
3496 5091 3697 5172 explica·

2228 5195 2361 5252 tum
2406 5199 2526 5254 est.
2572 5193 2749 5254 Unde
2775 5191 3027 5254 Medina
3056 5192 3197 5269 hic,
3225 5193 3449 5266 arth,
3476 5186 3627 5252 ettam
3650 5180 3711 5242 in·

2227 5283 2369 5344 aliis
2396 5283 2597 5346 beatis
2621 5285 2889 5346 admittit
2915 5285 3279 5364 hujusmodi
3305 5291 3475 5350 aetus
3494 5275 3693 5344 ineffica-

2226 5393 2334 5438 ces
2359 5421 2375 5449 ,
2424 5382 2596 5439 ortos
2622 5395 2751 5439 non
2786 5393 2865 5440 ex
2916 5377 3049 5440 solo
3092 5378 3329 5458 impetu
3364 5381 3594 5442 natum
3616 5379 3695 5425 ⁵0¹¹

2226 5485 2305 5530 ox
2324 5470 2727 5534 incommodo
2750 5470 2918 5534 illins
2935 5513 2951 5543 ,
3000 5471 3111 5534 sed
3159 5489 3237 5534 ex
3266 5470 3399 5537 aliis
3418 5459 3693 5530 rationibus
