3892 6167
1291 339 1612 396 olerum.
1643 339 1886 398 xxxvii.
1919 341 2090 402 SRGT.
2124 343 2187 398 11.
3215 340 3337 406 2¹19

143 449 214 510 do
239 461 506 526 negasse
529 443 602 506 in
631 443 874 506 Christo
905 444 1250 506 humanam
1278 441 1692 518 voluntatem,

140 540 492 622 potentiam,
526 537 795 614 scilicet,
827 543 890 600 et
933 536 1403 618 operationem3
1458 541 1524 598 ct
1571 535 1695 597 hoo

145 634 436 714 signifieat
457 633 532 694 D.
561 631 846 694 Thomas
871 631 998 707 hic,-
1027 633 1092 692 et
1118 629 1322 694 citatis
1350 629 1524 694 locis.

208 729 264 788 2.
307 725 454 787 Dico
501 725 747 805 primo,
777 725 843 786 in
883 723 1130 788 Christo
1176 723 1445 786 Domino
1499 721 1691 786 fuisse

140 825 460 884 humanam
483 836 611 881 seu
633 821 910 880 creatam
929 815 1336 880 voluntatem.
1366 815 1693 880 Conclusio

141 921 224 978 est
247 913 320 974 de
361 911 519 988 fide,
569 909 838 974 definita
863 908 934 973 in
981 911 1058 972 VI
1085 909 1354 990 Synod.,
1387 914 1508 973 act.
1539 912 1604 986 t,
1627 911 1692 986 8,

142 1014 202 1072 11
231 1016 292 1070 et
315 1008 414 1080 18,
441 1005 556 1068 ubi
578 1004 850 1068 traditur
876 1022 1014 1066 esse
1043 1005 1112 1066 in
1136 1004 1376 1068 Christo
1407 1003 1567 1067 duas
1591 1021 1694 1066 vo·

140 1104 406 1166 luntates.
438 1098 629 1160 Idem
660 1098 728 1160 in
751 1098 854 1162 vn
881 1097 1150 1180 Synod„
1191 1104 1312 1161 act.
1350 1100 1414 1172 7,
1449 1097 1516 1160 in
1539 1095 1697 1160 defi-

143 1197 354 1258 nitione
399 1191 600 1270 fidei3
633 1197 700 1254 et
743 1192 806 1254 in
833 1192 1152 1266 Lateran.,
1175 1189 1295 1252 sub
1339 1191 1608 1254 Martino
1643 1191 1692 1265 1,

144 1308 260 1352 can.
288 1285 646 1364 11‚quibns
669 1286 824 1348 locis
839 1285 1037 1349 multa
1065 1303 1146 1348 ex
1173 1303 1350 1348 sacra
1375 1285 1694 1364 Scriptura

145 1391 196 1444 et
221 1381 498 1442 Panibus
528 1380 900 1442 referuntur
921 1381 987 1442 in
1017 1379 1558 1442 confirmationem
1577 1379 1694 1440 hu·

140 1477 226 1556 jus
245 1475 542 1548 veritatis,
563 1472 920 1554 praesertim
945 1473 1050 1536 illa
1069 1473 1136 1534 in
1159 1472 1388 1552 quibus
1413 1472 1690 1534 Christus

145 1570 414 1632 Dominus
433 1585 623 1631 suam
658 1567 1049 1630 voluntatem
1079 1585 1116 1628 a
1149 1565 1348 1628 Patris
1370 1566 1689 1632 voluntate

143 1662 464 1741 distinguit,
493 1668 568 1722 ut
595 1662 822 1724 Matth.
849 1665 929 1724 26
957 1677 974 1721 :
1009 1661 1158 1726 Non
1201 1661 1366 1726 sicut
1393 1678 1498 1742 φο
1523 1661 1682 1734 vole,

147 1760 234 1822 sed
255 1757 404 1822 sim
429 1761 544 1827 tm
572 1761 642 1818 et
683 1757 837 1818 Luc.
875 1757 958 1818 22
989 1755 1176 1821 :Non
1202 1772 1334 1818 mea
1382 1753 1686 1830 voluntas,

143 1851 232 1914 sed
251 1856 352 1913 tna
370 1852 524 1926 fian
555 1855 626 1912 et
675 1850 860 1914 Joan.
891 1851 926 1910 5
953 1848 1144 1916 :Non
1189 1865 1390 1930 quaero
1418 1847 1694 1912 volunta-

147 1950 244 2006 tem
269 1961 476 2020 meam,
506 1943 623 2006 sed
645 1942 1022 2008 voluntatem
1063 1942 1194 2024 ejus
1217 1941 1327 2023 qui
1354 1939 1531 2006 misit
1561 1957 1648 2002 me
1665 1961 1693 2012 ;

147 2045 200 2099 et
219 2055 267 2098 c.
308 2039 348 2098 6
370 2053 390 2098 2
413 2036 728 2100 Ducendi
751 2036 824 2100 de
849 2036 1010 2110 ooelo,
1035 2052 1158 2100 non
1204 2040 1276 2098 ut
1315 2034 1550 2112 faciam
1585 2049 1691 2097 vo-

151 2132 408 2195 luntatem
432 2148 668 2206 meam,
691 2131 795 2194 sed
818 2129 1181 2194 voluntatem
1219 2128 1352 2208 ejvs
1377 2129 1484 2210 qui
1520 2127 1694 2192 misit

149 2243 238 2286 me.
268 2226 340 2284 Et
363 2223 496 2298 illa,
534 2224 604 2286 in
666 2223 896 2302 quihus
923 2222 1162 2286 Christo
1209 2222 1496 2284 tribuitur
1545 2220 1694 2284 ohe-

153 2317 374 2393 dientia,
403 2334 550 2396 quae
573 2317 816 2382 eadere
835 2335 966 2378 non
993 2323 1202 2398 potest
1228 2317 1350 2378 nisi
1375 2316 1442 2378 iu
1472 2315 1693 2378 volun·

151 2417 313 2472 tatem
349 2417 666 2486 creatam,
708 2410 790 2474 ad
835 2411 989 2474 Phil.
1033 2415 1074 2474 2
1103 2433 1118 2470 x
1151 2409 1384 2474 Factus
1428 2409 1693 2474 obediens

155 2521 308 2586 usquo
347 2505 427 2570 ad
467 2511 784 2578 murteum
812 2505 996 2566 Joan.
1028 2507 1112 2565 4:
1145 2503 1332 2569 Cibus
1383 2520 1550 2568 meus
1577 2507 1685 2576 est,

156 2603 210 2660 ut
248 2598 459 2674 faciam
510 2598 890 2662 voluntatem
918 2597 1068 2678 ejus,
1108 2597 1215 2677 qai
1262 2595 1440 2660 misit
1475 2613 1586 2659 mc.
1618 2595 1692 2658 Et

160 2689 342 2750 similia
359 2690 560 2752 multa
585 2689 887 2770 congerit
921 2690 1046 2752 Leo
1086 2690 1280 2770 Papa,
1309 2689 1483 2770 epist.
1519 2692 1597 2752 19
1627 2691 1691 2752 et

159 2783 245 2856 833
276 2783 449 2846 Caius
463 2785 657 2864 Pap..
691 2801 794 2864 ep.
825 2782 908 2844 ad
933 2781 1240 2858 Felicem;
1268 2782 1466 2862 Agap.
1494 2781 1686 2862 Papa,

163 2891 242 2954 ep.
291 2876 365 2937 ad
411 2879 558 2940 Ant.
584 2876 892 2940 Rationes
927 2877 1115 2939 etiam
1157 2881 1305 2938 sunt
1333 2875 1684 2938 evidentes.

165 2968 330 3030 Prima
367 2978 462 3034 est
487 2971 688 3052 Agat.
728 2971 934 3050 Papae,
977 2987 1166 3050 supra
1193 2969 1360 3032 dicta
1397 2969 1684 3050 epistola,

163 3078 262 3140 qua
287 3063 463 3126 etiam
477 3082 666 3146 saepe
691 3065 889 3126 utitur
910 3065 1230 3138 Damaso„
1253 3063 1364 3126 lib.
1389 3065 1450 3138 3,
1478 3082 1535 3126 c.
1568 3067 1682 3126 14:

168 3153 296 3226 Quia
315 3159 620 3234 voluntas,
649 3159 876 3238 inquit,
909 3163 1000 3224 ost
1035 3157 1365 3232 naturalis,
1397 3175 1515 3220 non
1551 3175 1690 3238 per-

163 3248 374 3324 sonalis,
401 3249 467 3312 id
500 3257 632 3324 est,
657 3250 944 3328 sequitur
969 3255 1282 3324 naturam,
1323 3267 1452 3312 non
1477 3267 1689 3330 perso-

166 3357 307 3401 nam.
335 3343 504 3406 Unde
532 3345 612 3406 in
638 3346 770 3406 Deo
797 3349 892 3406 est
921 3361 1048 3404 una
1078 3343 1370 3406 voluntas
1404 3343 1690 3404 omnium

165 3449 538 3512 personarum
583 3445 851 3520 propter
898 3438 1208 3500 unitatem
1254 3443 1516 3515 naturai,
1560 3456 1690 3500 non

169 3527 352 3608 triplex
379 3539 648 3616 propter
693 3532 1156 3596 distinctionem
1185 3533 1683 3613 suppositorum3

171 3636 310 3702 ergo,
346 3641 381 3684 e
429 3627 779 3702 contrario,
821 3626 890 3687 in
939 3625 1177 3688 Christo
1231 3626 1498 3688 Domino
1545 3633 1693 3690 sunt

175 3711 282 3776 duae
320 3718 676 3784 voluntates
717 3723 973 3800 propter
1017 3719 1179 3780 duas
1231 3725 1512 3797 naturae,
1563 3738 1690 3782 non

178 3823 272 3868 una
308 3819 558 3894 propter
612 3829 952 3892 personam
993 3829 1228 3887 unam3
1269 3831 1421 3894 ergo
1467 3820 1693 3893 praeter

178 3901 512 3968 voluntatem
540 3906 828 3968 divinam
871 3913 966 3969 est
1015 3906 1082 3966 in
1130 3923 1206 3968 eo
1254 3906 1544 3968 voluntas
1572 3907 1693 3968 hu·

177 4011 346 4058 mana.
381 4001 676 4064 Secunda
705 4007 802 4064 est
826 4002 901 4062 D.
933 4003 1187 4064 Thomas
1234 4001 1358 4077 hie,
1391 4007 1453 4063 et
1503 4001 1694 4082 expli-

177 4094 260 4149 cat
271 4094 740 4172 praecedentem,
771 4093 920 4174 quia
948 4095 1238 4156 voluntas
1274 4099 1368 4158 est
1392 4095 1694 4156 naturalis

178 4185 504 4264 proprietas,
537 4189 900 4252 necessario
921 4205 1316 4268 consequens
1347 4181 1693 4250 humanam

181 4281 446 4354 naturam,
477 4289 540 4344 et
579 4282 850 4362 pertinet
877 4281 960 4342 ad
1013 4299 1314 4362 magnam
1363 4281 1694 4362 perfectio-

184 4385 298 4430 nem
330 4373 492 4454 ejus-3
521 4377 640 4440 sed
699 4377 914 4438 omnia
959 4375 1274 4438 naturalia
1327 4375 1580 4438 fuerunt
1625 4376 1693 4438 in

185 4460 384 4527 Christo
407 4469 653 4550 integra
683 4475 746 4532 et
769 4469 1079 4550 perfecta3
1103 4487 1276 4550 ergo.
1308 4469 1515 4532 Tertia
1531 4469 1695 4532 sumi

185 4559 351 4630 potest
373 4577 444 4624 ex
483 4563 616 4626 fine
639 4563 1116 4639 incarnationis,
1142 4563 1253 4642 qui
1300 4560 1419 4624 fuit
1463 4562 1696 4626 mereri

191 4649 238 4706 et
258 4653 590 4720 satisfacere
627 4674 742 4736 pro
787 4656 1180 4730 hominibus;
1209 4655 1346 4717 sine
1375 4655 1696 4720 voluntate

191 4747 361 4806 aute-m
413 4755 622 4812 creata
670 4749 842 4812 nullo
887 4749 1076 4812 modo
1109 4769 1248 4812 esse
1275 4755 1483 4832 potest
1510 4749 1699 4812 meri-

193 4835 299 4894 tum
337 4841 428 4902 vel
453 4841 828 4918 satisfactio;
861 4860 1012 4924 ergo
1049 4841 1168 4908 fuit
1216 4843 1280 4904 in
1327 4843 1567 4924 Christo
1590 4861 1698 4907 vo-

194 4921 362 4990 luntas
383 4941 607 4999 creata.

259 5021 308 5080 3.
327 5023 456 5088 Dico
473 5030 772 5108 secundo,
789 5031 856 5092 in
879 5030 1119 5094 Christo
1139 5047 1267 5092 non
1284 5030 1486 5094 solum
1505 5031 1698 5092 fuisse

201 5107 328 5176 hanc
342 5120 734 5202 voluntatem,
749 5124 960 5204 quoad
977 5125 1180 5206 ipsam
1199 5123 1559 5187 facultatem
1585 5141 1700 5188 seu

203 5211 368 5270 actum
406 5217 692 5295 primum,
731 5219 842 5280 sed
883 5219 1074 5280 etiam
1111 5217 1302 5280 fuisse
1341 5217 1696 5298 expeditam

209 5296 268 5358 ad
299 5311 658 5382 opeutndum
687 5318 750 5374 et
778 5311 1156 5374 eliciendum
1195 5313 1478 5393 proprios
1525 5318 1700 5374 actus

209 5396 460 5460 secundos
499 5403 816 5468 distinctos
843 5406 925 5468 ab
953 5409 1100 5468 actu
1142 5407 1420 5468 increato
1473 5406 1700 5470 divinae

213 5482 500 5556 voluntatis.
528 5498 708 5574 Quod
735 5499 926 5562 etiam
951 5499 1032 5562 de
1061 5498 1185 5562 fide
1215 5503 1330 5577 est,
1351 5517 1432 5562 ex
1462 5498 1700 5564 eisdem

1775 441 2263 516 definitionibus.
2284 439 2649 506 testimoniis
2664 447 2729 506 et
2752 442 3119 508 rationibus.
3142 445 3333 510 Sacra

1775 535 1944 598 enim
1975 537 2291 616 Scriptura
2332 533 2721 615 potissimum
2750 533 2829 598 de
2860 535 3103 600 actibus
3130 538 3335 620 loqui-

1773 635 1898 705 tur,
1945 633 2009 694 et
2048 629 2323 694 Concilia
2352 627 2579 694 eodem
2604 627 2795 692 modo
2828 627 2907 692 de
2948 633 3227 710 potentia
3270 637 3335 698 et

1775 723 2013 786 actibus
2057 724 2440 805 loquantum
2486 727 2553 784 et
2596 720 2843 796 merito,
2872 723 3022 803 quia
3050 725 3335 805 potentia

1777 823 1868 882 est
1884 823 2143 900 propter
2158 817 2613 899 operationem,
2636 823 2702 878 et
2717 818 3063 896 praesertim
3088 819 3153 880 in
3173 837 3333 900 prae·

1776 913 1936 976 senti
1956 912 2245 990 materia,
2266 911 2417 992 quia
2438 909 2731 972 meritum
2756 915 2819 972 et
2844 908 3179 974 satisfactio
3202 931 3333 976 non

1777 1007 2055 1070 consistit
2100 1005 2169 1068 in
2212 1005 2346 1086 ipsa
2392 1001 2709 1085 potentia,
2736 1003 2850 1068 sed
2877 1003 2943 1066 in
2970 1004 3205 1068 actibus
3252 1006 3336 1070 ab

1775 1098 1884 1164 illa
1909 1099 2155 1164 elicitiS.
2182 1099 2403 1178 Neque
2436 1095 2541 1160 hic
2566 1097 2837 1162 occurrit
2862 1097 3150 1178 specialis
3177 1098 3336 1168 diffi-

1776 1193 1997 1256 cultas.
2024 1193 2343 1272 Legantur
2368 1209 2507 1272 quae
2534 1191 2883 1254 afferuntur
2910 1190 2989 1252 de
3019 1191 3137 1254 hac
3162 1209 3233 1254 re
3266 1192 3335 1256 in

1775 1287 1854 1348 v1
1897 1285 2155 1368 Synodo
2203 1291 2325 1350 act.
2367 1290 2406 1349 ⁴
2448 1291 2512 1349 et
2550 1285 2667 1361 1ος
2700 1290 2765 1350 et
2788 1285 3105 1362 Damaso„
3128 1283 3241 1348 lib.
3264 1287 3331 1362 3,

1775 1396 1829 1442 c.
1867 1381 1963 1442 15.

2398 1549 2615 1606 sssc'rto
2645 1550 2708 1604 11.

1777 1673 1967 1732 Utrum
2002 1673 2257 1732 voluntas
2294 1671 2503 1732 christi
2537 1643 2781 1732 haniaria
2817 1671 2993 1746 suerit
3032 1671 3211 1732 libera
3256 1673 3329 1732 ad

2372 1757 2729 1831 operandum.

1850 1944 1908 2003 1.
1937 1940 2247 2014 Haeretici,
2290 1941 2401 2020 qui
2444 1940 2881 2004 universaliter
2906 1945 3147 2022 negant
3173 1939 3332 2006 libe-

1771 2052 1914 2098 rum
1939 2034 2267 2098 arbitrium
2282 2034 2353 2096 in
2374 2034 2651 2098 humana
2679 2041 2924 2111 natura,
2942 2051 3333 2116 consequen-

1771 2136 1870 2192 ter
1895 2128 2049 2192 illud
2078 2129 2143 2190 in
2171 2128 2409 2192 Christo
2436 2128 2781 2210 negabunt.
2804 2129 2929 2194 Sed
2948 2146 3077 2192 non
3100 2135 3199 2194 est
3214 2129 3329 2192 hu-

1764 2225 1872 2304 jus
1917 2221 2041 2285 loci
2084 2221 2460 2304 generaliter
2488 2240 2768 2286 errorem
2795 2223 2973 2286 illum
3024 2221 3325 2298 refutare,

1770 2315 1882 2378 sed
1902 2315 2113 2396 potius
2138 2315 2617 2396 supponendum
2646 2321 2762 2394 est,
2795 2316 3182 2380 voluntatem
3210 2317 3330 2378 hu·

1771 2426 2029 2472 menam
2058 2426 2136 2470 ex
2158 2427 2273 2471 sua
2299 2413 2527 2472 natura
2557 2427 2687 2472 esse
2716 2409 3018 2486 liberam3
3044 2416 3109 2473 et
3126 2409 3328 2490 inqui-

1772 2502 2043 2566 rendum
2071 2520 2155 2564 an
2185 2501 2251 2563 in
2283 2501 2519 2566 Christo
2562 2503 2825 2566 Domino
2874 2503 2997 2566 hac
3041 2502 3327 2566 libertate

1771 2597 2013 2678 privata
2064 2595 2253 2660 fuerit
2299 2601 2555 2677 propter
2598 2597 2877 2678 aliquam
2944 2597 3329 2677 singularem

1771 2709 2049 2767 causam,
2073 2689 2179 2753 vel
2204 2689 2681 2772 perfectionem.
2708 2693 2779 2756 In
2806 2709 2935 2772 qua
2958 2709 3029 2755 re
3050 2691 3211 2754 nihil
3236 2693 3330 2754 in·-

1767 2783 1955 2848 venio
2002 2782 2354 2864 specialiter
2394 2785 2475 2846 ab
2520 2785 2829 2848 haereticis
2876 2785 3115 2858 dictum
3166 2801 3325 2857 esse,

1767 2883 1998 2958 praeter
2020 2895 2097 2940 ea
2124 2895 2265 2960 qum
2288 2878 2369 2940 de
2392 2877 2835 2954 Monothelitis‚
2864 2878 3141 2941 sectione
3166 2894 3329 2958 prae-

1769 2971 2023 3034 cedenti
2074 2971 2401 3052 explicavi.
2450 2973 2619 3034 Inter
2675 2973 3084 3035 scholasticos
3123 2987 3275 3032 vero
3305 3016 3325 3042 ,

1771 3066 2056 3146 quamvis
2084 3084 2303 3128 omnes
2332 3065 2747 3140 consentiant,
2768 3071 2831 3130 et
2856 3064 3217 3146 simpliciter
3240 3063 3329 3126 at*-

1767 3160 2021 3222 firment
2047 3160 2436 3222 voluntatem
2466 3159 2688 3222 Christi
2710 3158 2905 3222 fuisse
2932 3158 3223 3234 liberam,
3259 3160 3331 3219 ut

1768 3253 1981 3316 videre
2009 3253 2159 3316 licet
2176 3253 2241 3315 in
2268 3253 2337 3315 D.
2364 3254 2607 3317 Thoma
2632 3253 2764 3328 hic;
2804 3253 3041 3328 Aleae„
3068 3253 3107 3314 3
3140 3269 3201 3332 p.
3208 3295 3233 3328 ‚
3260 3268 3325 3332 q.

1771 3349 1870 3422 16,
1899 3352 1962 3411 et
1986 3346 2145 3422 aliie,
2170 3363 2315 3409 cum
2340 3347 2616 3426 Magist„
2639 3345 2703 3409 d.
2727 3347 2839 3420 18;
2862 3346 3330 3420 Bonaventura,

1769 3447 1886 3504 art.
1921 3444 1983 3516 1,
2011 3456 2075 3519 q.
2106 3443 2167 3516 1,
2196 3446 2260 3501 et
2287 3456 2353 3519 q.
2390 3443 2453 3516 2,
2481 3439 2666 3514 ad23
2695 3439 2902 3516 Rich„
2934 3443 3050 3500 art.
3080 3440 3139 3513 1,
3169 3454 3229 3517 q.
3264 3439 3322 3511 13

1771 3536 1980 3611 Scoto,
2008 3551 2069 3613 q.
2097 3534 2154 3605 1ς
2183 3531 2491 3610 Dux-and„
2516 3549 2578 3612 q.
2608 3535 2638 3594 1
2668 3551 2685 3608 ;
2716 3531 2963 3608 Palud„
3001 3549 3064 3610 q.
3102 3533 3166 3604 2,
3206 3537 3324 3592 art.

1771 3633 1846 3708 23
1872 3626 2197 3703 Gabriele,
2226 3632 2343 3689 art.
2390 3627 2465 3701 3,
2494 3625 2647 3687 dub.
2679 3628 2711 3688 1
2746 3643 2763 3699 ς
2796 3623 3094 3700 Mai-silio,
3125 3641 3187 3704 q.
3223 3627 3325 3699 12,

1771 3728 1890 3785 art.
1942 3726 2001 3798 1,
2042 3721 2243 3784 conci.
2279 3723 2339 3793 1;
2378 3723 2595 3781 tamen
2642 3718 2709 3781 in
2737 3717 2929 3780 modo
2978 3716 3327 3797 explicandi

1769 3819 1936 3880 hanc
1966 3816 2321 3879 libertatem
2366 3819 2461 3876 est
2486 3813 2792 3876 nonnulla
2822 3813 3165 3876 diversitas.
3196 3815 3331 3874 Du-

1770 3911 2021 3992 pliciter
2048 3908 2215 3970 enim
2245 3912 2452 3988 potest
2475 3907 2762 3970 voluntas
2790 3905 2911 3968 dici
2948 3905 3147 3968 libera
3169 3951 3185 3980 ,
3212 3905 3333 3966 sci-

1771 4005 1938 4079 licet,
1961 4003 2062 4065 vel
2090 4007 2335 4064 tantum
2365 4019 2404 4062 a
2431 3999 2781 4076 coactione,
2807 4001 2955 4080 quia
2978 3998 3331 4062 voluntarie

1775 4102 2094 4180 operatur,
2120 4101 2183 4159 et
2208 4113 2339 4157 non
2366 4100 2620 4170 coacte;
2654 4092 2755 4157 vel
2782 4094 2973 4156 etiam
2998 4111 3039 4156 a
3066 4091 3334 4155 necessi-

1773 4199 1927 4267 tate,
1960 4190 2129 4271 quia,
2156 4189 2414 4264 scilicet,
2434 4187 2648 4268 aliquo
2676 4187 2867 4250 modo
2896 4187 3085 4248 hahet
3110 4185 3179 4248 in
3216 4203 3333 4248 sua

1771 4286 2080 4366 potestate
2102 4282 2351 4364 operari
2366 4288 2431 4346 et
2445 4300 2575 4344 non
2600 4279 2867 4362 operari·
2892 4279 3155 4356 Quidam
3181 4297 3331 4362 ergo

1771 4379 2161 4440 voluntatem
2182 4375 2400 4438 Christi
2427 4375 2667 4438 faciunt
2690 4374 2957 4437 liberam
2980 4373 3173 4454 priori
3199 4379 3335 4435 tan-

1773 4478 1906 4534 tum
1936 4471 2149 4548 modo,
2177 4473 2240 4533 et
2268 4487 2397 4532 nou
2424 4469 2781 4552 posteriori,
2814 4474 2884 4530 ut
2912 4467 3145 4530 evitent
3178 4467 3337 4530 diffi-

1778 4566 2041 4628 cultates
2068 4582 2211 4644 quae
2254 4563 2489 4627 suntin
2516 4560 2815 4626 salvanda
2842 4561 3062 4624 Christi
3086 4561 3337 4624 liberta-

1777 4666 1865 4735 te,
1895 4656 2107 4739 quoad
2132 4655 2646 4734 indifferentiam,
2672 4661 2737 4718 et
2758 4657 3101 4719 carentiam
3124 4673 3337 4718 neces-

1781 4753 1997 4814 sitatis.
2023 4753 2075 4814 A
2098 4769 2225 4832 qua
2254 4750 2565 4812 sententia
2588 4767 2717 4812 non
2736 4749 3007 4812 multum
3028 4749 3340 4829 discrepat

1781 4845 2031 4910 Gabriel
2072 4863 2298 4926 supra3
2330 4843 2473 4908 vide
2505 4842 2591 4907 ibi
2635 4843 2900 4917 Marsil.,
2925 4859 2989 4924 q.
3034 4845 3135 4920 12,
3178 4842 3261 4905 ad
3300 4845 3331 4904 1

1779 4939 2165 5021 principale;
2196 4955 2387 5020 quam
2415 4937 2702 5000 nonnulli
2731 4937 3019 5000 moderni
3066 4938 3341 5018 amplec-

1778 5039 2017 5096 tuntur.
2046 5032 2205 5108 Quin
2235 5031 2440 5112 potius
2468 5031 2657 5094 etiam
2686 5032 2759 5093 D.
2778 5033 3078 5109 Thomas,
3102 5031 3167 5092 in
3188 5031 3248 5106 3,
3272 5029 3336 5095 d.

1781 5131 1881 5203 18,
1921 5143 1987 5204 q.
2020 5129 2081 5200 1,
2112 5131 2231 5188 art.
2278 5127 2341 5200 2,
2373 5123 2454 5187 ad
2482 5127 2522 5186 5
2548 5169 2564 5198 ,
2594 5125 2658 5186 in
2700 5125 2741 5186 2
2792 5124 3102 5188 solutione
3146 5124 3339 5198 illius,

1778 5222 1942 5282 hanc
1962 5218 2334 5282 sententiam
2356 5222 2425 5279 ut
2450 5215 2845 5296 probabilem
2868 5216 3184 5295 relinquit.
3211 5215 3339 5278 Sed

1781 5330 2107 5393 nunquam
2135 5313 2203 5374 D.
2231 5311 2503 5372 Thomas
2533 5309 2601 5370 in
2648 5309 2933 5390 partibus
2954 5309 3076 5372 hoc
3102 5307 3341 5384 docuit,

1781 5405 1896 5468 sed
1922 5423 2088 5486 saepe
2124 5403 2509 5466 contrarium
2534 5425 2552 5478 3
2582 5409 2674 5464 est
2701 5403 2871 5466 enim
2896 5403 3000 5464 illa
3030 5401 3342 5464 sententia

1783 5498 2043 5560 omnino
2067 5497 2223 5560 falsa
2248 5501 2315 5561 et
2336 5493 2785 5574 improbabilis.

3618 6089 3803 6144 ι
3800 6077 3802 6080 Α
3800 6057 3802 6062 .
3782 5804 3803 6052 LQ'U—Q:
3782 4367 3803 5800 n-ssQm—„ss—i„
3801 4255 3802 4260 „
3801 4235 3802 4238 „
