3892 6167
479 444 711 509 corpus.
754 423 904 487 Alio
945 424 1115 486 modo
1147 426 1350 505 potest
1405 420 1780 487 considerari
1830 420 2040 483 anima

483 522 739 597 Christi,
767 519 1091 583 secundum
1117 518 1277 598 quod
1299 520 1388 581 est
1409 518 1875 581 instrumentum
1894 514 2041 577 uni-

479 622 608 679 tum
653 616 840 683 Verbo
867 613 987 675 Dei
1012 613 1080 674 in
1101 629 1386 693 persona.
1416 610 1512 672 Et
1551 611 1640 674 sic
1677 610 2042 674 subdebatur

479 712 608 792 ejus
643 708 940 792 potestati
975 706 1253 771 totaliter
1289 706 1482 769 omnis
1531 706 1846 786 dispositio
1882 722 2041 785 pro-

469 806 608 887 prii
639 802 923 885 corporis.
971 800 1130 875 Quia
1161 805 1366 865 tamen
1396 800 1593 863 virtus
1637 798 1896 865 actionis
1923 815 2044 859 non

469 899 726 981 proprie
751 895 1118 961 attribuitur
1141 895 1564 969 instrumentO,
1581 894 1687 955 sed
1693 892 2047 973 principali

480 994 689 1075 agenti
714 1041 729 1068 ‚
771 989 923 1055 talis
965 988 1398 1071 omnipotentia
1440 987 1642 1069 maqis
1681 986 2048 1051 attribuitur

479 1089 604 1169 ipsi
639 1086 828 1155 Verbo
855 1086 998 1161 Dei,
1029 1101 1214 1163 quam
1243 1082 1466 1147 animoe
1499 1080 1760 1145 Christi.

561 1180 668 1245 Ad
707 1180 984 1261 primum
1029 1196 1170 1259 erqo
1223 1178 1540 1243 dicendum
1559 1226 1573 1251 ‚
1605 1176 1765 1255 quod
1805 1176 2047 1239 verbum

481 1276 769 1339 Damaso.
805 1279 823 1313 ¹
857 1277 944 1337 est
977 1271 1470 1353 intelliyendum,
1505 1278 1804 1350 quantum
1830 1269 1914 1331 ad
1939 1287 2047 1331 vo-

483 1368 782 1433 luntatem
813 1366 1054 1431 Christi
1079 1364 1352 1429 divinam
1369 1412 1389 1435 ,
1425 1365 1571 1444 quia
1596 1411 1613 1437 ,
1643 1365 1796 1429 sicut
1825 1364 1955 1444 ipse
1981 1364 2051 1425 in

472 1462 735 1544 proeced.
769 1478 900 1541 cap.
929 1461 956 1503 ²
983 1460 1158 1535 dicit,
1192 1457 1557 1539 beneplacito
1587 1458 1808 1523 divina·
1833 1456 2054 1521 volun-

481 1557 636 1621 tatis
649 1555 1126 1636 permittebatur
1152 1554 1329 1619 carni
1349 1552 1524 1634 pati,
1559 1558 1616 1617 et
1645 1551 1890 1633 operari
1913 1569 2051 1631 quoe

474 1668 758 1731 propria.

487 1790 494 1795 -
559 1744 668 1807 Ad
690 1742 1013 1807 secundmn
1043 1741 1361 1807 dicendum
1387 1790 1402 1816 ‚
1435 1740 1594 1819 quod
1620 1755 1740 1803 non
1765 1740 2049 1821 pertine-

484 1838 587 1901 bat
615 1838 722 1900 boc
751 1839 836 1901 ad
869 1834 1234 1919 oriqinalem
1245 1834 1568 1914 justitiam
1610 1850 1794 1913 quam
1835 1834 2049 1899 Adam

483 1931 696 1995 habuit
734 1931 804 1995 in
845 1934 1016 1995 statu
1051 1930 1408 1995 innocentiae
1430 1979 1444 2005 ,
1483 1929 1643 2008 quod
1683 1928 1894 1991 anima
1935 1930 2051 1993 bo-

481 2024 670 2091 minis
689 2025 930 2091 haberet
947 2025 1235 2091 virtutem
1253 2024 1716 2089 transmutandi
1723 2023 2051 2103 proprium

483 2140 698 2202 eorpus
714 2122 783 2185 in
795 2137 1226 2201 quamcumque
1248 2122 1537 2199 sormam,
1555 2120 1663 2183 sed
1681 2120 1840 2199 quod
1846 2122 2051 2199 posset

480 2214 681 2296 ipsum
712 2232 1061 2281 conservare
1089 2216 1308 2295 absque
1355 2214 1520 2276 omni
1561 2216 1925 2279 nocumento.
1955 2212 2051 2275 Et

483 2311 640 2375 banc
687 2310 876 2375 etiam
915 2311 1207 2373 virtutem
1265 2306 1553 2372 Christus
1593 2324 1894 2371 assumere
1926 2324 2051 2387 po-

397 2432 400 2437 ·
483 2402 692 2467 tuisset
717 2452 734 2479 ,
775 2404 835 2467 si
876 2402 1178 2469 voluisset.
1211 2400 1342 2467 Sed
1367 2420 1502 2467 cum
1539 2400 1667 2465 sint
1699 2405 1824 2465 tres
1851 2403 2055 2465 status

483 2498 810 2571 bominum,
837 2496 1093 2571 scilicet,
1131 2496 1508 2571 innocentia»,
1542 2492 1738 2575 culpoe
1755 2539 1773 2568 ,
1813 2499 1870 2557 et
1911 2492 2055 2575 ylo-

481 2589 596 2653 rioe
617 2637 634 2664 ,
663 2590 820 2656 sicut
850 2594 922 2655 de
949 2595 1120 2654 statu
1158 2590 1378 2671 qlorioe
1417 2588 1744 2668 assumpsit
1783 2604 2056 2668 compre-

485 2684 844 2761 hermonem,
877 2692 936 2748 et
975 2686 1046 2748 de
1089 2688 1260 2747 statu
1305 2682 1664 2747 innocentiae
1689 2681 2053 2745 immunita-

485 2781 604 2841 tem
631 2796 670 2841 a
691 2782 961 2859 peccate,
987 2779 1082 2841 ita
1111 2782 1167 2841 et
1195 2778 1268 2841 de
1303 2780 1475 2839 statu
1505 2774 1702 2856 culpa·
1725 2775 2055 2856 assmpsit

483 2870 895 2937 necessitatem
951 2869 1303 2951 subjacendi
1344 2868 1819 2951 poenalitatibus
1870 2866 2057 2949 liujus

483 2964 650 3039 vitce,
679 2970 750 3028 ut
775 2966 956 3043 infra
991 2966 1016 3007 ³
1045 2966 1302 3029 dicetur.

565 3059 676 3123 Ad
711 3058 963 3124 tertium
1009 3058 1348 3133 dicendum,
1379 3057 1539 3137 quod
1583 3054 2047 3137 iniayinationi,

485 3156 544 3219 si
569 3154 762 3235 fuerit
783 3155 989 3233 sortis,
1007 3150 1388 3218 natm-aliter
1407 3150 1602 3215 obedit
1620 3166 1834 3231 corpus
1853 3165 2055 3229 quan-

487 3253 617 3311 tum
641 3248 728 3311 ad
742 3247 956 3327 aliqua
965 3270 992 3317 ‚·
1001 3251 1184 3327 puta,
1203 3248 1496 3325 quantum
1513 3244 1599 3309 ad
1617 3260 1821 3307 casum
1840 3246 2057 3308 detra-

488 3342 552 3405 be
576 3343 646 3404 in
668 3338 796 3403 alto
816 3341 1049 3422 posita,
1070 3340 1218 3419 quia
1245 3336 1610 3421 imayinatio
1643 3341 1795 3401 nata
1824 3342 1911 3401 est
1933 3356 2056 3401 esse

475 3432 859 3517 principium
885 3438 1081 3498 motus
1108 3431 1346 3505 localis,
1374 3434 1446 3495 ut
1473 3430 1704 3495 dieitur
1729 3432 1768 3495 3
1789 3432 1860 3495 de
1885 3429 2056 3494 Ani-

484 3546 586 3593 ma
615 3528 661 3593 ⁴.
698 3524 1016 3593 Similiter
1061 3527 1246 3591 etiam
1287 3528 1583 3605 quantum
1613 3525 1698 3588 ad
1734 3521 2056 3589 alteratio·

483 3641 622 3687 nem
641 3673 656 3701 ,
694 3640 829 3703 quoe
855 3626 948 3686 est
971 3622 1294 3686 seeundum
1322 3618 1606 3693 calorem,
1643 3622 1700 3681 et
1727 3619 1957 3700 frique,
1998 3623 2057 3682 et

485 3716 619 3782 alia
637 3716 1078 3797 consequentia,
1095 3734 1158 3779 eo
1177 3713 1338 3795 quod
1357 3730 1430 3777 en
1455 3711 1894 3794 imayinatione
1921 3728 2057 3777 con-

485 3816 796 3891 sequenter
816 3814 984 3876 natoe
1006 3814 1150 3875 sunt
1177 3809 1454 3889 cori-sequi
1477 3807 1698 3871 animoe
1713 3808 2051 3887 passiones,

483 3906 808 3969 secundum
835 3922 990 3985 quas
1011 3910 1284 3969 movetur
1306 3921 1437 3981 cor,
1469 3901 1642 3965 etsie
1661 3917 1780 3981 per
1807 3918 2055 3965 commo-

485 3998 708 4062 tionem
772 3999 1106 4080 spirituum
1133 4049 1148 4076 ,
1195 4003 1388 4061 totum
1453 4012 1670 4076 corpus
1717 3992 2049 4059 alteratur.

485 4092 658 4156 Aliae
699 4110 837 4157 vero
893 4093 1315 4174 dispositiones
1365 4087 1731 4170 corporales,
1767 4076 1902 4167 qu‘oe
1933 4104 2058 4153 non

487 4187 706 4249 liabent
733 4185 1084 4248 natm-alem
1113 4186 1388 4249 ordinem
1409 4184 1494 4247 ad
1517 4182 2051 4265 imayimtionm,

483 4296 604 4341 non
626 4282 1128 4342 transmutantur
1150 4281 1224 4342 ab
1253 4276 1714 4358 imayinatione,
1731 4281 2055 4354 quantum·

485 4388 711 4449 cunque
745 4372 828 4434 sit
850 4373 1054 4449 fortis,
1082 4376 1267 4452 puta,
1301 4370 1510 4452 fi'qura
1541 4386 1778 4444 manus,
1810 4369 1908 4435 vel
1932 4388 2055 4453 pe-

485 4466 604 4544 dis,
633 4463 732 4530 vel
759 4464 1004 4546 aliquid
1031 4464 1254 4529 simile.

945 4664 1575 4731 COMMENTARIUS.

495 4868 498 4875 ·
559 4842 850 4906 Doctrina
879 4844 1068 4923 hujus
1096 4840 1336 4937 erticuli
1359 4842 1584 4905 eadem
1611 4847 1707 4905 est
1733 4860 1874 4905 cum
1903 4840 2049 4903 doc-

481 4936 645 5000 trina
689 4937 934 4999 articuli
977 4938 1390 5018 praeeedentis
1405 4953 1427 5014 3
1473 4936 1710 5012 solum,
1751 4934 1922 5016 quod
1961 4934 2047 4997 ibi

483 5032 824 5109 generatim
863 5031 1100 5095 dictum
1143 5036 1260 5109 est,
1309 5030 1412 5095 hic
1451 5030 1534 5093 ad
1570 5030 1778 5111 ipsum
1817 5048 2047 5112 corpus

493 5244 500 5253 ·
569 5216 586 5256 ¹
631 5218 902 5281 citatum
934 5218 1004 5281 in
1031 5236 1166 5299 arg.

563 5308 588 5349 ²
624 5312 760 5389 Lib.
793 5316 854 5387 3,
889 5330 946 5373 c.
981 5315 1054 5375 15
1087 5330 1126 5373 a
1155 5310 1352 5389 med„
1383 5316 1446 5375 et
1472 5328 1612 5393 cap.
1643 5312 1743 5373 14.

567 5405 590 5445 ³
635 5406 860 5476 Quscst.
887 5409 986 5481 44,
1023 5425 1084 5468 a.
1118 5410 1178 5469 2.

564 5500 588 5539 ⁴
631 5500 811 5563 Text.
845 5500 926 5562 48
955 5505 1018 5563 et
1047 5518 1208 5581 seq„
1241 5506 1394 5565 tom.
1429 5502 1489 5564 2.

1710 320 1946 385 Quem.
1978 320 2111 375 xm.
2145 322 2349 377 mm.
2383 322 2467 377 ιν.

2121 421 2345 485 Christi
2362 423 2735 505 applicatur.
2764 426 2843 489 Et
2860 426 2984 489 hoc
3012 442 3237 489 sensu
3264 424 3459 489 docet
3482 428 3551 491 D.
3570 430 3703 495 Tho-
3830 432 3833 471 ³

2119 534 2255 579 mas
2292 518 2571 581 animam
2606 520 2826 583 Christi
2870 520 3151 601 propria
3186 520 3477 583 naturali
3506 524 3705 587 virtute

2120 630 2249 673 non
2308 612 2603 677 habuisse
2666 615 3215 695 omnipotentiam
3280 616 3453 677 circa
3512 632 3705 697 eorpus
3830 616 3833 659 1

2120 706 2481 785 proprium3
2534 714 2771 783 tamen,
2822 711 2893 771 ut
2943 709 3481 771 instrumentum
3510 711 3705 789 Verbi,
3827 748 3828 751 =

2122 799 2415 861 habuisse
2444 800 2509 863 in
2538 820 2653 863 sua
2692 807 3003 883 potestate
3028 802 3353 865 omnium
3382 802 3707 883 dispositio·
3831 816 3832 843 ³

2126 910 2299 970 nem,
2336 898 2399 957 et
2422 895 2657 975 proprii
2687 897 2966 977 corporis
2994 896 3567 959 immutationem.

2623 1094 3056 1159 ARTICULUS
3100 1095 3219 1157 IV.

2144 1270 2377 1335 Utrum
2393 1270 2603 1335 anima
2628 1268 2867 1335 Christi
2890 1269 3196 1333 habuerit
3224 1268 3705 1349 omnipotentiam

2318 1370 2590 1447 respectu
2614 1365 2974 1429 executionis
2998 1383 3140 1429 σακε
3168 1362 3550 1428 voluntatis.

2214 1558 2270 1619 1.
2316 1553 2425 1617 Ad
2440 1558 2730 1633 quart-mn
2746 1554 2835 1619 sic
2843 1554 3250 1635 proceditur.
3298 1552 3565 1619 Videtur
3576 1556 3709 1631 quod

2130 1648 2339 1713 anima
2368 1647 2605 1713 Christi
2620 1666 2741 1711 non
2754 1648 3033 1713 babuerit
3042 1646 3575 1729 omnipotentiam
3596 1666 3705 1710 res-

2119 1748 2301 1826 pectu
2338 1744 2699 1807 executionis
2716 1744 2993 1824 propriae
3036 1742 3433 1807 voluntatis.
3483 1741 3705 1806 Dicitur

2128 1838 2307 1911 enim,
2338 1837 2548 1903 Marci
2572 1836 2634 1913 7,
2664 1837 2826 1916 quod
2852 1837 3177 1917 inm-essue
3221 1837 3503 1909 domum,
3541 1837 3706 1897 nemi-
3827 1843 3833 1865 ⁴

2128 1948 2265 1995 nem
2292 1930 2487 1995 voluit
2517 1930 2693 2003 scire,
2726 1934 2784 1993 et
2804 1947 2926 1993 non
2940 1931 3159 2011 potuit
3194 1928 3426 1993 latere.
3458 1928 3603 1993 Non
3626 1948 3708 1991 er-

2128 2046 2205 2109 qo
2244 2028 2451 2109 potuit
2494 2026 2564 2089 in
2594 2026 2865 2091 munibus
2906 2027 3124 2106 sesequi
3169 2025 3576 2107 propositum
3604 2042 3704 2087 siue
3830 2034 3833 2075 1

2128 2122 2483 2188 voluntatis.

2208 2220 2271 2279 2.
2315 2214 2656 2290 Prceterea,
2677 2218 3054 2297 praeceptum
3080 2218 3181 2279 est
3228 2212 3491 2296 siynum
3516 2210 3702 2275 volun·
3830 2204 3832 2259 i

2132 2310 2287 2375 tatis
2312 2358 2327 2385 ,
2355 2312 2426 2373 ut
2452 2309 2523 2373 in
2536 2308 2751 2391 prima
2771 2313 2959 2390 parte
2988 2309 3233 2373 dictum
3260 2311 3357 2371 est
3380 2310 3429 2369 ¹.
3454 2304 3581 2369 Sed
3596 2306 3705 2366 Do-
3830 2317 3832 2345 ³

2131 2404 2333 2467 minus
2388 2404 2670 2484 quoedam
2722 2404 3011 2483 facienda
3057 2402 3421 2484 prce-cepit,
3479 2416 3701 2479 quorum
3830 2412 3832 2419 ⁴

2134 2497 2449 2563 emitraria
2494 2498 2880 2567 acciderunt,-
2916 2497 3150 2562 dicitur
3198 2496 3400 2568 enim,
3440 2492 3621 2555 Matt.
3650 2495 3699 2562 9,

2134 2593 2295 2671 quod
2334 2592 2505 2657 coecis
2530 2591 2909 2655 illuminatis
2952 2591 3377 2655 comminatus
3408 2595 3497 2651 est
3528 2585 3693 2657 Jeme,

2134 2687 2373 2752 dicens:
2410 2686 2622 2753 Videte
2642 2704 2718 2749 ne
2744 2686 2881 2767 quis
2904 2686 3061 2751 sciat
3074 2707 3101 2757 ,·
3128 2684 3249 2749 illi
3276 2688 3491 2749 autem
3508 2696 3698 2745 emun-
3801 2741 3809 2762 Ι

2134 2786 2245 2853 tes,
2278 2782 2762 2861 diffamaverunt
2788 2780 2974 2845 illum
2990 2798 3111 2861 per
3142 2784 3357 2843 totam
3384 2783 3609 2840 terram
3624 2772 3694 2835 il-
3801 2785 3809 2802 ·

2136 2874 2283 2939 lam.
2315 2874 2396 2941 N
2392 2892 2467 2937 on
2492 2892 2633 2957 erqo
2659 2875 2731 2938 in
2770 2876 3041 2939 omnibus
3073 2875 3297 2956 potuit
3337 2870 3554 2953 exequi
3568 2885 3695 2951 pro-
3801 2882 3810 2924 ;

2124 2968 2399 3049 positum
2420 2988 2545 3031 suoe
2570 2967 2926 3033 voluntatis.

2214 3065 2273 3126 3.
2320 3060 2659 3136 Proeterea,
2689 3064 2758 3125 id
2784 3064 2945 3143 quod
2971 3066 3177 3143 potest
3222 3060 3473 3141 aliquis
3496 3060 3687 3138 facere,

2136 3250 2369 3314 orando
2398 3248 2565 3313 illud
2589 3252 2749 3329 qnod
2787 3251 2931 3329 fieri
2963 3249 3198 3313 ‘colebat
3212 3273 3242 3321 ‚·
3292 3248 3529 3313 dicitur
3559 3243 3691 3307 enim

2132 3342 2281 3408 Luc.
2318 3346 2380 3418 9,
2424 3344 2583 3423 quod
2610 3344 2762 3407 exciit
2806 3345 2877 3407 in
2922 3348 3184 3407 montem
3240 3358 3453 3414 orare,
3484 3343 3541 3402 et
3578 3336 3689 3399 erat

3799 3067 3809 3109 ε
3830 3074 3833 3111 ι

2134 3172 2255 3219 non
2270 3156 2433 3237 petit
2454 3157 2529 3219 ab
2548 3156 2693 3221 alio.
2720 3156 2851 3220 Sed
2868 3156 3167 3220 Dominus
3174 3154 3420 3238 petivit
3442 3172 3483 3216 a
3498 3150 3685 3222 Patre,
3793 3131 3807 3242 j
3830 3168 3833 3205 ι

3795 3249 3809 3298 ι

2124 3441 2497 3519 pernoctans
2520 3439 2591 3501 in
2624 3438 2897 3502 oratione
2940 3437 3078 3502 Dei.
3120 3436 3309 3520 Ergo
3350 3451 3475 3497 non
3508 3428 3688 3513 potuit
3805 3498 3806 3525 ξ

2138 3533 2347 3613 exequi
2369 3532 2439 3595 in
2460 3533 2728 3597 omnibus
2744 3534 3127 3615 propositum
3150 3550 3282 3597 suoe
3308 3524 3651 3595 voluntatis.

2218 3627 2348 3691 Sed
2370 3631 2579 3690 contra
2612 3632 2701 3691 est
2718 3629 2875 3709 quod
2890 3628 3040 3691 dicit
3057 3626 3487 3707 Aeminium,
3510 3622 3575 3685 in
3592 3618 3680 3681 tib.

2136 3720 2206 3783 de
2230 3720 2675 3795 Quoestionibus
2710 3721 2941 3788 Veteris
2960 3727 3017 3784 et
3044 3719 3212 3786 Novi
3239 3713 3611 3785 Testamenti
3632 3711 3683 3771 ²:

2134 3812 2518 3893 Impossibile
2544 3819 2635 3879 est
2656 3819 2727 3879 ut
2756 3813 3112 3879 Salvator-is
3138 3813 3433 3877 voluntas
3454 3808 3680 3873 nonim-

2130 3907 2397 3987 pleatur,
2422 3924 2529 3971 nec
2549 3912 2751 3989 potest
2772 3907 2920 3973 velle
2946 3907 3104 3989 quod
3134 3907 3255 3971 scit
3283 3905 3435 3987 fieri
3459 3918 3577 3966 non
3606 3898 3683 3961 de·
3801 3933 3811 3956 .

2138 4000 2289 4064 bere.

2215 4088 2560 4177 Respondes
2614 4094 2924 4159 dicendum
2948 4140 2963 4171 ‚
2995 4095 3152 4176 quod
3202 4094 3421 4158 anima
3470 4081 3682 4153 Christi
3808 4146 3811 4157 ἦ

2136 4187 2458 4270 dupliciter
2486 4187 2729 4269 aliquid
2750 4188 2963 4252 voluit.
3006 4190 3135 4252 Uno
3162 4188 3363 4262 ηιοᾱο,
3386 4182 3562 4267 quasi
3584 4192 3679 4262 per
3809 4194 3832 4241 π

2136 4298 2199 4345 se
2223 4280 2613 4361 implendum.
2648 4282 2743 4345 Et
2770 4283 2864 4345 sic
2889 4282 3203 4345 dicendum
3240 4286 3335 4346 est
3362 4276 3520 4362 quod
3540 4270 3679 4357 quic·
3809 4304 3833 4345 v1

2134 4374 2287 4455 quid
2308 4374 2524 4450 voluit,
2550 4376 2790 4455 potuit,·
2840 4392 2961 4438 non
3014 4375 3172 4438 enim
3220 4370 3556 4438 conveniret
3592 4380 3675 4427 sa-
3807 4406 3813 4438 .

2130 4465 2382 4545 pientioe
2415 4468 2549 4547 ejus
2572 4473 2645 4531 ut
2689 4468 2927 4548 aliquid
2972 4467 3151 4531 vellet
3193 4484 3306 4547 per
3344 4484 3409 4531 se
3450 4465 3671 4541 faeere,

2133 4560 2292 4641 quod
2314 4578 2441 4625 suoe
2460 4561 2683 4625 virtuti
2708 4579 2831 4625 non
2856 4562 3215 4642 subjaceret.
3239 4560 3387 4624 Alio
3403 4555 3562 4620 modo
3588 4564 3671 4614 vo·

2126 4652 2251 4717 luit
2284 4655 2523 4737 aliquid
2544 4660 2615 4719 ut
2638 4655 3003 4737 implendum
3020 4656 3251 4721 virtute
3272 4653 3505 4723 divina,
3535 4644 3673 4710 sicut

2126 4748 2647 4813 resuscitationem
2671 4748 2913 4830 proprii
2938 4750 3230 4830 corporis,
3256 4754 3315 4812 et
3338 4747 3466 4813 alia
3484 4738 3668 4820 hujus-

2127 4840 2287 4905 modi
2318 4842 2687 4907 miraculosa
2710 4859 2910 4921 opera.
2960 4840 3105 4917 Qua·
3128 4842 3361 4923 quidem
3384 4854 3497 4902 non
3518 4836 3666 4914 pote-

2128 4940 2233 4997 rat
2266 4936 2483 5014 propri
2486 4953 2525 4999 a
2574 4936 2827 5009 virtute,
2862 4937 2965 4998 sed
3010 4936 3332 5000 seeundum
3362 4929 3515 5015 quod
3552 4923 3667 4987 erat

2125 5028 2600 5094 instrumentum
2628 5028 2999 5106 divinitatis,
3026 5034 3100 5094 ut
3130 5028 3357 5093 dictum
3380 5029 3467 5091 est
3488 5020 3532 5082 ³·

2213 5217 2232 5257 ¹
2272 5219 2303 5280 1
2339 5236 2431 5297 p.,
2463 5234 2525 5296 q.
2560 5220 2659 5292 19,
2694 5220 2813 5279 art.
2842 5218 2939 5280 12.

2210 5308 2236 5351 ²
2276 5310 2393 5383 Qui
2421 5310 2635 5390 incipit
2662 5329 2678 5371 ε
2716 5310 2881 5375 Deus
2905 5311 3140 5393 quidem
3155 5312 3452 5392 perfectus
3474 5301 3575 5375 est,
3601 5310 3651 5371 <1-

2132 5408 2238 5479 77,
2268 5404 2333 5465 in
2361 5404 2589 5483 princ„
2616 5407 2772 5464 tom.
2802 5406 2865 5465 4.

2216 5496 2238 5537 ³
2280 5496 2413 5558 Art.
2440 5498 2479 5558 2
2503 5494 2693 5575 hujus
2721 5502 2935 5576 quaest.

3802 4559 3813 4622 t
3830 4560 3833 4591 1

3614 5752 3833 6135 A
