3892 6167
1303 345 1624 400 nlspu'ra'r.
1659 345 1828 399 xux.
1862 346 2032 400 sssc'r.
2069 348 2130 401 u.

107 447 192 510 les
213 443 294 508 ad
313 443 552 520 Deum,
581 449 642 510 et
667 441 916 507 tertiam
945 441 1028 506 ad
1050 449 1345 522 matrem,
1372 445 1566 527 quod,
1600 450 1668 509 ut

99 539 410 622 judicetur
427 537 802 614 absurdum,
819 537 970 599 satis
993 542 1091 600 est
1114 555 1254 601 esse
1283 537 1665 617 inauditum3

105 635 254 698 duas
293 637 514 696 autem
560 637 802 696 tantum
842 631 1150 695 hactenns
1191 631 1550 696 audivimus
1602 631 1670 694 in

105 727 334 792 Christo
379 726 789 789 nativitates:
821 742 1016 788 unam
1047 743 1126 789 ex
1169 725 1376 802 Patre,
1406 733 1470 790 et
1511 727 1665 788 alte-

105 839 232 884 ram
256 839 334 884 ex
355 827 595 898 matre,
626 828 689 884 et
715 820 876 884 duas
903 825 1150 883 tantum
1175 819 1511 884 filiationes
1549 837 1666 882 na·-

107 916 362 991 turales,
407 931 613 978 unam
655 913 736 978 ad
779 914 1020 992 Deum,
1060 913 1323 978 alteram
1353 915 1436 978 ad
1461 913 1664 976 homi-

107 1027 264 1072 nem.
295 1007 483 1072 Unde
525 1008 632 1070 hic
683 1025 913 1090 urgere
959 1025 1295 1088 possumus
1322 1025 1663 1090 argumen-

109 1109 229 1164 tum
251 1101 334 1164 ab
359 1101 742 1164 auctoritate
778 1103 1112 1184 negativa,
1152 1121 1278 1183 quo
1320 1103 1666 1165 Concilium

107 1195 664 1259 Francofordlense
707 1197 934 1279 prohat
981 1197 1299 1259 Christum
1343 1215 1474 1259 non
1529 1215 1666 1260 esse

109 1289 435 1350 dicendum
481 1287 688 1351 filium
728 1289 1117 1370 adoptivum,
1147 1291 1292 1372 quia
1339 1307 1666 1372 nunquam

108 1381 166 1444 in
185 1379 500 1462 Scriptura
529 1399 713 1444 sacra
741 1383 830 1445 sic
861 1383 1236 1464 appellatur,
1267 1401 1412 1446 cum
1448 1391 1665 1446 tamen

111 1475 180 1538 de
221 1473 527 1538 filiatione
569 1477 709 1558 ejus
739 1476 1042 1557 frequens
1081 1476 1194 1540 fiat
1242 1477 1520 1554 mentio;
1550 1477 1665 1540 sed

110 1568 377 1632 similiter
423 1585 760 1650 nunquam
786 1575 1048 1633 vocatur
1073 1569 1241 1634 filius
1268 1571 1574 1634 naturalis
1597 1571 1666 1634 in

112 1679 286 1724 sensu
327 1681 366 1724 a
409 1663 606 1726 nobis
655 1662 939 1744 exposito
963 1708 980 1740 ,
1027 1663 1140 1728 sed
1188 1666 1393 1727 solum
1420 1664 1666 1728 ratione

114 1762 345 1818 aeternae
373 1757 831 1837 generationis,
873 1765 937 1822 et
959 1762 1252 1840 respectu
1279 1759 1498 1841 primae
1529 1777 1666 1842 per·

115 1865 268 1910 sonae
315 1849 677 1928 Trinitatis3
742 1853 872 1916 imo
927 1851 1268 1934 ipsummet
1318 1853 1664 1918 Concilium

115 1939 530 2022 Francoford.,
552 1942 728 2026 quod
752 1945 1109 2028 expressius
1132 1947 1417 2010 tractavit
1441 1947 1521 2010 de
1544 1947 1665 2010 hac

118 2035 395 2099 filiatione
417 2035 652 2101 Christi
669 2045 740 2100 ut
762 2039 1059 2117 hominis,
1079 2055 1407 2120 nunquam
1431 2059 1507 2103 eo
1533 2058 1664 2103 mo·

119 2127 211 2202 do,
239 2146 362 2209 quo
389 2149 536 2208 nos,
573 2131 750 2196 illam
794 2132 1110 2214 explicuit,
1143 2135 1256 2196 sed
1303 2141 1544 2197 tantum
1587 2151 1666 2197 ex

121 2228 282 2302 parte
301 2225 640 2306 suppositi,
672 2227 843 2308 quod
861 2243 978 2308 per
996 2225 1471 2309 generationem
1494 2233 1668 2290 aeter-

121 2334 254 2378 nam
275 2335 314 2380 a
332 2319 512 2382 Patre
529 2321 814 2402 procedit
830 2340 848 2396 ς
868 2339 1020 2403 ergo
1044 2340 1176 2384 non
1194 2321 1396 2383 solum
1411 2321 1662 2399 falsum,

126 2409 224 2471 sed
248 2417 306 2473 et
324 2413 753 2493 periculosum
776 2415 1053 2494 videtur,
1083 2415 1279 2476 alium
1311 2413 1566 2477 modum
1594 2414 1669 2477 fi-

123 2501 372 2598 liationis
391 2509 704 2571 naturalis
725 2511 793 2570 in
813 2507 1060 2573 Christo
1085 2513 1156 2571 ut
1179 2509 1438 2572 homine
1471 2511 1668 2572 intro·

128 2597 351 2661 ducere.
399 2602 663 2678 Quarto,
711 2603 859 2682 quia
907 2603 1059 2665 alias
1083 2604 1134 2664 si
1164 2619 1437 2684 persona
1467 2603 1664 2666 Patris

124 2692 210 2752 vel
229 2693 488 2773 Spiritus
519 2697 734 2760 Sancti
769 2698 1093 2760 incarnata
1121 2703 1292 2760 esset
1319 2743 1334 2774 ,
1369 2715 1512 2760 vere
1539 2697 1662 2760 dici

121 2792 310 2865 posset
337 2789 518 2852 filius.
537 2791 644 2854 Dei
673 2791 997 2866 naturalis,
1018 2792 1084 2854 in
1112 2787 1418 2873 quantuni
1444 2791 1658 2868 homo,

124 2881 273 2958 quod
293 2899 418 2944 non
443 2891 558 2948 est
601 2891 698 2949 est
725 2888 934 2950 minus
959 2885 1313 2950 inauditum
1353 2892 1416 2948 et
1447 2886 1666 2949 absur-

125 2971 254 3034 dum
267 2996 285 3050 ;
315 2977 586 3059 sequela
613 2985 808 3062 patet,
833 2979 979 3062 quia
1004 2981 1069 3041 in
1093 2979 1200 3043 illo
1225 2979 1482 3044 homine
1509 2979 1662 3044 fuis-

126 3075 207 3129 set
237 3069 398 3134 idem
437 3073 935 3136 fundamentum
975 3073 1293 3137 filiationis
1333 3075 1659 3153 naturalis,

127 3161 330 3226 scilicet
374 3183 492 3246 gra
505 3167 590 3230 tia
629 3167 901 3230 unionis.
943 3167 1020 3230 Et
1047 3168 1348 3231 confirmo
1381 3167 1659 3243 tandem,

128 3255 256 3332 quia
277 3258 458 3322 etiam
503 3259 755 3323 videtur
798 3261 1004 3341 sequi,
1051 3261 1374 3341 Virginem
1401 3261 1665 3324 Mariam

129 3349 428 3416 dicendam
473 3369 629 3418 «esse
680 3355 875 3419 filiam
919 3355 1035 3418 Dei
1078 3355 1471 3435 naturalem,
1524 3355 1673 3436 quia

129 3443 303 3523 gratia
331 3448 740 3512 sanctificans
773 3465 903 3512 non
933 3455 1024 3513 est
1073 3449 1165 3512 illi
1191 3451 1447 3512 omnino
1478 3449 1674 3530 gratis

131 3537 288 3613 data,
325 3541 436 3604 sed
497 3561 576 3605 ex
612 3544 891 3624 quodam
919 3544 1132 3608 debito
1171 3543 1416 3607 ratione
1447 3541 1674 3606 divinae

133 3636 524 3700 maternitatis
541 3683 566 3716 ,
615 3637 776 3700 sicut
823 3637 1066 3702 Christo
1113 3636 1342 3702 dicitur
1385 3637 1533 3702 data
1595 3637 1672 3701 ex‘

137 3725 324 3792 debito
362 3735 584 3812 gratiae
613 3734 884 3798 unioniS.

205 3825 296 3888 30.
337 3825 904 3911 Remmia—Ad
922 3826 1456 3910 primum—Haec
1488 3845 1675 3909 argu·-

139 3923 328 3980 menta
368 3921 715 3985 ostendunt
743 3921 1000 4002 quidem
1035 3923 1408 3984 sententiam
1435 3941 1473 3984 a
1494 3919 1678 3983 nohis

141 4013 460 4089 expositam
505 4033 636 4077 non
681 4033 820 4078 esse
856 4015 1115 4078 omnino
1155 4022 1428 4096 certam,
1466 4033 1678 4094 neque

140 4119 258 4165 rem
286 4107 363 4170 ad
387 4109 583 4173 fidem
615 4109 1068 4191 pertinentem,
1108 4115 1180 4173 ut
1209 4109 1395 4171 latius
1438 4107 1676 4184 dicam,

142 4200 390 4267 sectione
419 4209 726 4286 sequente
743 4226 765 4281 3
806 4221 937 4267 non
975 4210 1188 4266 tamen
1217 4199 1560 4266 admodum
1581 4221 1684 4265 ur-

144 4300 280 4368 gent
305 4305 524 4363 contra
552 4299 718 4360 illius
741 4297 1096 4375 veritatem,
1133 4296 1460 4378 magisque
1487 4295 1692 4378 impu·

143 4394 318 4462 gnant
343 4389 731 4459 locutionem
761 4409 875 4455 seu
901 4407 1125 4454 vocem
1141 4389 1476 4467 naturalia,
1497 4405 1690 4471 quam

142 4495 260 4542 rem
309 4483 536 4567 ipsam.
567 4485 724 4562 lmo,
775 4485 828 4549 si
869 4485 1029 4566 quid
1055 4481 1526 4560 concluderent,
1557 4501 1686 4547 non

145 4569 330 4636 solum
349 4580 697 4658 probarent
715 4575 1056 4660 Christum,
1084 4583 1154 4641 ut
1177 4577 1524 4652 hominem,
1555 4595 1686 4641 non

143 4677 268 4728 esse
293 4667 492 4734 fllium
533 4671 890 4736 naturalem
931 4671 1074 4751 Dei,
1117 4670 1229 4735 sed
1269 4673 1526 4736 omnino
1555 4691 1686 4734 non

145 4771 266 4820 esse
281 4759 477 4828 fllium
505 4765 640 4829 Dei.
663 4767 844 4839 Quod
870 4770 1086 4830 tamen
1109 4784 1300 4830 nemo
1327 4764 1684 4830 catholicus

145 4857 242 4912 aut
265 4857 538 4933 prudens
565 4877 804 4942 negare
831 4857 1128 4936 audebit,
1161 4861 1233 4922 ιιι
1259 4859 1410 4921 satis
1435 4859 1686 4921 videtur

145 4947 401 5014 sectione
429 4949 830 5033 proecedente
853 4949 1214 5033 probatum.
1239 4947 1436 5034 igitur
1455 4947 1537 5014 ad
1563 4947 1688 5034 pri·

143 5045 322 5117 mum,
363 5040 534 5125 quod
577 5045 796 5109 attinet
823 5043 907 5109 ad
942 5063 1179 5110 nomen
1211 5041 1328 5108 filii
1350 5090 1367 5121 ,
1400 5045 1687 5126 quemvis

147 5129 473 5200 secundnm
499 5139 827 5221 physicam
854 5147 918 5203 et
945 5139 1296 5221 rigorosam
1333 5136 1685 5220 proprieta-

149 5221 260 5322 fem
295 5229 494 5294 solum
536 5231 786 5296 dicatur
811 5231 892 5298 de
923 5251 1000 5297 eo
1020 5279 1037 5311 ‚
1071 5233 1180 5314 qui
1211 5251 1288 5296 ex
1327 5233 1389 5295 vi
1430 5231 1688 5312 originis

149 5328 208 5374 111
236 5329 452 5390 natura
484 5325 734 5391 vivente
771 5325 994 5390 similis
1023 5333 1120 5392 est
1161 5325 1470 5410 principio
1499 5345 1538 5389 a
1563 5333 1710 5410 quo'

151 5417 430 5498 Procedit,
453 5427 693 5487 certum
713 5425 808 5487 est
823 5425 1063 5500 tamen,
1081 5421 1436 5486 secundum
1466 5437 1690 5506 quam·

153 5497 282 5569 dam
311 5515 660 5597 analogiam
695 5523 760 5581 et
802 5517 1270 5599 proportionem
1310 5513 1562 5580 extendi
1609 5509 1689 5577 ad

1749 445 2236 528 significandum
2264 463 2435 524 enm,
2474 446 2581 528 qui
2604 446 2710 528 ius
2745 443 2857 511 filii
2898 447 3175 514 imitatur
3201 457 3310 516 aut

1747 539 2080 620 participat
2120 540 2184 602 in
2230 540 2450 603 ordine
2501 538 2585 604 ad
2630 540 3064 606 haereditatem
3098 549 3310 625 pater-

1747 649 1921 695 nam.
1952 635 2101 708 Quae
2130 634 2288 696 ratio
2318 633 2634 696 filiationis
2675 639 2853 698 tanto
2903 637 3020 698 erit
3059 638 3309 716 perfec-

1749 726 1893 802 tior,
1932 727 2189 807 quando
2236 729 2357 790 hoc
2392 729 2498 809 jus
2544 727 2731 790 fuerit
2772 729 3207 807 excellentius,
3244 737 3309 794 et

1744 822 2019 884 maxime
2069 822 2121 885 si
2172 823 2579 904 conjunctum
2624 823 2815 885 fuerit
2864 843 3004 885 cum
3047 844 3198 888 vera
3245 833 3308 889 et

1744 915 1898 977 reali
1940 916 2339 995 processione
2386 917 2547 998 ejus,
2578 917 2688 998 qui
2712 916 2880 979 filius
2921 919 3305 995 nominatur,

1744 1009 1826 1070 ab
1877 1027 1956 1070 eo
2018 1011 2198 1092 cujus
2250 1011 2476 1073 dicitur
2514 1011 2705 1073 filius·
2752 1011 3053 1074 Fatemur
3091 1010 3303 1093 igitur,

1747 1101 2085 1181 Christum,
2117 1109 2190 1165 ut
2224 1103 2573 1182 hominem,
2612 1105 2681 1167 in
2720 1123 2797 1168 eo
2844 1124 3032 1168 sensu
3060 1123 3187 1185 quo
3221 1105 3309 1167 lo-

1747 1196 2025 1276 quimur,
2056 1197 2315 1276 seilicet,
2346 1197 2696 1261 formaliter
2737 1198 3159 1280 specificando
3195 1217 3311 1262 na-

1746 1297 1955 1354 turam
1980 1293 2349 1369 humanam,
2380 1312 2512 1355 non
2537 1293 2665 1356 dici
2690 1289 2889 1355 filium
2906 1293 3021 1356 Dei
3062 1312 3207 1356 cum
3232 1311 3309 1356 eo

1745 1387 1953 1468 rigore
1967 1390 2029 1449 et
2045 1387 2452 1469 proprietate,
2476 1406 2601 1468 quo
2625 1385 2855 1450 dicitur
2876 1387 3067 1450 Filius
3088 1406 3310 1450 secun·

1745 1479 1898 1544 dum
1926 1487 2218 1543 naturam
2243 1481 2519 1543 divinam
2545 1526 2561 1556 ,
2598 1481 2745 1564 quia
2774 1481 2839 1542 in
2862 1487 3165 1562 quantum
3200 1481 3309 1543 ho-

1744 1593 1850 1637 mo
1880 1581 1976 1637 est
2002 1574 2207 1636 minor
2235 1575 2441 1650 Patre,
2466 1571 2638 1637 unde
2666 1593 2795 1636 non
2830 1581 2922 1637 est
2946 1575 3003 1637 ei
3026 1575 3305 1656 aequalia,

1745 1687 1863 1731 nec
1901 1668 1965 1729 in
1996 1672 2223 1731 natura
2252 1667 2506 1742 similis;
2558 1665 2789 1730 dicitur
2829 1685 2981 1748 ergo
3016 1667 3182 1733 filius
3214 1687 3311 1733 se-

1743 1760 2026 1826 cundum
2054 1761 2388 1843 analogum
2416 1759 2752 1835 rationem,
2772 1761 2922 1841 quia
2945 1777 3060 1842 per
3082 1762 3310 1842 ipsam-

1744 1863 1875 1919 met
1891 1855 2261 1920 filiationem
2293 1857 2671 1931 naturalem,
2697 1855 2886 1918 etiam
2912 1855 2977 1919 in
3002 1863 3310 1937 quantum

1744 1951 1961 2027 homo,
1994 1949 2438 2026 sanctificatur,
2472 1957 2533 2013 et
2557 1950 2661 2030 jus
2690 1947 2883 2012 habet
2924 1950 3005 2012 ad
3033 1949 3311 2013 divinam

1745 2042 2177 2107 haereditatem
2202 2090 2219 2119 ,
2252 2044 2443 2106 etiam
2484 2043 2553 2104 in
2580 2041 2999 2116 humanitate,
3043 2061 3158 2106 seu
3194 2061 3311 2124 per

1744 2136 2207 2200 humanitatem
2239 2136 2670 2213 obtinendam,
2713 2153 2853 2215 quae
2876 2135 3034 2199 ratio
3060 2137 3309 2200 filiatio·

1746 2231 1868 2305 nis,
1899 2229 2046 2294 licet
2084 2251 2215 2294 non
2242 2231 2322 2294 sit
2352 2237 2479 2294 tam
2505 2229 2759 2312 propria
2788 2237 2850 2292 et
2874 2229 3152 2312 perfecta
3174 2277 3195 2308 ‚
3225 2232 3311 2294 si-

1747 2329 1855 2387 cut
1885 2332 1981 2388 est
2008 2325 2141 2407 ipsa
2168 2324 2388 2386 filiatio
2419 2327 2656 2386 aeterna
2686 2323 3034 2386 secundum
3076 2343 3143 2387 se
3162 2370 3184 2403 ,
3216 2331 3309 2388 est

1745 2423 1962 2481 tamen
1996 2417 2331 2500 perfectior
2374 2435 2565 2498 quam
2607 2417 2686 2480 sit
2720 2415 2937 2479 filiatio
2980 2416 3308 2480 hominum

1747 2517 1810 2575 et
1846 2513 2238 2594 Angelorum
2271 2530 2387 2592 per
2425 2509 2692 2591 gratiam
2728 2511 3198 2592 justificantem,
3237 2519 3309 2574 ut

1746 2605 1899 2668 satis
1927 2625 2005 2668 ex
2030 2606 2308 2668 sectione
2334 2605 2728 2686 praecedente
2757 2612 3021 2669 constat.

1823 2701 1923 2763 31.
1974 2697 2155 2773 Quod
2202 2705 2411 2762 autem
2445 2706 2688 2781 spectat
2724 2699 2804 2762 ad
2851 2695 3309 2762 denominatio-

1742 2811 1892 2856 nem
1932 2793 2245 2859 παίειν-αἰῶ·
2283 2791 2407 2874 filii
2424 2839 2446 2872 ,
2494 2800 2737 2857 constat
2786 2813 2864 2856 ex
2909 2793 3307 2874 philosophia

1743 2905 1929 2971 posse
1975 2885 2189 2950 multis
2233 2887 2437 2949 modis
2472 2887 2755 2952 naturale
2796 2885 2957 2963 dici,
3002 2892 3192 2968 atque
3219 2885 3307 2950 ita

1741 3001 1930 3064 posse
1966 2983 2029 3044 in
2075 3000 2153 3045 eo
2196 2987 2462 3045 termino
2514 2980 2786 3044 laborari
2827 2981 2893 3042 in
2938 2981 3299 3060 aequivoco3

1745 3076 1908 3140 inter
1927 3077 2083 3140 alias
2110 3095 2262 3139 vero
2284 3073 2685 3156 acceptiones
2707 3093 2835 3137 una
2860 3077 2922 3138 et
2939 3077 3092 3136 satis
3108 3073 3307 3137 Theo-

1744 3171 1951 3252 logica
1986 3175 2102 3247 est,
2148 3187 2275 3250 qua
2310 3167 2596 3234 naturale
2630 3167 2857 3232 dicitur
2882 3169 2981 3246 id,
3012 3167 3181 3249 quod
3210 3174 3306 3231 est

1753 3283 1791 3326 a
1845 3269 2073 3326 natura
2104 3263 2515 3342 congenitum
2537 3306 2556 3337 ,
2583 3268 2649 3324 et
2674 3263 2946 3324 maxime
2974 3259 3319 3342 quandoid

1755 3363 1957 3420 estex
1994 3355 2057 3418 vi
2087 3354 2514 3436 conceptionis
2542 3373 2657 3417 sen
2682 3355 3134 3436 productionis,
3161 3353 3343 3418 etab.

1753 3449 1967 3538 aliqup
2008 3447 2313 3528 principio
2350 3447 2714 3525 intrinseco,
2768 3446 3085 3528 quomodo
3127 3447 3321 3511 veris·

1753 3541 1934 3621 sime,
1962 3539 2189 3605 dicitur
2213 3540 2513 3614 Christus,
2534 3540 2723 3603 etiam
2738 3547 2808 3603 ιιι
2836 3539 3051 3617 hom0,
3068 3547 3327 3603 natura-

1752 3637 1895 3700 liter
1933 3640 2220 3712 sanctus‚
2244 3638 2426 3714 juxta
2452 3633 2721 3696 verbum
2754 3631 2982 3716 Angeli
3004 3681 3021 3708 ,
3049 3633 3197 3696 Luc.
3232 3637 3263 3696 1
3298 3649 3321 3696 t

1757 3731 1928 3806 Quod
1960 3745 2037 3794 ιω
2072 3733 2133 3794 to
2174 3733 2463 3792 nascetur
2514 3723 2843 3802 Sanctum,
2880 3725 3186 3791 vocabitur
3211 3721 3324 3790 1⁷2·-

1757 3823 1882 3888 lius
1909 3824 2049 3887 Dei.
2082 3823 2173 3884 De
2218 3840 2347 3903 qua
2388 3821 2755 3900 acceptione
2799 3827 2862 3884 et
2906 3819 3042 3882 aliis
3084 3821 3323 3882 dictum

1759 3924 1857 3981 est
1879 3934 2098 3996 supra,
2124 3933 2189 3997 q.
2216 3919 2279 3991 2,
2310 3923 2431 3978 art.
2466 3917 2567 3978 12.
2595 3913 2727 3977 Hoc
2756 3931 2907 3996 ergo
2932 3915 3121 3976 modo
3152 3920 3324 3976 recte

1759 4010 1988 4075 dicitur
2008 4009 2311 4086 Christus,
2335 4015 2405 4072 ιιι
2426 4008 2646 4085 homo,
2680 4007 2847 4070 filius
2878 4009 2994 4071 Dei
3020 4007 3326 4072 naturalis

1760 4125 1876 4186 per
1897 4105 2166 4187 gratiam
2190 4103 2439 4167 unionis
2458 4150 2477 4180 ,
2506 4122 2636 4166 non
2666 4103 2871 4165 solum
2900 4103 3047 4183 quia
3082 4122 3120 4165 a
3150 4101 3327 4184 prin-

1763 4200 1928 4280 cipio
1966 4217 2098 4262 suae
2142 4196 2572 4280 conceptionis
2609 4193 2831 4259 hahuit
2870 4197 3037 4260 hanc
3079 4193 3327 4259 filiatio-'-

1770 4309 1944 4369 nem,
1976 4293 2043 4356 id
2066 4292 2235 4356 enim
2262 4291 2345 4354 ad
2372 4291 2820 4374 proprietatem
2838 4289 3172 4354 locutionis
3199 4308 3325 4353 non

1769 4387 1997 4452 sufficit
2038 4385 2233 4468 (alias
2278 4387 2469 4450 etiam
2516 4385 2709 4450 Beata
2748 4381 2937 4468 Virgo
2991 4389 3156 4449 esset
3197 4383 3329 4450 filia

1765 4481 1880 4546 Dei
1921 4479 2263 4558 naturalis,
2290 4485 2353 4543 et
2379 4477 2602 4562 Angeli
2643 4477 2992 4560 similiter),
3027 4475 3140 4542 sed
3176 4473 3330 4560 quia

1764 4573 1856 4636 ita
1881 4573 2103 4639 habuit
2128 4593 2167 4636 a
2190 4572 2524 4658 principio,
2555 4579 2623 4636 ut
2651 4579 2715 4636 et
2745 4573 2883 4655 ipsa
2910 4572 3163 4636 unionis
3189 4589 3332 4653 gra·

1763 4669 1853 4731 tia
1890 4669 2231 4732 intrinseca
2258 4667 2352 4730 illi
2389 4665 2603 4743 fuerit,
2628 4664 2777 4745 quia
2800 4665 3114 4748 perillam
3148 4664 3331 4748 quasi

1761 4761 2107 4825 formaliter
2136 4760 2537 4824 constituitur
2562 4761 2666 4823 hic
2706 4759 2898 4823 homo
2928 4759 3230 4836 Christus,
3261 4765 3333 4823 ιιι

1762 4855 2041 4917 Christus
2086 4861 2181 4918 est
2199 4899 2222 4934 ,
2275 4859 2337 4917 et
2386 4871 2605 4916 rursus
2650 4852 2801 4934 quia
2849 4871 2928 4916 ex
2953 4853 3012 4914 vi
3044 4853 3331 4934 ejusdem

1768 4949 2021 5010 unionis
2052 4939 2244 5010 habet
2272 4941 2443 5010 illam
2474 4943 3035 5009 sanctificationem
3082 4953 3145 5009 et
3180 4945 3334 5009 illud

1759 5043 1867 5123 jus
1896 5039 1979 5105 ad
2008 5041 2435 5105 hoereditatem
2475 5048 2802 5119 aeternam,
2832 5055 2872 5102 a
2899 5041 3125 5121 quihus
3164 5035 3333 5102 filius

1766 5137 2232 5200 denominatur.
2278 5135 2375 5198 Ad
2422 5135 2690 5215 primam
2720 5151 2870 5216 ergo
2914 5135 3335 5218 objectionem

1767 5229 2054 5294 absolute
2083 5237 2292 5313 potest
2313 5229 2539 5309 negari
2565 5227 2771 5308 major
2796 5232 3161 5310 propositio,
3190 5231 3333 5291 siin

1769 5345 1960 5389 sensu
1992 5325 2308 5390 exclusivo
2334 5323 2747 5406 intelligatur,
2778 5324 3014 5388 scilicet
3038 5342 3164 5387 non
3195 5340 3334 5388 esse

1769 5419 1963 5483 alium
2014 5419 2276 5484 modum
2342 5415 2653 5482 naturalis
2706 5416 3053 5494 filiationis,
3110 5424 3339 5500 praeter

1771 5529 1918 5577 eum
1954 5513 2064 5592 qui
2096 5519 2193 5576 est
2222 5531 2339 5595 per
2364 5511 2717 5578 naturalem
2756 5515 3246 5592 generationem.
3276 5515 3335 5576 Si
