3892 6167
1313 384 1634 439 mamm.
1669 384 1846 439 xxxi.
1879 384 2055 439 SEG'I'.
2094 388 2175 439 tx.

127 487 588 568 duplexratio,
619 494 690 549 nt
713 487 1065 551 secundum
1088 486 1350 549 altera-
1391 484 1696 564 intelliga-

125 590 232 644 tur
257 582 426 643 actio
457 599 600 645 esse
625 580 1102 643 accommodata
1129 580 1566 653 instrumente,
1599 595 1700 639 se-

121 676 414 738 eundum
446 675 710 737 alteram
728 692 878 735 vero
899 673 1223 753 principali
1253 672 1499 743 virtuti3
1533 676 1604 733 ut
1628 671 1694 733 in

127 769 428 851 exemplo
451 768 682 849 posito,
713 774 894 830 aetus
923 766 1338 845 intelligendi,
1367 770 1438 827 ut
1466 768 1562 827 est
1593 782 1698 827 ac·-

123 870 230 925 tus
265 863 438 933 vitae,
465 862 695 924 dicitur
733 878 876 923 esse
917 860 998 921 ab
1041 858 1366 921 intellectu
1389 902 1405 931 ,
1451 864 1520 921 ut
1545 877 1694 921 vero

121 962 224 1017 est
269 954 746 1034 reproesentatio
797 953 938 1015 talis
981 952 1213 1031 obiecti
1231 998 1248 1025 ,
1295 952 1522 1015 dicitur
1557 970 1695 1015 esse

121 1050 208 1111 ab
237 1048 480 1127 specie.
523 1048 788 1127 Sed(ut
811 1064 1001 1126 supra
1039 1046 1205 1116 dixi,
1257 1062 1455 1125 agens
1495 1044 1576 1107 de
1605 1044 1695 1106 lu-

119 1140 300 1203 mine
323 1141 606 1205 scientim
635 1140 900 1217 infusae)
931 1138 1052 1201 hoc
1095 1139 1304 1201 solum
1341 1137 1693 1200 secundum

123 1234 473 1312 quamdam
497 1232 1146 1298 accommodationem
1173 1230 1438 1311 intelligi
1461 1236 1690 1311 potest,

123 1328 206 1389 ad
233 1328 656 1407 assignandas
681 1327 958 1389 rationes
1003 1326 1124 1388 sub
1165 1325 1395 1405 quibus
1433 1326 1694 1387 effectus

123 1423 416 1502 procedit
465 1442 504 1485 a
549 1422 814 1485 diversis
857 1421 1204 1503 principiis,
1253 1438 1368 1483 seu
1419 1419 1694 1482 rationes

123 1520 390 1595 propter
416 1533 576 1595 quas
617 1514 770 1577 talia
795 1514 1104 1594 principia
1133 1513 1496 1579 necessaria
1523 1518 1690 1576 sunt.

123 1611 310 1684 Nam,
332 1606 654 1686 loquendo
677 1608 758 1671 de
785 1608 1012 1671 effectu
1037 1614 1224 1686 prout
1252 1607 1318 1669 in
1339 1624 1412 1669 re
1439 1606 1573 1685 ipsa
1597 1605 1691 1682 fit,

119 1701 284 1763 nibil
307 1702 374 1762 in
405 1702 542 1781 ipso
569 1708 670 1763 est
691 1700 864 1779 qnod
889 1718 1022 1763 uon
1061 1700 1144 1763 ab
1171 1706 1440 1778 utroque
1470 1699 1694 1781 princi·

117 1797 232 1876 pio
257 1794 597 1876 procedat,
619 1794 770 1875 quia
797 1796 868 1857 in
889 1795 1122 1877 reipsa
1161 1802 1450 1857 estuans
1495 1799 1560 1855 et
1604 1794 1693 1855 in-

121 1890 456 1953 divisibilis
485 1890 769 1964 effectus,
799 1895 873 1952 ut
911 1890 978 1951 iu
1021 1888 1312 1969 exemplo
1335 1888 1483 1951 dato
1509 1888 1692 1949 facile

117 1988 340 2064 patet,
379 1983 538 2047 etin
567 1984 994 2064 superioribus
1021 1983 1412 2047 declaratum
1443 1989 1560 2045 est.
1591 1982 1694 2045 Di-

121 2080 266 2141 vina
298 2078 496 2159 igitur
537 2078 956 2140 instrumenta
986 2078 1256 2140 maxime
1285 2078 1510 2139 similia
1539 2083 1686 2140 sunt

129 2173 228 2235 his
247 2191 390 2251 qnae
415 2172 492 2235 in
514 2170 634 2235 hoc
656 2172 836 2234 tertio
867 2190 1098 2253 genere
1123 2172 1544 2244 collocantur-3
1573 2173 1687 2233 im-

129 2266 400 2329 mediate
425 2265 600 2329 enim
627 2266 946 2347 attingunt
971 2266 1180 2345 ipsum
1203 2266 1496 2329 effectum
1519 2264 1688 2345 prin-

123 2360 342 2439 cipalis
368 2357 644 2439 agentis,
661 2366 732 2421 ut
763 2358 932 2421 verbi
965 2358 1188 2439 gratia,
1215 2358 1688 2421 suscitationem

124 2453 382 2525 mortui,
409 2453 898 2532 productionem
934 2453 1176 2532 gratim,
1209 2459 1328 2516 etc.
1361 2452 1690 2531 Attingunt

127 2550 334 2609 autem
365 2547 488 2609 bos
525 2544 786 2609 effectus
811 2590 832 2620 ,
875 2564 1004 2607 non
1037 2563 1114 2611 ex
1139 2548 1198 2608 vi
1226 2546 1528 2609 naturalis
1555 2564 1686 2607 suae

135 2640 368 2703 virtutis
411 2644 480 2702 et
505 2640 930 2719 perfectionis,
979 2656 1122 2719 quae
1170 2638 1428 2701 inferior
1469 2646 1584 2712 ost,
1625 2646 1689 2702 et

131 2725 350 2795 natura
396 2750 514 2795 sna
549 2751 680 2795 non
727 2732 1004 2812 postulat
1051 2733 1242 2795 talem
1277 2732 1514 2813 agendi
1557 2750 1690 2793 mo-

125 2826 298 2903 dum,
323 2844 538 2907 neque
566 2826 648 2887 ad
675 2825 852 2889 illum
880 2825 1074 2889 habet
1097 2843 1478 2889 concursum
1518 2824 1688 2887 debi-

129 2926 278 2995 tum,
307 2918 426 2981 sed
455 2920 698 3001 indiget
723 2934 1030 2981 concursu
1079 2923 1143 2982 et
1191 2918 1434 2981 influxu
1463 2918 1690 2997 princi-

129 3014 280 3093 palis
309 3013 584 3093 agentis,
611 3014 720 3092 qui
743 3012 1098 3093 specialiori
1117 3018 1183 3075 et
1203 3012 1506 3092 superiori
1535 3030 1692 3091 quo·-

129 3107 268 3169 dam
319 3106 519 3169 modo
569 3106 849 3169 exhiberi
893 3106 1106 3181 debet,
1155 3109 1220 3169 et
1273 3105 1418 3169 ideo
1464 3106 1686 3167 merito

129 3202 252 3263 hec
293 3202 722 3265 instrumenta
763 3200 827 3261 in
873 3200 993 3262 hoc
1029 3197 1216 3263 tertio
1251 3199 1470 3263 ordine
1497 3199 1688 3261 collo-

127 3300 372 3357 cantur.

196 3390 258 3449 9.
304 3388 394 3449 Ia
420 3386 654 3451 divinis
690 3386 1114 3451 immonis
1139 3404 1262 3451 non
1299 3394 1388 3451 eet
1419 3402 1686 3451 messea-

125 3482 218 3545 ria
239 3483 406 3544 actio
429 3482 670 3559 proevia
693 3480 778 3543 ad
799 3483 1080 3560 effectum
1110 3481 1482 3563 principalis
1501 3496 1686 3558 ayan-

129 3574 408 3637 tis.—Ex
427 3590 556 3652 quo
585 3571 872 3635 discursu
897 3572 1148 3635 tandem
1183 3572 1596 3647 concluditur,
1619 3573 1682 3633 in

133 3666 221 3727 bis
241 3666 686 3731 instrumentis
709 3683 837 3727 non
859 3682 1002 3729 esse
1025 3683 1140 3746 per
1165 3685 1234 3729 se
1264 3669 1326 3729 et
1348 3666 1680 3729 intrinsece

141 3759 548 3824 necessariam
575 3759 894 3825 actionem
932 3759 1227 3839 praeviam
1273 3758 1596 3839 propriam
1619 3764 1682 3819 et

151 3853 600 3917 connaturalem
637 3852 763 3931 ipsi
798 3853 1239 3924 instrumento,
1271 3856 1342 3912 ut
1369 3851 1566 3931 possit
1587 3855 1684 3911 at-

151 3945 368 4025 tingere
415 3945 712 4011 effectum
746 3944 1108 4026 principalis
1141 3944 1425 4023 agentis:
1477 3945 1680 4027 primo

141 4039 402 4116 quidem,
433 4038 586 4119 quia
614 4040 735 4101 boc
761 4056 893 4103 non
935 4044 1032 4101 est
1065 4037 1148 4101 de
1189 4038 1436 4101 ratione
1458 4038 1685 4100 instru-

141 4134 318 4196 menti
346 4140 419 4197 nt
435 4136 570 4209 sic;
593 4137 842 4195 constat
867 4132 1036 4195 enim
1069 4148 1147 4193 ex
1174 4131 1460 4193 discursu
1491 4133 1680 4205 sacto,

143 4224 318 4285 etiam
347 4224 412 4288 in
440 4224 830 4289 naturalibus
873 4223 1300 4287 instrumentis
1343 4242 1474 4284 non
1518 4240 1682 4285 sem·

141 4333 249 4393 per
269 4318 382 4382 hoc
405 4334 546 4381 esse
567 4317 1018 4389 necessarium,
1051 4323 1115 4378 et
1139 4317 1486 4396 praesertim
1508 4315 1575 4377 in
1597 4314 1679 4375 iis

141 4426 274 4485 quas
317 4410 397 4471 ad
425 4411 722 4481 ultimum
757 4409 1046 4473 ordinem
1071 4408 1406 4488 pertinent,
1451 4408 1678 4486 quibus

139 4500 342 4563 divina
391 4503 810 4568 instrumenta
863 4502 1160 4565 similiora
1197 4508 1368 4565 sunt.
1415 4501 1676 4574 Deinde,

140 4593 306 4672 qnia,
329 4596 620 4662 lieethoc
636 4600 808 4662 esset
835 4596 1258 4660 necessarium
1281 4596 1350 4657 in
1373 4595 1680 4657 naturali-

140 4687 262 4747 bus
279 4689 724 4761 instrumentis,
747 4707 888 4769 qum
915 4688 1186 4753 naturali
1209 4689 1434 4751 virtute
1461 4694 1524 4749 et
1539 4688 1680 4767 jux-

141 4786 216 4841 ta
236 4784 568 4853 naturalem
615 4783 904 4847 ordinem
948 4788 1312 4861 operantur,
1359 4799 1488 4843 non
1536 4800 1680 4861 pro-

147 4878 354 4950 pterea
367 4882 528 4947 asset
545 4876 770 4939 eadem
792 4876 1133 4942 necessitas
1155 4876 1224 4938 in
1245 4874 1680 4937 instrumentis

149 4964 378 5041 divinis,
401 4988 538 5049 qum
558 4969 762 5035 solum
791 4968 1136 5033 secundum
1165 4969 1506 5047 potentiam
1533 4966 1680 5029 obe·

153 5057 486 5125 dientialem
511 5068 958 5138 assumuntur,
986 5080 1121 5124 non
1143 5060 1300 5140 quiae
1333 5078 1412 5123 ex
1453 5065 1680 5123 natura

159 5152 238 5213 rei
259 5156 600 5219 necessaria
621 5156 748 5217 sint
760 5154 846 5219 ad
871 5156 1188 5229 effectum,
1213 5153 1326 5217 sed
1343 5154 1494 5233 quia
1515 5155 1680 5215 Deus

162 5244 264 5307 illis
285 5250 368 5311 uti
391 5250 540 5313 vnit.
590 5250 780 5329 Cujus
815 5250 1066 5330 signum
1098 5254 1239 5321 est,
1272 5247 1436 5326 quod
1467 5248 1680 5326 hujus-

165 5340 312 5401 modi
347 5343 759 5406 instrumeuta
787 5360 916 5403 non
961 5349 1108 5405 sunt
1155 5340 1568 5405 determinata
1599 5339 1680 5401 ad

169 5428 580 5499 determinatos
605 5434 894 5511 effectuS,
915 5436 1030 5502 sed
1055 5435 1420 5517 simpliciter
1443 5434 1535 5495 uti
1573 5453 1680 5514 po-

171 5530 274 5585 test
287 5528 472 5602 Dens,
511 5536 582 5591 ut
609 5530 1044 5605 insu-umento,
1079 5545 1478 5611 quacumque
1510 5546 1680 5591 crea-

450 5650 618 5695 xvm.

3232 388 3339 447 tm

1777 487 1920 546 tura
1945 484 2027 547 ad
2060 502 2493 565 quoscumque
2520 484 2778 549 effectus
2802 504 2929 549 non
2951 489 3345 569 implicantes

1781 578 2361 641 contradictionem.
2381 578 2555 641 Adde
2579 580 3004 657 nibilominus,
3028 584 3341 646 Christum

1781 688 2033 749 semper
2060 678 2389 751 operatum
2424 690 2563 735 csse
2592 672 2894 735 miracula
2924 693 3041 755 per
3068 678 3341 755 aliquam

1779 766 2105 845 propriam
2136 766 2453 829 actionem
2480 766 2888 829 humanitatis
2912 812 2931 841 ,
2977 770 3073 833 vel
3106 777 3175 834 nt
3200 791 3347 835 con-

1774 878 2001 921 cursus
2028 861 2227 939 ipsius
2256 861 2664 923 humanitatis
2692 863 2900 923 notior
2928 870 3117 939 esset,
3146 872 3215 927 ut
3238 885 3343 929 su-

1777 970 1890 1033 pra
1921 972 2001 1017 ex
2028 955 2257 1035 Cyrillo
2288 954 2653 1017 dicebamus
2677 1001 2697 1031 ‚
2742 956 2845 1019 vel
2880 964 2951 1018 ut
2986 958 3343 1021 humanitas

1775 1047 2056 1127 perfecto
2111 1048 2321 1124 modo,
2370 1049 2639 1124 scilicet,
2691 1050 2973 1114 humano
3016 1059 3083 1113 et
3116 1052 3339 1130 libero,

1775 1147 1987 1219 posset
2026 1141 2107 1202 ad
2150 1142 2281 1203 haec
2322 1141 2625 1203 miracula
2657 1142 2943 1205 facienda
2991 1146 3333 1225 applicari,

1773 1234 1949 1311 quod
1974 1232 2109 1297 fieri
2160 1234 2491 1315 oportebat
2518 1252 2631 1313 per
2658 1235 2966 1299 actionem
2999 1239 3341 1303 voluntatis

1773 1326 2067 1389 humanm
2092 1329 2189 1389 vel
2218 1328 2615 1407 imperatam,
2642 1329 2745 1391 vel
2768 1329 3061 1393 elicitam.
3092 1333 3203 1394 Illa
3232 1350 3340 1396 ve·

1773 1437 1846 1483 ro
1873 1420 2033 1483 actio
2065 1421 2473 1483 humanitatis
2500 1467 2519 1495 ,
2551 1440 2667 1502 per
2694 1440 2887 1502 quam
2930 1424 3201 1488 faciebat
3226 1427 3344 1487 mi-

1771 1514 2081 1584 raculum.
2132 1534 2265 1577 non
2307 1516 2561 1595 proprie
2606 1524 2742 1581 erat
2790 1518 2953 1581 actio
2998 1521 3226 1599 praevia
3258 1521 3342 1582 ad

1775 1609 2087 1671 actionem
2136 1610 2497 1689 principalis
2530 1610 2777 1691 agentis
2802 1654 2817 1685 ,
2872 1612 2985 1674 scd
3026 1614 3343 1677 interdum

1777 1707 1916 1765 erat
1947 1702 2141 1765 veluti
2192 1702 2527 1784 applicatio
2578 1704 2777 1784 ipsius
2826 1705 3223 1769 instrumenti
3262 1708 3346 1771 ad

1771 1814 2063 1877 passuum
2088 1802 2155 1859 ut
2178 1796 2433 1875 quando
2458 1816 2573 1877 per
2599 1804 2955 1862 contactum
2984 1800 3191 1863 carnis
3212 1818 3343 1863 sum

1773 1889 2191 1953 vivificatricis
2220 1891 2485 1955 sanabat
2512 1900 2840 1972 aegrotum,
2873 1894 2975 1956 vel
3002 1895 3345 1957 suscitabat

1771 1990 2089 2047 mortuum
2115 2002 2131 2057 3
2166 2000 2317 2045 nam
2348 1985 2611 2047 effectus
2639 1985 2741 2047 ille
2766 2004 2987 2050 revera
3016 1988 3341 2051 immedia-

1765 2084 1830 2139 te
1857 2083 1993 2139 erat
2016 2078 2097 2139 ab
2126 2077 2266 2157 ipsa
2298 2096 2519 2150 carne,
2544 2084 2871 2142 contactus
2902 2088 3111 2143 autem
3136 2081 3341 2145 solum

1767 2176 1904 2233 erat
1937 2170 2375 2249 utapplicatio
2428 2176 2491 2233 et
2534 2172 2811 2235 conditio
2839 2216 2859 2249 ,
2910 2192 3039 2235 non
3084 2176 3343 2253 quidem

1767 2263 2145 2337 necessaria,
2176 2263 2296 2325 sed
2326 2263 2705 2341 voluntaria,
2726 2271 2788 2327 et
2816 2266 2898 2327 ad
2921 2267 3149 2329 melius
3176 2286 3335 2331 esse.

1767 2357 2092 2419 Interdum
2114 2376 2263 2417 vero
2284 2356 2553 2437 ipsemet
2576 2364 2753 2421 actus
2770 2358 3177 2423 humanitatis
3206 2369 3341 2425 erat

1769 2452 2125 2533 proximum
2160 2453 2657 2515 instrumentum
2688 2470 2815 2532 quo
2842 2452 3037 2515 fiebat
3066 2457 3340 2517 miracu-

1773 2546 1928 2619 lum,
1958 2552 2048 2620 nt,
2066 2544 2241 2606 verbi
2264 2547 2487 2625 gratia,
2520 2547 2571 2607 si
2602 2562 2715 2623 per
2738 2552 2947 2607 actum
2974 2549 3334 2626 voluntatis,

1769 2638 1870 2699 vel
1898 2656 2015 2717 per
2040 2638 2329 2714 verbum,
2358 2638 2613 2717 aliquod
2640 2638 2913 2703 faciebat
2934 2640 3331 2715 miraculum,

1769 2732 2043 2811 ipsamet
2062 2750 2183 2793 vox
2208 2748 2337 2793 non
2366 2738 2495 2793 tam
2528 2738 2663 2813 erat
2684 2734 2844 2817 actio
2867 2734 3123 2811 praevia,
3144 2754 3335 2814 quam

1771 2826 2129 2906 proximum
2160 2826 2643 2889 instrumentum
2668 2845 2707 2887 a
2726 2844 2853 2905 quo
2871 2827 3033 2889 actio
3060 2829 3333 2893 miracu-

1769 2918 1905 2983 losa
1933 2918 2355 2999 dependebat,
2380 2920 2538 2981 sicut
2566 2920 2829 2981 inferius
2862 2921 2927 2981 in
2956 2921 3143 2985 simili
3166 2924 3333 2985 dice-

1769 3030 1914 3076 mus
1945 3012 2157 3085 latius,
2184 3019 2445 3091 agentes
2468 3011 2549 3075 de
2578 3014 3009 3076 sacramentis·

1850 3106 2054 3169 10Jn
2080 3104 2399 3169 miraculis
2424 3106 2664 3169 Christi
2686 3123 2812 3171 una
2838 3112 2897 3171 et
2921 3108 3119 3171 eadem
3142 3110 3327 3181 actio,

1769 3198 2135 3274 divinitatis,
2166 3205 2237 3263 ut
2262 3200 2635 3279 principalis
2661 3201 2920 3280 agentis,
2956 3207 3014 3263 ec
3050 3202 3331 3265 mamani-

1769 3292 1942 3365 tatie‚
1973 3296 2043 3355 ut
2072 3291 2669 3355 instrumenta—Ex
2691 3310 2817 3371 quo
2840 3293 3096 3355 tandem
3133 3293 3223 3359 fit.
3266 3296 3329 3357 in

1765 3382 2126 3463 hujusmodi
2166 3384 2531 3463 operatione
2573 3384 2947 3447 miraculosa
2978 3386 3329 3467 humanita-

1767 3478 1866 3551 tis,
1915 3494 2109 3539 unam
2150 3482 2213 3537 et
2242 3477 2531 3539 eamdem
2554 3476 2749 3539 fuisse
2778 3478 3087 3539 actionem
3111 3524 3131 3553 ‚
3178 3480 3329 3559 quia

1764 3570 2127 3633 immediate
2171 3568 2365 3631 fiebat
2404 3570 2665 3633 effectus
2710 3570 2791 3633 ab
2836 3571 3225 3633 humanitate
3259 3580 3329 3635 ut

1772 3664 1854 3727 ab
1887 3663 2328 3736 instrumento,
2378 3674 2441 3725 et
2486 3680 2523 3725 a
2552 3662 2870 3725 divinitate
2900 3669 2971 3727 ut
2996 3665 3328 3747 principali

1768 3756 2029 3831 virtute,
2060 3761 2209 3818 ante
2244 3772 2435 3834 quam
2469 3755 2778 3819 actionem
2824 3775 2955 3819 non
2988 3766 3083 3819 est
3108 3777 3330 3823 neccs-

1769 3850 2007 3913 sarium
2036 3848 2383 3927 intelligere
2420 3848 2610 3909 aliam
2656 3848 2975 3928 propriam
3011 3851 3206 3929 ipsius
3234 3854 3326 3915 in-

1767 3941 2122 4005 strumenti.
2166 3940 2347 4013 Quod
2386 3940 2441 4001 si
2466 3940 2733 4005 velimus
2762 3943 3229 4021 proportionem
3258 3944 3325 4006 in

1765 4036 2061 4099 omnibus
2088 4052 2342 4097 servare
2374 4051 2519 4097 cum
2558 4034 2991 4098 instrumentis
3018 4037 3323 4101 naturali-

1761 4128 1906 4204 bus,
1932 4146 2311 4207 quanquam
2332 4127 2402 4189 id
2428 4127 2849 4191 necessarium
2878 4147 3005 4190 non
3034 4130 3149 4204 sit,
3178 4150 3321 4195 cum

1762 4222 1900 4283 haec
1927 4222 2345 4283 instrumenta
2364 4238 2489 4281 non
2505 4220 2781 4283 habeant
2798 4223 3149 4285 naturalem
3175 4243 3320 4305 pro-

1759 4316 2113 4395 portionem
2136 4362 2149 4384 ,
2194 4319 2257 4376 et
2288 4314 2743 4375 connexionem
2772 4332 2916 4377 cum
2947 4315 3173 4379 effectu
3192 4360 3207 4389 ,
3238 4320 3318 4385 si·

1761 4414 1867 4471 cut
1899 4407 2004 4469 illa
2027 4450 2043 4481 ,
2074 4406 2215 4469 fieri
2253 4412 2467 4468 tamen
2492 4407 2703 4486 aliquo
2740 4408 2927 4469 modo
2956 4415 3165 4487 potest
3190 4412 3317 4475 dis·

1762 4500 2107 4581 tinguendo
2128 4500 2195 4561 in
2222 4499 2343 4563 hac
2370 4501 2637 4573 actione,
2662 4503 2726 4563 et
2748 4499 2981 4563 effectu
3004 4503 3317 4581 duplicem

1761 4595 2103 4670 rationem3
2146 4599 2459 4673 quatenus
2508 4594 2679 4655 enim
2732 4592 2993 4660 effectus
3038 4596 3145 4658 ille
3191 4606 3315 4674 est,

1758 4686 1935 4749 verbi
1964 4684 2189 4766 gratia,
2216 4686 2607 4765 participatio
2630 4684 2923 4764 quaedam
2954 4688 3179 4751 divinae
3214 4712 3318 4755 na-

1761 4786 1940 4854 turae,
1976 4778 2236 4855 scilicet,
2276 4779 2499 4859 gratia,
2530 4778 2631 4841 vel
2662 4778 2901 4857 aliquid
2928 4779 3314 4860 hujusmodi,

1730 4935 1736 4941 ,
1763 4877 1860 4935 est
1883 4891 1922 4933 a
1951 4873 2119 4945 Deo;
2148 4876 2463 4950 quatenus
2499 4890 2651 4933 vero
2678 4877 2775 4935 est
2800 4890 2903 4933 res
2934 4875 3223 4951 quaedam
3248 4878 3303 4941 fi-

1759 4968 1912 5040 nita,
1945 4982 2087 5042 quac
2118 4964 2199 5027 ab
2226 4964 2349 5027 alia
2398 4964 2575 5027 finita
2620 4962 2903 5045 pendere
2940 4974 3187 5045 potest,
3230 4974 3318 5036 sic

1757 5059 2128 5138 intelligitur
2150 5076 2291 5121 esse
2320 5058 2403 5119 ab
2432 5058 2845 5121 instrumento
2872 5066 3103 5123 creato.
3138 5065 3213 5126 Et
3242 5086 3319 5139 ,ex

1761 5155 1858 5218 his
1907 5152 2089 5215 facilc
2143 5152 2472 5231 expeditur
2514 5150 2847 5213 difficultas
2892 5154 2955 5213 in
3014 5158 3319 5237 principio

1761 5247 1954 5327 liujus·
1994 5246 2290 5312 sectionis
2333 5252 2527 5320 tacta,
2576 5246 2676 5309 cui
2706 5247 2907 5326 magis
2934 5264 3012 5309 cx
3041 5250 3321 5314 dicendis

1761 5337 2043 5403 satisfiet.
2338 5400 2343 5407 ,

1845 5438 1942 5497 Μ.
1992 5434 2276 5513 objectio.
2298 5466 2380 5483 -
2405 5434 2755 5513 Responsio.
2780 5466 2865 5481 —
2886 5434 3181 5500 Creatura
3212 5456 3321 5517 po·

1761 5532 1878 5593 teet
1903 5544 2029 5595 mo
2057 5528 2523 5594 instrumentum
2551 5525 2894 5591 ornationis.
2924 5558 3003 5575 -
3027 5528 3115 5590 Ex
3142 5528 3321 5593 dictis
