3892 6167
623 490 838 547 menta
876 483 977 549 vel
1013 481 1277 547 ministri
1324 486 1858 547 sacramentorum
1900 487 2048 543 sunt
2089 481 2182 541 in-

622 584 971 641 strumenta
998 575 1221 641 Christi
1250 576 1331 639 ad
1370 576 1841 659 producendam
1868 575 2178 654 gratiam;

624 672 903 735 Christus
946 670 1137 751 igitur
1172 670 1375 733 altiori
1422 670 1611 733 modo
1652 670 1821 733 illam
1850 668 2180 749 producit,

624 769 815 846 atque
845 764 1006 828 adeo
1035 768 1106 826 ut
1134 762 1493 845 principalis
1519 780 1731 825 cansa.
1764 763 2026 843 Propter
2050 762 2186 825 haec

626 862 691 922 et
734 858 960 921 similia
998 860 1394 938 argumenta,
1428 857 1715 921 nonnulli
1749 855 1883 919 ausi
1923 861 2070 917 sunt
2097 853 2190 917 di·

627 970 773 1015 cere
796 950 1107 1015 Christum
1132 950 1373 1013 efficere
1402 952 1665 1030 gratiam
1694 966 1809 1030 per
1836 948 2188 1011 humanita-

622 1050 775 1121 tem,
822 1049 1127 1125 tanquam
1150 1062 1263 1124 per
1284 1062 1541 1106 causam
1567 1044 2004 1124 principalem,
2047 1061 2188 1123 quoe

624 1138 933 1203 sententia
956 1138 1148 1199 habet
1170 1138 1449 1217 speciem
1476 1136 1723 1218 pietatis
1751 1137 2046 1216 aliquam,
2078 1154 2188 1199 ve·

626 1231 826 1295 ritatis
852 1236 1067 1295 autem
1096 1236 1204 1293 aut
1238 1230 1688 1310 probabilitatis
1717 1232 1996 1305 nullam3
2035 1231 2190 1310 quin

624 1324 855 1405 potius,
880 1324 1197 1406 loquendo
1230 1324 1311 1387 de
1336 1342 1530 1387 causa
1557 1325 1811 1406 proprie
1842 1331 1903 1387 et
1928 1324 2190 1405 physice

626 1417 959 1491 efficiente,
1004 1424 1077 1481 ut
1122 1434 1295 1481 nunc
1324 1418 1663 1498 loquimur,
1720 1418 2005 1481 existimo
2047 1434 2188 1481 esse

627 1510 881 1575 omnino
902 1511 1123 1575 falsam
1142 1516 1207 1576 et
1224 1514 1645 1576 temerariam.
1669 1515 1850 1589 Nam,
1868 1513 2018 1593 loqu
2027 1512 2190 1575 endo

625 1603 705 1667 de
756 1624 949 1667 causa
988 1606 1349 1684 meritoria,
1404 1613 1613 1688 potest
1664 1608 1725 1669 in
1779 1624 2014 1687 genere
2065 1605 2188 1669 dici

626 1697 905 1761 Christus
948 1716 1143 1763 causa
1198 1700 1559 1780 principalis
1582 1748 1603 1777 ,
1658 1707 1729 1764 ιιι
1784 1700 2064 1779 loquitur
2111 1702 2182 1763 D.

628 1792 882 1868 Thom„
910 1793 977 1855 in
1002 1798 1067 1869 4,
1104 1793 1166 1855 d.
1200 1796 1261 1867 5,
1296 1810 1357 1873 q.
1390 1796 1453 1868 2,
1484 1800 1599 1857 art.
1634 1799 1695 1872 2,
1726 1794 2094 1874 quaestiunc.
2125 1796 2188 1871 23

629 1884 779 1965 quia
799 1886 1055 1967 propria
1072 1886 1297 1951 virtute
1322 1894 1385 1950 et
1402 1888 1705 1969 dignitate
1732 1887 1931 1968 potuit
1953 1887 2192 1967 perfec·

630 1979 870 2041 tissime
916 1980 1147 2045 mereri
1172 2028 1192 2056 ,
1228 1988 1291 2045 et
1325 1982 1619 2045 meritum
1657 1984 1795 2061 ejus
1829 1982 1974 2062 plus
1996 1981 2191 2045 valuit

629 2089 823 2150 quam
846 2074 1055 2137 omnis
1079 2075 1281 2155 gratia
1302 2080 1511 2138 creata
1534 2097 1552 2151 3
1583 2093 1753 2137 nunc
1776 2093 1927 2139 vero
1951 2093 2080 2137 non
2109 2076 2190 2139 de

628 2166 749 2228 hac
780 2185 971 2232 causa
1000 2169 1271 2250 agimus,
1310 2168 1425 2231 sed
1448 2168 1529 2233 de
1558 2187 1751 2231 causa
1777 2170 2032 2249 propria
2057 2168 2192 2232 effi·

628 2259 853 2322 ciente.

706 2357 768 2417 2.
813 2354 1200 2421 Humanitas
1230 2353 1460 2422 Christi
1490 2358 1559 2421 in
1584 2358 1907 2425 miraculis
1934 2359 2191 2437 efficim-

624 2446 727 2511 dis
750 2447 944 2511 solum
976 2466 1040 2513 80
1069 2449 1243 2514 habet
1274 2456 1343 2514 ιιι
1380 2450 1849 2517 instrumentum·
1893 2452 2088 2520 Verbi.
2109 2486 2194 2501 —

624 2538 775 2601 Dico
796 2557 947 2621 ergo
967 2541 1193 2621 primo,
1214 2542 1675 2607 humanitatem
1696 2544 1919 2607 Christi
1943 2546 2194 2607 Domini

626 2648 755 2693 non
800 2631 991 2695 fuisse
1029 2635 1407 2715 principium
1449 2638 1793 2718 principale
1836 2638 2192 2717 proximum

626 2725 711 2787 ad
746 2726 1074 2789 efficienda
1105 2728 1411 2791 miracula
1432 2778 1453 2810 ‚
1508 2732 1621 2795 sed
1648 2732 1856 2795 solum
1882 2750 2194 2813 organum

626 2836 743 2881 seu
782 2818 1271 2883 instrumentum
1309 2822 1495 2885 Verbi
1527 2823 1743 2887 divini.
1790 2826 1883 2887 Ita
1917 2826 2194 2889 sentiunt

628 2930 851 2975 omnes
894 2914 1199 2995 Theologi
1256 2916 1641 2996 praecedenti
1702 2916 1978 2981 sectione
2025 2920 2192 2985 citati

624 3023 741 3085 pro
769 3012 1036 3085 utraque
1064 3010 1377 3073 sententia
1395 3010 1483 3071 ibi
1508 3014 1793 3088 tractata,
1826 3014 1933 3091 qui
1953 3014 2194 3094 potissi-

624 3115 801 3161 mum
824 3101 1203 3163 conveniunt
1228 3101 1291 3163 in
1315 3110 1495 3183 parte
1522 3106 1813 3186 negativa
1834 3105 2022 3187 hujus
2045 3124 2193 3169 con·

622 3191 943 3269 clusioniS.
980 3192 1191 3257 Patres
1214 3196 1407 3259 etiam
1426 3197 1516 3260 ibi
1543 3198 1735 3273 citati,
1766 3200 1848 3262 ad
1876 3218 2192 3263 summum

623 3283 909 3349 tribuunt
957 3288 1333 3352 humanitati
1387 3291 1609 3353 Christi
1658 3293 1831 3372 quod
1882 3295 1960 3357 sit
2006 3296 2192 3358 Verbi

624 3376 1112 3443 instrumentum
1178 3382 1261 3444 ad
1315 3384 1433 3445 hos
1492 3385 1753 3448 effectus
1811 3387 2189 3451 efficiendos.

626 3470 889 3537 Ratione
940 3474 1121 3537 facile
1164 3474 1583 3540 demonstrari
1631 3484 1859 3559 potest,
1916 3483 2087 3561 quia,
2141 3484 2196 3547 si

624 3565 986 3629 humanitas
1040 3574 1257 3648 posset
1302 3589 1671 3635 concurrere
1732 3579 1803 3637 ut
1851 3576 2194 3657 principale

622 3659 1003 3739 principium
1046 3661 1124 3724 ad
1166 3662 1283 3724 has
1324 3665 1625 3742 actiones,
1664 3667 1765 3729 vel
1794 3668 1858 3729 id
1886 3676 2054 3732 esset
2079 3688 2192 3751 per

624 3750 923 3832 seipsam,
952 3754 1053 3817 vel
1078 3772 1192 3835 per
1222 3756 1497 3836 aliquam
1536 3758 1832 3823 virtutem
1860 3761 1947 3823 illi
1981 3780 2196 3842 super-

624 3844 905 3907 additam
936 3865 951 3907 :
985 3838 1259 3927 primum
1286 3849 1409 3911 dici
1432 3867 1562 3912 non
1590 3859 1818 3932 potest,
1846 3854 2019 3933 quia,
2049 3874 2194 3917 cum

626 3938 987 4001 humanitas
1044 3940 1123 4003 de
1180 3961 1251 4005 se
1312 3960 1443 4005 non
1497 3944 1730 4008 habeat
1785 3946 2192 4011 intrinsecam

627 4034 921 4096 virtutem
955 4034 1369 4099 sufficientem
1412 4037 1497 4098 ad
1540 4039 1710 4101 hunc
1756 4040 2050 4103 effectum
2075 4087 2092 4116 ,
2137 4044 2189 4104 si

626 4126 783 4189 nihil
806 4128 863 4189 ci
885 4129 1365 4208 superaddatur,
1395 4131 1569 4193 nullo
1598 4132 1789 4195 modo
1810 4136 2056 4214 operari
2083 4154 2192 4215 po·

628 4225 751 4283 test
780 4226 851 4283 ut
876 4222 1234 4303 principalis
1256 4242 1469 4299 causa,
1502 4224 1581 4289 de
1610 4226 1795 4306 cujus
1819 4229 2065 4291 ratione
2095 4240 2191 4291 est

628 4319 697 4375 ut
720 4312 951 4376 habeat
980 4314 1385 4378 intrinsecam
1412 4317 1707 4380 virtutem
1727 4362 1743 4394 ,
1786 4325 1851 4382 et
1878 4322 2192 4383 sufficien-

624 4413 753 4468 tem
784 4405 865 4467 ad
890 4406 1205 4484 effectum,
1236 4415 1299 4471 et
1321 4413 1392 4471 ut
1414 4409 1611 4489 possit
1637 4411 1817 4473 illum
1839 4414 2190 4492 producere

626 4499 685 4563 vi
718 4518 833 4561 sua
857 4544 873 4575 ‚
910 4506 976 4563 et
1002 4518 1081 4563 ex
1108 4520 1421 4565 concursu
1446 4504 1665 4583 primae
1694 4523 1901 4567 causae
1932 4507 2052 4569 sibi
2083 4508 2194 4571 dc-

622 4594 755 4655 bito
770 4609 794 4671 3
824 4596 887 4657 et
916 4595 1062 4658 ideo
1088 4594 1171 4657 ad
1198 4596 1320 4660 hoc
1348 4614 1479 4657 non
1500 4597 1652 4659 satis
1678 4600 1777 4661 est
1804 4598 2194 4665 obedientia·-

620 4687 701 4749 lis
728 4689 1032 4767 potentia,
1064 4706 1207 4770 quae
1240 4690 1511 4769 pertinet
1540 4690 1622 4753 ad
1654 4692 1966 4757 rationem
1999 4694 2192 4757 divini

624 4780 1045 4859 instrumenti,
1081 4789 1149 4846 ut
1176 4783 1339 4845 infra
1363 4782 1632 4859 dicetur;
1674 4785 1828 4847 alias
1854 4787 2066 4849 omnia
2097 4805 2194 4849 sa-

622 4882 944 4939 cramenta
976 4881 1188 4941 essent
1211 4894 1417 4941 causae
1448 4877 1850 4958 principales,
1880 4880 2032 4959 quia
2065 4879 2192 4943 ele·

622 4974 850 5031 vantur
886 4970 970 5033 ad
1000 4970 1319 5050 agendum
1360 4988 1477 5050 per
1512 4971 1859 5051 potentiam
1886 4972 2191 5035 obedien-

622 5062 851 5125 tialem.
883 5064 1241 5125 Secundum
1267 5063 1456 5125 etiam
1482 5063 1602 5125 dici
1622 5082 1753 5126 non
1775 5070 2007 5146 potest,
2039 5066 2189 5145 quia

618 5155 727 5217 illa
773 5156 970 5218 virtus
1016 5156 1421 5237 superaddita
1464 5174 1595 5219 non
1636 5160 1846 5237 potest
1890 5176 2030 5221 esse
2067 5157 2188 5221 nisi

618 5248 833 5329 aliqua
869 5249 1138 5329 qualitas
1176 5251 1489 5313 inhaerens
1526 5251 1923 5315 humanitati.
1971 5255 2188 5333 Neque

618 5344 791 5409 enim
826 5362 965 5409 esse
1000 5350 1209 5426 potest
1238 5345 1450 5425 aliqua
1479 5344 1681 5407 forma
1714 5344 2142 5409 substantialis
2169 5392 2187 5422 ,

616 5438 765 5517 quia
810 5457 925 5503 nec
967 5446 1179 5519 posset
1222 5457 1361 5503 esse
1402 5438 1470 5501 in
1511 5439 1900 5502 humanitate
1938 5439 2187 5517 Christi,

620 5546 739 5595 nec
766 5548 883 5613 per
908 5531 1179 5613 seipsam
1206 5532 1521 5615 pertinere
1546 5533 1627 5599 ad
1652 5533 1935 5597 ordinem
1969 5552 2192 5615 super-

1856 380 2088 445 QcAEsT.
2127 382 2252 438 xm.
2289 382 2494 439 Anne.
2529 386 2612 439 lv,

2265 484 2642 559 naturalem,
2676 481 2802 543 imo
2831 498 2944 543 nec
2973 480 3417 543 transcendere
3437 486 3662 564 gradum
3677 514 3748 555 au.

2266 575 2536 655 geticum
2560 592 2582 653 ;
2611 580 2857 655 oportet
2893 591 3046 655 ergo
3089 580 3160 637 ut
3193 574 3278 637 sit
3319 573 3514 638 forma
3539 584 3749 649 acciden-

2264 669 2408 733 talis
2429 714 2450 746 ‚
2495 676 2556 733 et
2591 673 3054 749 consequenter
3089 668 3364 749 qualitas
3395 686 3528 749 quie
3559 675 3668 738 sola
3691 688 3750 745 est

2267 762 2640 844 principium
2666 761 2970 844 operandi
2991 780 3008 835 ;
3043 780 3172 825 non
3211 768 3632 843 potestantem
3649 771 3750 855 tingi

2267 872 2476 936 neque
2507 855 2766 935 intelligi
2795 854 3065 935 qualitas
3093 854 3308 935 aliqua
3335 872 3476 934 quae
3499 876 3572 921 ex
3594 869 3752 929 natura

2269 966 2385 1010 sua
2412 948 2642 1012 habeat
2663 948 3076 1011 sufficientem
3092 948 3394 1013 virtutem
3417 950 3496 1012 ad
3513 954 3752 1021 efficienda

2267 1040 2402 1105 haec
2425 1060 2620 1123 opera
2643 1058 2790 1105 cum
2815 1042 2950 1105 solo
2981 1042 3091 1104 Dei
3119 1060 3432 1105 conctusa
3459 1044 3567 1107 sibi
3585 1066 3754 1113 conna-

2269 1136 2474 1199 turali.
2518 1136 2724 1199 Primo
2738 1179 2759 1212 ,
2809 1135 2957 1216 quia
3007 1135 3149 1198 talis
3203 1136 3416 1199 forma
3450 1156 3568 1201 non
3609 1154 3754 1221 posset

2270 1228 2388 1291 hoc
2437 1229 2628 1291 modo
2673 1246 2814 1293 esse
2863 1228 3235 1309 principium
3273 1230 3592 1295 creationis
3609 1254 3624 1309 3
3658 1256 3752 1301 nam

2269 1322 2374 1385 ille
2401 1323 2626 1387 modus
2653 1322 2882 1403 agendi
2914 1321 3221 1402 requirit,
3273 1324 3495 1387 saltem
3521 1326 3579 1387 in
3601 1330 3752 1407 princi·

2269 1416 2396 1496 pali
2425 1422 2654 1497 agente
2677 1458 2700 1493 ‚
2745 1414 3056 1479 infinitam
3083 1415 3386 1480 virtutem
3411 1462 3435 1492 ‚
3483 1424 3548 1479 ut
3569 1420 3754 1485 demon·

2267 1514 2500 1571 stratur
2528 1509 2594 1571 in
2633 1512 2663 1572 1
2703 1515 2894 1589 part.,
2929 1516 3152 1590 quaest.
3196 1512 3308 1587 45,
3355 1516 3472 1573 art.
3503 1514 3572 1586 ὅς
3613 1532 3752 1595 neque

2271 1602 2460 1665 etiam
2515 1608 2730 1683 posset
2797 1621 2936 1665 esse
3005 1604 3389 1684 principium
3455 1605 3752 1673 miraculosa

2272 1696 2805 1759 transmutationis
2834 1697 2926 1759 rei
2953 1698 3088 1777 jam
3117 1696 3450 1761 existentis
3469 1744 3491 1775 ‚
3533 1701 3654 1779 quia
3671 1703 3753 1767 hee

2273 1806 2403 1851 non
2429 1789 2500 1852 fit
2519 1790 2699 1869 juxta
2727 1790 3084 1853 naturalem
3111 1791 3520 1871 capacitatem
3545 1794 3752 1873 subjeci,

2271 1881 2386 1943 sed
2398 1883 2582 1963 juxta
2607 1883 3092 1947 obedientialetn
3115 1903 3134 1958 3
3165 1889 3234 1947 et
3261 1882 3412 1947 ideo
3429 1882 3554 1947 fieri
3573 1904 3674 1949 non
3687 1908 3752 1968 po·

2270 1981 2390 2039 test
2417 1994 2498 2039 ex
2533 1977 2922 2039 connaturali
2951 1978 3180 2041 virtute
3213 1977 3438 2040 formoe
3465 1983 3684 2055 create,
3715 1992 3752 2043 ut

2269 2074 2442 2131 recte
2475 2071 2551 2132 D.
2592 2070 2816 2133 Thom.
2849 2072 3062 2149 sentit,
3104 2075 3136 2133 1
3179 2078 3382 2151 part.,
3427 2078 3628 2152 quaest.
3663 2078 3750 2153 ¹¹5,

2269 2167 2388 2225 art.
2435 2164 2498 2235 Ξ,
2559 2162 2640 2225 ad
2687 2170 3014 2244 quartum,
3077 2165 3228 2245 quia
3284 2182 3651 2245 unaquaequc
3690 2188 3751 2231 rea

2271 2264 2480 2321 creata
2511 2258 2578 2319 in
2603 2258 2724 2321 hoo
2747 2278 2982 2338 genere
3011 2260 3220 2323 solum
3245 2267 3538 2341 respectu
3565 2262 3642 2323 sui
3659 2282 3752 2325 auc·

2269 2352 2426 2415 toris
2471 2359 2534 2414 et
2573 2354 2874 2417 creatoris
2909 2354 3104 2417 habet
3145 2356 3314 2416 hanc
3359 2351 3754 2418 obedientialcm

2271 2445 2622 2527 potentiam
2637 2467 2656 2522 3
2692 2452 2826 2509 tum
2855 2447 3004 2526 quia
3032 2448 3165 2509 hoec
3193 2446 3512 2528 capacitas
3539 2447 3754 2511 ohedien-
3791 2480 3793 2532 ;

2271 2539 2436 2602 tialis
2455 2538 2649 2603 habet
2669 2541 2846 2620 quasi
2869 2558 2984 2621 pro
3007 2540 3257 2621 objecto
3283 2540 3620 2620 adaequato,
3641 2543 3754 2621 quid·
3791 2552 3793 2607 ἰ

2273 2633 2424 2712 quid
2449 2651 2578 2695 non
2609 2640 2952 2715 repugnat,
2989 2641 3054 2698 et
3085 2634 3230 2697 ideo
3267 2634 3477 2697 solum
3505 2632 3632 2695 dicit
3653 2634 3752 2697 ordi·
3791 2640 3793 2690 Ξ

2273 2745 2422 2790 nem
2443 2728 2525 2789 ad
2545 2728 2698 2791 illud
2719 2748 2754 2791 a
2761 2746 2942 2809 gens,
2973 2728 3148 2809 quod
3165 2728 3422 2791 efficere
3445 2733 3624 2808 potest
3641 2728 3751 2806 quid·

2275 2820 2429 2901 quid
2467 2840 2598 2884 non
2643 2829 2991 2903 repugnat,
3041 2823 3214 2903 quod
3259 2822 3312 2883 si
3351 2822 3434 2885 sit
3459 2820 3747 2901 principale,

2271 2932 2533 2979 necesse
2553 2922 2652 2979 est
2679 2922 2756 2989 ut,
2768 2916 3062 2981 virtutem
3085 2916 3322 2979 habeat
3341 2914 3648 2987 infinitam
3669 2920 3750 2973 tum

2275 3008 2462 3071 etiam
2491 3010 2641 3089 quia
2671 3016 2898 3073 natura
2925 3028 3054 3073 non
3083 3008 3296 3073 obedit
3325 3007 3414 3071 ad
3439 3013 3662 3081 nutum,
3684 3005 3750 3065 nisi

2273 3103 2510 3165 auctori
2535 3121 2675 3179 suo,
2720 3103 2890 3165 solus
2915 3103 3088 3165 enim
3113 3107 3340 3165 auctor
3367 3108 3592 3165 naturoe
3617 3105 3750 3179 potes·

2274 3202 2468 3259 tatem
2491 3197 2684 3259 habet
2705 3216 2898 3278 supra
2926 3203 3124 3260 totam
3155 3202 3476 3259 naturam.
3507 3194 3638 3255 Cum
3659 3209 3750 3269 ergo
3789 3219 3791 3247 f

2273 3291 2344 3353 in
2385 3291 2558 3353 omni
2585 3309 2780 3372 opere
2825 3291 3204 3355 miraculoso
3237 3290 3425 3370 quasi
3459 3289 3750 3367 abrogentur

2275 3389 2340 3447 et
2391 3387 2768 3465 rumpantur
2821 3389 3064 3449 naturas
3119 3384 3294 3465 leges
3336 3429 3360 3459 ,
3415 3380 3580 3443 nulla
3627 3379 3752 3439 ιιι-ωε

2275 3484 2486 3543 creata
2519 3484 2728 3560 potest
2754 3478 2876 3542 hoc
2917 3478 3106 3541 modo
3147 3486 3220 3540 ut
3255 3475 3592 3558 principale
3623 3488 3750 3551 agens

2275 3573 2543 3652 operari,
2577 3571 2694 3635 sed
2715 3572 2886 3635 solus
2909 3570 3012 3633 ille
3035 3572 3145 3651 qui
3174 3577 3272 3633 est
3293 3588 3488 3651 supra
3511 3581 3690 3629 omnes
3705 3563 3753 3620 le-

2275 3683 2390 3745 ges
2431 3671 2670 3729 naturae
2719 3671 2968 3729 creatoe.
3015 3663 3334 3740 Secunde,
3381 3661 3524 3743 quia
3563 3658 3644 3719 vel
3673 3656 3752 3715 haec

2273 3759 2565 3837 qualitas,
2597 3776 2714 3821 seu
2741 3758 2947 3821 forma
2980 3764 3144 3820 esset
3166 3776 3292 3820 una
3322 3762 3386 3819 et
3413 3752 3616 3816 eadem
3639 3748 3752 3809 suffi-

2275 3852 2447 3914 ciens
2475 3852 2557 3913 ad
2586 3870 2808 3914 omnes
2837 3852 3118 3915 actiones
3143 3849 3550 3913 miraculosus
3569 3888 3584 3917 ,
3609 3847 3662 3901 et
3681 3839 3750 3897 hoe

2273 3951 2444 4008 certe
2489 3945 2862 4009 incredibile
2895 3951 3032 4019 est;
3087 3961 3240 4009 nam
3273 3943 3400 4005 illae
3443 3934 3750 4019 operatione:

2271 4038 2534 4101 infinitis
2561 4038 2767 4101 modis
2789 4038 2926 4103 fieri
2954 4041 3241 4119 possunt,
3269 4038 3420 4101 etin
3441 4027 3668 4097 diversis
3687 4040 3749 4127 ge·

2273 4131 2532 4193 neribus
2559 4138 2622 4194 et
2651 4132 2978 4196 ordinibus
3001 4151 3018 4206 ;
3055 4130 3302 4194 excedit
3331 4146 3482 4206 ergo
3507 4121 3748 4217 perfectus-

2273 4244 2420 4289 nem
2443 4227 2874 4307 cujuscunque
2897 4224 3214 4305 qualitatis
3239 4226 3456 4305 (quam
3477 4226 3747 4281 necessarw

2271 4318 2514 4382 linitam
2554 4337 2693 4383 esse
2741 4320 3032 4399 oportet),
3076 4323 3148 4381 ut
3189 4316 3270 4381 de
3307 4336 3380 4381 se
3404 4315 3618 4378 haheat
3637 4302 3752 4411 suffi-

2273 4412 2543 4475 cientem
2571 4419 2636 4474 et
2659 4412 3068 4492 principalem
3095 4410 3222 4473 vim
3245 4410 3328 4472 ad
3355 4409 3490 4472 hoec
3517 4416 3684 4467 omma
3702 4390 3750 4453 ef

2271 4504 2564 4567 ficienda.
2605 4505 2716 4567 Vel
2754 4505 2838 4566 ad
2865 4505 3115 4585 singula
3145 4504 3448 4567 miracula
3477 4494 3656 4579 specie
3675 4489 3751 4549 dis·

2274 4598 2466 4663 tincta
2517 4601 2836 4677 oporteret
2876 4597 3158 4679 singulas
3203 4596 3529 4677 qualitates
3557 4591 3645 4649 aut
3671 4581 3750 4641 for
3785 4614 3787 4653 ι

2273 4709 2411 4753 mas
2451 4709 2714 4772 ponere,
2749 4698 2812 4754 et
2851 4692 2970 4755 hoc
3011 4692 3204 4755 etiam
3245 4696 3414 4753 stare
3445 4703 3564 4749 non
3589 4677 3746 4761 potesl-
3786 4656 3787 4721 l

2271 4786 2501 4859 Primo,
2535 4785 2684 4865 quia
2708 4790 3027 4866 oporteret
3050 4782 3412 4866 hujusmodi
3439 4768 3748 4875 formassent

2271 4878 2335 4941 in
2378 4876 2692 4941 infinitum
2745 4877 3169 4959 multiplicari.
3230 4873 3536 4943 secundo,
3575 4878 3690 4947 (1¹¹¹ss
3717 4872 3747 4913 ⁵¹

2270 4972 2413 5034 talis
2461 4972 2667 5035 forma
2713 4973 2776 5033 in
2821 4990 2950 5035 uno
2987 4990 3202 5053 opere,
3241 4971 3342 5033 vel
3369 4968 3579 5031 effectu
3599 4952 3748 5039 posset

2271 5066 2516 5145 operari
2563 5071 2790 5145 practer
2831 5070 2895 5129 et
2941 5082 3131 5146 supra
3169 5063 3454 5127 ordinem
3491 5054 3747 5144 legemqlfffl

2270 5166 2538 5236 naturae,
2586 5178 2696 5221 cur
2734 5177 2863 5221 non
2903 5158 2972 5221 in
3017 5158 3350 5239 quolibet?
3395 5151 3610 5251 Tert503
3648 5148 3746 5219 ΨΜ

2274 5270 2442 5333 soepe
2471 5270 2630 5333 opus
2655 5252 3103 5315 miraculosum
3141 5269 3270 5315 non
3297 5244 3560 5313 consistit
3581 5253 3632 5298 1¹1
3653 5242 3745 5311 1³1⁰·

2273 5344 2564 5409 ductione
2593 5345 2773 5426 alicuj
2783 5364 2854 5407 us
2881 5346 2998 5419 rei,
3029 5346 3132 5407 vel
3155 5345 3370 5407 formoe
3395 5332 3745 5429 supernatura-

2271 5440 2372 5517 lis,
2399 5440 2604 5503 sedin
2630 5441 2820 5505 modo
2845 5440 3099 5521 agendi,
3131 5445 3202 5503 ut
3225 5444 3395 5521 patet
3419 5437 3480 5499 in
3507 5430 3741 5511 illummass

2272 5533 2440 5598 tione
2489 5534 2631 5598 caeci
2678 5554 2715 5597 a
2765 5534 3088 5599 nativitate
3115 5551 3133 5609 3
3185 5534 3292 5614 qui
3335 5528 3546 5595 modus
3579 5500 3741 5596 ³80⁰&
