3892 6167
614 370 732 431 :368

689 477 751 535 ’7.
795 469 1084 533 Secunda
1111 470 1423 533 sententia
1454 466 1738 531 absolute
1768 466 1955 529 docet:
1997 468 2171 528 Chri-

611 573 745 627 tum
767 566 1068 627 meruisse
1086 565 1269 625 nobis
1287 562 1901 643 praedestinationem
1921 566 1985 623 et
2008 560 2172 622 elee-

612 660 851 721 tionem
879 658 961 719 ad
989 657 1272 737 gloriam.
1309 658 1481 716 Hanc
1535 655 1896 735 opinionem
1956 658 2173 715 tenent

617 770 694 815 ex
721 750 1041 813 modernis
1071 748 1430 813 auctoribus
1463 746 1806 822 Cameria„
1845 764 2061 827 opusc.
2092 746 2171 808 de

614 846 814 909 Exim.
844 843 1066 907 Christi
1095 843 1316 923 praed.;
1343 843 1544 923 Vega,
1577 842 1683 903 lib.
1721 845 1760 903 4
1786 842 1852 902 in
1887 840 2085 919 Trid.,
2113 860 2170 903 c.

615 942 686 1011 53
723 938 954 999 Albert.
985 936 1258 1017 Pighius,
1286 934 1395 997 lib.
1430 936 1468 997 8
1515 934 1594 997 de
1624 934 1826 997 Liber.
1872 932 2083 1006 arbit.,
2114 950 2170 995 c.

617 1034 675 1109 1,
708 1036 746 1094 2
778 1041 840 1095 et
867 1034 928 1108 3,
985 1036 1048 1093 et
1098 1028 1206 1091 lib.
1243 1030 1342 1105 10,
1371 1047 1426 1089 c.
1475 1030 1532 1089 1.
1567 1028 1658 1088 Ex
1705 1026 1979 1107 antiquis
2024 1044 2174 1089 vero

615 1125 1014 1189 Scholasticis
1071 1124 1341 1185 citantur
1387 1140 1500 1201 pro
1555 1122 1676 1185 hac
1729 1120 2039 1183 sententia
2095 1122 2167 1181 D.

613 1222 888 1281 Thomas
913 1218 1096 1290 infra,
1129 1235 1191 1295 q.
1225 1218 1329 1290 24,
1361 1221 1478 1275 art.
1511 1219 1576 1291 4,
1612 1220 1673 1276 et
1712 1214 1776 1275 in
1807 1216 1867 1288 3,
1895 1215 2038 1277 dist.
2070 1216 2171 1291 10,

613 1332 677 1395 q.
709 1317 769 1388 3,
805 1316 865 1373 et
893 1330 1081 1390 super
1111 1310 1192 1371 ad
1217 1308 1518 1389 Ephesios
1545 1312 1604 1385 1,
1635 1310 1780 1370 lect.
1811 1311 1878 1382 ὃς
1911 1308 2173 1391 Alen.,3

612 1424 703 1487 p.,
729 1424 790 1485 q.
811 1404 1195 1483 3,memb.5;
1213 1403 1513 1478 Duraud.‚
1536 1406 1596 1477 3,
1615 1402 1752 1463 dist.
1774 1404 1873 1469 10,
1894 1418 1956 1481 q.
1976 1401 2174 1475 3;sed

611 1500 672 1561 hi
705 1506 991 1563 auctores
1045 1496 1304 1559 obscure
1333 1497 1699 1575 loquuntur,
1732 1503 1792 1558 et
1820 1496 2003 1559 facile
2032 1514 2173 1577 pos-

614 1594 840 1655 suntin
870 1598 1200 1671 utramque
1223 1596 1472 1671 partem
1497 1588 1734 1651 induci.
1755 1589 2172 1652 Nihilominus

615 1690 748 1751 haec
791 1688 1102 1750 sententia
1158 1686 1256 1747 his
1312 1685 1698 1765 temporibus
1744 1687 2172 1766 receptissima

621 1788 739 1859 est,
767 1789 830 1845 et
855 1783 1162 1861 maiorem
1191 1780 1384 1840 hahet
1411 1779 1712 1857 pietatem
1742 1786 1802 1842 et
1827 1779 2174 1860 probabili·

617 1883 812 1939 tatem
833 1895 849 1951 3
883 1896 958 1937 ea
985 1874 1178 1955 igitur
1201 1873 1382 1935 nobis
1410 1872 1735 1953 probanda
1755 1881 1850 1937 est
1879 1881 1941 1937 et
1965 1873 2173 1937 decla-

617 1970 840 2033 randa.
871 1969 1026 2045 Quia
1083 1986 1232 2030 vero
1283 1968 1540 2030 confuse
1597 1969 1846 2031 tractari
1879 1968 2059 2046 solet,
2093 1990 2169 2032 eo

617 2066 788 2145 quod
830 2084 956 2127 non
984 2063 1388 2143 distinguitur
1441 2064 1926 2144 proedestinati0‚
1956 2072 2177 2147 quate-

620 2179 741 2221 nus
771 2159 1035 2220 includit
1077 2158 1176 2221 vel
1225 2156 1374 2219 dicit
1428 2164 1638 2219 actum
1691 2160 2176 2237 intellectuS,ab

615 2254 923 2316 electione
949 2271 1062 2313 seu
1091 2251 1422 2313 dilectione
1453 2270 1646 2331 quam
1689 2253 1838 2315 dicit
1882 2254 1984 2315 vel
2028 2274 2176 2335 sup-

614 2348 790 2427 ponit
813 2346 878 2409 in
911 2346 1256 2421 voluntate,
1275 2364 1412 2425 quoe
1433 2346 1558 2406 duo
1588 2364 1714 2407 non
1737 2344 1961 2407 eodem
1982 2346 2171 2409 modo

615 2447 679 2503 et
705 2440 924 2503 ordine
948 2440 1210 2503 rationis
1241 2438 1322 2500 ab
1353 2439 1644 2501 omnibus
1672 2438 1739 2500 in
1781 2440 1912 2501 Deo
1961 2442 2173 2502 conci-

614 2534 873 2618 piuntur
917 2539 982 2595 et
1019 2534 1504 2606 constituuntur,
1533 2534 1674 2594 ideo
1729 2532 2002 2596 breviter
2032 2555 2173 2615 sup-

613 2644 852 2707 ponere
901 2632 1147 2707 oportet
1194 2626 1290 2701 id,
1347 2626 1518 2705 quod
1564 2628 1630 2687 in
1681 2628 1801 2691 hac
1839 2646 1910 2690 re
1950 2629 2175 2709 proba-

613 2720 801 2785 bilius
845 2721 1295 2805 existimamus.
1340 2724 1500 2783 Ante
1540 2740 1792 2784 omnem
1839 2721 2031 2803 igitur
2079 2741 2176 2783 ac-

615 2823 750 2879 tum
788 2814 871 2877 ad
899 2814 1520 2896 praedestinationem
1553 2815 1806 2897 proprie
1853 2810 2174 2897 pertinen-

615 2916 764 2987 tem,
801 2908 1022 2973 ordine
1065 2908 1327 2973 rationis
1355 2910 1670 2973 antecedit
1703 2908 1959 2973 scientia
2024 2910 2174 2971 divi-

615 3023 721 3079 na,
754 3008 884 3067 tam
931 3003 1226 3083 simplicis
1280 3001 1709 3083 intelligentiae
1739 3021 1930 3083 quam
1958 3004 2173 3067 condi-

616 3096 876 3171 tionata,
929 3115 1055 3176 qua
1110 3095 1282 3158 novit
1341 3096 1620 3157 infinitos
1688 3096 1959 3159 mundos
2014 3115 2174 3177 quos

616 3208 951 3269 procreare
1002 3196 1236 3269 posset,
1284 3194 1347 3251 et
1374 3188 1652 3251 infinitos
1693 3190 1916 3253 modos
1947 3188 2175 3270 quihus

616 3282 681 3345 in
711 3284 830 3345 hoc
855 3282 1089 3344 mundo
1119 3289 1330 3361 posset
1349 3282 1702 3363 gubernare
1721 3284 2033 3361 bomine5‚
2058 3283 2174 3345 eis-

617 3396 741 3457 que
773 3376 850 3439 de
881 3375 1104 3437 mediis
1138 3376 1220 3437 ad
1250 3376 1440 3439 vitam
1467 3382 1765 3441 aeternam
1790 3395 2175 3459 consequen·

616 3470 762 3535 dam
808 3470 1174 3551 providere:
1211 3477 1273 3531 et
1315 3471 1380 3531 in
1419 3470 1678 3551 singulis
1717 3472 1971 3551 agnovit
2026 3472 2177 3553 quid

617 3583 836 3627 omnes
875 3563 1164 3627 homines
1192 3563 1389 3625 acturi
1421 3570 1652 3639 essent,
1681 3564 1734 3625 si
1767 3583 1909 3626 cum
1942 3564 2041 3627 his
2076 3565 2176 3627 vel

617 3657 736 3721 illis
768 3658 1248 3719 circumstantiis
1275 3664 1384 3719 aut
1419 3656 1644 3719 mediis
1685 3666 2051 3721 crearentur
2076 3659 2177 3721 vel

615 3754 1140 3835 gubernarentur.
1167 3754 1255 3815 De
1281 3754 1406 3813 hac.
1423 3752 1612 3833 igitur
1633 3752 2026 3832 praescientia
2048 3773 2175 3815 non

615 3850 824 3925 potest
872 3846 1130 3924 quaestio
1184 3863 1458 3926 praesens
1506 3846 1804 3926 intelligi,
1850 3847 1997 3927 quia
2042 3846 2177 3909 haec

613 3958 743 4003 non
773 3942 979 4019 potest
1025 3939 1252 4001 cadere
1305 3938 1422 4001 sub
1473 3938 1790 4015 meritum,
1821 3946 1953 4001 turn
2002 3941 2170 4017 quia,

611 4036 933 4115 supposita
979 4033 1236 4103 ueritate
1283 4032 1538 4111 objecti,
1567 4034 1925 4095 necessaria
1974 4041 2069 4096 est
2108 4034 2175 4095 in

611 4126 772 4201 De03
806 4134 940 4189 tum
981 4126 1128 4207 quia
1159 4144 1236 4187 ex
1264 4126 1322 4187 vi
1370 4126 1568 4204 illius,
1592 4126 1756 4189 Deus
1785 4128 2027 4189 nullum
2054 4128 2173 4189 bo-

615 4239 766 4283 num
815 4220 1055 4281 confert
1097 4222 1436 4295 creaturae,
1467 4237 1585 4281 nec
1624 4220 1794 4283 videt
1822 4220 2059 4301 aliquid
2107 4226 2175 4282 ut

612 4310 896 4376 absolute
923 4312 1204 4376 futurum
1215 4329 1236 4390 3
1265 4312 1554 4375 meritum
1583 4323 1794 4377 autem
1825 4322 1888 4377 et
1913 4332 2173 4379 necesse

615 4411 810 4469 estut
852 4406 956 4467 vel
992 4406 1128 4485 jam
1171 4405 1274 4481 sit,
1304 4406 1402 4467 vel
1446 4406 1664 4469 saltem
1708 4408 1989 4471 futurum
2016 4428 2173 4490 prae-

615 4500 866 4573 sciatur,
899 4505 959 4563 et
987 4498 1076 4561 illi
1109 4498 1450 4579 respondet
1479 4498 1861 4563 beneficium
1889 4501 2168 4581 aliquod,

613 4593 784 4673 quod
823 4594 991 4655 Deus
1015 4592 1258 4655 confert
1285 4594 1526 4655 ratione
1555 4594 1694 4655 talis
1722 4594 1947 4659 meriti.

693 4689 753 4751 8.
799 4688 945 4749 Post
969 4684 1135 4747 hanc
1163 4686 1490 4749 scientiam
1520 4688 1921 4767 subsequitur
1952 4688 2174 4753 decre-

611 4788 748 4844 tum
803 4779 1060 4859 aliquod
1113 4779 1338 4843 divinae
1384 4782 1750 4857 voluntatis,
1801 4800 1924 4864 quo
1982 4783 2172 4862 hujus

610 4870 831 4935 mundi
879 4872 1260 4937 creationem
1305 4890 1438 4953 prae
1471 4873 1608 4935 aliis
1655 4875 1865 4955 elegit,
1903 4877 2003 4939 vel
2045 4894 2171 4955 quo

610 4966 804 5029 voluit
831 4966 1121 5029 homines
1152 4967 1232 5027 ad
1257 4968 1803 5047 supernaturalem
1829 4968 2171 5031 beatitudi-

610 5078 760 5123 nem
789 5059 1080 5121 ordiuare
1109 5060 1493 5123 sufficienter
1523 5068 1634 5123 aut
1663 5060 2024 5137 efficaciter,
2056 5080 2170 5141 per

610 5150 748 5216 haec
779 5154 880 5215 vel
907 5152 1016 5215 illa
1054 5154 1284 5217 media.
1315 5156 1389 5215 Et
1425 5155 1492 5215 in
1519 5154 1640 5216 hoc
1685 5163 1832 5217 actu
1876 5162 2170 5216 censetur

608 5247 690 5311 ab
721 5249 1035 5327 aliquibus
1065 5254 1496 5309 consummata
1533 5247 2028 5327 praedestinati03
2065 5249 2168 5309 alii

606 5358 757 5403 vero
773 5389 795 5420 ,
833 5360 978 5404 cum
1013 5344 1090 5403 D.
1123 5341 1402 5419 Thoma,
1437 5341 1792 5405 existimant
1823 5348 1965 5423 post
2001 5342 2168 5405 hanc

605 5437 994 5499 voluntatem
1035 5434 1334 5515 subsequi
1373 5434 1721 5498 secundum
1755 5436 2064 5497 rationem
2103 5438 2168 5498 in

610 5530 817 5591 divino
868 5528 1183 5593 intellectu
1225 5528 1560 5607 imperium
1589 5528 1838 5605 efficax,
1873 5529 1976 5590 vel
2000 5528 2168 5607 jndi-

1841 362 2074 430 QUAEsT.
2110 364 2239 419 XIX.
2273 364 2475 419 Anne.
2510 366 2594 420 w.

2254 468 2418 529 cium
2446 466 2819 549 practicam,
2854 463 3225 546 praecipiens
3260 470 3325 529 et
3365 464 3577 530 dictans
3598 474 3721 535 abel.

2254 560 2383 622 lute
2434 561 2512 621 de
2561 559 2853 641 agendiS,
2892 565 2953 621 et
3002 558 3305 619 ordinans
3350 567 3545 621 totam·
3564 569 3721 631 seriem

2252 653 2605 717 mediorum
2644 652 2881 733 quibus
2918 652 3409 733 praedestinatus
3452 656 3725 733 perducitur

2256 748 2338 811 ad
2359 766 2651 831 regnum,
2674 749 2738 808 in
2763 766 2887 828 qua
2908 746 3265 809 intellectus
3290 746 3639 810 ordinatione
3652 772 3723 813 sen

2253 843 2498 905 ratione
2527 840 3136 923 praedestinationem
3167 838 3556 901 constituunt.
3578 842 3725 905 Dicen-

2256 934 2407 997 dum
2440 954 2589 1016 ergo
2626 941 2721 997 est
2748 935 2949 1015 primo
2986 934 3065 995 de
3096 932 3194 993 his
3224 948 3371 1011 quae
3398 932 3456 993 in
3496 935 3726 999 voluntate

2256 1030 2645 1111 praecedunt‚
2677 1027 2905 1091 deinde
2950 1028 3028 1091 de
3070 1028 3174 1089 his
3224 1044 3371 1106 quas
3398 1028 3461 1087 iu
3494 1027 3727 1095 intellectu

2257 1124 2751 1203 subsequuntur.

2332 1218 2396 1280 9.
2440 1218 2839 1299 Distinguunt
2890 1217 3081 1297 aliqui
3141 1216 3207 1278 in
3248 1214 3559 1277 voluntate
3588 1214 3727 1279 divina

2254 1311 2535 1395 duplices
2561 1320 2739 1375 actus
2762 1314 2925 1375 circa
2949 1312 3282 1373 hominnm
3308 1308 3560 1371 salutem
3580 1324 3729 1387 :quos-

2255 1404 2401 1467 dam
2444 1407 2659 1470 dicunt
2698 1424 2837 1469 esse
2880 1410 3240 1487 generatae,
3288 1410 3363 1463 ut
3403 1408 3493 1465 est
3526 1402 3727 1467 voluntas

2256 1498 2588 1561 ordinandi
2650 1516 2873 1561 omnes
2931 1499 3227 1561 homines
3284 1515 3403 1576 per
3452 1496 3727 1559 sufficientia

2254 1594 2464 1656 media
2490 1594 2573 1656 ad
2602 1594 3153 1675 supernaturalem
3178 1582 3727 1669 beatitudinemque

2254 1688 2545 1751 voluntas
2585 1686 2804 1749 ordine
2842 1686 3103 1749 rationis
3139 1684 3509 1765 intelligitur
3532 1702 3639 1744 effic
3658 1690 3729 1763 pri-

2253 1800 2357 1843 ma
2386 1798 2535 1863 erga
2552 1780 2863 1855 homines,
2885 1788 2949 1843 et
2962 1778 3354 1842 antecedere
3372 1778 3729 1859 praescientiam

2254 1876 2574 1955 originalis
2601 1874 2861 1956 peccati.
2894 1874 3034 1937 Atia
3072 1874 3229 1936 item
3263 1879 3365 1935 est
3394 1871 3645 1933 voluntas
3668 1890 3731 1950 ge-

2251 1970 2482 2032 neralis
2503 2015 2519 2046 ‚
2552 1986 2691 2051 quai
2720 1969 3053 2031 subsecuta
3082 1974 3179 2029 est
3206 1964 3637 2051 praescientiam
3659 1966 3731 2025 ori-
3783 1976 3785 1979 ’

2260 2064 2481 2147 ginalis
2509 2064 2774 2145 peccati,
2802 2080 2929 2145 qua
2951 2064 3122 2124 Deus
3148 2061 3357 2123 voluit
3380 2076 3583 2121 omnes
3600 2060 3730 2118 homi·

2256 2176 2373 2221 nes
2399 2160 2611 2241 lapsos
2640 2174 2959 2239 reparare,
2988 2161 3075 2233 et,
3103 2160 3423 2235 quantum
3446 2152 3511 2212 in
3534 2150 3641 2231 ipso
3662 2158 3727 2214 est.
3783 2158 3785 2161 ’

2258 2254 2466 2315 salvos
2511 2252 2753 2326 facere,
2774 2252 2955 2331 juxta
2994 2248 3151 2310 illud
3178 2250 3219 2310 2
3250 2246 3339 2309 ad
3382 2246 3725 2307 Timotheum:

2256 2346 2424 2411 Deus
2449 2346 2579 2411 vult
2606 2362 2803 2409 omnes
2828 2345 3096 2408 homines
3122 2342 3337 2406 salvos
3366 2338 3522 2417 fieri,
3543 2336 3667 2415 quod
3684 2336 3727 2395 ad

2253 2452 2589 2520 utramque
2648 2440 3035 2501 voluntatem
3088 2434 3322 2498 referri
3378 2438 3587 2512 potest.
3626 2430 3727 2490 Alios

2255 2540 2433 2596 actus
2462 2532 2675 2595 dicunt
2700 2550 2839 2595 esse
2869 2531 3175 2613 speciales
3208 2535 3274 2590 et
3302 2525 3727 2607 particularem

2258 2634 2352 2690 est
2382 2628 2603 2689 electio
2645 2633 2707 2688 et
2729 2626 2978 2689 dilectio
3008 2626 3231 2685 efficax
3252 2620 3450 2693 Petri,
3470 2618 3616 2679 verbi
3638 2636 3727 2694 gra-

2256 2722 2365 2797 tia,
2390 2720 2489 2782 vel
2514 2720 2711 2796 Pauli,
2744 2738 2870 2801 qua
2898 2720 3068 2780 Deus
3096 2723 3248 2779 ante
3284 2712 3500 2777 omnia
3526 2712 3632 2789 ejus
3652 2728 3728 2771 me·

2254 2816 2373 2875 rita
2403 2815 2700 2895 praevisa,
2733 2832 2810 2873 ex
2857 2814 2989 2874 sola
3028 2830 3144 2873 sua
3186 2806 3440 2871 liberali
3468 2804 3725 2875 voluntate,

2253 2906 2433 2969 illum
2462 2908 2664 2989 eligit,
2699 2912 2762 2970 et
2804 2906 3139 2990 efficaciter
3166 2902 3399 2965 definit
3422 2906 3491 2961 ut
3524 2898 3727 2959 salvetur.

2256 3002 2324 3063 In
2367 3002 2679 3083 prioribus
2726 3018 2878 3081 ergo
2922 2996 3361 3061 voluntatibus
3404 2992 3725 3075 generalitas..

2256 3096 2471 3157 dicunt
2498 3110 2626 3157 non
2654 3094 2953 3155 hahuisse
2987 3095 3191 3154 Deum
3227 3095 3573 3171 respectum
3606 3086 3728 3143 ullum

2255 3189 2335 3250 ad
2364 3189 2589 3250 merita
2623 3186 2842 3249 Christi
2872 3186 3137 3267 praevisa
3164 3231 3178 3259 ,
3212 3186 3282 3245 in
3314 3180 3637 3264 particulari
3666 3196 3727 3236 aa·

2254 3290 2385 3345 tem
2413 3281 2906 3361 uniuscnjusque
2924 3278 3249 3341 'electione
3274 3275 3586 3337 habuisse,
3611 3278 3727 3347 atque

2257 3378 2343 3439 ita
2362 3383 2619 3457 propter
2646 3376 2871 3439 Christi
2910 3374 3139 3435 merita
3170 3390 3403 3433 omnes
3430 3366 3725 3451 praedestinss·

2258 3478 2357 3534 tos
2385 3468 2670 3551 elegisse.
2702 3470 2787 3530 De
2817 3468 2937 3531 hac
2964 3465 3301 3547 posteriori
3336 3470 3509 3545 parte
3536 3461 3725 3522 dicemus

2256 3572 2495 3647 postea.
2524 3561 2749 3626 Prioris
2780 3566 2989 3623 autem
3014 3560 3501 3621 fundamentum
3527 3560 3618 3618 est,
3638 3552 3723 3630 qnia

2256 3659 2545 3720 voluntas
2573 3657 2679 3718 illa
2709 3654 3021 3737 generalis
3052 3652 3370 3735 dirigendi
3402 3648 3723 3721 hominespe:

2258 3750 2627 3829 sufficientia
2682 3748 2891 3810 media
2932 3748 3012 3809 ad
3056 3747 3255 3807 vitam
3305 3752 3612 3811 aeternam,
3648 3753 3721 3796 non

2258 3847 2553 3929 supponit
2578 3844 2869 3926 praescita
2898 3842 3120 3904 Christi
3148 3840 3385 3901 merita
3410 3838 3615 3903 rutum
3633 3848 3721 3905 ergo

2257 3960 2385 4003 non
2415 3940 2617 4022 potuit
2638 3938 2854 4001 haberi
2878 3936 3107 3998 intuitu
3128 3934 3412 4008 illorum,
3430 3950 3531 3993 seu
3554 3928 3722 4008 propter

2255 4034 2386 4096 illa.
2442 4031 2899 4113 Consequentia
2950 4035 3041 4092 est
3084 4028 3387 4102 evidens,
3432 4024 3561 4103 quia
3602 4034 3719 4080 causa

2255 4128 2597 4205 meritoria,
2622 4134 2690 4187 ut
2706 4144 2875 4205 saepe
2896 4125 2963 4186 in
2988 4121 3425 4203 superioribus
3443 4119 3633 4179 dictum
3649 4114 3717 4183 est,
3786 4160 3789 4175 .

2255 4222 2522 4303 supponi
2550 4219 2760 4294 debet,
2788 4220 2889 4281 vel
2914 4236 2984 4280 re
3010 4218 3170 4297 ipsa,
3190 4216 3293 4279 vel
3323 4212 3536 4277 saltem
3559 4211 3607 4269 in
3628 4222 3717 4285 prs⁴

2256 4316 2516 4378 scientia
2559 4314 2964 4397 praemiantiS.
3004 4310 3408 4373 Antecedens
3450 4309 3622 4369 autem
3652 4299 3716 4359 du·

2254 4408 2399 4493 plici
2428 4408 2669 4471 ratione
2694 4407 3071 4470 declaratur.
3098 4406 3309 4467 Prima
3338 4403 3451 4475 est,
3474 4399 3595 4480 quia
3616 4398 3715 4455 Dens

2254 4502 2323 4564 in
2374 4504 2575 4583 primo
2625 4500 2731 4563 illo
2778 4500 2955 4581 signo
2998 4498 3285 4573 rationiS,
3336 4498 3402 4558 in
3446 4508 3555 4575 quo
3594 4488 3713 4547 voluit

2255 4596 2619 4675 universum
2652 4594 2999 4676 perfectum
3030 4590 3332 4679 condere,
3359 4591 3421 4651 et
3457 4590 3513 4649 in
3534 4600 3627 4664 quo
3646 4594 3712 4635 vn·

2253 4690 2369 4751 luit
2392 4690 2703 4751 Christum
2732 4695 2797 4748 ut
2822 4690 3030 4767 caput,
3056 4692 3118 4748 et
3158 4692 3386 4747 coetera
3414 4688 3479 4742 ut
3496 4674 3707 4739 membra,

2254 4782 2345 4845 vel
2378 4788 2568 4843 utres
2588 4800 2725 4861 quoe
2746 4779 2833 4842 illi
2858 4777 3267 4853 deservirent,
3286 4778 3351 4839 in
3373 4776 3473 4837 illo
3498 4774 3707 4851 (inquam

2254 4877 2473 4939 eodem
2518 4878 2695 4954 signo
2739 4874 2935 4935 voluit
2978 4873 3270 4935 homines
3309 4874 3709 4951 procrearepra-

2249 4978 2388 5051 pter
2430 4966 2971 5049 supernaturalem
2999 4966 3451 5030 beatitudinem
3474 4968 3705 5033 assequen-

2248 5064 2419 5139 dam,
2448 5066 2509 5125 et
2535 5061 2621 5123 ita
2647 5062 2714 5121 in
2744 5062 2848 5121 illo
2874 5063 3061 5122 etiam
3084 5058 3307 5121 habuit
3332 5056 3493 5119 illam
3516 5050 3706 5111 volunta·
3786 5114 3789 5123 Ι

2247 5162 2375 5218 tem
2402 5156 2795 5235 generalem3
2822 5154 2934 5215 sed
2962 5155 3031 5213 in
3064 5154 3171 5214 illo
3202 5153 3379 5233 signo
3408 5144 3631 5209 nondum
3652 5139 3703 5194 ia·

2248 5249 2547 5331 telligitur
2612 5248 2846 5310 habere
2915 5246 3378 5329 praescientiam
3436 5240 3701 5302 meritorum

2249 5344 2506 5417 Christi3
2542 5361 2692 5424 ergo
2721 5343 2829 5404 illa
2854 5343 3147 5405 voluntas
3178 5358 3319 5402 esse
3342 5354 3463 5401 non
3486 5326 3637 5413 potuit
3656 5338 3699 5382 03
3787 5376 3789 5379 -

2248 5437 2487 5499 meritis
2518 5436 2765 5499 Christi.
2797 5436 3219 5498 Confirmatur
3250 5438 3311 5495 et
3336 5427 3629 5493 declaratur
3654 5430 3699 5475 2³

2250 5528 2601 5591 differentia
2624 5530 2785 5593 inter
2808 5546 3063 5593 causam
3087 5526 3341 5590 finalem
3360 5520 3453 5586 vel
3480 5508 3698 5589 exempl·-
