3892 6167
563 340 685 403 128

562 442 785 527 petitui
824 447 941 504 aut
964 440 1307 515 voluntati,
1337 445 1403 503 ot
1434 440 1784 523 passer-tim
1820 446 2136 523 quatenns

560 554 675 619 per
714 540 921 597 artem
953 534 1141 615 dirigi
1173 540 1431 614 potest,
1472 534 1611 595 sine
1648 534 2134 597 inconveniente

564 630 689 693 diei
716 634 927 711 potest
950 628 1235 709 potentia
1263 626 1715 701 obedientialis,
1738 627 1911 707 quia,
1937 644 2134 707 quan·

558 726 697 785 tum
722 728 819 784 est
847 739 929 783 ex
954 738 1025 784 se
1042 764 1059 794 ‚
1092 726 1393 801 operatur
1414 720 1499 782 ad
1522 726 1749 781 nutum
1791 720 2133 786 voluntatis

562 817 887 891 humanae,
916 820 983 877 et
1012 816 1097 877 ite
1124 822 1278 877 nata
1300 820 1394 877 est
1422 815 1503 877 ab
1528 832 1607 877 ea
1632 815 1895 891 moveri,
1920 814 2133 895 dirigi,

561 916 712 982 ete.;
748 912 813 971 et
851 907 1259 973 nihilominus
1288 908 1489 988 (juxta
1532 908 1843 970 veriorem
1886 914 2137 971 senlen-

562 1004 741 1083 tiam)
770 1004 877 1065 illa
904 1002 1185 1083 potentia
1210 1002 1473 1083 physice
1502 1010 1565 1065 et
1592 1002 1845 1064 realiter
1872 1008 1970 1063 est
1991 1006 2135 1063 tan-

564 1104 697 1161 tum
727 1096 962 1174 activa,
990 1096 1277 1176 quamvis
1318 1103 1582 1171 natura,
1612 1101 1681 1157 et
1706 1096 1935 1159 modus
1979 1113 2132 1177 ope-

562 1190 748 1255 randi
780 1192 953 1271 ejus,
986 1206 1104 1270 per
1126 1190 1301 1251 illam
1330 1188 1911 1253 denominationem
1951 1189 2133 1270 quasi

560 1286 877 1367 passivam
906 1284 1206 1363 explicari
1236 1284 1457 1365 possit.

642 1383 741 1441 52.
789 1377 1073 1458 objectio.
1102 1408 1188 1425 -
1226 1378 1583 1459 Responsio.
1620 1410 1709 1429 --
1744 1379 1824 1442 At
1850 1396 2005 1441 vero
2039 1376 2136 1439 di-

564 1479 715 1535 eunt
743 1472 848 1534 alii
876 1472 1224 1553 potentiam
1250 1472 1735 1535 obedientialom
1774 1472 2132 1553 passivam,

562 1584 695 1629 non
722 1582 863 1629 esse
886 1583 1105 1629 veram
1128 1565 1469 1645 potentiam
1498 1565 1757 1639 realem,
1788 1566 1906 1628 sed
1925 1565 2136 1629 >solum

564 1678 693 1723 non
732 1660 1215 1741 repugnantiam
1256 1658 1339 1721 ad
1380 1658 1639 1721 effeetus
1674 1659 2084 1721 miraculosus
2113 1676 2128 1733 ;

566 1762 631 1817 et
685 1754 835 1817 ideo
874 1772 1004 1815 non
1054 1768 1241 1834 posse
1296 1753 1433 1815 dari
1477 1753 1825 1833 potentiam
1868 1754 2136 1815 activam

566 1847 1077 1918 obedientialem‚
1106 1864 1247 1926 qnoe
1272 1846 1443 1911 reale
1470 1864 1615 1909 esse
1643 1846 1857 1923 debet,
1886 1864 2140 1909 verum·

564 1958 691 2023 que
735 1940 1109 2023 principium
1156 1940 1587 2020 agendi.·Sed
1632 1941 1753 2002 hoe
1794 1946 1924 2001 non
1968 1946 2138 2004 reete

566 2036 805 2098 dietum
830 2040 963 2111 est3
995 2034 1271 2113 potentia
1294 2033 1465 2094 enim
1486 2033 1733 2113 passiva
1756 2032 2138 2098 obedientia·

566 2127 645 2189 li's
670 2126 1019 2189 formaliter
1046 2132 1109 2187 et
1135 2126 1202 2187 in
1232 2144 1299 2187 se
1330 2144 1461 2187 non
1492 2132 1585 2189 est
1622 2128 1759 2189 sola
1792 2144 1925 2189 non
1955 2144 2141 2207 repu-

566 2222 849 2303 gnantia,
892 2220 1065 2301 quod
1092 2220 1496 2281 verisimilius
1524 2220 1647 2282 diei
1672 2226 1885 2301 posset
1916 2220 1998 2282 de
2023 2236 2140 2300 po-

564 2316 761 2379 tentia
792 2334 980 2397 quam
1008 2319 1241 2377 vocant
1266 2314 1661 2395 objectivam‚
1680 2332 1887 2393 quam
1915 2312 2140 2376 intelli-

566 2416 801 2492 guntur
825 2408 1061 2473 habere
1089 2426 1194 2471 res
1226 2426 1369 2489 quae
1402 2409 1601 2471 creari
1630 2415 1917 2488 possunt,
1961 2414 2142 2473 ante·-

568 2520 763 2583 quam
798 2502 980 2577 fiant3
1021 2502 1195 2583 quia,
1236 2502 1383 2564 lieet
1426 2508 1573 2564 actu
1614 2501 1771 2563 nihil
1806 2502 1954 2577 sint,
1999 2520 2138 2568 esse

566 2606 781 2661 tamen
808 2617 881 2660 ac
909 2598 1045 2659 fleri
1072 2598 1165 2659 eis
1194 2614 1321 2657 non
1349 2602 1708 2676 repugnem
1744 2596 1807 2658 in
1846 2614 1974 2675 qua
2009 2614 2140 2658 non

568 2692 989 2773 repugnantia
1032 2708 1162 2753 uon
1212 2689 1577 2770 intelligitur
1617 2692 1891 2769 potentia
1928 2690 2142 2771 aliqua

571 2785 823 2865 passiva
866 2802 943 2847 ex
986 2790 1168 2865 parte
1209 2784 1493 2863 ipsarum
1536 2800 1747 2845 rerum
1769 2828 1791 2858 ,
1842 2784 1992 2863 quia
2037 2784 2143 2845 illa

571 2896 700 2941 non
728 2878 1148 2959 repugnantia
1178 2877 1383 2939 solum
1410 2883 1505 2939 est
1538 2875 1829 2957 quadam
1863 2877 2138 2957 negatio,

570 2973 851 3054 potentia
876 2979 1092 3034 autem
1116 2970 1363 3051 passiva
1392 2971 1727 3035 intrinsece
1751 2970 2017 3034 includit
2031 2990 2140 3052 po-

570 3069 818 3131 sitivam
855 3068 1178 3131 entitatem
1210 3084 1356 3129 eum
1388 3066 1657 3146 positiva
1681 3072 1745 3129 et
1768 3066 1921 3128 reali
1951 3082 2140 3146 capas-

574 3162 762 3224 citate
792 3162 1058 3243 alicujus
1095 3168 1291 3224 aetus.
1342 3160 1625 3223 Potentia
1654 3176 1805 3240 ergo
1840 3158 2142 3223 obedien-

570 3255 735 3317 tialis
769 3256 1019 3335 passiva
1062 3272 1189 3315 non
1218 3261 1421 3335 potest
1448 3272 1587 3316 esse
1616 3253 1750 3315 sola
1784 3270 1913 3314 non
1955 3270 2144 3334 repn-

574 3350 855 3429 guentia,
888 3346 996 3410 sed
1025 3349 1377 3409 necessario
1408 3364 1547 3411 esse
1574 3347 1766 3410 debet
1790 3347 2054 3427 positiva
2077 3354 2144 3409 et

570 3443 757 3505 realis
786 3442 1063 3523 potentia
1082 3488 1099 3517 ,
1136 3448 1207 3503 ut
1232 3448 1407 3522 patet
1432 3442 1497 3503 in
1528 3441 1809 3523 potentia
1838 3441 2141 3505 obedien-

573 3535 704 3598 tiali
744 3536 967 3597 animae
1010 3536 1091 3597 ad
1130 3535 1555 3615 recipiendam
1592 3535 1902 3615 gratiam3
1944 3550 2094 3596 nam
2115 3580 2137 3611 ,

572 3630 730 3692 sient
766 3630 1027 3711 positive
1070 3636 1135 3693 et
1170 3630 1425 3692 realiter
1462 3631 1635 3693 illam
1680 3631 1743 3691 in
1784 3648 1854 3693 se
1893 3630 2136 3710 recipit,

572 3723 659 3785 ita
685 3723 753 3785 in
778 3724 887 3785 illa
915 3723 1419 3811 praeintelligitur
1440 3723 1721 3804 potentia
1744 3728 1809 3785 et
1834 3722 2017 3785 realis
2039 3739 2142 3785 οω-

572 3816 811 3898 panitas
858 3816 1037 3896 ejus;
1086 3834 1233 3877 nam
1278 3823 1457 3879 actus
1498 3816 1803 3897 positivus
1850 3823 1915 3879 et
1958 3814 2144 3879 realis

572 3910 871 3989 supponit
902 3910 1249 3989 potentiam
1278 3910 1611 3990 positivam
1646 3912 1710 3971 et
1734 3909 1972 3971 realem
1999 3926 2144 3989 pro-

576 4004 1015 4083 portionatam.
1050 4005 1204 4069 ilem
1232 4003 1381 4083 quia
1423 4003 1675 4077 anima,
1708 4003 1952 4067 ratione
1976 4003 2143 4063 illius

572 4095 893 4175 potentiae,
921 4095 1109 4159 habet
1128 4096 1553 4159 causalitatem
1577 4096 1902 4177 physicam
1923 4102 1988 4158 et
2007 4112 2144 4157 rea·

572 4186 697 4249 lem
716 4191 781 4248 in
807 4204 1034 4269 genere
1054 4208 1257 4252 oausoe
1274 4186 1620 4251 materialis
1640 4194 1927 4270 respeetu
1953 4189 2146 4269 ipsius

577 4282 790 4362 gratiae
826 4299 1019 4363 quam
1044 4290 1355 4347 sustentat
1388 4285 1454 4345 in
1494 4283 1628 4347 fieri
1658 4292 1721 4347 et
1746 4286 1815 4347 in
1848 4301 1988 4347 esso
2015 4304 2144 4347 res-

576 4382 765 4455 pectu
784 4376 1110 4457 compositi
1132 4400 1149 4453 ;
1178 4394 1326 4441 nam
1352 4394 1429 4441 ex
1453 4374 1663 4439 anima
1688 4384 1751 4440 et
1774 4378 1974 4459 gratia
1996 4396 2144 4443 vere

578 4470 975 4550 componitur
997 4488 1196 4531 unum
1220 4470 1637 4551 compositum
1660 4470 1990 4552 physicum
2011 4479 2145 4535 tan·

580 4580 770 4644 quam
800 4582 877 4627 ex
910 4571 1054 4627 actu
1090 4571 1154 4627 et
1191 4565 1471 4645 potentia
1500 4564 1655 4627 reali
1684 4564 1950 4646 physica
1983 4566 2146 4646 posi-

578 4658 703 4719 tiva
726 4702 742 4732 ‚
786 4674 927 4737 qaae
956 4676 1086 4720 non
1114 4666 1209 4721 est
1238 4658 1356 4720 nisi
1387 4657 1635 4739 passiva
1662 4658 2098 4721 obedientialis
2121 4676 2141 4734 ;

576 4750 707 4813 haee
746 4768 894 4833 ergo
932 4752 1211 4831 potentia
1240 4768 1368 4813 nou
1404 4757 1648 4814 tantum
1671 4756 1771 4814 est
1798 4770 1926 4815 nou
1961 4770 2148 4833 repu-

578 4844 837 4923 gnantia
860 4890 875 4919 ‚
918 4844 1025 4907 sed
1067 4852 1162 4907 est
1190 4845 1453 4927 positiva
1488 4864 1565 4907 ao
1595 4845 1785 4907 realis
1823 4847 2102 4926 potentia
2119 4862 2143 4926 3

578 4938 687 4999 illa
714 4954 869 4999 vero
905 4956 1036 5001 non
1066 4938 1488 5020 repugnantia
1514 4938 1727 5001 verius
1754 4956 1830 5002 ae
1854 4940 2148 5021 proprius

580 5034 938 5113 assignatur
960 5028 1037 5094 ei
1065 5036 1243 5113 parte
1274 5032 1499 5115 objecti
1522 5032 1665 5095 talis
1690 5035 1984 5114 potent-ise
2008 5052 2024 5107 ς
2051 5039 2151 5097 est

582 5126 753 5188 enim
798 5125 880 5187 ad
918 5132 1128 5188 aetum
1172 5142 1300 5187 non
1340 5115 1819 5207 repugnantem,
1858 5128 2154 5211 quamvis

578 5226 811 5301 praeter
844 5224 908 5281 et
938 5238 1126 5301 supra
1166 5224 1457 5283 naturam
1488 5220 1571 5283 sit
1596 5235 1617 5299 3
1656 5226 1822 5283 reete
1854 5222 2048 5301 igitur
2073 5240 2150 5283 ex

582 5312 939 5394 hujusmodi
983 5314 1261 5395 potentia
1298 5314 1649 5395 colligimus
1682 5332 1871 5395 posse
1900 5316 2036 5377 dari
2068 5315 2151 5377 si-

582 5408 727 5469 mile
758 5424 959 5487 genus
987 5410 1283 5488 potentiae
1313 5409 1473 5472 iutra
1503 5408 1897 5473 latitudinem
1928 5417 2150 5490 poten·-

582 5502 685 5563 tiie
712 5504 953 5567 activas.
1290 5512 1299 5523 ⁸

1808 338 2045 404 QUAEST.
2077 338 2208 393 xm.
2239 336 2444 395 utic.
2471 338 2557 391 w.

2291 443 2398 504 53.
2445 435 2656 503 fortia
2696 438 2866 503 raus
2907 454 2984 503 σο
3025 436 3094 503 vi
3129 436 3336 503 adina
3365 434 3778 517 poscumus·

2217 535 2442 598 πέψω
2478 534 2560 597 ad
2578 536 2754 597 acne
2780 531 3300 614 supersuturam.
3328 556 3412 579 -·-·
3437 527 3656 593 Tertia
3679 545 3778 590 ra-

2214 628 2304 689 tio
2338 629 2518 707 (quae
2537 632 2634 692 est
2661 642 2829 689 nova
2857 626 3252 689 confirmatio
3276 621 3588 687 illationis
3607 620 3780 684 faeta

2213 722 2282 783 in
2305 722 2551 783 ratione
2573 718 3392 801 proeeedente)-snmitnrex
3411 715 3668 779 antibus
3697 714 3780 775 ri-

2213 813 2447 877 talibus
2463 812 3076 895 supernaturalibus,
3097 830 3256 893 quos
3281 811 3507 873 anima
3549 814 3780 876 nostra,

2215 916 2282 973 et
2309 926 2428 989 per
2461 907 2846 970 intellectum
2863 949 2880 983 ‚
2909 913 2973 970 et
3001 925 3118 987 per
3145 907 3550 969 voluntatem
3575 901 3774 963 efficit.

2217 1005 2376 1067 Sunt
2403 1002 2572 1064 enim
2609 1001 2674 1063 bi
2715 1007 2897 1065 aelus
2941 1000 3292 1063 seeundum
3325 999 3534 1061 fidem
3573 1013 3780 1074 snper·

2211 1096 2570 1173 naturales3
2605 1102 2670 1157 et
2691 1094 2872 1176 juxta
2896 1095 3236 1171 veriorem,
3277 1092 3630 1174 magisque
3667 1089 3774 1151 hoe

2209 1197 2500 1271 tempore
2527 1192 2850 1269 receptam
2875 1188 3275 1265 sentientiam,
3303 1188 3374 1249 ‘m
3399 1184 3772 1252 substantia,

2214 1284 2430 1365 speeie
2473 1290 2537 1347 et
2575 1282 2840 1347 entitate
2880 1300 3002 1345 sua
3047 1278 3584 1361 supernaturales
3625 1286 3774 1338 snut.

2217 1382 2458 1443 Rursus
2483 1376 2704 1459 negari
2733 1394 2864 1439 non
2894 1383 3104 1457 potest
3123 1376 3276 1455 quin
3299 1375 3592 1436 binetus
3614 1370 3780 1433 effee-

2217 1476 2342 1537 tive
2371 1474 2527 1535 flant
2567 1490 2608 1533 a
2641 1472 2877 1535 nostris
2897 1472 3226 1553 potentiis,
3245 1478 3316 1535 ut
3349 1471 3552 1552 plone
3581 1466 3780 1529 definit

2214 1568 2564 1633 Consilium
2589 1566 3048 1640 valentinum,
3080 1584 3238 1629 sess.
3259 1568 3322 1641 65
3351 1580 3508 1627 ean.
3533 1565 3604 1635 4,
3629 1562 3780 1640 qnod

2217 1660 2574 1725 necessario
2596 1660 3100 1742 »intelligendum
3127 1667 3226 1723 est
3259 1660 3345 1723 do
3373 1658 3483 1720 his
3503 1656 3776 1726 actibus,

2213 1756 2410 1819 etiam
2477 1759 2790 1837 quatenns
2841 1754 3361 1835 supernaturales
3409 1758 3573 1815 sunt
3591 1796 3612 1825 ‚
3665 1755 3778 1811 tum

2217 1849 2370 1930 quia
2405 1847 2754 1913 Concilium
2783 1846 2970 1929 plane
2993 1848 3275 1928 loquitur
3299 1846 3383 1909 de
3410 1852 3780 1923 supernatu-

2219 1944 2335 2007 rali
2365 1950 2510 2007 astu
2539 1949 2608 2004 ut
2648 1942 2772 2017 sie,
2805 1941 3086 2022 loquitur
3114 1940 3288 2004 enim
3314 1941 3404 2002 de
3457 1940 3593 1999 hoe
3631 1944 3778 2004 acta,

2221 2044 2536 2118 quatenus
2573 2052 2690 2115 per
2731 2035 2912 2097 illum
2938 2034 3132 2097 homo
3162 2051 3234 2097 se
3262 2034 3352 2096 ad
3387 2031 3780 2114 justificatio-

2219 2148 2370 2198 nem
2397 2129 2674 2210 disponit
2705 2144 2784 2191 ae
2823 2134 3172 2209 pimparat3
3209 2136 3351 2191 tum
3389 2125 3600 2189 etiam
3629 2125 3778 2204 quia.

2214 2227 2276 2287 'si
2301 2231 2434 2287 tota
2461 2224 2696 2287 entitas
2739 2230 2918 2289 aetus
2965 2222 3390 2285 essentialiter
3414 2223 3780 2301 supernata

2221 2321 2372 2385 ralis
2401 2325 2518 2394 est,
2543 2336 2676 2381 non
2701 2324 2912 2399 potest
2939 2316 3168 2380 entitas
3193 2322 3372 2379 aetus
3411 2314 3564 2377 fieri
3611 2331 3654 2373 a
3691 2330 3778 2391 po-

2219 2415 2416 2477 tentia
2433 2459 2453 2490 ,
2483 2413 2638 2494 qni-n
2679 2411 3032 2475 seeundum
3065 2425 3248 2473 snam
3295 2406 3778 2490 supernaturali-

2220 2514 2416 2571 tatem
2443 2507 2526 2571 ab
2555 2506 2777 2569 eadem
2809 2505 3094 2587 potentia
3129 2504 3263 2567 fiat⁴
3293 2505 3456 2577 imo,
3505 2500 3778 2582 quamvis

2219 2620 2350 2665 non
2375 2608 2510 2664 tota
2535 2600 2884 2663 substantia
2919 2604 3102 2663 aetus
3137 2604 3307 2660 esset
3339 2598 3776 2677 supernatura·

2222 2696 2322 2773 lis,
2361 2695 2708 2757 dummodo
2753 2693 3320 2774 supernaturalitas
3355 2706 3500 2752 non
3531 2696 3778 2769 ponatur

2220 2790 2288 2851 in
2337 2789 2476 2851 sola·
2517 2786 3034 2851 denominatione
3069 2786 3423 2849 extrinseea
3457 2782 3550 2847 ab
3595 2782 3774 2859 aliquo

2221 2882 2464 2945 influxu
2481 2882 2619 2956 Dei,
2644 2881 2746 2957 vel
2767 2882 3033 2961 alicujus
3062 2880 3318 2943 habitus
3347 2876 3568 2958 (quod
3589 2876 3776 2937 absar-

2221 2975 2548 3039 dissimum
2586 2978 2722 3053 est)
2745 3023 2760 3049 ‚
2800 2990 3063 3037 neeesse
3107 2978 3226 3045 est,
3259 2971 3536 3036 modum
3581 2968 3774 3037 illum,

2221 3086 2350 3151 quo
2399 3075 2576 3131 aetus
2627 3066 3122 3147 supernaturalis
3174 3064 3428 3137 dieitur,
3491 3060 3774 3141 quidquid

2221 3162 2328 3225 ille
2361 3167 2466 3240 sit,
2502 3178 2642 3224 esse
2671 3160 2940 3226 elicitive
2969 3178 3010 3222 a
3037 3159 3322 3241 potentia
3349 3156 3550 3237 eujus
3585 3162 3686 3216 est
3703 3172 3776 3213 ac-

2221 3264 2361 3331 tus;
2395 3257 2544 3336 quia
2573 3254 2924 3318 seeundum
2971 3255 3146 3317 iilam
3182 3254 3508 3317 rati-onem
3560 3256 3630 3309 et
3675 3266 3778 3307 ma-

2221 3352 2373 3415 dum
2401 3350 2608 3413 vitalis
2635 3354 2751 3423 est,
2771 3352 2840 3412 et
2859 3349 3022 3413 libor
3045 3364 3190 3411 esse
3209 3352 3444 3428 potest,
3465 3344 3776 3425 ipsamque

2221 3445 2565 3526 potentiam
2591 3442 2861 3505 vitaliter
2893 3442 3214 3505 informat.
3257 3440 3350 3502 Ad
3375 3438 3506 3501 hos
3537 3454 3698 3515 ergo
3719 3434 3780 3494 ef-

2217 3540 2424 3603 feetus
2451 3537 2805 3601 neeessaria
2828 3536 3013 3603 estin
3031 3535 3132 3597 his
3155 3532 3454 3615 potentiis
3477 3531 3701 3609 aliqua
3717 3528 3778 3585 vis

2223 3635 2446 3709 activa,
2471 3650 2614 3714 quse
2639 3634 2722 3697 ad
2743 3632 3065 3713 agendum
3091 3635 3268 3693 extra
3294 3634 3554 3691 naturae
3579 3624 3778 3685 limite:

2221 3729 2601 3792 ostendatur
2625 3744 2704 3791 ex
2727 3724 3004 3789 motione
3033 3740 3146 3787 sen
3174 3720 3414 3787 auxilio
3436 3718 3562 3781 Dei
3589 3732 3782 3796 super-

2223 3821 2532 3895 naturam
2555 3836 2709 3903 ergo
2733 3820 2920 3882 datur
2945 3818 3011 3881 in
3041 3818 3144 3879 his
3163 3815 3408 3877 vii-ibus
3429 3812 3676 3873 animm
3701 3824 3780 3885 po

2224 3916 2420 3979 tentia
2467 3913 2910 3977 obedientialis
2957 3912 3162 3975 activa
3215 3911 3521 3987 respectu
3545 3905 3778 4002 »homin

2223 4016 2512 4082 actuumg
2553 4024 2708 4089 ergo
2747 4006 2974 4069 eadem
3005 4004 3251 4067 ratione
3292 3997 3438 4063 dari
3487 4000 3706 4077 potest
3737 4008 3778 4050 111

2225 4103 2364 4165 aliis
2387 4103 2606 4164 rebus,

2307 4198 2412 4258 54.
2454 4195 2661 4257 Prima
2708 4190 3161 4273 eonsequentia
3199 4188 3574 4253 deelamtur
3605 4200 3686 4244 ex
3709 4180 3776 4239 his

2223 4308 2366 4372 quae
2403 4289 2592 4369 paulo
2641 4293 2790 4350 ante
2831 4288 3135 4361 diximus,
3167 4280 3316 4364 quia
3345 4280 3412 4342 hi
3457 4285 3656 4340 aetus
3679 4288 3776 4333 noe

2225 4388 2494 4463 possunt
2520 4398 2780 4443 manare
2807 4379 3099 4443 effective
3123 4394 3166 4439 a
3191 4375 3327 4437 sola
3359 4371 3680 4454 qualitate
3705 4384 3778 4469 sut

2223 4474 2551 4557 per-addita
2569 4519 2590 4552 ,
2639 4482 2942 4554 tanquam
2999 4492 3039 4535 a
3089 4468 3378 4553 proximo
3433 4472 3504 4529 et
3555 4460 3778 4525 formali

2226 4569 2534 4653 principio
2564 4570 2794 4651 agendi
2817 4586 2896 4631 ex
2922 4574 3100 4649 parte
3120 4566 3326 4647 ipsius
3353 4562 3616 4636 animm,
3649 4558 3778 4619 simii

2225 4665 2512 4728 nonnulli
2537 4670 2766 4745 putant
2795 4664 3099 4725 visionem
3141 4662 3395 4722 beatam
3423 4672 3577 4719 esse
3601 4653 3778 4715 active

2225 4779 2266 4823 a
2295 4760 2428 4822 solo
2463 4760 2704 4821 lumine
2735 4758 2986 4840 gloriis,
3027 4763 3091 4819 et
3126 4750 3493 4817 aelus—fidei
3523 4794 3542 4825 ,
3575 4748 3710 4829 spei
3737 4748 3779 4805 et

2225 4850 2548 4917 ehafitatis
2587 4870 2625 4914 a
2661 4853 2812 4915 solis
2842 4852 2974 4913 suis
2997 4848 3362 4919 habitibus:
3405 4842 3778 4907 ostendimus

2233 4946 2402 5008 enim
2429 4947 2620 5026 paulo
2649 4953 2797 5008 ante
2841 4944 2964 5007 hoe
2995 4957 3352 5025 repugnare
3378 4938 3485 5001 his
3509 4934 3776 4997 actibus.

2231 5040 2352 5102 hoe
2373 5040 2510 5120 ipso
2539 5039 2712 5118 quod
2737 5039 2958 5100 vitales
2981 5032 3512 5111 sunt,·mnltoque
3543 5024 3778 5091 eviden-

2229 5133 2354 5194 tius
2381 5130 2553 5213 quod
2583 5132 2760 5194 liberi
2789 5136 2957 5193 sunt.
3001 5132 3273 5194 Necesse
3311 5130 3418 5189 eet·
3439 5138 3596 5201 ergo
3629 5115 3776 5199 quod

2229 5224 2512 5307 ipsaemet
2546 5225 2844 5305 potentiae
2876 5225 3103 5286 animae
3147 5237 3262 5302 per
3300 5236 3454 5279 snas
3499 5213 3774 5277 entitatos

2229 5320 2494 5381 influant
2519 5319 2586 5380 in
2613 5320 2729 5381 hos
2753 5324 2962 5391 aetus;
2989 5321 3053 5378 et
3081 5334 3116 5377 e
3143 5312 3478 5385 contr-anio,
3503 5305 3678 5388 quod
3701 5306 3774 5382 ip-

2229 5412 2416 5475 simet
2455 5418 2669 5488 actus,
2701 5412 2892 5475 etiam
2922 5414 3236 5492 quatenus
3279 5398 3772 5487 supernaturales

2235 5512 2403 5585 sunt,
2443 5504 2766 5587 pendeant
2791 5504 3155 5569 immediate
3185 5520 3224 5565 a
3253 5496 3569 5582 potentiis,
3596 5492 3770 5557 etiam
