<?xml version="1.0" encoding="UTF-8"?>
<!DOCTYPE html PUBLIC "-//W3C//DTD XHTML 1.0 Transitional//EN"
    "http://www.w3.org/TR/xhtml1/DTD/xhtml1-transitional.dtd">
<html xmlns="http://www.w3.org/1999/xhtml" xml:lang="en" lang="en">
 <head>
  <title>
</title>
<meta http-equiv="Content-Type" content="text/html;charset=utf-8" />
  <meta name='ocr-system' content='tesseract 3.04.00' />
  <meta name='ocr-capabilities' content='ocr_page ocr_carea ocr_par ocr_line ocrx_word'/>
</head>
<body>
  <div class='ocr_page' id='page_1' title='image "./rpfranciscisuar00unkngoog_0404.png"; bbox 0 0 3892 6167; ppageno 0'>
   <div class='ocr_carea' id='block_1_1' title="bbox 431 431 2021 4070">
    <p class='ocr_par' dir='ltr' id='par_1_1' title="bbox 431 431 2008 2846">
     <span class='ocr_line' id='line_1_1' title="bbox 431 431 1987 516; baseline -0.006 -14"><span class='ocrx_word' id='word_1_1' title='bbox 431 441 604 516; x_wconf 76' lang='lat' dir='ltr'><strong>fient,</strong></span> <span class='ocrx_word' id='word_1_2' title='bbox 635 441 707 500; x_wconf 71' lang='lat' dir='ltr'><strong>ut</strong></span> <span class='ocrx_word' id='word_1_3' title='bbox 732 435 981 500; x_wconf 72' lang='lat' dir='ltr'><strong>invicem</strong></span> <span class='ocrx_word' id='word_1_4' title='bbox 1014 433 1175 498; x_wconf 72' lang='lat' dir='ltr'><strong>inter</strong></span> <span class='ocrx_word' id='word_1_5' title='bbox 1212 452 1273 498; x_wconf 77' lang='lat' dir='ltr'><strong>so</strong></span> <span class='ocrx_word' id='word_1_6' title='bbox 1300 431 1597 498; x_wconf 69' lang='lat' dir='ltr'><strong>charitate</strong></span> <span class='ocrx_word' id='word_1_7' title='bbox 1616 432 1987 514; x_wconf 57' lang='grc' dir='ltr'><strong>μειρακίων.</strong></span> 
     </span>
     <span class='ocr_line' id='line_1_2' title="bbox 433 526 1997 610; baseline -0.004 -16"><span class='ocrx_word' id='word_1_8' title='bbox 433 532 693 594; x_wconf 85' lang='lat' dir='ltr'><strong>Videtur</strong></span> <span class='ocrx_word' id='word_1_9' title='bbox 722 547 871 610; x_wconf 85' lang='lat' dir='ltr'><strong>ergo</strong></span> <span class='ocrx_word' id='word_1_10' title='bbox 900 529 1323 609; x_wconf 77' lang='lat' dir='ltr'><strong>Hieronymus</strong></span> <span class='ocrx_word' id='word_1_11' title='bbox 1358 527 1459 590; x_wconf 78' lang='lat' dir='ltr'><strong>vel</strong></span> <span class='ocrx_word' id='word_1_12' title='bbox 1500 533 1750 590; x_wconf 89' lang='lat' dir='ltr'><strong>secutus</strong></span> <span class='ocrx_word' id='word_1_13' title='bbox 1778 526 1997 605; x_wconf 86' lang='lat' dir='ltr'><strong>Orige-</strong></span> 
     </span>
     <span class='ocr_line' id='line_1_3' title="bbox 434 619 1994 705; baseline -0.005 -18"><span class='ocrx_word' id='word_1_14' title='bbox 434 643 605 700; x_wconf 89' lang='lat' dir='ltr'><strong>nem,</strong></span> <span class='ocrx_word' id='word_1_15' title='bbox 636 624 739 685; x_wconf 76' lang='lat' dir='ltr'><strong>vel</strong></span> <span class='ocrx_word' id='word_1_16' title='bbox 768 621 981 702; x_wconf 89' lang='lat' dir='ltr'><strong>(quod</strong></span> <span class='ocrx_word' id='word_1_17' title='bbox 1006 623 1217 684; x_wconf 79' lang='lat' dir='ltr'><strong>verius</strong></span> <span class='ocrx_word' id='word_1_18' title='bbox 1250 620 1379 705; x_wconf 84' lang='lat' dir='ltr'><strong>est)</strong></span> <span class='ocrx_word' id='word_1_19' title='bbox 1406 619 1767 702; x_wconf 88' lang='lat' dir='ltr'><strong>simpliciter</strong></span> <span class='ocrx_word' id='word_1_20' title='bbox 1822 625 1994 680; x_wconf 86' lang='lat' dir='ltr'><strong>retu-</strong></span> 
     </span>
     <span class='ocr_line' id='line_1_4' title="bbox 432 713 1998 796; baseline -0.005 -16"><span class='ocrx_word' id='word_1_21' title='bbox 432 718 581 780; x_wconf 88' lang='lat' dir='ltr'><strong>lisse</strong></span> <span class='ocrx_word' id='word_1_22' title='bbox 614 715 900 796; x_wconf 82' lang='lat' dir='ltr'><strong>origenis</strong></span> <span class='ocrx_word' id='word_1_23' title='bbox 942 716 1345 792; x_wconf 81' lang='lat' dir='ltr'><strong>sententiam,</strong></span> <span class='ocrx_word' id='word_1_24' title='bbox 1390 731 1597 795; x_wconf 87' lang='lat' dir='ltr'><strong>neque</strong></span> <span class='ocrx_word' id='word_1_25' title='bbox 1646 713 1998 793; x_wconf 87' lang='lat' dir='ltr'><strong>approban-</strong></span> 
     </span>
     <span class='ocr_line' id='line_1_5' title="bbox 435 806 1996 888; baseline -0.005 -15"><span class='ocrx_word' id='word_1_26' title='bbox 435 810 541 884; x_wconf 90' lang='lat' dir='ltr'><strong>do,</strong></span> <span class='ocrx_word' id='word_1_27' title='bbox 576 827 787 887; x_wconf 86' lang='lat' dir='ltr'><strong>neque</strong></span> <span class='ocrx_word' id='word_1_28' title='bbox 815 808 1213 887; x_wconf 89' lang='lat' dir='ltr'><strong>reprobando</strong></span> <span class='ocrx_word' id='word_1_29' title='bbox 1241 807 1435 881; x_wconf 85' lang='lat' dir='ltr'><strong>illam,</strong></span> <span class='ocrx_word' id='word_1_30' title='bbox 1459 807 1615 869; x_wconf 85' lang='lat' dir='ltr'><strong>utin</strong></span> <span class='ocrx_word' id='word_1_31' title='bbox 1640 806 1996 888; x_wconf 60' lang='lat' dir='ltr'><strong>praefatione</strong></span> 
     </span>
     <span class='ocr_line' id='line_1_6' title="bbox 434 899 1999 982; baseline -0.003 -18"><span class='ocrx_word' id='word_1_32' title='bbox 434 903 600 964; x_wconf 88' lang='lat' dir='ltr'><strong>illius</strong></span> <span class='ocrx_word' id='word_1_33' title='bbox 616 900 904 982; x_wconf 79' lang='lat' dir='ltr'><strong>Epistulae</strong></span> <span class='ocrx_word' id='word_1_34' title='bbox 924 901 1060 982; x_wconf 87' lang='lat' dir='ltr'><strong>ipse</strong></span> <span class='ocrx_word' id='word_1_35' title='bbox 1080 901 1337 978; x_wconf 85' lang='lat' dir='ltr'><strong>indicat,</strong></span> <span class='ocrx_word' id='word_1_36' title='bbox 1364 907 1426 962; x_wconf 91' lang='lat' dir='ltr'><strong>et</strong></span> <span class='ocrx_word' id='word_1_37' title='bbox 1444 900 1513 961; x_wconf 91' lang='lat' dir='ltr'><strong>in</strong></span> <span class='ocrx_word' id='word_1_38' title='bbox 1531 899 1833 980; x_wconf 79' lang='lat' dir='ltr'><strong>Apologia</strong></span> <span class='ocrx_word' id='word_1_39' title='bbox 1850 916 1999 960; x_wconf 89' lang='lat' dir='ltr'><strong>con-</strong></span> 
     </span>
     <span class='ocr_line' id='line_1_7' title="bbox 434 993 1998 1074; baseline -0.004 -15"><span class='ocrx_word' id='word_1_40' title='bbox 434 1001 533 1059; x_wconf 87' lang='lat' dir='ltr'><strong>tra</strong></span> <span class='ocrx_word' id='word_1_41' title='bbox 577 996 803 1057; x_wconf 82' lang='lat' dir='ltr'><strong>ltuffin.</strong></span> <span class='ocrx_word' id='word_1_42' title='bbox 858 995 1237 1074; x_wconf 86' lang='lat' dir='ltr'><strong>generaliter</strong></span> <span class='ocrx_word' id='word_1_43' title='bbox 1276 1013 1345 1056; x_wconf 88' lang='lat' dir='ltr'><strong>se</strong></span> <span class='ocrx_word' id='word_1_44' title='bbox 1388 1000 1690 1068; x_wconf 79' lang='lat' dir='ltr'><strong>excusat3</strong></span> <span class='ocrx_word' id='word_1_45' title='bbox 1742 997 1807 1056; x_wconf 90' lang='lat' dir='ltr'><strong>et</strong></span> <span class='ocrx_word' id='word_1_46' title='bbox 1850 993 1916 1053; x_wconf 88' lang='lat' dir='ltr'><strong>in</strong></span> <span class='ocrx_word' id='word_1_47' title='bbox 1959 993 1998 1053; x_wconf 78' lang='lat'><strong>2</strong></span> 
     </span>
     <span class='ocr_line' id='line_1_8' title="bbox 434 1085 1998 1170; baseline -0.003 -18"><span class='ocrx_word' id='word_1_48' title='bbox 434 1095 588 1152; x_wconf 83' lang='lat' dir='ltr'><strong>tom.</strong></span> <span class='ocrx_word' id='word_1_49' title='bbox 597 1133 617 1166; x_wconf 94' lang='lat'><strong>,</strong></span> <span class='ocrx_word' id='word_1_50' title='bbox 652 1087 831 1170; x_wconf 84' lang='lat' dir='ltr'><strong>epist.</strong></span> <span class='ocrx_word' id='word_1_51' title='bbox 866 1089 963 1164; x_wconf 78' lang='lat'><strong>59,</strong></span> <span class='ocrx_word' id='word_1_52' title='bbox 1000 1087 1081 1148; x_wconf 89' lang='lat' dir='ltr'><strong>ad</strong></span> <span class='ocrx_word' id='word_1_53' title='bbox 1106 1087 1358 1149; x_wconf 83' lang='lat' dir='ltr'><strong>Avitum</strong></span> <span class='ocrx_word' id='word_1_54' title='bbox 1380 1133 1401 1164; x_wconf 88' lang='lat'><strong>,</strong></span> <span class='ocrx_word' id='word_1_55' title='bbox 1454 1087 1759 1150; x_wconf 86' lang='lat' dir='ltr'><strong>idemmet</strong></span> <span class='ocrx_word' id='word_1_56' title='bbox 1780 1085 1998 1148; x_wconf 85' lang='lat' dir='ltr'><strong>Hiero-</strong></span> 
     </span>
     <span class='ocr_line' id='line_1_9' title="bbox 440 1177 2001 1264; baseline -0.003 -20"><span class='ocrx_word' id='word_1_57' title='bbox 440 1201 666 1264; x_wconf 83' lang='lat' dir='ltr'><strong>nymus</strong></span> <span class='ocrx_word' id='word_1_58' title='bbox 688 1182 854 1244; x_wconf 86' lang='lat' dir='ltr'><strong>inter</strong></span> <span class='ocrx_word' id='word_1_59' title='bbox 872 1181 1157 1262; x_wconf 88' lang='lat' dir='ltr'><strong>Origenis</strong></span> <span class='ocrx_word' id='word_1_60' title='bbox 1188 1198 1433 1244; x_wconf 84' lang='lat' dir='ltr'><strong>errores</strong></span> <span class='ocrx_word' id='word_1_61' title='bbox 1459 1179 1655 1260; x_wconf 89' lang='lat' dir='ltr'><strong>ponit,</strong></span> <span class='ocrx_word' id='word_1_62' title='bbox 1690 1178 1862 1258; x_wconf 87' lang='lat' dir='ltr'><strong>quod</strong></span> <span class='ocrx_word' id='word_1_63' title='bbox 1889 1177 2001 1240; x_wconf 89' lang='lat' dir='ltr'><strong>do-</strong></span> 
     </span>
     <span class='ocr_line' id='line_1_10' title="bbox 435 1274 1998 1355; baseline -0.004 -17"><span class='ocrx_word' id='word_1_64' title='bbox 435 1275 639 1338; x_wconf 79' lang='lat' dir='ltr'><strong>cuerit</strong></span> <span class='ocrx_word' id='word_1_65' title='bbox 664 1275 993 1337; x_wconf 86' lang='lat' dir='ltr'><strong>damnatos</strong></span> <span class='ocrx_word' id='word_1_66' title='bbox 1018 1275 1291 1355; x_wconf 85' lang='lat' dir='ltr'><strong>Angelos</strong></span> <span class='ocrx_word' id='word_1_67' title='bbox 1321 1274 1660 1354; x_wconf 88' lang='lat' dir='ltr'><strong>aliquando</strong></span> <span class='ocrx_word' id='word_1_68' title='bbox 1688 1290 1998 1334; x_wconf 87' lang='lat' dir='ltr'><strong>revocan-</strong></span> 
     </span>
     <span class='ocr_line' id='line_1_11' title="bbox 436 1367 1992 1447; baseline -0.003 -17"><span class='ocrx_word' id='word_1_69' title='bbox 436 1369 553 1430; x_wconf 86' lang='lat' dir='ltr'><strong>dos</strong></span> <span class='ocrx_word' id='word_1_70' title='bbox 590 1386 724 1430; x_wconf 90' lang='lat' dir='ltr'><strong>esse</strong></span> <span class='ocrx_word' id='word_1_71' title='bbox 758 1367 839 1430; x_wconf 89' lang='lat' dir='ltr'><strong>ad</strong></span> <span class='ocrx_word' id='word_1_72' title='bbox 882 1373 1116 1430; x_wconf 88' lang='lat' dir='ltr'><strong>statum</strong></span> <span class='ocrx_word' id='word_1_73' title='bbox 1160 1373 1521 1430; x_wconf 87' lang='lat' dir='ltr'><strong>sanctorum</strong></span> <span class='ocrx_word' id='word_1_74' title='bbox 1574 1367 1960 1447; x_wconf 88' lang='lat' dir='ltr'><strong>Angelorum</strong></span> <span class='ocrx_word' id='word_1_75' title='bbox 1972 1381 1992 1443; x_wconf 82' lang='lat'><em>3</em></span> 
     </span>
     <span class='ocr_line' id='line_1_12' title="bbox 438 1459 1997 1542; baseline -0.001 -20"><span class='ocrx_word' id='word_1_76' title='bbox 438 1478 629 1542; x_wconf 89' lang='lat' dir='ltr'><strong>quem</strong></span> <span class='ocrx_word' id='word_1_77' title='bbox 660 1479 937 1523; x_wconf 84' lang='lat' dir='ltr'><strong>errorem</strong></span> <span class='ocrx_word' id='word_1_78' title='bbox 966 1461 1337 1524; x_wconf 86' lang='lat' dir='ltr'><strong>damnatum</strong></span> <span class='ocrx_word' id='word_1_79' title='bbox 1368 1479 1507 1524; x_wconf 88' lang='lat' dir='ltr'><strong>esse</strong></span> <span class='ocrx_word' id='word_1_80' title='bbox 1532 1465 1753 1524; x_wconf 90' lang='lat' dir='ltr'><strong>contra</strong></span> <span class='ocrx_word' id='word_1_81' title='bbox 1778 1459 1997 1540; x_wconf 89' lang='lat' dir='ltr'><strong>Orige-</strong></span> 
     </span>
     <span class='ocr_line' id='line_1_13' title="bbox 434 1553 1997 1636; baseline -0.001 -21"><span class='ocrx_word' id='word_1_82' title='bbox 434 1553 681 1617; x_wconf 86' lang='lat' dir='ltr'><strong>nemin</strong></span> <span class='ocrx_word' id='word_1_83' title='bbox 709 1555 759 1614; x_wconf 85' lang='lat' dir='ltr'>V</span> <span class='ocrx_word' id='word_1_84' title='bbox 788 1554 1047 1634; x_wconf 83' lang='lat' dir='ltr'><strong>Synodo</strong></span> <span class='ocrx_word' id='word_1_85' title='bbox 1090 1554 1283 1618; x_wconf 78' lang='lat' dir='ltr'><strong>refert</strong></span> <span class='ocrx_word' id='word_1_86' title='bbox 1330 1553 1665 1636; x_wconf 85' lang='lat' dir='ltr'><strong>Nicephor.</strong></span> <span class='ocrx_word' id='word_1_87' title='bbox 1689 1599 1711 1632; x_wconf 93' lang='lat'><strong>,</strong></span> <span class='ocrx_word' id='word_1_88' title='bbox 1761 1553 1868 1616; x_wconf 89' lang='lat' dir='ltr'><strong>lib.</strong></span> <span class='ocrx_word' id='word_1_89' title='bbox 1921 1553 1997 1616; x_wconf 77' lang='lat'><strong>17</strong></span> 
     </span>
     <span class='ocr_line' id='line_1_14' title="bbox 436 1645 1998 1727; baseline -0.003 -17"><span class='ocrx_word' id='word_1_90' title='bbox 436 1649 692 1724; x_wconf 63' lang='lat' dir='ltr'><strong>Biston,</strong></span> <span class='ocrx_word' id='word_1_91' title='bbox 718 1665 773 1710; x_wconf 92' lang='lat' dir='ltr'><strong>c.</strong></span> <span class='ocrx_word' id='word_1_92' title='bbox 808 1649 885 1710; x_wconf 73' lang='lat'><strong>27</strong></span> <span class='ocrx_word' id='word_1_93' title='bbox 914 1655 975 1709; x_wconf 90' lang='lat' dir='ltr'><strong>et</strong></span> <span class='ocrx_word' id='word_1_94' title='bbox 999 1652 1113 1727; x_wconf 74' lang='lat'><strong>283</strong></span> <span class='ocrx_word' id='word_1_95' title='bbox 1146 1655 1209 1712; x_wconf 90' lang='lat' dir='ltr'><strong>et</strong></span> <span class='ocrx_word' id='word_1_96' title='bbox 1236 1651 1455 1712; x_wconf 85' lang='lat' dir='ltr'><strong>contra</strong></span> <span class='ocrx_word' id='word_1_97' title='bbox 1482 1647 1775 1712; x_wconf 86' lang='lat' dir='ltr'><strong>eamdem</strong></span> <span class='ocrx_word' id='word_1_98' title='bbox 1800 1645 1998 1709; x_wconf 78' lang='lat' dir='ltr'><strong>videri</strong></span> 
     </span>
     <span class='ocr_line' id='line_1_15' title="bbox 435 1739 2004 1823; baseline -0.003 -19"><span class='ocrx_word' id='word_1_99' title='bbox 435 1747 647 1823; x_wconf 85' lang='lat' dir='ltr'><strong>potest</strong></span> <span class='ocrx_word' id='word_1_100' title='bbox 670 1741 799 1803; x_wconf 88' lang='lat' dir='ltr'><strong>late</strong></span> <span class='ocrx_word' id='word_1_101' title='bbox 826 1740 1213 1822; x_wconf 85' lang='lat' dir='ltr'><strong>Theophilus</strong></span> <span class='ocrx_word' id='word_1_102' title='bbox 1240 1742 1725 1816; x_wconf 85' lang='lat' dir='ltr'><strong>Alexandrinus,</strong></span> <span class='ocrx_word' id='word_1_103' title='bbox 1754 1741 1819 1802; x_wconf 89' lang='lat' dir='ltr'><strong>in</strong></span> <span class='ocrx_word' id='word_1_104' title='bbox 1844 1739 2004 1802; x_wconf 86' lang='lat' dir='ltr'><strong>dua·</strong></span> 
     </span>
     <span class='ocr_line' id='line_1_16' title="bbox 437 1835 1997 1914; baseline -0.002 -18"><span class='ocrx_word' id='word_1_105' title='bbox 437 1835 559 1896; x_wconf 90' lang='lat' dir='ltr'><strong>bus</strong></span> <span class='ocrx_word' id='word_1_106' title='bbox 586 1835 864 1914; x_wconf 89' lang='lat' dir='ltr'><strong>epistolis</strong></span> <span class='ocrx_word' id='word_1_107' title='bbox 880 1853 1019 1914; x_wconf 76' lang='lat' dir='ltr'><strong>quae</strong></span> <span class='ocrx_word' id='word_1_108' title='bbox 1038 1835 1401 1898; x_wconf 79' lang='lat' dir='ltr'><strong>referuntur</strong></span> <span class='ocrx_word' id='word_1_109' title='bbox 1428 1837 1490 1896; x_wconf 88' lang='lat' dir='ltr'><strong>in</strong></span> <span class='ocrx_word' id='word_1_110' title='bbox 1517 1839 1543 1898; x_wconf 73' lang='lat'>1</span> <span class='ocrx_word' id='word_1_111' title='bbox 1576 1841 1725 1898; x_wconf 89' lang='lat' dir='ltr'><strong>tom.</strong></span> <span class='ocrx_word' id='word_1_112' title='bbox 1749 1835 1997 1897; x_wconf 90' lang='lat' dir='ltr'><strong>Bibliot.</strong></span> 
     </span>
     <span class='ocr_line' id='line_1_17' title="bbox 438 1928 2001 2012; baseline -0.001 -22"><span class='ocrx_word' id='word_1_113' title='bbox 438 1934 641 1991; x_wconf 86' lang='lat' dir='ltr'><strong>sanct.</strong></span> <span class='ocrx_word' id='word_1_114' title='bbox 659 1944 681 2006; x_wconf 92' lang='lat'>;</span> <span class='ocrx_word' id='word_1_115' title='bbox 725 1935 788 1991; x_wconf 89' lang='lat' dir='ltr'><strong>et</strong></span> <span class='ocrx_word' id='word_1_116' title='bbox 822 1929 887 1990; x_wconf 87' lang='lat' dir='ltr'><strong>in</strong></span> <span class='ocrx_word' id='word_1_117' title='bbox 920 1929 1057 1992; x_wconf 86' lang='lat' dir='ltr'><strong>aliis</strong></span> <span class='ocrx_word' id='word_1_118' title='bbox 1092 1929 1246 1992; x_wconf 87' lang='lat' dir='ltr'><strong>locis</strong></span> <span class='ocrx_word' id='word_1_119' title='bbox 1273 1930 1375 1993; x_wconf 91' lang='lat' dir='ltr'><strong>hic</strong></span> <span class='ocrx_word' id='word_1_120' title='bbox 1404 1949 1579 1994; x_wconf 88' lang='lat' dir='ltr'><strong>error</strong></span> <span class='ocrx_word' id='word_1_121' title='bbox 1608 1949 1687 1992; x_wconf 83' lang='lat' dir='ltr'><strong>ex</strong></span> <span class='ocrx_word' id='word_1_122' title='bbox 1718 1928 2001 2012; x_wconf 83' lang='lat' dir='ltr'><strong>professo</strong></span> 
     </span>
     <span class='ocr_line' id='line_1_18' title="bbox 438 2020 2001 2104; baseline -0.001 -22"><span class='ocrx_word' id='word_1_123' title='bbox 438 2020 846 2102; x_wconf 86' lang='lat' dir='ltr'><strong>impugnatur</strong></span> <span class='ocrx_word' id='word_1_124' title='bbox 864 2065 885 2098; x_wconf 91' lang='lat'>‚</span> <span class='ocrx_word' id='word_1_125' title='bbox 931 2023 1325 2084; x_wconf 86' lang='lat' dir='ltr'><strong>ostendendo</strong></span> <span class='ocrx_word' id='word_1_126' title='bbox 1354 2039 1569 2104; x_wconf 84' lang='lat' dir='ltr'><strong>poenas</strong></span> <span class='ocrx_word' id='word_1_127' title='bbox 1603 2021 1833 2086; x_wconf 80' lang='lat' dir='ltr'><strong>inferni</strong></span> <span class='ocrx_word' id='word_1_128' title='bbox 1862 2037 2001 2082; x_wconf 88' lang='lat' dir='ltr'><strong>esse</strong></span> 
     </span>
     <span class='ocr_line' id='line_1_19' title="bbox 442 2115 2004 2196; baseline -0.001 -22"><span class='ocrx_word' id='word_1_129' title='bbox 442 2118 714 2176; x_wconf 79' lang='lat' dir='ltr'><strong>aeternas</strong></span> <span class='ocrx_word' id='word_1_130' title='bbox 754 2120 819 2176; x_wconf 92' lang='lat' dir='ltr'><strong>et</strong></span> <span class='ocrx_word' id='word_1_131' title='bbox 867 2115 1329 2194; x_wconf 83' lang='lat' dir='ltr'><strong>immutabiles3</strong></span> <span class='ocrx_word' id='word_1_132' title='bbox 1359 2117 1425 2178; x_wconf 90' lang='lat' dir='ltr'><strong>in</strong></span> <span class='ocrx_word' id='word_1_133' title='bbox 1464 2117 1585 2180; x_wconf 89' lang='lat' dir='ltr'><strong>hoc</strong></span> <span class='ocrx_word' id='word_1_134' title='bbox 1613 2133 1765 2196; x_wconf 83' lang='lat' dir='ltr'><strong>ergo</strong></span> <span class='ocrx_word' id='word_1_135' title='bbox 1810 2131 2004 2176; x_wconf 89' lang='lat' dir='ltr'><strong>sensu</strong></span> 
     </span>
     <span class='ocr_line' id='line_1_20' title="bbox 440 2207 2005 2274; baseline -0.001 -4"><span class='ocrx_word' id='word_1_136' title='bbox 440 2207 858 2270; x_wconf 87' lang='lat' dir='ltr'><strong>certissimum</strong></span> <span class='ocrx_word' id='word_1_137' title='bbox 888 2215 985 2272; x_wconf 84' lang='lat' dir='ltr'><strong>est</strong></span> <span class='ocrx_word' id='word_1_138' title='bbox 1007 2209 1317 2272; x_wconf 84' lang='lat' dir='ltr'><strong>Christum</strong></span> <span class='ocrx_word' id='word_1_139' title='bbox 1348 2227 1478 2272; x_wconf 89' lang='lat' dir='ltr'><strong>non</strong></span> <span class='ocrx_word' id='word_1_140' title='bbox 1506 2210 1848 2274; x_wconf 83' lang='lat' dir='ltr'><strong>redemisse</strong></span> <span class='ocrx_word' id='word_1_141' title='bbox 1876 2207 2005 2272; x_wconf 88' lang='lat' dir='ltr'><strong>An·-</strong></span> 
     </span>
     <span class='ocr_line' id='line_1_21' title="bbox 442 2300 2005 2384; baseline 0.001 -23"><span class='ocrx_word' id='word_1_142' title='bbox 442 2300 641 2380; x_wconf 84' lang='lat' dir='ltr'><strong>gelos,</strong></span> <span class='ocrx_word' id='word_1_143' title='bbox 673 2317 793 2363; x_wconf 90' lang='lat' dir='ltr'><strong>nec</strong></span> <span class='ocrx_word' id='word_1_144' title='bbox 820 2308 1139 2364; x_wconf 85' lang='lat' dir='ltr'><strong>mortuum</strong></span> <span class='ocrx_word' id='word_1_145' title='bbox 1167 2318 1309 2365; x_wconf 87' lang='lat' dir='ltr'><strong>esse</strong></span> <span class='ocrx_word' id='word_1_146' title='bbox 1354 2321 1471 2384; x_wconf 91' lang='lat' dir='ltr'><strong>pro</strong></span> <span class='ocrx_word' id='word_1_147' title='bbox 1506 2303 1668 2380; x_wconf 83' lang='lat' dir='ltr'><strong>illis,</strong></span> <span class='ocrx_word' id='word_1_148' title='bbox 1694 2320 1823 2365; x_wconf 91' lang='lat' dir='ltr'><strong>non</strong></span> <span class='ocrx_word' id='word_1_149' title='bbox 1856 2301 2005 2382; x_wconf 89' lang='lat' dir='ltr'><strong>quia</strong></span> 
     </span>
     <span class='ocr_line' id='line_1_22' title="bbox 440 2391 2008 2476; baseline 0.004 -24"><span class='ocrx_word' id='word_1_150' title='bbox 440 2391 510 2453; x_wconf 90' lang='lat' dir='ltr'><strong>id</strong></span> <span class='ocrx_word' id='word_1_151' title='bbox 536 2392 673 2454; x_wconf 81' lang='lat' dir='ltr'><strong>fieri</strong></span> <span class='ocrx_word' id='word_1_152' title='bbox 718 2411 847 2455; x_wconf 90' lang='lat' dir='ltr'><strong>non</strong></span> <span class='ocrx_word' id='word_1_153' title='bbox 896 2396 1203 2475; x_wconf 88' lang='lat' dir='ltr'><strong>potuerit,</strong></span> <span class='ocrx_word' id='word_1_154' title='bbox 1252 2397 1365 2458; x_wconf 90' lang='lat' dir='ltr'><strong>sed</strong></span> <span class='ocrx_word' id='word_1_155' title='bbox 1396 2397 1543 2476; x_wconf 89' lang='lat' dir='ltr'><strong>quia</strong></span> <span class='ocrx_word' id='word_1_156' title='bbox 1582 2397 1752 2460; x_wconf 88' lang='lat' dir='ltr'><strong>Deus</strong></span> <span class='ocrx_word' id='word_1_157' title='bbox 1794 2393 2008 2459; x_wconf 80' lang='lat' dir='ltr'><strong>statuit</strong></span> 
     </span>
     <span class='ocr_line' id='line_1_23' title="bbox 441 2483 2004 2570; baseline 0.005 -24"><span class='ocrx_word' id='word_1_158' title='bbox 441 2483 561 2547; x_wconf 89' lang='lat' dir='ltr'><strong>illis</strong></span> <span class='ocrx_word' id='word_1_159' title='bbox 598 2505 728 2548; x_wconf 88' lang='lat' dir='ltr'><strong>non</strong></span> <span class='ocrx_word' id='word_1_160' title='bbox 774 2505 1063 2568; x_wconf 81' lang='lat' dir='ltr'><strong>parcere,</strong></span> <span class='ocrx_word' id='word_1_161' title='bbox 1098 2507 1219 2553; x_wconf 90' lang='lat' dir='ltr'><strong>nec</strong></span> <span class='ocrx_word' id='word_1_162' title='bbox 1265 2491 1618 2554; x_wconf 86' lang='lat' dir='ltr'><strong>remedium</strong></span> <span class='ocrx_word' id='word_1_163' title='bbox 1664 2497 2004 2570; x_wconf 72' lang='lat' dir='ltr'><strong>proestare3</strong></span> 
     </span>
     <span class='ocr_line' id='line_1_24' title="bbox 444 2580 2008 2661; baseline 0.003 -21"><span class='ocrx_word' id='word_1_164' title='bbox 444 2580 625 2660; x_wconf 84' lang='lat' dir='ltr'><strong>cujus</strong></span> <span class='ocrx_word' id='word_1_165' title='bbox 656 2581 983 2661; x_wconf 86' lang='lat' dir='ltr'><strong>potissima</strong></span> <span class='ocrx_word' id='word_1_166' title='bbox 1006 2583 1167 2646; x_wconf 87' lang='lat' dir='ltr'><strong>ratio</strong></span> <span class='ocrx_word' id='word_1_167' title='bbox 1199 2589 1294 2646; x_wconf 88' lang='lat' dir='ltr'><strong>est</strong></span> <span class='ocrx_word' id='word_1_168' title='bbox 1318 2584 1736 2648; x_wconf 86' lang='lat' dir='ltr'><strong>inscrutabilis</strong></span> <span class='ocrx_word' id='word_1_169' title='bbox 1760 2584 1873 2646; x_wconf 91' lang='lat' dir='ltr'><strong>Dei</strong></span> <span class='ocrx_word' id='word_1_170' title='bbox 1898 2602 2008 2644; x_wconf 84' lang='lat' dir='ltr'><strong>vo-</strong></span> 
     </span>
     <span class='ocr_line' id='line_1_25' title="bbox 438 2673 2002 2758; baseline 0.002 -23"><span class='ocrx_word' id='word_1_171' title='bbox 438 2673 691 2752; x_wconf 85' lang='lat' dir='ltr'><strong>luntas3</strong></span> <span class='ocrx_word' id='word_1_172' title='bbox 722 2677 1169 2756; x_wconf 87' lang='lat' dir='ltr'><strong>congruentias</strong></span> <span class='ocrx_word' id='word_1_173' title='bbox 1196 2695 1347 2741; x_wconf 78' lang='lat' dir='ltr'><strong>vero</strong></span> <span class='ocrx_word' id='word_1_174' title='bbox 1371 2678 1749 2742; x_wconf 78' lang='lat' dir='ltr'><strong>adduximus</strong></span> <span class='ocrx_word' id='word_1_175' title='bbox 1787 2695 2002 2758; x_wconf 88' lang='lat' dir='ltr'><strong>supra,</strong></span> 
     </span>
     <span class='ocr_line' id='line_1_26' title="bbox 441 2771 1010 2846; baseline 0.007 -18"><span class='ocrx_word' id='word_1_176' title='bbox 441 2773 669 2846; x_wconf 74' lang='lat' dir='ltr'><strong>quoest.</strong></span> <span class='ocrx_word' id='word_1_177' title='bbox 704 2771 765 2844; x_wconf 79' lang='lat'><strong>1,</strong></span> <span class='ocrx_word' id='word_1_178' title='bbox 794 2774 914 2833; x_wconf 88' lang='lat' dir='ltr'><strong>art.</strong></span> <span class='ocrx_word' id='word_1_179' title='bbox 946 2771 1010 2832; x_wconf 76' lang='lat'><strong>2.</strong></span> 
     </span>
    </p>

    <p class='ocr_par' dir='ltr' id='par_1_2' title="bbox 438 2861 2021 4070">
     <span class='ocr_line' id='line_1_27' title="bbox 518 2861 2010 2948; baseline 0.004 -26"><span class='ocrx_word' id='word_1_180' title='bbox 518 2863 583 2922; x_wconf 73' lang='lat'><strong>2.</strong></span> <span class='ocrx_word' id='word_1_181' title='bbox 628 2861 713 2923; x_wconf 91' lang='lat' dir='ltr'><strong>De</strong></span> <span class='ocrx_word' id='word_1_182' title='bbox 749 2861 1089 2941; x_wconf 82' lang='lat' dir='ltr'><strong>posteriori</strong></span> <span class='ocrx_word' id='word_1_183' title='bbox 1124 2882 1276 2946; x_wconf 89' lang='lat' dir='ltr'><strong>ergo</strong></span> <span class='ocrx_word' id='word_1_184' title='bbox 1309 2884 1501 2928; x_wconf 83' lang='lat' dir='ltr'><strong>sensu</strong></span> <span class='ocrx_word' id='word_1_185' title='bbox 1540 2867 1778 2928; x_wconf 84' lang='lat' dir='ltr'><strong>versari</strong></span> <span class='ocrx_word' id='word_1_186' title='bbox 1805 2871 2010 2948; x_wconf 87' lang='lat' dir='ltr'><strong>potest</strong></span> 
     </span>
     <span class='ocr_line' id='line_1_28' title="bbox 441 2953 2010 3042; baseline 0.004 -28"><span class='ocrx_word' id='word_1_187' title='bbox 441 2955 709 3032; x_wconf 83' lang='lat' dir='ltr'><strong>quaestio</strong></span> <span class='ocrx_word' id='word_1_188' title='bbox 744 2953 909 3018; x_wconf 90' lang='lat' dir='ltr'><strong>inter</strong></span> <span class='ocrx_word' id='word_1_189' title='bbox 930 2956 1317 3032; x_wconf 82' lang='lat' dir='ltr'><strong>catholicos,</strong></span> <span class='ocrx_word' id='word_1_190' title='bbox 1360 2977 1526 3042; x_wconf 81' lang='lat' dir='ltr'><strong>quae,</strong></span> <span class='ocrx_word' id='word_1_191' title='bbox 1560 2959 1901 3040; x_wconf 80' lang='lat' dir='ltr'><strong>suppositis</strong></span> <span class='ocrx_word' id='word_1_192' title='bbox 1929 2960 2010 3020; x_wconf 91' lang='lat' dir='ltr'><strong>iis</strong></span> 
     </span>
     <span class='ocr_line' id='line_1_29' title="bbox 444 3047 2011 3133; baseline 0.004 -25"><span class='ocrx_word' id='word_1_193' title='bbox 444 3065 585 3126; x_wconf 80' lang='lat' dir='ltr'><strong>quae</strong></span> <span class='ocrx_word' id='word_1_194' title='bbox 613 3047 682 3109; x_wconf 89' lang='lat' dir='ltr'><strong>in</strong></span> <span class='ocrx_word' id='word_1_195' title='bbox 710 3047 1091 3128; x_wconf 60' lang='lat' dir='ltr'><strong>praecedenti</strong></span> <span class='ocrx_word' id='word_1_196' title='bbox 1120 3051 1398 3114; x_wconf 81' lang='lat' dir='ltr'><strong>sectione</strong></span> <span class='ocrx_word' id='word_1_197' title='bbox 1422 3053 1587 3114; x_wconf 86' lang='lat' dir='ltr'><strong>dicta</strong></span> <span class='ocrx_word' id='word_1_198' title='bbox 1612 3058 1779 3129; x_wconf 88' lang='lat' dir='ltr'><strong>sunt,</strong></span> <span class='ocrx_word' id='word_1_199' title='bbox 1806 3053 2011 3133; x_wconf 87' lang='lat' dir='ltr'><strong>magis</strong></span> 
     </span>
     <span class='ocr_line' id='line_1_30' title="bbox 444 3142 2007 3227; baseline 0.003 -25"><span class='ocrx_word' id='word_1_200' title='bbox 444 3142 527 3202; x_wconf 90' lang='lat' dir='ltr'><strong>ad</strong></span> <span class='ocrx_word' id='word_1_201' title='bbox 570 3142 829 3204; x_wconf 88' lang='lat' dir='ltr'><strong>modum</strong></span> <span class='ocrx_word' id='word_1_202' title='bbox 880 3143 1183 3222; x_wconf 87' lang='lat' dir='ltr'><strong>loquendi</strong></span> <span class='ocrx_word' id='word_1_203' title='bbox 1222 3161 1415 3224; x_wconf 87' lang='lat' dir='ltr'><strong>quam</strong></span> <span class='ocrx_word' id='word_1_204' title='bbox 1452 3145 1537 3208; x_wconf 89' lang='lat' dir='ltr'><strong>ad</strong></span> <span class='ocrx_word' id='word_1_205' title='bbox 1562 3164 1697 3210; x_wconf 87' lang='lat' dir='ltr'><strong>rem</strong></span> <span class='ocrx_word' id='word_1_206' title='bbox 1746 3151 2007 3227; x_wconf 86' lang='lat' dir='ltr'><strong>spectat.</strong></span> 
     </span>
     <span class='ocr_line' id='line_1_31' title="bbox 444 3236 2016 3320; baseline 0.003 -24"><span class='ocrx_word' id='word_1_207' title='bbox 444 3236 703 3315; x_wconf 84' lang='lat' dir='ltr'><strong>Oportet</strong></span> <span class='ocrx_word' id='word_1_208' title='bbox 731 3241 944 3298; x_wconf 87' lang='lat' dir='ltr'><strong>tamen</strong></span> <span class='ocrx_word' id='word_1_209' title='bbox 971 3237 1224 3317; x_wconf 87' lang='lat' dir='ltr'><strong>proprie</strong></span> <span class='ocrx_word' id='word_1_210' title='bbox 1244 3245 1305 3302; x_wconf 89' lang='lat' dir='ltr'><strong>et</strong></span> <span class='ocrx_word' id='word_1_211' title='bbox 1336 3242 1505 3302; x_wconf 86' lang='lat' dir='ltr'><strong>caste</strong></span> <span class='ocrx_word' id='word_1_212' title='bbox 1525 3239 1723 3320; x_wconf 80' lang='lat' dir='ltr'><strong>loqui.</strong></span> <span class='ocrx_word' id='word_1_213' title='bbox 1748 3240 2016 3302; x_wconf 86' lang='lat' dir='ltr'><strong>Bernar-</strong></span> 
     </span>
     <span class='ocr_line' id='line_1_32' title="bbox 444 3327 2016 3413; baseline 0.003 -24"><span class='ocrx_word' id='word_1_214' title='bbox 444 3327 565 3390; x_wconf 89' lang='lat' dir='ltr'><strong>dus</strong></span> <span class='ocrx_word' id='word_1_215' title='bbox 610 3347 787 3409; x_wconf 86' lang='lat' dir='ltr'><strong>ergo,</strong></span> <span class='ocrx_word' id='word_1_216' title='bbox 838 3330 993 3392; x_wconf 85' lang='lat' dir='ltr'><strong>loeis</strong></span> <span class='ocrx_word' id='word_1_217' title='bbox 1040 3332 1246 3394; x_wconf 84' lang='lat' dir='ltr'><strong>citatis</strong></span> <span class='ocrx_word' id='word_1_218' title='bbox 1284 3333 1562 3397; x_wconf 82' lang='lat' dir='ltr'><strong>sectione</strong></span> <span class='ocrx_word' id='word_1_219' title='bbox 1613 3333 2016 3413; x_wconf 63' lang='lat' dir='ltr'><strong>praecedenti,</strong></span> 
     </span>
     <span class='ocr_line' id='line_1_33' title="bbox 438 3423 2021 3504; baseline 0.003 -21"><span class='ocrx_word' id='word_1_220' title='bbox 438 3423 689 3486; x_wconf 85' lang='lat' dir='ltr'><strong>videtur</strong></span> <span class='ocrx_word' id='word_1_221' title='bbox 731 3425 1003 3504; x_wconf 87' lang='lat' dir='ltr'><strong>probare</strong></span> <span class='ocrx_word' id='word_1_222' title='bbox 1047 3425 1218 3488; x_wconf 85' lang='lat' dir='ltr'><strong>illam</strong></span> <span class='ocrx_word' id='word_1_223' title='bbox 1270 3426 1679 3503; x_wconf 87' lang='lat' dir='ltr'><strong>locutionem,</strong></span> <span class='ocrx_word' id='word_1_224' title='bbox 1711 3428 2021 3492; x_wconf 82' lang='lat' dir='ltr'><strong>Christum</strong></span> 
     </span>
     <span class='ocr_line' id='line_1_34' title="bbox 443 3516 2020 3604; baseline 0.004 -26"><span class='ocrx_word' id='word_1_225' title='bbox 443 3516 789 3580; x_wconf 84' lang='lat' dir='ltr'><strong>redemisse</strong></span> <span class='ocrx_word' id='word_1_226' title='bbox 820 3519 1095 3600; x_wconf 79' lang='lat' dir='ltr'><strong>Angelos</strong></span> <span class='ocrx_word' id='word_1_227' title='bbox 1136 3527 1414 3596; x_wconf 86' lang='lat' dir='ltr'><strong>sanctos,</strong></span> <span class='ocrx_word' id='word_1_228' title='bbox 1446 3523 1715 3604; x_wconf 82' lang='lat' dir='ltr'><strong>gratiam</strong></span> <span class='ocrx_word' id='word_1_229' title='bbox 1756 3538 2020 3602; x_wconf 82' lang='lat' dir='ltr'><strong>praeser-</strong></span> 
     </span>
     <span class='ocr_line' id='line_1_35' title="bbox 442 3609 2009 3696; baseline 0.004 -26"><span class='ocrx_word' id='word_1_230' title='bbox 442 3609 713 3672; x_wconf 80' lang='lat' dir='ltr'><strong>vationis</strong></span> <span class='ocrx_word' id='word_1_231' title='bbox 739 3611 860 3673; x_wconf 87' lang='lat' dir='ltr'><strong>illis</strong></span> <span class='ocrx_word' id='word_1_232' title='bbox 888 3613 1295 3675; x_wconf 83' lang='lat' dir='ltr'><strong>conferendo.</strong></span> <span class='ocrx_word' id='word_1_233' title='bbox 1327 3613 1664 3696; x_wconf 86' lang='lat' dir='ltr'><strong>Dionysius</strong></span> <span class='ocrx_word' id='word_1_234' title='bbox 1692 3617 1918 3692; x_wconf 90' lang='lat' dir='ltr'><strong>etiam,</strong></span> <span class='ocrx_word' id='word_1_235' title='bbox 1953 3633 2009 3676; x_wconf 93' lang='lat' dir='ltr'><strong>c.</strong></span> 
     </span>
     <span class='ocr_line' id='line_1_36' title="bbox 444 3701 2014 3790; baseline 0.004 -26"><span class='ocrx_word' id='word_1_236' title='bbox 444 3703 485 3764; x_wconf 87' lang='lat'>8</span> <span class='ocrx_word' id='word_1_237' title='bbox 512 3701 591 3766; x_wconf 89' lang='lat' dir='ltr'><strong>de</strong></span> <span class='ocrx_word' id='word_1_238' title='bbox 618 3703 820 3767; x_wconf 78' lang='lat' dir='ltr'><strong>Divin.</strong></span> <span class='ocrx_word' id='word_1_239' title='bbox 854 3706 1124 3781; x_wconf 66' lang='lat' dir='ltr'><strong>nomin„</strong></span> <span class='ocrx_word' id='word_1_240' title='bbox 1156 3707 1224 3768; x_wconf 90' lang='lat' dir='ltr'><strong>in</strong></span> <span class='ocrx_word' id='word_1_241' title='bbox 1260 3706 1387 3770; x_wconf 86' lang='lat' dir='ltr'><strong>fine</strong></span> <span class='ocrx_word' id='word_1_242' title='bbox 1408 3751 1424 3782; x_wconf 91' lang='lat'><strong>,</strong></span> <span class='ocrx_word' id='word_1_243' title='bbox 1453 3707 1603 3771; x_wconf 87' lang='lat' dir='ltr'><strong>dicit</strong></span> <span class='ocrx_word' id='word_1_244' title='bbox 1634 3709 2014 3790; x_wconf 85' lang='lat' dir='ltr'><strong>redemptio·</strong></span> 
     </span>
     <span class='ocr_line' id='line_1_37' title="bbox 442 3799 2009 3884; baseline 0.004 -26"><span class='ocrx_word' id='word_1_245' title='bbox 442 3815 592 3858; x_wconf 88' lang='lat' dir='ltr'><strong>nem</strong></span> <span class='ocrx_word' id='word_1_246' title='bbox 619 3815 807 3877; x_wconf 89' lang='lat' dir='ltr'><strong>posse</strong></span> <span class='ocrx_word' id='word_1_247' title='bbox 854 3799 1159 3880; x_wconf 88' lang='lat' dir='ltr'><strong>appellari</strong></span> <span class='ocrx_word' id='word_1_248' title='bbox 1206 3817 1283 3862; x_wconf 83' lang='lat' dir='ltr'><strong>ex</strong></span> <span class='ocrx_word' id='word_1_249' title='bbox 1335 3819 1434 3878; x_wconf 89' lang='lat' dir='ltr'><strong>eo,</strong></span> <span class='ocrx_word' id='word_1_250' title='bbox 1476 3803 1637 3884; x_wconf 73' lang='lat' dir='ltr'><strong>quod</strong></span> <span class='ocrx_word' id='word_1_251' title='bbox 1673 3819 1791 3866; x_wconf 70' lang='lat' dir='ltr'><strong>non</strong></span> <span class='ocrx_word' id='word_1_252' title='bbox 1832 3803 2009 3879; x_wconf 71' lang='lat' dir='ltr'><strong>sinit,</strong></span> 
     </span>
     <span class='ocr_line' id='line_1_38' title="bbox 442 3895 2015 3972; baseline 0.003 -18"><span class='ocrx_word' id='word_1_253' title='bbox 442 3905 577 3972; x_wconf 65' lang='grc' dir='ltr'><strong>μω·</strong></span> <span class='ocrx_word' id='word_1_254' title='bbox 616 3909 749 3956; x_wconf 79' lang='lat' dir='ltr'><strong>vere</strong></span> <span class='ocrx_word' id='word_1_255' title='bbox 772 3901 915 3957; x_wconf 66' lang='lat' dir='ltr'><strong>cunt</strong></span> <span class='ocrx_word' id='word_1_256' title='bbox 929 3939 950 3971; x_wconf 94' lang='lat'>‚</span> <span class='ocrx_word' id='word_1_257' title='bbox 983 3895 1063 3958; x_wconf 79' lang='lat' dir='ltr'><strong>ad</strong></span> <span class='ocrx_word' id='word_1_258' title='bbox 1086 3895 1158 3958; x_wconf 74' lang='lat' dir='ltr'><strong>id</strong></span> <span class='ocrx_word' id='word_1_259' title='bbox 1182 3896 1388 3960; x_wconf 74' lang='lat' dir='ltr'><strong>cadero</strong></span> <span class='ocrx_word' id='word_1_260' title='bbox 1428 3901 1497 3958; x_wconf 74' lang='lat' dir='ltr'><strong>ut</strong></span> <span class='ocrx_word' id='word_1_261' title='bbox 1526 3911 1647 3960; x_wconf 71' lang='lat' dir='ltr'><strong>mm</strong></span> <span class='ocrx_word' id='word_1_262' title='bbox 1671 3897 1818 3959; x_wconf 72' lang='lat' dir='ltr'><strong>siut.</strong></span> <span class='ocrx_word' id='word_1_263' title='bbox 1853 3897 2015 3958; x_wconf 79' lang='lat' dir='ltr'><strong>Prae-</strong></span> 
     </span>
     <span class='ocr_line' id='line_1_39' title="bbox 440 3986 2014 4070; baseline 0.003 -24"><span class='ocrx_word' id='word_1_264' title='bbox 440 3988 639 4061; x_wconf 81' lang='lat' dir='ltr'><strong>terea,</strong></span> <span class='ocrx_word' id='word_1_265' title='bbox 664 3986 932 4063; x_wconf 68' lang='lat' dir='ltr'><strong>Theod„</strong></span> <span class='ocrx_word' id='word_1_266' title='bbox 958 3987 1039 4048; x_wconf 84' lang='lat' dir='ltr'><strong>ad</strong></span> <span class='ocrx_word' id='word_1_267' title='bbox 1070 3987 1262 4048; x_wconf 87' lang='lat' dir='ltr'><strong>Hebr.</strong></span> <span class='ocrx_word' id='word_1_268' title='bbox 1294 3991 1356 4064; x_wconf 76' lang='lat'><strong>2,</strong></span> <span class='ocrx_word' id='word_1_269' title='bbox 1381 3987 1531 4050; x_wconf 84' lang='lat' dir='ltr'><strong>dicit</strong></span> <span class='ocrx_word' id='word_1_270' title='bbox 1557 3987 1867 4052; x_wconf 83' lang='lat' dir='ltr'><strong>Christum</strong></span> <span class='ocrx_word' id='word_1_271' title='bbox 1897 4003 2014 4070; x_wconf 87' lang='lat' dir='ltr'><strong>pro</strong></span> 
     </span>
    </p>
   </div>
   <div class='ocr_carea' id='block_1_2' title="bbox 444 4078 2020 5569">
    <p class='ocr_par' dir='ltr' id='par_1_3' title="bbox 444 4078 2020 4818">
     <span class='ocr_line' id='line_1_40' title="bbox 444 4078 2016 4158; baseline 0.003 -20"><span class='ocrx_word' id='word_1_272' title='bbox 444 4079 751 4140; x_wconf 82' lang='lat' dir='ltr'><strong>creaturis</strong></span> <span class='ocrx_word' id='word_1_273' title='bbox 775 4079 1068 4142; x_wconf 88' lang='lat' dir='ltr'><strong>omnihus</strong></span> <span class='ocrx_word' id='word_1_274' title='bbox 1095 4085 1415 4158; x_wconf 78' lang='lat' dir='ltr'><strong>mortuum</strong></span> <span class='ocrx_word' id='word_1_275' title='bbox 1442 4078 1672 4157; x_wconf 75' lang='lat' dir='ltr'><strong>fuisse3</strong></span> <span class='ocrx_word' id='word_1_276' title='bbox 1704 4081 1817 4144; x_wconf 88' lang='lat' dir='ltr'><strong>ubi</strong></span> <span class='ocrx_word' id='word_1_277' title='bbox 1845 4081 2016 4144; x_wconf 84' lang='lat' dir='ltr'><strong>enim</strong></span> 
     </span>
     <span class='ocr_line' id='line_1_41' title="bbox 444 4172 2014 4257; baseline 0.005 -24"><span class='ocrx_word' id='word_1_278' title='bbox 444 4189 565 4234; x_wconf 85' lang='lat' dir='ltr'><strong>nos</strong></span> <span class='ocrx_word' id='word_1_279' title='bbox 588 4172 856 4254; x_wconf 83' lang='lat' dir='ltr'><strong>legimns</strong></span> <span class='ocrx_word' id='word_1_280' title='bbox 886 4192 901 4234; x_wconf 72' lang='grc' dir='ltr'><strong>ε</strong></span> <span class='ocrx_word' id='word_1_281' title='bbox 942 4175 1025 4239; x_wconf 77' lang='lat' dir='ltr'><strong>Ut</strong></span> <span class='ocrx_word' id='word_1_282' title='bbox 1053 4174 1262 4253; x_wconf 65' lang='lat' dir='ltr'><strong>qratia</strong></span> <span class='ocrx_word' id='word_1_283' title='bbox 1294 4173 1411 4238; x_wconf 72' lang='lat' dir='ltr'><strong>Dei</strong></span> <span class='ocrx_word' id='word_1_284' title='bbox 1428 4193 1541 4256; x_wconf 78' lang='lat' dir='ltr'><strong>pro</strong></span> <span class='ocrx_word' id='word_1_285' title='bbox 1565 4177 1842 4242; x_wconf 74' lang='lat' dir='ltr'><strong>omnibus</strong></span> <span class='ocrx_word' id='word_1_286' title='bbox 1866 4191 2014 4257; x_wconf 65' lang='lat' dir='ltr'><strong>qus·</strong></span> 
     </span>
     <span class='ocr_line' id='line_1_42' title="bbox 448 4266 2016 4352; baseline 0.003 -24"><span class='ocrx_word' id='word_1_287' title='bbox 448 4269 609 4328; x_wconf 75' lang='lat' dir='ltr'><strong>tarot</strong></span> <span class='ocrx_word' id='word_1_288' title='bbox 650 4273 927 4342; x_wconf 66' lang='lat' dir='ltr'><strong>mortun,</strong></span> <span class='ocrx_word' id='word_1_289' title='bbox 964 4267 1101 4348; x_wconf 86' lang='lat' dir='ltr'><strong>ipse</strong></span> <span class='ocrx_word' id='word_1_290' title='bbox 1141 4266 1321 4348; x_wconf 86' lang='lat' dir='ltr'><strong>legit,</strong></span> <span class='ocrx_word' id='word_1_291' title='bbox 1355 4273 1428 4334; x_wconf 73' lang='lat' dir='ltr'><strong>ut</strong></span> <span class='ocrx_word' id='word_1_292' title='bbox 1474 4270 1691 4351; x_wconf 76' lang='lat' dir='ltr'><strong>absquo</strong></span> <span class='ocrx_word' id='word_1_293' title='bbox 1735 4269 1860 4333; x_wconf 74' lang='lat' dir='ltr'><strong>Deo</strong></span> <span class='ocrx_word' id='word_1_294' title='bbox 1899 4287 2016 4352; x_wconf 80' lang='lat' dir='ltr'><strong>pro</strong></span> 
     </span>
     <span class='ocr_line' id='line_1_43' title="bbox 448 4355 2018 4444; baseline 0.005 -26"><span class='ocrx_word' id='word_1_295' title='bbox 448 4355 717 4421; x_wconf 68' lang='lat' dir='ltr'><strong>omnibus</strong></span> <span class='ocrx_word' id='word_1_296' title='bbox 742 4363 1023 4438; x_wconf 67' lang='lat' dir='ltr'><strong>qustum</strong></span> <span class='ocrx_word' id='word_1_297' title='bbox 1047 4366 1334 4434; x_wconf 55' lang='lat' dir='ltr'><strong>mortem·</strong></span> <span class='ocrx_word' id='word_1_298' title='bbox 1358 4368 1421 4424; x_wconf 88' lang='lat' dir='ltr'><strong>et</strong></span> <span class='ocrx_word' id='word_1_299' title='bbox 1444 4361 1741 4444; x_wconf 79' lang='lat' dir='ltr'><strong>exponit:</strong></span> <span class='ocrx_word' id='word_1_300' title='bbox 1767 4364 1891 4426; x_wconf 76' lang='lat' dir='ltr'><strong>Deo</strong></span> <span class='ocrx_word' id='word_1_301' title='bbox 1918 4379 2018 4426; x_wconf 71' lang='lat' dir='ltr'><strong>ea&gt;-</strong></span> 
     </span>
     <span class='ocr_line' id='line_1_44' title="bbox 448 4451 2020 4534; baseline 0.002 -20"><span class='ocrx_word' id='word_1_302' title='bbox 448 4453 633 4531; x_wconf 71' lang='grc' dir='ltr'><strong><em>οσριο,</em></strong></span> <span class='ocrx_word' id='word_1_303' title='bbox 648 4469 763 4530; x_wconf 77' lang='lat' dir='ltr'><strong>pro</strong></span> <span class='ocrx_word' id='word_1_304' title='bbox 788 4451 1059 4516; x_wconf 69' lang='lat' dir='ltr'><strong>omuibus</strong></span> <span class='ocrx_word' id='word_1_305' title='bbox 1085 4456 1359 4534; x_wconf 63' lang='lat' dir='ltr'><strong>,qu-stavit</strong></span> <span class='ocrx_word' id='word_1_306' title='bbox 1384 4461 1655 4518; x_wconf 78' lang='lat' dir='ltr'><strong>mortem.</strong></span> <span class='ocrx_word' id='word_1_307' title='bbox 1674 4453 1793 4520; x_wconf 85' lang='lat' dir='ltr'><strong>Ubi</strong></span> <span class='ocrx_word' id='word_1_308' title='bbox 1814 4456 2020 4518; x_wconf 82' lang='lat' dir='ltr'><strong>Theo·</strong></span> 
     </span>
     <span class='ocr_line' id='line_1_45' title="bbox 447 4545 2010 4632; baseline 0.006 -28"><span class='ocrx_word' id='word_1_309' title='bbox 447 4545 652 4626; x_wconf 65' lang='lat' dir='ltr'><strong>phyl„</strong></span> <span class='ocrx_word' id='word_1_310' title='bbox 672 4545 819 4608; x_wconf 85' lang='lat' dir='ltr'><strong>licet</strong></span> <span class='ocrx_word' id='word_1_311' title='bbox 844 4545 1182 4610; x_wconf 86' lang='lat' dir='ltr'><strong>lectionem</strong></span> <span class='ocrx_word' id='word_1_312' title='bbox 1202 4547 1374 4611; x_wconf 83' lang='lat' dir='ltr'><strong>illam</strong></span> <span class='ocrx_word' id='word_1_313' title='bbox 1395 4566 1525 4612; x_wconf 92' lang='lat' dir='ltr'><strong>non</strong></span> <span class='ocrx_word' id='word_1_314' title='bbox 1548 4550 1795 4632; x_wconf 90' lang='lat' dir='ltr'><strong>probet,</strong></span> <span class='ocrx_word' id='word_1_315' title='bbox 1818 4569 2010 4631; x_wconf 87' lang='lat' dir='ltr'><strong>quam</strong></span> 
     </span>
     <span class='ocr_line' id='line_1_46' title="bbox 448 4639 2009 4720; baseline 0.003 -21"><span class='ocrx_word' id='word_1_316' title='bbox 448 4657 487 4699; x_wconf 90' lang='lat' dir='ltr'><strong>a</strong></span> <span class='ocrx_word' id='word_1_317' title='bbox 527 4639 912 4702; x_wconf 85' lang='lat' dir='ltr'><strong>Nestorianis</strong></span> <span class='ocrx_word' id='word_1_318' title='bbox 938 4639 1087 4704; x_wconf 87' lang='lat' dir='ltr'><strong>dicit</strong></span> <span class='ocrx_word' id='word_1_319' title='bbox 1118 4658 1256 4705; x_wconf 89' lang='lat' dir='ltr'><strong>esse</strong></span> <span class='ocrx_word' id='word_1_320' title='bbox 1282 4642 1631 4720; x_wconf 88' lang='lat' dir='ltr'><strong>inductam,</strong></span> <span class='ocrx_word' id='word_1_321' title='bbox 1656 4643 1763 4706; x_wconf 87' lang='lat' dir='ltr'><strong>illa</strong></span> <span class='ocrx_word' id='word_1_322' title='bbox 1794 4649 2009 4705; x_wconf 86' lang='lat' dir='ltr'><strong>tamen</strong></span> 
     </span>
     <span class='ocr_line' id='line_1_47' title="bbox 450 4733 2002 4818; baseline 0.005 -25"><span class='ocrx_word' id='word_1_323' title='bbox 450 4733 803 4812; x_wconf 81' lang='lat' dir='ltr'><strong>supposita,</strong></span> <span class='ocrx_word' id='word_1_324' title='bbox 832 4733 1283 4814; x_wconf 82' lang='lat' dir='ltr'><strong>expositionem</strong></span> <span class='ocrx_word' id='word_1_325' title='bbox 1324 4737 1635 4800; x_wconf 85' lang='lat' dir='ltr'><strong>Theodor.</strong></span> <span class='ocrx_word' id='word_1_326' title='bbox 1674 4737 2002 4818; x_wconf 83' lang='lat' dir='ltr'><strong>approbat.</strong></span> 
     </span>
    </p>

    <p class='ocr_par' dir='ltr' id='par_1_4' title="bbox 446 4825 2014 5569">
     <span class='ocr_line' id='line_1_48' title="bbox 528 4825 2002 4912; baseline 0.003 -26"><span class='ocrx_word' id='word_1_327' title='bbox 528 4827 592 4887; x_wconf 83' lang='lat'><strong>3.</strong></span> <span class='ocrx_word' id='word_1_328' title='bbox 610 4825 898 4892; x_wconf 68' lang='lat' dir='ltr'><strong>Christus</strong></span> <span class='ocrx_word' id='word_1_329' title='bbox 917 4845 1036 4890; x_wconf 72' lang='lat' dir='ltr'><strong>nou</strong></span> <span class='ocrx_word' id='word_1_330' title='bbox 1046 4829 1296 4910; x_wconf 76' lang='lat' dir='ltr'><strong>proprie</strong></span> <span class='ocrx_word' id='word_1_331' title='bbox 1314 4829 1690 4912; x_wconf 71' lang='lat' dir='ltr'><strong>proAnyelis</strong></span> <span class='ocrx_word' id='word_1_332' title='bbox 1704 4837 2002 4894; x_wconf 69' lang='lat' dir='ltr'><strong>mortuus.</strong></span> 
     </span>
     <span class='ocr_line' id='line_1_49' title="bbox 446 4919 2010 5005; baseline 0.005 -27"><span class='ocrx_word' id='word_1_333' title='bbox 446 4949 529 4965; x_wconf 92' lang='lat'>—</span> <span class='ocrx_word' id='word_1_334' title='bbox 550 4919 895 4982; x_wconf 87' lang='lat' dir='ltr'><strong>Dicendum</strong></span> <span class='ocrx_word' id='word_1_335' title='bbox 922 4937 1073 4983; x_wconf 80' lang='lat' dir='ltr'><strong>vero</strong></span> <span class='ocrx_word' id='word_1_336' title='bbox 1102 4921 1377 4984; x_wconf 83' lang='lat' dir='ltr'><strong>breviter</strong></span> <span class='ocrx_word' id='word_1_337' title='bbox 1416 4928 1511 4986; x_wconf 90' lang='lat' dir='ltr'><strong>est</strong></span> <span class='ocrx_word' id='word_1_338' title='bbox 1549 4925 1779 5005; x_wconf 90' lang='lat' dir='ltr'><strong>primo,</strong></span> <span class='ocrx_word' id='word_1_339' title='bbox 1808 4923 2010 4988; x_wconf 89' lang='lat' dir='ltr'><strong>Chris-</strong></span> 
     </span>
     <span class='ocr_line' id='line_1_50' title="bbox 448 5014 2008 5100; baseline 0.005 -28"><span class='ocrx_word' id='word_1_340' title='bbox 448 5018 611 5089; x_wconf 85' lang='lat' dir='ltr'><strong>tum,</strong></span> <span class='ocrx_word' id='word_1_341' title='bbox 628 5015 877 5094; x_wconf 88' lang='lat' dir='ltr'><strong>proprie</strong></span> <span class='ocrx_word' id='word_1_342' title='bbox 891 5014 1233 5098; x_wconf 83' lang='lat' dir='ltr'><strong>loquendo,</strong></span> <span class='ocrx_word' id='word_1_343' title='bbox 1253 5033 1381 5078; x_wconf 89' lang='lat' dir='ltr'><strong>non</strong></span> <span class='ocrx_word' id='word_1_344' title='bbox 1405 5037 1544 5081; x_wconf 88' lang='lat' dir='ltr'><strong>esse</strong></span> <span class='ocrx_word' id='word_1_345' title='bbox 1560 5021 1879 5082; x_wconf 87' lang='lat' dir='ltr'><strong>mortuum</strong></span> <span class='ocrx_word' id='word_1_346' title='bbox 1893 5034 2008 5100; x_wconf 85' lang='lat' dir='ltr'><strong>pro</strong></span> 
     </span>
     <span class='ocr_line' id='line_1_51' title="bbox 450 5107 2006 5194; baseline 0.006 -28"><span class='ocrx_word' id='word_1_347' title='bbox 450 5107 740 5188; x_wconf 80' lang='lat' dir='ltr'><strong>Angelis,</strong></span> <span class='ocrx_word' id='word_1_348' title='bbox 784 5115 852 5172; x_wconf 89' lang='lat' dir='ltr'><strong>ut</strong></span> <span class='ocrx_word' id='word_1_349' title='bbox 882 5116 1051 5173; x_wconf 86' lang='lat' dir='ltr'><strong>recte</strong></span> <span class='ocrx_word' id='word_1_350' title='bbox 1078 5111 1267 5175; x_wconf 87' lang='lat' dir='ltr'><strong>docet</strong></span> <span class='ocrx_word' id='word_1_351' title='bbox 1296 5114 1485 5194; x_wconf 66' lang='lat' dir='ltr'><strong>Aug„</strong></span> <span class='ocrx_word' id='word_1_352' title='bbox 1521 5113 1585 5173; x_wconf 88' lang='lat' dir='ltr'><strong>in</strong></span> <span class='ocrx_word' id='word_1_353' title='bbox 1624 5113 1876 5175; x_wconf 82' lang='lat' dir='ltr'><strong>Euchir.</strong></span> <span class='ocrx_word' id='word_1_354' title='bbox 1901 5158 1918 5187; x_wconf 94' lang='lat'><strong>‚</strong></span> <span class='ocrx_word' id='word_1_355' title='bbox 1949 5131 2006 5175; x_wconf 91' lang='lat' dir='ltr'><strong>c.</strong></span> 
     </span>
     <span class='ocr_line' id='line_1_52' title="bbox 448 5199 2006 5281; baseline 0.004 -21"><span class='ocrx_word' id='word_1_356' title='bbox 448 5199 516 5260; x_wconf 76' lang='lat'><strong>6¹</strong></span> <span class='ocrx_word' id='word_1_357' title='bbox 548 5204 612 5262; x_wconf 86' lang='lat' dir='ltr'><strong>et</strong></span> <span class='ocrx_word' id='word_1_358' title='bbox 634 5207 919 5281; x_wconf 80' lang='lat' dir='ltr'><strong>sequent.</strong></span> <span class='ocrx_word' id='word_1_359' title='bbox 926 5214 949 5281; x_wconf 82' lang='lat'><em>3</em></span> <span class='ocrx_word' id='word_1_360' title='bbox 973 5202 1280 5266; x_wconf 77' lang='lat' dir='ltr'><strong>eteoclem</strong></span> <span class='ocrx_word' id='word_1_361' title='bbox 1300 5221 1489 5268; x_wconf 86' lang='lat' dir='ltr'><strong>sensu</strong></span> <span class='ocrx_word' id='word_1_362' title='bbox 1508 5205 1657 5268; x_wconf 89' lang='lat' dir='ltr'><strong>dicit</strong></span> <span class='ocrx_word' id='word_1_363' title='bbox 1676 5204 1977 5268; x_wconf 87' lang='lat' dir='ltr'><strong>Bernard.</strong></span> <span class='ocrx_word' id='word_1_364' title='bbox 1990 5249 2006 5280; x_wconf 91' lang='lat'><strong>,</strong></span> 
     </span>
     <span class='ocr_line' id='line_1_53' title="bbox 448 5293 2014 5380; baseline 0.004 -27"><span class='ocrx_word' id='word_1_365' title='bbox 448 5308 640 5354; x_wconf 88' lang='lat' dir='ltr'><strong>serm.</strong></span> <span class='ocrx_word' id='word_1_366' title='bbox 680 5295 749 5356; x_wconf 91' lang='lat' dir='ltr'><strong>in</strong></span> <span class='ocrx_word' id='word_1_367' title='bbox 788 5293 905 5358; x_wconf 83' lang='lat' dir='ltr'><strong>fer.</strong></span> <span class='ocrx_word' id='word_1_368' title='bbox 946 5299 989 5360; x_wconf 70' lang='lat'>4</span> <span class='ocrx_word' id='word_1_369' title='bbox 1024 5296 1323 5360; x_wconf 90' lang='lat' dir='ltr'><strong>hebdom.</strong></span> <span class='ocrx_word' id='word_1_370' title='bbox 1370 5301 1570 5362; x_wconf 84' lang='lat' dir='ltr'><strong>sanct.</strong></span> <span class='ocrx_word' id='word_1_371' title='bbox 1594 5343 1611 5374; x_wconf 93' lang='lat'><strong>,</strong></span> <span class='ocrx_word' id='word_1_372' title='bbox 1652 5299 2014 5380; x_wconf 85' lang='lat' dir='ltr'><strong>passionem</strong></span> 
     </span>
     <span class='ocr_line' id='line_1_54' title="bbox 452 5382 2014 5474; baseline 0.007 -31"><span class='ocrx_word' id='word_1_373' title='bbox 452 5382 679 5450; x_wconf 80' lang='lat' dir='ltr'><strong>Christi</strong></span> <span class='ocrx_word' id='word_1_374' title='bbox 705 5403 915 5471; x_wconf 86' lang='lat' dir='ltr'><strong>neque</strong></span> <span class='ocrx_word' id='word_1_375' title='bbox 958 5390 1143 5454; x_wconf 87' lang='lat' dir='ltr'><strong>malis</strong></span> <span class='ocrx_word' id='word_1_376' title='bbox 1160 5392 1420 5474; x_wconf 84' lang='lat' dir='ltr'><strong>Angelis</strong></span> <span class='ocrx_word' id='word_1_377' title='bbox 1448 5393 1663 5456; x_wconf 88' lang='lat' dir='ltr'><strong>datam</strong></span> <span class='ocrx_word' id='word_1_378' title='bbox 1706 5408 1869 5468; x_wconf 87' lang='lat' dir='ltr'><strong>esse,</strong></span> <span class='ocrx_word' id='word_1_379' title='bbox 1898 5393 2014 5454; x_wconf 88' lang='lat' dir='ltr'><strong>sed</strong></span> 
     </span>
     <span class='ocr_line' id='line_1_55' title="bbox 451 5475 2013 5569; baseline 0.008 -31"><span class='ocrx_word' id='word_1_380' title='bbox 451 5482 696 5541; x_wconf 86' lang='lat' dir='ltr'><strong>tantum</strong></span> <span class='ocrx_word' id='word_1_381' title='bbox 724 5475 1117 5564; x_wconf 82' lang='lat' dir='ltr'><strong>hominibus3</strong></span> <span class='ocrx_word' id='word_1_382' title='bbox 1152 5485 1347 5548; x_wconf 78' lang='lat' dir='ltr'><strong>multa</strong></span> <span class='ocrx_word' id='word_1_383' title='bbox 1372 5485 1583 5566; x_wconf 81' lang='lat' dir='ltr'><strong>etiam,</strong></span> <span class='ocrx_word' id='word_1_384' title='bbox 1610 5503 1751 5569; x_wconf 75' lang='lat' dir='ltr'><strong>quae</strong></span> <span class='ocrx_word' id='word_1_385' title='bbox 1780 5487 1845 5549; x_wconf 90' lang='lat' dir='ltr'><strong>in</strong></span> <span class='ocrx_word' id='word_1_386' title='bbox 1880 5501 2013 5550; x_wconf 86' lang='lat' dir='ltr'><strong>sec-</strong></span> 
     </span>
    </p>
   </div>
   <div class='ocr_carea' id='block_1_3' title="bbox 1668 332 2418 396">
    <p class='ocr_par' dir='ltr' id='par_1_5' title="bbox 1668 332 2418 396">
     <span class='ocr_line' id='line_1_56' title="bbox 1668 332 2418 396; baseline 0.001 -9"><span class='ocrx_word' id='word_1_387' title='bbox 1668 332 1901 396; x_wconf 77' lang='lat' dir='ltr'><strong>QUAEST.</strong></span> <span class='ocrx_word' id='word_1_388' title='bbox 1937 333 2068 386; x_wconf 78' lang='lat' dir='ltr'><strong>XIX.</strong></span> <span class='ocrx_word' id='word_1_389' title='bbox 2099 333 2304 390; x_wconf 72' lang='lat' dir='ltr'><strong>Anne.</strong></span> <span class='ocrx_word' id='word_1_390' title='bbox 2335 336 2418 389; x_wconf 83' lang='lat' dir='ltr'><strong>lV.</strong></span> 
     </span>
    </p>
   </div>
   <div class='ocr_carea' id='block_1_4' title="bbox 2073 432 3658 1449">
    <p class='ocr_par' dir='ltr' id='par_1_6' title="bbox 2073 432 3658 1449">
     <span class='ocr_line' id='line_1_57' title="bbox 2073 432 3651 516; baseline 0.003 -22"><span class='ocrx_word' id='word_1_391' title='bbox 2073 433 2243 496; x_wconf 87' lang='lat' dir='ltr'><strong>tione</strong></span> <span class='ocrx_word' id='word_1_392' title='bbox 2292 432 2668 516; x_wconf 80' lang='lat' dir='ltr'><strong>praecedeuti</strong></span> <span class='ocrx_word' id='word_1_393' title='bbox 2695 433 2762 496; x_wconf 88' lang='lat' dir='ltr'><strong>in</strong></span> <span class='ocrx_word' id='word_1_394' title='bbox 2791 433 2992 516; x_wconf 86' lang='lat' dir='ltr'><strong>primo</strong></span> <span class='ocrx_word' id='word_1_395' title='bbox 3023 439 3403 514; x_wconf 82' lang='lat' dir='ltr'><strong>argumento</strong></span> <span class='ocrx_word' id='word_1_396' title='bbox 3425 433 3651 515; x_wconf 72' lang='lat' dir='ltr'><strong>primas</strong></span> 
     </span>
     <span class='ocr_line' id='line_1_58' title="bbox 2076 525 3654 604; baseline 0.003 -18"><span class='ocrx_word' id='word_1_397' title='bbox 2076 527 2405 590; x_wconf 66' lang='lat' dir='ltr'><strong>sententias</strong></span> <span class='ocrx_word' id='word_1_398' title='bbox 2433 527 2705 590; x_wconf 87' lang='lat' dir='ltr'><strong>adducta</strong></span> <span class='ocrx_word' id='word_1_399' title='bbox 2733 530 2900 604; x_wconf 87' lang='lat' dir='ltr'><strong>sunt,</strong></span> <span class='ocrx_word' id='word_1_400' title='bbox 2923 527 3047 590; x_wconf 88' lang='lat' dir='ltr'><strong>hoc</strong></span> <span class='ocrx_word' id='word_1_401' title='bbox 3073 525 3476 590; x_wconf 82' lang='lat' dir='ltr'><strong>confirmant.</strong></span> <span class='ocrx_word' id='word_1_402' title='bbox 3505 528 3654 604; x_wconf 84' lang='lat' dir='ltr'><strong>Qui-</strong></span> 
     </span>
     <span class='ocr_line' id='line_1_59' title="bbox 2076 620 3652 703; baseline 0.003 -23"><span class='ocrx_word' id='word_1_403' title='bbox 2076 620 2196 681; x_wconf 88' lang='lat' dir='ltr'><strong>bus</strong></span> <span class='ocrx_word' id='word_1_404' title='bbox 2223 621 2368 682; x_wconf 89' lang='lat' dir='ltr'><strong>addi</strong></span> <span class='ocrx_word' id='word_1_405' title='bbox 2395 625 2604 702; x_wconf 88' lang='lat' dir='ltr'><strong>potest</strong></span> <span class='ocrx_word' id='word_1_406' title='bbox 2627 621 2786 682; x_wconf 90' lang='lat' dir='ltr'><strong>illud</strong></span> <span class='ocrx_word' id='word_1_407' title='bbox 2811 624 2848 684; x_wconf 78' lang='lat'>2</span> <span class='ocrx_word' id='word_1_408' title='bbox 2869 621 2952 682; x_wconf 91' lang='lat' dir='ltr'><strong>ad</strong></span> <span class='ocrx_word' id='word_1_409' title='bbox 2975 622 3114 686; x_wconf 89' lang='lat' dir='ltr'><strong>Cor.</strong></span> <span class='ocrx_word' id='word_1_410' title='bbox 3135 623 3172 684; x_wconf 79' lang='lat'>5</span> <span class='ocrx_word' id='word_1_411' title='bbox 3199 620 3328 685; x_wconf 75' lang='lat' dir='ltr'><strong>:Si</strong></span> <span class='ocrx_word' id='word_1_412' title='bbox 3349 640 3516 687; x_wconf 67' lang='lat' dir='ltr'><strong>uuus</strong></span> <span class='ocrx_word' id='word_1_413' title='bbox 3535 639 3652 703; x_wconf 74' lang='lat' dir='ltr'><strong>pro</strong></span> 
     </span>
     <span class='ocr_line' id='line_1_60' title="bbox 2079 713 3644 798; baseline 0.001 -22"><span class='ocrx_word' id='word_1_414' title='bbox 2079 713 2350 778; x_wconf 70' lang='lat' dir='ltr'><strong>omnibus</strong></span> <span class='ocrx_word' id='word_1_415' title='bbox 2379 720 2655 778; x_wconf 71' lang='lat' dir='ltr'><strong>mortuus</strong></span> <span class='ocrx_word' id='word_1_416' title='bbox 2685 717 2800 784; x_wconf 75' lang='lat' dir='ltr'><strong>eet,</strong></span> <span class='ocrx_word' id='word_1_417' title='bbox 2825 729 2964 798; x_wconf 69' lang='lat' dir='ltr'><strong>erqo</strong></span> <span class='ocrx_word' id='word_1_418' title='bbox 2994 731 3190 778; x_wconf 76' lang='lat' dir='ltr'><strong>omnes</strong></span> <span class='ocrx_word' id='word_1_419' title='bbox 3216 716 3452 778; x_wconf 67' lang='lat' dir='ltr'><strong>mortun·</strong></span> <span class='ocrx_word' id='word_1_420' title='bbox 3474 722 3644 778; x_wconf 72' lang='lat' dir='ltr'><strong>eunt.</strong></span> 
     </span>
     <span class='ocr_line' id='line_1_61' title="bbox 2076 805 3652 888; baseline 0 -20"><span class='ocrx_word' id='word_1_421' title='bbox 2076 806 2201 869; x_wconf 89' lang='lat' dir='ltr'><strong>Sed</strong></span> <span class='ocrx_word' id='word_1_422' title='bbox 2219 807 2442 888; x_wconf 87' lang='lat' dir='ltr'><strong>Angeli</strong></span> <span class='ocrx_word' id='word_1_423' title='bbox 2467 825 2599 868; x_wconf 91' lang='lat' dir='ltr'><strong>non</strong></span> <span class='ocrx_word' id='word_1_424' title='bbox 2619 812 2767 868; x_wconf 88' lang='lat' dir='ltr'><strong>sunt</strong></span> <span class='ocrx_word' id='word_1_425' title='bbox 2784 805 3016 868; x_wconf 86' lang='lat' dir='ltr'><strong>mortui</strong></span> <span class='ocrx_word' id='word_1_426' title='bbox 3033 827 3053 883; x_wconf 85' lang='lat'>3</span> <span class='ocrx_word' id='word_1_427' title='bbox 3073 824 3226 887; x_wconf 88' lang='lat' dir='ltr'><strong>ergo</strong></span> <span class='ocrx_word' id='word_1_428' title='bbox 3251 823 3372 870; x_wconf 87' lang='lat' dir='ltr'><strong>nec</strong></span> <span class='ocrx_word' id='word_1_429' title='bbox 3390 825 3510 888; x_wconf 82' lang='lat' dir='ltr'><strong>pro</strong></span> <span class='ocrx_word' id='word_1_430' title='bbox 3528 807 3652 868; x_wconf 85' lang='lat' dir='ltr'><strong>illis</strong></span> 
     </span>
     <span class='ocr_line' id='line_1_62' title="bbox 2077 898 3654 980; baseline 0.001 -21"><span class='ocrx_word' id='word_1_431' title='bbox 2077 898 2354 962; x_wconf 87' lang='lat' dir='ltr'><strong>Christus</strong></span> <span class='ocrx_word' id='word_1_432' title='bbox 2399 905 2685 963; x_wconf 90' lang='lat' dir='ltr'><strong>mortuus</strong></span> <span class='ocrx_word' id='word_1_433' title='bbox 2733 905 2849 961; x_wconf 88' lang='lat' dir='ltr'><strong>est.</strong></span> <span class='ocrx_word' id='word_1_434' title='bbox 2897 901 3080 962; x_wconf 86' lang='lat' dir='ltr'><strong>Ratio</strong></span> <span class='ocrx_word' id='word_1_435' title='bbox 3126 917 3278 962; x_wconf 84' lang='lat' dir='ltr'><strong>vero</strong></span> <span class='ocrx_word' id='word_1_436' title='bbox 3331 905 3456 975; x_wconf 85' lang='lat' dir='ltr'><strong>est,</strong></span> <span class='ocrx_word' id='word_1_437' title='bbox 3501 899 3654 980; x_wconf 82' lang='lat' dir='ltr'><strong>quia</strong></span> 
     </span>
     <span class='ocr_line' id='line_1_63' title="bbox 2077 993 3658 1074; baseline 0 -20"><span class='ocrx_word' id='word_1_438' title='bbox 2077 1011 2269 1068; x_wconf 85' lang='lat' dir='ltr'><strong>mors,</strong></span> <span class='ocrx_word' id='word_1_439' title='bbox 2295 999 2366 1055; x_wconf 88' lang='lat' dir='ltr'><strong>ut</strong></span> <span class='ocrx_word' id='word_1_440' title='bbox 2391 1011 2585 1066; x_wconf 88' lang='lat' dir='ltr'><strong>mors,</strong></span> <span class='ocrx_word' id='word_1_441' title='bbox 2610 1012 2740 1054; x_wconf 88' lang='lat' dir='ltr'><strong>non</strong></span> <span class='ocrx_word' id='word_1_442' title='bbox 2771 997 2866 1054; x_wconf 88' lang='lat' dir='ltr'><strong>est</strong></span> <span class='ocrx_word' id='word_1_443' title='bbox 2895 995 3216 1072; x_wconf 87' lang='lat' dir='ltr'><strong>assumpta</strong></span> <span class='ocrx_word' id='word_1_444' title='bbox 3240 998 3504 1074; x_wconf 83' lang='lat' dir='ltr'><strong>propter</strong></span> <span class='ocrx_word' id='word_1_445' title='bbox 3531 993 3658 1054; x_wconf 85' lang='lat' dir='ltr'><strong>An-</strong></span> 
     </span>
     <span class='ocr_line' id='line_1_64' title="bbox 2079 1085 3652 1167; baseline -0.001 -19"><span class='ocrx_word' id='word_1_446' title='bbox 2079 1087 2290 1165; x_wconf 87' lang='lat' dir='ltr'><strong>gelos,</strong></span> <span class='ocrx_word' id='word_1_447' title='bbox 2345 1087 2460 1150; x_wconf 89' lang='lat' dir='ltr'><strong>sed</strong></span> <span class='ocrx_word' id='word_1_448' title='bbox 2513 1087 2720 1148; x_wconf 91' lang='lat' dir='ltr'><strong>solum</strong></span> <span class='ocrx_word' id='word_1_449' title='bbox 2771 1091 3026 1167; x_wconf 87' lang='lat' dir='ltr'><strong>propter</strong></span> <span class='ocrx_word' id='word_1_450' title='bbox 3071 1085 3366 1148; x_wconf 82' lang='lat' dir='ltr'><strong>homines</strong></span> <span class='ocrx_word' id='word_1_451' title='bbox 3409 1085 3652 1165; x_wconf 79' lang='lat' dir='ltr'><strong>lapsos,</strong></span> 
     </span>
     <span class='ocr_line' id='line_1_65' title="bbox 2078 1179 3658 1260; baseline -0.001 -20"><span class='ocrx_word' id='word_1_452' title='bbox 2078 1182 2247 1243; x_wconf 87' lang='lat' dir='ltr'><strong>unde</strong></span> <span class='ocrx_word' id='word_1_453' title='bbox 2277 1183 2477 1260; x_wconf 83' lang='lat' dir='ltr'><strong>gratia</strong></span> <span class='ocrx_word' id='word_1_454' title='bbox 2511 1199 2640 1242; x_wconf 89' lang='lat' dir='ltr'><strong>non</strong></span> <span class='ocrx_word' id='word_1_455' title='bbox 2689 1187 2786 1242; x_wconf 87' lang='lat' dir='ltr'><strong>est</strong></span> <span class='ocrx_word' id='word_1_456' title='bbox 2826 1180 2976 1241; x_wconf 88' lang='lat' dir='ltr'><strong>data</strong></span> <span class='ocrx_word' id='word_1_457' title='bbox 3017 1179 3277 1259; x_wconf 82' lang='lat' dir='ltr'><strong>Angelis</strong></span> <span class='ocrx_word' id='word_1_458' title='bbox 3303 1197 3388 1242; x_wconf 82' lang='lat' dir='ltr'><strong>ex</strong></span> <span class='ocrx_word' id='word_1_459' title='bbox 3423 1180 3658 1260; x_wconf 75' lang='lat' dir='ltr'><strong>praevi·</strong></span> 
     </span>
     <span class='ocr_line' id='line_1_66' title="bbox 2079 1272 3656 1348; baseline -0.002 -11"><span class='ocrx_word' id='word_1_460' title='bbox 2079 1275 2256 1338; x_wconf 90' lang='lat' dir='ltr'><strong>sione</strong></span> <span class='ocrx_word' id='word_1_461' title='bbox 2282 1273 2492 1337; x_wconf 89' lang='lat' dir='ltr'><strong>meriti</strong></span> <span class='ocrx_word' id='word_1_462' title='bbox 2516 1273 2758 1336; x_wconf 80' lang='lat' dir='ltr'><strong>fundati</strong></span> <span class='ocrx_word' id='word_1_463' title='bbox 2779 1274 2845 1334; x_wconf 92' lang='lat' dir='ltr'><strong>in</strong></span> <span class='ocrx_word' id='word_1_464' title='bbox 2873 1276 3074 1334; x_wconf 88' lang='lat' dir='ltr'><strong>morte</strong></span> <span class='ocrx_word' id='word_1_465' title='bbox 3097 1273 3350 1348; x_wconf 83' lang='lat' dir='ltr'><strong>Christi,</strong></span> <span class='ocrx_word' id='word_1_466' title='bbox 3371 1273 3493 1336; x_wconf 84' lang='lat' dir='ltr'><strong>sed</strong></span> <span class='ocrx_word' id='word_1_467' title='bbox 3517 1272 3656 1334; x_wconf 82' lang='lat' dir='ltr'><strong>fun·</strong></span> 
     </span>
     <span class='ocr_line' id='line_1_67' title="bbox 2079 1365 3658 1449; baseline -0.002 -18"><span class='ocrx_word' id='word_1_468' title='bbox 2079 1368 2208 1432; x_wconf 87' lang='lat' dir='ltr'><strong>dati</strong></span> <span class='ocrx_word' id='word_1_469' title='bbox 2231 1369 2517 1431; x_wconf 89' lang='lat' dir='ltr'><strong>absolute</strong></span> <span class='ocrx_word' id='word_1_470' title='bbox 2560 1368 2625 1430; x_wconf 90' lang='lat' dir='ltr'><strong>in</strong></span> <span class='ocrx_word' id='word_1_471' title='bbox 2673 1367 2976 1430; x_wconf 82' lang='lat' dir='ltr'><strong>charitate</strong></span> <span class='ocrx_word' id='word_1_472' title='bbox 3021 1373 3083 1428; x_wconf 92' lang='lat' dir='ltr'><strong>et</strong></span> <span class='ocrx_word' id='word_1_473' title='bbox 3127 1365 3308 1428; x_wconf 86' lang='lat' dir='ltr'><strong>bonis</strong></span> <span class='ocrx_word' id='word_1_474' title='bbox 3354 1366 3658 1449; x_wconf 82' lang='lat' dir='ltr'><strong>operibus</strong></span> 
     </span>
    </p>
   </div>
   <div class='ocr_carea' id='block_1_5' title="bbox 2049 1459 3660 1542">
    <p class='ocr_par' dir='ltr' id='par_1_7' title="bbox 2049 1459 3660 1542">
     <span class='ocr_line' id='line_1_68' title="bbox 2049 1459 3660 1542; baseline -0.002 -19"><span class='ocrx_word' id='word_1_475' title='bbox 2049 1475 2052 1480; x_wconf 85' lang='lat'>·</span> <span class='ocrx_word' id='word_1_476' title='bbox 2077 1463 2305 1524; x_wconf 84' lang='lat' dir='ltr'><strong>Christi</strong></span> <span class='ocrx_word' id='word_1_477' title='bbox 2330 1461 2634 1534; x_wconf 88' lang='lat' dir='ltr'><strong>hominis;</strong></span> <span class='ocrx_word' id='word_1_478' title='bbox 2663 1479 2739 1524; x_wconf 92' lang='lat' dir='ltr'><strong>ac</strong></span> <span class='ocrx_word' id='word_1_479' title='bbox 2761 1466 3094 1542; x_wconf 85' lang='lat' dir='ltr'><strong>propterea</strong></span> <span class='ocrx_word' id='word_1_480' title='bbox 3115 1475 3328 1539; x_wconf 78' lang='lat' dir='ltr'><strong>neque</strong></span> <span class='ocrx_word' id='word_1_481' title='bbox 3355 1459 3481 1522; x_wconf 87' lang='lat' dir='ltr'><strong>illis</strong></span> <span class='ocrx_word' id='word_1_482' title='bbox 3509 1459 3660 1520; x_wconf 84' lang='lat' dir='ltr'><strong>data</strong></span> 
     </span>
    </p>
   </div>
   <div class='ocr_carea' id='block_1_6' title="bbox 2081 1553 3676 5478">
    <p class='ocr_par' dir='ltr' id='par_1_8' title="bbox 2081 1553 3676 4245">
     <span class='ocr_line' id='line_1_69' title="bbox 2081 1553 3656 1636; baseline -0.002 -19"><span class='ocrx_word' id='word_1_483' title='bbox 2081 1562 2179 1617; x_wconf 86' lang='lat' dir='ltr'><strong>est</strong></span> <span class='ocrx_word' id='word_1_484' title='bbox 2213 1555 2412 1636; x_wconf 87' lang='lat' dir='ltr'><strong>gratia</strong></span> <span class='ocrx_word' id='word_1_485' title='bbox 2445 1553 2882 1636; x_wconf 85' lang='lat' dir='ltr'><strong>dependenter</strong></span> <span class='ocrx_word' id='word_1_486' title='bbox 2909 1571 2948 1616; x_wconf 84' lang='lat' dir='ltr'><strong>a</strong></span> <span class='ocrx_word' id='word_1_487' title='bbox 2971 1563 3174 1614; x_wconf 87' lang='lat' dir='ltr'><strong>morte</strong></span> <span class='ocrx_word' id='word_1_488' title='bbox 3205 1553 3476 1626; x_wconf 80' lang='lat' dir='ltr'><strong>Christi3</strong></span> <span class='ocrx_word' id='word_1_489' title='bbox 3509 1570 3656 1614; x_wconf 79' lang='lat' dir='ltr'><strong>nam</strong></span> 
     </span>
     <span class='ocr_line' id='line_1_70' title="bbox 2082 1645 3662 1728; baseline -0.002 -17"><span class='ocrx_word' id='word_1_490' title='bbox 2082 1651 2135 1712; x_wconf 87' lang='lat' dir='ltr'><strong>si</strong></span> <span class='ocrx_word' id='word_1_491' title='bbox 2181 1649 2376 1711; x_wconf 90' lang='lat' dir='ltr'><strong>homo</strong></span> <span class='ocrx_word' id='word_1_492' title='bbox 2415 1667 2548 1710; x_wconf 89' lang='lat' dir='ltr'><strong>non</strong></span> <span class='ocrx_word' id='word_1_493' title='bbox 2589 1653 2938 1728; x_wconf 82' lang='lat' dir='ltr'><strong>peccasset,</strong></span> <span class='ocrx_word' id='word_1_494' title='bbox 2988 1645 3269 1710; x_wconf 85' lang='lat' dir='ltr'><strong>Christus</strong></span> <span class='ocrx_word' id='word_1_495' title='bbox 3308 1663 3444 1710; x_wconf 87' lang='lat' dir='ltr'><strong>non</strong></span> <span class='ocrx_word' id='word_1_496' title='bbox 3494 1652 3662 1708; x_wconf 82' lang='lat' dir='ltr'><strong>esset</strong></span> 
     </span>
     <span class='ocr_line' id='line_1_71' title="bbox 2083 1741 3660 1823; baseline -0.003 -19"><span class='ocrx_word' id='word_1_497' title='bbox 2083 1749 2393 1819; x_wconf 85' lang='lat' dir='ltr'><strong>mortuus,</strong></span> <span class='ocrx_word' id='word_1_498' title='bbox 2421 1749 2490 1804; x_wconf 86' lang='lat' dir='ltr'><strong>ut</strong></span> <span class='ocrx_word' id='word_1_499' title='bbox 2519 1758 2710 1823; x_wconf 89' lang='lat' dir='ltr'><strong>supra</strong></span> <span class='ocrx_word' id='word_1_500' title='bbox 2753 1741 2992 1803; x_wconf 86' lang='lat' dir='ltr'><strong>dictum</strong></span> <span class='ocrx_word' id='word_1_501' title='bbox 3021 1745 3138 1802; x_wconf 84' lang='lat' dir='ltr'><strong>est.</strong></span> <span class='ocrx_word' id='word_1_502' title='bbox 3167 1741 3458 1818; x_wconf 82' lang='lat' dir='ltr'><strong>Denique</strong></span> <span class='ocrx_word' id='word_1_503' title='bbox 3487 1757 3660 1804; x_wconf 82' lang='lat' dir='ltr'><strong>mors</strong></span> 
     </span>
     <span class='ocr_line' id='line_1_72' title="bbox 2083 1832 3658 1917; baseline -0.003 -19"><span class='ocrx_word' id='word_1_504' title='bbox 2083 1843 2146 1898; x_wconf 89' lang='lat' dir='ltr'><strong>et</strong></span> <span class='ocrx_word' id='word_1_505' title='bbox 2173 1837 2307 1898; x_wconf 82' lang='lat' dir='ltr'><strong>aliae</strong></span> <span class='ocrx_word' id='word_1_506' title='bbox 2337 1854 2543 1917; x_wconf 80' lang='lat' dir='ltr'><strong>poenae</strong></span> <span class='ocrx_word' id='word_1_507' title='bbox 2569 1853 2684 1916; x_wconf 87' lang='lat' dir='ltr'><strong>per</strong></span> <span class='ocrx_word' id='word_1_508' title='bbox 2708 1853 2778 1896; x_wconf 90' lang='lat' dir='ltr'><strong>se</strong></span> <span class='ocrx_word' id='word_1_509' title='bbox 2802 1835 3005 1914; x_wconf 85' lang='lat' dir='ltr'><strong>primo</strong></span> <span class='ocrx_word' id='word_1_510' title='bbox 3033 1840 3374 1914; x_wconf 84' lang='lat' dir='ltr'><strong>assumptae</strong></span> <span class='ocrx_word' id='word_1_511' title='bbox 3403 1839 3560 1896; x_wconf 84' lang='lat' dir='ltr'><strong>sunt</strong></span> <span class='ocrx_word' id='word_1_512' title='bbox 3577 1832 3658 1896; x_wconf 88' lang='lat' dir='ltr'><strong>ad</strong></span> 
     </span>
     <span class='ocr_line' id='line_1_73' title="bbox 2085 1926 3660 2009; baseline -0.004 -17"><span class='ocrx_word' id='word_1_513' title='bbox 2085 1930 2620 2002; x_wconf 87' lang='lat' dir='ltr'><strong>satisfaciendum,</strong></span> <span class='ocrx_word' id='word_1_514' title='bbox 2657 1928 2826 1990; x_wconf 88' lang='lat' dir='ltr'><strong>unde</strong></span> <span class='ocrx_word' id='word_1_515' title='bbox 2876 1946 3000 2009; x_wconf 89' lang='lat' dir='ltr'><strong>pro</strong></span> <span class='ocrx_word' id='word_1_516' title='bbox 3049 1926 3170 1990; x_wconf 88' lang='lat' dir='ltr'><strong>illis</strong></span> <span class='ocrx_word' id='word_1_517' title='bbox 3225 1927 3377 1989; x_wconf 85' lang='lat' dir='ltr'><strong>solis</strong></span> <span class='ocrx_word' id='word_1_518' title='bbox 3427 1927 3660 1990; x_wconf 84' lang='lat' dir='ltr'><strong>dicitur</strong></span> 
     </span>
     <span class='ocr_line' id='line_1_74' title="bbox 2084 2017 3658 2105; baseline -0.004 -19"><span class='ocrx_word' id='word_1_519' title='bbox 2084 2025 2362 2086; x_wconf 83' lang='lat' dir='ltr'><strong>Christus</strong></span> <span class='ocrx_word' id='word_1_520' title='bbox 2399 2029 2710 2098; x_wconf 88' lang='lat' dir='ltr'><strong>mortuus,</strong></span> <span class='ocrx_word' id='word_1_521' title='bbox 2743 2039 2856 2105; x_wconf 89' lang='lat' dir='ltr'><strong>pro</strong></span> <span class='ocrx_word' id='word_1_522' title='bbox 2883 2017 3116 2101; x_wconf 86' lang='lat' dir='ltr'><strong>quihus</strong></span> <span class='ocrx_word' id='word_1_523' title='bbox 3153 2021 3495 2094; x_wconf 79' lang='lat' dir='ltr'><strong>satisfacit;</strong></span> <span class='ocrx_word' id='word_1_524' title='bbox 3531 2034 3658 2080; x_wconf 90' lang='lat' dir='ltr'><strong>non</strong></span> 
     </span>
     <span class='ocr_line' id='line_1_75' title="bbox 2085 2111 3658 2196; baseline -0.005 -15"><span class='ocrx_word' id='word_1_525' title='bbox 2085 2124 2296 2181; x_wconf 88' lang='lat' dir='ltr'><strong>autem</strong></span> <span class='ocrx_word' id='word_1_526' title='bbox 2323 2115 2625 2179; x_wconf 75' lang='lat' dir='ltr'><strong>satisfecit</strong></span> <span class='ocrx_word' id='word_1_527' title='bbox 2642 2133 2756 2196; x_wconf 86' lang='lat' dir='ltr'><strong>pro</strong></span> <span class='ocrx_word' id='word_1_528' title='bbox 2781 2113 3063 2196; x_wconf 88' lang='lat' dir='ltr'><strong>Angelis,</strong></span> <span class='ocrx_word' id='word_1_529' title='bbox 3085 2111 3233 2176; x_wconf 87' lang='lat' dir='ltr'><strong>licet</strong></span> <span class='ocrx_word' id='word_1_530' title='bbox 3257 2113 3381 2175; x_wconf 88' lang='lat' dir='ltr'><strong>illis</strong></span> <span class='ocrx_word' id='word_1_531' title='bbox 3409 2129 3658 2176; x_wconf 82' lang='lat' dir='ltr'><strong>merne-</strong></span> 
     </span>
     <span class='ocr_line' id='line_1_76' title="bbox 2085 2205 3662 2288; baseline -0.004 -15"><span class='ocrx_word' id='word_1_532' title='bbox 2085 2213 2201 2285; x_wconf 89' lang='lat' dir='ltr'><strong>rit;</strong></span> <span class='ocrx_word' id='word_1_533' title='bbox 2231 2211 2344 2273; x_wconf 88' lang='lat' dir='ltr'><strong>sed</strong></span> <span class='ocrx_word' id='word_1_534' title='bbox 2379 2207 2674 2272; x_wconf 80' lang='lat' dir='ltr'><strong>satisfecit</strong></span> <span class='ocrx_word' id='word_1_535' title='bbox 2702 2227 2818 2288; x_wconf 89' lang='lat' dir='ltr'><strong>pro</strong></span> <span class='ocrx_word' id='word_1_536' title='bbox 2843 2207 3227 2281; x_wconf 87' lang='lat' dir='ltr'><strong>hominibus,</strong></span> <span class='ocrx_word' id='word_1_537' title='bbox 3249 2205 3336 2270; x_wconf 86' lang='lat' dir='ltr'><strong>ad</strong></span> <span class='ocrx_word' id='word_1_538' title='bbox 3362 2223 3529 2286; x_wconf 85' lang='lat' dir='ltr'><strong>quos</strong></span> <span class='ocrx_word' id='word_1_539' title='bbox 3557 2221 3662 2268; x_wconf 82' lang='lat' dir='ltr'><strong>ex-</strong></span> 
     </span>
     <span class='ocr_line' id='line_1_77' title="bbox 2086 2299 3662 2388; baseline -0.003 -21"><span class='ocrx_word' id='word_1_540' title='bbox 2086 2304 2354 2388; x_wconf 87' lang='lat' dir='ltr'><strong>piandos</strong></span> <span class='ocrx_word' id='word_1_541' title='bbox 2383 2321 2452 2365; x_wconf 89' lang='lat' dir='ltr'><strong>se</strong></span> <span class='ocrx_word' id='word_1_542' title='bbox 2481 2301 2691 2383; x_wconf 88' lang='lat' dir='ltr'><strong>ipsum</strong></span> <span class='ocrx_word' id='word_1_543' title='bbox 2724 2299 2951 2363; x_wconf 88' lang='lat' dir='ltr'><strong>obtulit</strong></span> <span class='ocrx_word' id='word_1_544' title='bbox 2974 2299 3371 2364; x_wconf 82' lang='lat' dir='ltr'><strong>sacrificium.</strong></span> <span class='ocrx_word' id='word_1_545' title='bbox 3399 2301 3534 2364; x_wconf 87' lang='lat' dir='ltr'><strong>Nec</strong></span> <span class='ocrx_word' id='word_1_546' title='bbox 3559 2315 3662 2362; x_wconf 83' lang='lat' dir='ltr'><strong>ve·</strong></span> 
     </span>
     <span class='ocr_line' id='line_1_78' title="bbox 2085 2393 3662 2474; baseline -0.004 -13"><span class='ocrx_word' id='word_1_547' title='bbox 2085 2417 2158 2461; x_wconf 89' lang='lat' dir='ltr'><strong>ro</strong></span> <span class='ocrx_word' id='word_1_548' title='bbox 2181 2443 2198 2472; x_wconf 95' lang='lat'><strong>‚</strong></span> <span class='ocrx_word' id='word_1_549' title='bbox 2232 2398 2283 2459; x_wconf 87' lang='lat' dir='ltr'><strong>si</strong></span> <span class='ocrx_word' id='word_1_550' title='bbox 2313 2395 2591 2458; x_wconf 88' lang='lat' dir='ltr'><strong>Christus</strong></span> <span class='ocrx_word' id='word_1_551' title='bbox 2618 2393 2878 2474; x_wconf 82' lang='lat' dir='ltr'><strong>Angelis</strong></span> <span class='ocrx_word' id='word_1_552' title='bbox 2904 2394 3168 2471; x_wconf 90' lang='lat' dir='ltr'><strong>meruit,</strong></span> <span class='ocrx_word' id='word_1_553' title='bbox 3199 2397 3540 2474; x_wconf 85' lang='lat' dir='ltr'><strong>propterea</strong></span> <span class='ocrx_word' id='word_1_554' title='bbox 3567 2411 3662 2455; x_wconf 85' lang='lat' dir='ltr'><strong>se·</strong></span> 
     </span>
     <span class='ocr_line' id='line_1_79' title="bbox 2089 2486 3664 2572; baseline -0.003 -20"><span class='ocrx_word' id='word_1_555' title='bbox 2089 2491 2301 2572; x_wconf 87' lang='lat' dir='ltr'><strong>quitur</strong></span> <span class='ocrx_word' id='word_1_556' title='bbox 2331 2507 2446 2570; x_wconf 88' lang='lat' dir='ltr'><strong>pro</strong></span> <span class='ocrx_word' id='word_1_557' title='bbox 2473 2489 2594 2550; x_wconf 88' lang='lat' dir='ltr'><strong>illis</strong></span> <span class='ocrx_word' id='word_1_558' title='bbox 2625 2495 2948 2551; x_wconf 87' lang='lat' dir='ltr'><strong>mortuum</strong></span> <span class='ocrx_word' id='word_1_559' title='bbox 2979 2505 3150 2562; x_wconf 87' lang='lat' dir='ltr'><strong>esse;</strong></span> <span class='ocrx_word' id='word_1_560' title='bbox 3179 2489 3484 2566; x_wconf 88' lang='lat' dir='ltr'><strong>primum,</strong></span> <span class='ocrx_word' id='word_1_561' title='bbox 3513 2486 3664 2568; x_wconf 80' lang='lat' dir='ltr'><strong>qnia</strong></span> 
     </span>
     <span class='ocr_line' id='line_1_80' title="bbox 2089 2579 3662 2662; baseline -0.003 -17"><span class='ocrx_word' id='word_1_562' title='bbox 2089 2603 2218 2646; x_wconf 90' lang='lat' dir='ltr'><strong>non</strong></span> <span class='ocrx_word' id='word_1_563' title='bbox 2267 2588 2363 2645; x_wconf 91' lang='lat' dir='ltr'><strong>est</strong></span> <span class='ocrx_word' id='word_1_564' title='bbox 2399 2600 2659 2645; x_wconf 86' lang='lat' dir='ltr'><strong>necesse</strong></span> <span class='ocrx_word' id='word_1_565' title='bbox 2701 2587 2773 2642; x_wconf 87' lang='lat' dir='ltr'><strong>ut</strong></span> <span class='ocrx_word' id='word_1_566' title='bbox 2820 2599 2936 2662; x_wconf 88' lang='lat' dir='ltr'><strong>per</strong></span> <span class='ocrx_word' id='word_1_567' title='bbox 2979 2582 3182 2662; x_wconf 87' lang='lat' dir='ltr'><strong>ipsam</strong></span> <span class='ocrx_word' id='word_1_568' title='bbox 3218 2586 3494 2642; x_wconf 88' lang='lat' dir='ltr'><strong>mortem</strong></span> <span class='ocrx_word' id='word_1_569' title='bbox 3539 2579 3662 2642; x_wconf 84' lang='lat' dir='ltr'><strong>illis</strong></span> 
     </span>
     <span class='ocr_line' id='line_1_81' title="bbox 2087 2674 3664 2758; baseline -0.001 -18"><span class='ocrx_word' id='word_1_570' title='bbox 2087 2677 2414 2754; x_wconf 83' lang='lat' dir='ltr'><strong>meruerit,</strong></span> <span class='ocrx_word' id='word_1_571' title='bbox 2435 2677 2594 2740; x_wconf 85' lang='lat' dir='ltr'><strong>sicut</strong></span> <span class='ocrx_word' id='word_1_572' title='bbox 2623 2677 2827 2754; x_wconf 77' lang='lat' dir='ltr'><strong>nobiS,</strong></span> <span class='ocrx_word' id='word_1_573' title='bbox 2847 2674 2960 2740; x_wconf 89' lang='lat' dir='ltr'><strong>sed</strong></span> <span class='ocrx_word' id='word_1_574' title='bbox 2975 2695 3094 2758; x_wconf 88' lang='lat' dir='ltr'><strong>per</strong></span> <span class='ocrx_word' id='word_1_575' title='bbox 3119 2675 3278 2738; x_wconf 84' lang='lat' dir='ltr'><strong>alios</strong></span> <span class='ocrx_word' id='word_1_576' title='bbox 3305 2682 3486 2738; x_wconf 79' lang='lat' dir='ltr'><strong>actus</strong></span> <span class='ocrx_word' id='word_1_577' title='bbox 3514 2675 3664 2738; x_wconf 82' lang='lat' dir='ltr'><strong>cha·</strong></span> 
     </span>
     <span class='ocr_line' id='line_1_82' title="bbox 2089 2769 3664 2852; baseline -0.003 -19"><span class='ocrx_word' id='word_1_578' title='bbox 2089 2771 2312 2849; x_wconf 75' lang='lat' dir='ltr'><strong>ritatiS‚</strong></span> <span class='ocrx_word' id='word_1_579' title='bbox 2343 2771 2444 2832; x_wconf 85' lang='lat' dir='ltr'><strong>vel</strong></span> <span class='ocrx_word' id='word_1_580' title='bbox 2489 2771 2840 2852; x_wconf 84' lang='lat' dir='ltr'><strong>religionis,</strong></span> <span class='ocrx_word' id='word_1_581' title='bbox 2874 2776 2992 2832; x_wconf 90' lang='lat' dir='ltr'><strong>etc.</strong></span> <span class='ocrx_word' id='word_1_582' title='bbox 3013 2791 3030 2847; x_wconf 82' lang='lat'>3</span> <span class='ocrx_word' id='word_1_583' title='bbox 3067 2787 3436 2852; x_wconf 83' lang='lat' dir='ltr'><strong>quanquam</strong></span> <span class='ocrx_word' id='word_1_584' title='bbox 3491 2769 3664 2832; x_wconf 88' lang='lat' dir='ltr'><strong>enim</strong></span> 
     </span>
     <span class='ocr_line' id='line_1_83' title="bbox 2092 2862 3668 2946; baseline -0.003 -18"><span class='ocrx_word' id='word_1_585' title='bbox 2092 2885 2312 2928; x_wconf 89' lang='lat' dir='ltr'><strong>omnes</strong></span> <span class='ocrx_word' id='word_1_586' title='bbox 2341 2872 2516 2929; x_wconf 84' lang='lat' dir='ltr'><strong>actus</strong></span> <span class='ocrx_word' id='word_1_587' title='bbox 2539 2865 2761 2927; x_wconf 87' lang='lat' dir='ltr'><strong>Christi</strong></span> <span class='ocrx_word' id='word_1_588' title='bbox 2794 2865 2872 2926; x_wconf 90' lang='lat' dir='ltr'><strong>de</strong></span> <span class='ocrx_word' id='word_1_589' title='bbox 2900 2883 2968 2928; x_wconf 87' lang='lat' dir='ltr'><strong>se</strong></span> <span class='ocrx_word' id='word_1_590' title='bbox 3010 2863 3184 2945; x_wconf 86' lang='lat' dir='ltr'><strong>digni</strong></span> <span class='ocrx_word' id='word_1_591' title='bbox 3213 2870 3428 2926; x_wconf 83' lang='lat' dir='ltr'><strong>essent</strong></span> <span class='ocrx_word' id='word_1_592' title='bbox 3451 2862 3668 2946; x_wconf 88' lang='lat' dir='ltr'><strong>quoli-</strong></span> 
     </span>
     <span class='ocr_line' id='line_1_84' title="bbox 2090 2956 3670 3042; baseline -0.004 -18"><span class='ocrx_word' id='word_1_593' title='bbox 2090 2963 2200 3026; x_wconf 89' lang='lat' dir='ltr'><strong>bet</strong></span> <span class='ocrx_word' id='word_1_594' title='bbox 2217 2961 2504 3042; x_wconf 84' lang='lat' dir='ltr'><strong>praemio,</strong></span> <span class='ocrx_word' id='word_1_595' title='bbox 2526 2965 2875 3040; x_wconf 85' lang='lat' dir='ltr'><strong>potuerunt</strong></span> <span class='ocrx_word' id='word_1_596' title='bbox 2897 2965 3110 3022; x_wconf 89' lang='lat' dir='ltr'><strong>tamen</strong></span> <span class='ocrx_word' id='word_1_597' title='bbox 3137 2959 3218 3020; x_wconf 86' lang='lat' dir='ltr'><strong>ab</strong></span> <span class='ocrx_word' id='word_1_598' title='bbox 3241 2957 3378 3040; x_wconf 88' lang='lat' dir='ltr'><strong>ipso</strong></span> <span class='ocrx_word' id='word_1_599' title='bbox 3405 2956 3670 3038; x_wconf 85' lang='lat' dir='ltr'><strong>quidam</strong></span> 
     </span>
     <span class='ocr_line' id='line_1_85' title="bbox 2093 3049 3670 3128; baseline -0.005 -11"><span class='ocrx_word' id='word_1_600' title='bbox 2093 3063 2270 3117; x_wconf 86' lang='lat' dir='ltr'><strong>actus</strong></span> <span class='ocrx_word' id='word_1_601' title='bbox 2299 3053 2576 3118; x_wconf 83' lang='lat' dir='ltr'><strong>ordinari</strong></span> <span class='ocrx_word' id='word_1_602' title='bbox 2607 3052 2689 3115; x_wconf 88' lang='lat' dir='ltr'><strong>ad</strong></span> <span class='ocrx_word' id='word_1_603' title='bbox 2729 3071 2926 3114; x_wconf 89' lang='lat' dir='ltr'><strong>unum</strong></span> <span class='ocrx_word' id='word_1_604' title='bbox 2957 3053 3248 3114; x_wconf 83' lang='lat' dir='ltr'><strong>effectum</strong></span> <span class='ocrx_word' id='word_1_605' title='bbox 3269 3095 3292 3128; x_wconf 91' lang='lat'><strong>,</strong></span> <span class='ocrx_word' id='word_1_606' title='bbox 3326 3057 3392 3114; x_wconf 86' lang='lat' dir='ltr'><strong>et</strong></span> <span class='ocrx_word' id='word_1_607' title='bbox 3417 3069 3548 3113; x_wconf 87' lang='lat' dir='ltr'><strong>non</strong></span> <span class='ocrx_word' id='word_1_608' title='bbox 3581 3049 3670 3110; x_wconf 84' lang='lat' dir='ltr'><strong>ad</strong></span> 
     </span>
     <span class='ocr_line' id='line_1_86' title="bbox 2092 3143 3670 3227; baseline -0.004 -17"><span class='ocrx_word' id='word_1_609' title='bbox 2092 3149 2250 3210; x_wconf 86' lang='lat' dir='ltr'><strong>alios</strong></span> <span class='ocrx_word' id='word_1_610' title='bbox 2272 3197 2287 3222; x_wconf 90' lang='lat'>‚</span> <span class='ocrx_word' id='word_1_611' title='bbox 2319 3154 2391 3209; x_wconf 88' lang='lat' dir='ltr'><strong>ut</strong></span> <span class='ocrx_word' id='word_1_612' title='bbox 2437 3165 2514 3209; x_wconf 84' lang='lat' dir='ltr'><strong>ex</strong></span> <span class='ocrx_word' id='word_1_613' title='bbox 2543 3164 2734 3227; x_wconf 88' lang='lat' dir='ltr'><strong>supra</strong></span> <span class='ocrx_word' id='word_1_614' title='bbox 2764 3145 2946 3208; x_wconf 89' lang='lat' dir='ltr'><strong>dictis</strong></span> <span class='ocrx_word' id='word_1_615' title='bbox 2974 3144 3040 3207; x_wconf 89' lang='lat' dir='ltr'><strong>in</strong></span> <span class='ocrx_word' id='word_1_616' title='bbox 3069 3143 3188 3208; x_wconf 91' lang='lat' dir='ltr'><strong>hac</strong></span> <span class='ocrx_word' id='word_1_617' title='bbox 3219 3151 3472 3226; x_wconf 62' lang='lat' dir='ltr'><strong>quaest„</strong></span> <span class='ocrx_word' id='word_1_618' title='bbox 3507 3149 3570 3206; x_wconf 90' lang='lat' dir='ltr'><strong>et</strong></span> <span class='ocrx_word' id='word_1_619' title='bbox 3597 3144 3670 3204; x_wconf 82' lang='lat' dir='ltr'><strong>in</strong></span> 
     </span>
     <span class='ocr_line' id='line_1_87' title="bbox 2099 3239 3674 3326; baseline -0.006 -19"><span class='ocrx_word' id='word_1_620' title='bbox 2099 3251 2318 3326; x_wconf 84' lang='lat' dir='ltr'><strong>quaest.</strong></span> <span class='ocrx_word' id='word_1_621' title='bbox 2355 3245 2414 3320; x_wconf 77' lang='lat'><strong>1,</strong></span> <span class='ocrx_word' id='word_1_622' title='bbox 2449 3243 2620 3306; x_wconf 85' lang='lat' dir='ltr'><strong>artic.</strong></span> <span class='ocrx_word' id='word_1_623' title='bbox 2668 3247 2731 3319; x_wconf 79' lang='lat'><strong>2,</strong></span> <span class='ocrx_word' id='word_1_624' title='bbox 2765 3241 2912 3304; x_wconf 84' lang='lat' dir='ltr'><strong>satis</strong></span> <span class='ocrx_word' id='word_1_625' title='bbox 2961 3247 3226 3302; x_wconf 86' lang='lat' dir='ltr'><strong>constat.</strong></span> <span class='ocrx_word' id='word_1_626' title='bbox 3271 3239 3565 3304; x_wconf 89' lang='lat' dir='ltr'><strong>Secundo</strong></span> <span class='ocrx_word' id='word_1_627' title='bbox 3605 3244 3674 3298; x_wconf 87' lang='lat' dir='ltr'><strong>et</strong></span> 
     </span>
     <span class='ocr_line' id='line_1_88' title="bbox 2101 3335 3672 3417; baseline -0.005 -15"><span class='ocrx_word' id='word_1_628' title='bbox 2101 3339 2348 3414; x_wconf 90' lang='lat' dir='ltr'><strong>melius,</strong></span> <span class='ocrx_word' id='word_1_629' title='bbox 2399 3339 2569 3417; x_wconf 87' lang='lat' dir='ltr'><strong>quia,</strong></span> <span class='ocrx_word' id='word_1_630' title='bbox 2619 3337 2904 3417; x_wconf 83' lang='lat' dir='ltr'><strong>quamvis</strong></span> <span class='ocrx_word' id='word_1_631' title='bbox 2951 3337 3244 3397; x_wconf 87' lang='lat' dir='ltr'><strong>meritum</strong></span> <span class='ocrx_word' id='word_1_632' title='bbox 3291 3335 3514 3397; x_wconf 86' lang='lat' dir='ltr'><strong>mortis</strong></span> <span class='ocrx_word' id='word_1_633' title='bbox 3562 3351 3672 3396; x_wconf 81' lang='lat' dir='ltr'><strong>ex-</strong></span> 
     </span>
     <span class='ocr_line' id='line_1_89' title="bbox 2101 3428 3670 3512; baseline -0.006 -16"><span class='ocrx_word' id='word_1_634' title='bbox 2101 3442 2350 3497; x_wconf 89' lang='lat' dir='ltr'><strong>tensum</strong></span> <span class='ocrx_word' id='word_1_635' title='bbox 2381 3433 2461 3494; x_wconf 87' lang='lat' dir='ltr'><strong>sit</strong></span> <span class='ocrx_word' id='word_1_636' title='bbox 2487 3433 2570 3494; x_wconf 90' lang='lat' dir='ltr'><strong>ad</strong></span> <span class='ocrx_word' id='word_1_637' title='bbox 2599 3431 2897 3512; x_wconf 81' lang='lat' dir='ltr'><strong>Angelos,</strong></span> <span class='ocrx_word' id='word_1_638' title='bbox 2919 3447 3049 3491; x_wconf 89' lang='lat' dir='ltr'><strong>non</strong></span> <span class='ocrx_word' id='word_1_639' title='bbox 3075 3429 3225 3490; x_wconf 90' lang='lat' dir='ltr'><strong>inde</strong></span> <span class='ocrx_word' id='word_1_640' title='bbox 3251 3428 3324 3488; x_wconf 83' lang='lat' dir='ltr'><strong>fit</strong></span> <span class='ocrx_word' id='word_1_641' title='bbox 3346 3435 3670 3490; x_wconf 86' lang='lat' dir='ltr'><strong>mortuum</strong></span> 
     </span>
     <span class='ocr_line' id='line_1_90' title="bbox 2105 3521 3670 3607; baseline -0.008 -15"><span class='ocrx_word' id='word_1_642' title='bbox 2105 3547 2244 3592; x_wconf 89' lang='lat' dir='ltr'><strong>esse</strong></span> <span class='ocrx_word' id='word_1_643' title='bbox 2273 3545 2387 3607; x_wconf 81' lang='lat' dir='ltr'><strong>pro</strong></span> <span class='ocrx_word' id='word_1_644' title='bbox 2418 3525 2694 3606; x_wconf 88' lang='lat' dir='ltr'><strong>Angelis,</strong></span> <span class='ocrx_word' id='word_1_645' title='bbox 2727 3523 2874 3603; x_wconf 84' lang='lat' dir='ltr'><strong>quia</strong></span> <span class='ocrx_word' id='word_1_646' title='bbox 2911 3539 3038 3584; x_wconf 86' lang='lat' dir='ltr'><strong>non</strong></span> <span class='ocrx_word' id='word_1_647' title='bbox 3068 3536 3181 3602; x_wconf 85' lang='lat' dir='ltr'><strong>pro</strong></span> <span class='ocrx_word' id='word_1_648' title='bbox 3225 3521 3348 3582; x_wconf 88' lang='lat' dir='ltr'><strong>illis</strong></span> <span class='ocrx_word' id='word_1_649' title='bbox 3379 3521 3670 3582; x_wconf 88' lang='lat' dir='ltr'><strong>ordinata</strong></span> 
     </span>
     <span class='ocr_line' id='line_1_91' title="bbox 2096 3615 3668 3698; baseline -0.009 -10"><span class='ocrx_word' id='word_1_650' title='bbox 2096 3631 2160 3688; x_wconf 91' lang='lat' dir='ltr'><strong>et</strong></span> <span class='ocrx_word' id='word_1_651' title='bbox 2186 3624 2510 3698; x_wconf 88' lang='lat' dir='ltr'><strong>assumpta</strong></span> <span class='ocrx_word' id='word_1_652' title='bbox 2533 3623 2628 3678; x_wconf 89' lang='lat' dir='ltr'><strong>est</strong></span> <span class='ocrx_word' id='word_1_653' title='bbox 2649 3634 2840 3678; x_wconf 85' lang='lat' dir='ltr'><strong>mors.</strong></span> <span class='ocrx_word' id='word_1_654' title='bbox 2868 3615 3238 3694; x_wconf 85' lang='lat' dir='ltr'><strong>Exemplum</strong></span> <span class='ocrx_word' id='word_1_655' title='bbox 3266 3615 3527 3676; x_wconf 82' lang='lat' dir='ltr'><strong>evidens</strong></span> <span class='ocrx_word' id='word_1_656' title='bbox 3547 3620 3668 3689; x_wconf 85' lang='lat' dir='ltr'><strong>est,</strong></span> 
     </span>
     <span class='ocr_line' id='line_1_92' title="bbox 2097 3705 3672 3800; baseline -0.008 -21"><span class='ocrx_word' id='word_1_657' title='bbox 2097 3718 2246 3800; x_wconf 87' lang='lat' dir='ltr'><strong>quia</strong></span> <span class='ocrx_word' id='word_1_658' title='bbox 2289 3713 2569 3775; x_wconf 86' lang='lat' dir='ltr'><strong>Christus</strong></span> <span class='ocrx_word' id='word_1_659' title='bbox 2609 3725 2725 3790; x_wconf 88' lang='lat' dir='ltr'><strong>per</strong></span> <span class='ocrx_word' id='word_1_660' title='bbox 2751 3715 3023 3770; x_wconf 87' lang='lat' dir='ltr'><strong>mortem</strong></span> <span class='ocrx_word' id='word_1_661' title='bbox 3067 3725 3245 3768; x_wconf 90' lang='lat' dir='ltr'><strong>suam</strong></span> <span class='ocrx_word' id='word_1_662' title='bbox 3281 3707 3398 3768; x_wconf 88' lang='lat' dir='ltr'><strong>sibi</strong></span> <span class='ocrx_word' id='word_1_663' title='bbox 3428 3705 3672 3786; x_wconf 85' lang='lat' dir='ltr'><strong>aliquid</strong></span> 
     </span>
     <span class='ocr_line' id='line_1_93' title="bbox 2094 3799 3672 3882; baseline -0.009 -9"><span class='ocrx_word' id='word_1_664' title='bbox 2094 3807 2362 3882; x_wconf 79' lang='lat' dir='ltr'><strong>meruit3</strong></span> <span class='ocrx_word' id='word_1_665' title='bbox 2411 3810 2472 3866; x_wconf 91' lang='lat' dir='ltr'><strong>et</strong></span> <span class='ocrx_word' id='word_1_666' title='bbox 2499 3811 2711 3866; x_wconf 84' lang='lat' dir='ltr'><strong>tamen</strong></span> <span class='ocrx_word' id='word_1_667' title='bbox 2741 3821 2869 3864; x_wconf 88' lang='lat' dir='ltr'><strong>non</strong></span> <span class='ocrx_word' id='word_1_668' title='bbox 2900 3807 3235 3881; x_wconf 88' lang='lat' dir='ltr'><strong>propterea</strong></span> <span class='ocrx_word' id='word_1_669' title='bbox 3289 3799 3416 3862; x_wconf 87' lang='lat' dir='ltr'><strong>dici</strong></span> <span class='ocrx_word' id='word_1_670' title='bbox 3461 3804 3672 3880; x_wconf 86' lang='lat' dir='ltr'><strong>potest</strong></span> 
     </span>
     <span class='ocr_line' id='line_1_94' title="bbox 2095 3891 3676 3986; baseline -0.008 -20"><span class='ocrx_word' id='word_1_671' title='bbox 2095 3921 2210 3986; x_wconf 89' lang='lat' dir='ltr'><strong>pro</strong></span> <span class='ocrx_word' id='word_1_672' title='bbox 2232 3919 2300 3964; x_wconf 91' lang='lat' dir='ltr'><strong>se</strong></span> <span class='ocrx_word' id='word_1_673' title='bbox 2328 3903 2645 3975; x_wconf 84' lang='lat' dir='ltr'><strong>mortuus3</strong></span> <span class='ocrx_word' id='word_1_674' title='bbox 2667 3896 2820 3975; x_wconf 90' lang='lat' dir='ltr'><strong>quin</strong></span> <span class='ocrx_word' id='word_1_675' title='bbox 2844 3895 3050 3976; x_wconf 90' lang='lat' dir='ltr'><strong>potius</strong></span> <span class='ocrx_word' id='word_1_676' title='bbox 3068 3893 3137 3954; x_wconf 89' lang='lat' dir='ltr'><strong>in</strong></span> <span class='ocrx_word' id='word_1_677' title='bbox 3160 3891 3439 3956; x_wconf 85' lang='lat' dir='ltr'><strong>Concilio</strong></span> <span class='ocrx_word' id='word_1_678' title='bbox 3463 3893 3676 3972; x_wconf 89' lang='lat' dir='ltr'><strong>Ephe-</strong></span> 
     </span>
     <span class='ocr_line' id='line_1_95' title="bbox 2097 3987 3672 4072; baseline -0.008 -12"><span class='ocrx_word' id='word_1_679' title='bbox 2097 3999 2245 4072; x_wconf 87' lang='lat' dir='ltr'><strong>siu.,</strong></span> <span class='ocrx_word' id='word_1_680' title='bbox 2275 4013 2416 4060; x_wconf 91' lang='lat' dir='ltr'><strong>can.</strong></span> <span class='ocrx_word' id='word_1_681' title='bbox 2453 3996 2561 4068; x_wconf 87' lang='lat'><strong>10,</strong></span> <span class='ocrx_word' id='word_1_682' title='bbox 2593 3991 2978 4052; x_wconf 86' lang='lat' dir='ltr'><strong>damnantur</strong></span> <span class='ocrx_word' id='word_1_683' title='bbox 3015 3989 3322 4064; x_wconf 74' lang='lat' dir='ltr'><strong>dicenteS,</strong></span> <span class='ocrx_word' id='word_1_684' title='bbox 3351 3987 3672 4048; x_wconf 87' lang='lat' dir='ltr'><strong>Christum</strong></span> 
     </span>
     <span class='ocr_line' id='line_1_96' title="bbox 2094 4077 3670 4172; baseline -0.008 -20"><span class='ocrx_word' id='word_1_685' title='bbox 2094 4109 2209 4172; x_wconf 91' lang='lat' dir='ltr'><strong>pro</strong></span> <span class='ocrx_word' id='word_1_686' title='bbox 2240 4107 2309 4152; x_wconf 88' lang='lat' dir='ltr'><strong>se</strong></span> <span class='ocrx_word' id='word_1_687' title='bbox 2349 4085 2653 4149; x_wconf 84' lang='lat' dir='ltr'><strong>obtulisse</strong></span> <span class='ocrx_word' id='word_1_688' title='bbox 2683 4081 3060 4146; x_wconf 84' lang='lat' dir='ltr'><strong>sacrificium</strong></span> <span class='ocrx_word' id='word_1_689' title='bbox 3081 4127 3102 4160; x_wconf 91' lang='lat'><strong>,</strong></span> <span class='ocrx_word' id='word_1_690' title='bbox 3137 4086 3199 4143; x_wconf 93' lang='lat' dir='ltr'><strong>et</strong></span> <span class='ocrx_word' id='word_1_691' title='bbox 3228 4077 3529 4144; x_wconf 84' lang='lat' dir='ltr'><strong>definitur</strong></span> <span class='ocrx_word' id='word_1_692' title='bbox 3553 4097 3670 4160; x_wconf 91' lang='lat' dir='ltr'><strong>pro</strong></span> 
     </span>
     <span class='ocr_line' id='line_1_97' title="bbox 2098 4177 2990 4245; baseline -0.008 0"><span class='ocrx_word' id='word_1_693' title='bbox 2098 4182 2247 4245; x_wconf 87' lang='lat' dir='ltr'><strong>solis</strong></span> <span class='ocrx_word' id='word_1_694' title='bbox 2277 4178 2638 4243; x_wconf 87' lang='lat' dir='ltr'><strong>hominibus</strong></span> <span class='ocrx_word' id='word_1_695' title='bbox 2669 4177 2990 4240; x_wconf 89' lang='lat' dir='ltr'><strong>obtulisse.</strong></span> 
     </span>
    </p>

    <p class='ocr_par' dir='ltr' id='par_1_9' title="bbox 2089 4267 3674 5478">
     <span class='ocr_line' id='line_1_98' title="bbox 2177 4267 3666 4356; baseline -0.007 -18"><span class='ocrx_word' id='word_1_696' title='bbox 2177 4279 2239 4338; x_wconf 71' lang='lat'><strong>4.</strong></span> <span class='ocrx_word' id='word_1_697' title='bbox 2267 4269 3092 4355; x_wconf 71' lang='lat' dir='ltr'><strong>Fulqentiws.—Redemptio</strong></span> <span class='ocrx_word' id='word_1_698' title='bbox 3114 4267 3366 4356; x_wconf 72' lang='lat' dir='ltr'><strong>proprie</strong></span> <span class='ocrx_word' id='word_1_699' title='bbox 3385 4267 3544 4351; x_wconf 72' lang='lat' dir='ltr'><strong>quid</strong></span> <span class='ocrx_word' id='word_1_700' title='bbox 3559 4267 3666 4331; x_wconf 75' lang='lat' dir='ltr'><strong>sit.</strong></span> 
     </span>
     <span class='ocr_line' id='line_1_99' title="bbox 2097 4361 3672 4444; baseline -0.005 -14"><span class='ocrx_word' id='word_1_701' title='bbox 2097 4368 2344 4430; x_wconf 89' lang='lat' dir='ltr'><strong>—Dico</strong></span> <span class='ocrx_word' id='word_1_702' title='bbox 2377 4366 2681 4442; x_wconf 86' lang='lat' dir='ltr'><strong>secundo,</strong></span> <span class='ocrx_word' id='word_1_703' title='bbox 2708 4363 3023 4428; x_wconf 85' lang='lat' dir='ltr'><strong>Christum</strong></span> <span class='ocrx_word' id='word_1_704' title='bbox 3046 4383 3174 4426; x_wconf 89' lang='lat' dir='ltr'><strong>non</strong></span> <span class='ocrx_word' id='word_1_705' title='bbox 3204 4381 3392 4444; x_wconf 89' lang='lat' dir='ltr'><strong>posse</strong></span> <span class='ocrx_word' id='word_1_706' title='bbox 3420 4361 3672 4443; x_wconf 88' lang='lat' dir='ltr'><strong>proprie</strong></span> 
     </span>
     <span class='ocr_line' id='line_1_100' title="bbox 2102 4453 3674 4542; baseline -0.007 -17"><span class='ocrx_word' id='word_1_707' title='bbox 2102 4461 2226 4526; x_wconf 90' lang='lat' dir='ltr'><strong>dici</strong></span> <span class='ocrx_word' id='word_1_708' title='bbox 2253 4462 2722 4542; x_wconf 86' lang='lat' dir='ltr'><strong>redemptorem</strong></span> <span class='ocrx_word' id='word_1_709' title='bbox 2748 4457 3156 4538; x_wconf 81' lang='lat' dir='ltr'><strong>Angelorum.</strong></span> <span class='ocrx_word' id='word_1_710' title='bbox 3180 4459 3312 4520; x_wconf 86' lang='lat' dir='ltr'><strong>Hoc</strong></span> <span class='ocrx_word' id='word_1_711' title='bbox 3329 4453 3520 4520; x_wconf 89' lang='lat' dir='ltr'><strong>etiam</strong></span> <span class='ocrx_word' id='word_1_712' title='bbox 3547 4454 3674 4516; x_wconf 87' lang='lat' dir='ltr'><strong>col·</strong></span> 
     </span>
     <span class='ocr_line' id='line_1_101' title="bbox 2099 4549 3670 4637; baseline -0.005 -20"><span class='ocrx_word' id='word_1_713' title='bbox 2099 4554 2314 4637; x_wconf 82' lang='lat' dir='ltr'><strong>ligitur</strong></span> <span class='ocrx_word' id='word_1_714' title='bbox 2341 4574 2420 4617; x_wconf 82' lang='lat' dir='ltr'><strong>cx</strong></span> <span class='ocrx_word' id='word_1_715' title='bbox 2445 4555 2711 4634; x_wconf 84' lang='lat' dir='ltr'><strong>August.</strong></span> <span class='ocrx_word' id='word_1_716' title='bbox 2743 4569 2956 4632; x_wconf 85' lang='lat' dir='ltr'><strong>supra,</strong></span> <span class='ocrx_word' id='word_1_717' title='bbox 2988 4556 3051 4613; x_wconf 90' lang='lat' dir='ltr'><strong>et</strong></span> <span class='ocrx_word' id='word_1_718' title='bbox 3081 4569 3160 4614; x_wconf 84' lang='lat' dir='ltr'><strong>ex</strong></span> <span class='ocrx_word' id='word_1_719' title='bbox 3187 4549 3510 4612; x_wconf 88' lang='lat' dir='ltr'><strong>communi</strong></span> <span class='ocrx_word' id='word_1_720' title='bbox 3533 4565 3670 4610; x_wconf 88' lang='lat' dir='ltr'><strong>mo·</strong></span> 
     </span>
     <span class='ocr_line' id='line_1_102' title="bbox 2091 4641 3670 4728; baseline -0.005 -18"><span class='ocrx_word' id='word_1_721' title='bbox 2091 4648 2172 4710; x_wconf 91' lang='lat' dir='ltr'><strong>do</strong></span> <span class='ocrx_word' id='word_1_722' title='bbox 2225 4647 2526 4728; x_wconf 87' lang='lat' dir='ltr'><strong>loquendi</strong></span> <span class='ocrx_word' id='word_1_723' title='bbox 2583 4645 3072 4725; x_wconf 87' lang='lat' dir='ltr'><strong>Theologorum.</strong></span> <span class='ocrx_word' id='word_1_724' title='bbox 3116 4642 3295 4707; x_wconf 89' lang='lat' dir='ltr'><strong>Ratio</strong></span> <span class='ocrx_word' id='word_1_725' title='bbox 3343 4649 3472 4717; x_wconf 87' lang='lat' dir='ltr'><strong>est,</strong></span> <span class='ocrx_word' id='word_1_726' title='bbox 3518 4641 3670 4722; x_wconf 88' lang='lat' dir='ltr'><strong>quia</strong></span> 
     </span>
     <span class='ocr_line' id='line_1_103' title="bbox 2089 4735 3667 4822; baseline -0.006 -17"><span class='ocrx_word' id='word_1_727' title='bbox 2089 4741 2296 4806; x_wconf 71' lang='lat' dir='ltr'><strong>nullus</strong></span> <span class='ocrx_word' id='word_1_728' title='bbox 2323 4739 2670 4816; x_wconf 73' lang='lat' dir='ltr'><strong>redimitur,</strong></span> <span class='ocrx_word' id='word_1_729' title='bbox 2693 4739 2826 4802; x_wconf 72' lang='grc' dir='ltr'><strong>πίει·</strong></span> <span class='ocrx_word' id='word_1_730' title='bbox 2848 4740 2907 4802; x_wconf 74' lang='lat' dir='ltr'><strong>is</strong></span> <span class='ocrx_word' id='word_1_731' title='bbox 2927 4739 3035 4821; x_wconf 76' lang='lat' dir='ltr'><strong>qui</strong></span> <span class='ocrx_word' id='word_1_732' title='bbox 3055 4739 3164 4802; x_wconf 78' lang='lat' dir='ltr'><strong>sub</strong></span> <span class='ocrx_word' id='word_1_733' title='bbox 3183 4743 3424 4822; x_wconf 75' lang='lat' dir='ltr'><strong>peccato</strong></span> <span class='ocrx_word' id='word_1_734' title='bbox 3453 4735 3667 4810; x_wconf 72' lang='lat' dir='ltr'><strong>emit,</strong></span> 
     </span>
     <span class='ocr_line' id='line_1_104' title="bbox 2093 4829 3664 4914; baseline -0.004 -18"><span class='ocrx_word' id='word_1_735' title='bbox 2093 4841 2162 4898; x_wconf 89' lang='lat' dir='ltr'><strong>ut</strong></span> <span class='ocrx_word' id='word_1_736' title='bbox 2195 4853 2273 4898; x_wconf 84' lang='lat' dir='ltr'><strong>ex</strong></span> <span class='ocrx_word' id='word_1_737' title='bbox 2300 4835 2544 4898; x_wconf 89' lang='lat' dir='ltr'><strong>Zosimo</strong></span> <span class='ocrx_word' id='word_1_738' title='bbox 2573 4834 2726 4913; x_wconf 85' lang='lat' dir='ltr'><strong>Pap.</strong></span> <span class='ocrx_word' id='word_1_739' title='bbox 2759 4831 2911 4894; x_wconf 86' lang='lat' dir='ltr'><strong>dicit</strong></span> <span class='ocrx_word' id='word_1_740' title='bbox 2950 4834 3246 4914; x_wconf 88' lang='lat' dir='ltr'><strong>August.,</strong></span> <span class='ocrx_word' id='word_1_741' title='bbox 3277 4832 3465 4912; x_wconf 90' lang='lat' dir='ltr'><strong>epist.</strong></span> <span class='ocrx_word' id='word_1_742' title='bbox 3511 4829 3664 4902; x_wconf 70' lang='lat'><strong>1573</strong></span> 
     </span>
     <span class='ocr_line' id='line_1_105' title="bbox 2093 4927 3670 5008; baseline -0.006 -18"><span class='ocrx_word' id='word_1_743' title='bbox 2093 4928 2208 4991; x_wconf 90' lang='lat' dir='ltr'><strong>sed</strong></span> <span class='ocrx_word' id='word_1_744' title='bbox 2249 4927 2478 5008; x_wconf 89' lang='lat' dir='ltr'><strong>Angeli</strong></span> <span class='ocrx_word' id='word_1_745' title='bbox 2508 4927 2709 4988; x_wconf 85' lang='lat' dir='ltr'><strong>sancti</strong></span> <span class='ocrx_word' id='word_1_746' title='bbox 2753 4942 3082 5002; x_wconf 89' lang='lat' dir='ltr'><strong>nunquam</strong></span> <span class='ocrx_word' id='word_1_747' title='bbox 3128 4927 3482 4988; x_wconf 85' lang='lat' dir='ltr'><strong>servierunt</strong></span> <span class='ocrx_word' id='word_1_748' title='bbox 3529 4939 3670 5001; x_wconf 89' lang='lat' dir='ltr'><strong>pec-</strong></span> 
     </span>
     <span class='ocr_line' id='line_1_106' title="bbox 2093 5019 3666 5100; baseline -0.007 -16"><span class='ocrx_word' id='word_1_749' title='bbox 2093 5029 2252 5084; x_wconf 88' lang='lat' dir='ltr'><strong>cato.</strong></span> <span class='ocrx_word' id='word_1_750' title='bbox 2278 5021 2495 5100; x_wconf 87' lang='lat' dir='ltr'><strong>Neque</strong></span> <span class='ocrx_word' id='word_1_751' title='bbox 2524 5021 2677 5081; x_wconf 89' lang='lat' dir='ltr'><strong>satis</strong></span> <span class='ocrx_word' id='word_1_752' title='bbox 2704 5027 2800 5082; x_wconf 85' lang='lat' dir='ltr'><strong>est</strong></span> <span class='ocrx_word' id='word_1_753' title='bbox 2833 5019 3005 5098; x_wconf 91' lang='lat' dir='ltr'><strong>quod</strong></span> <span class='ocrx_word' id='word_1_754' title='bbox 3028 5019 3348 5098; x_wconf 86' lang='lat' dir='ltr'><strong>potuerint</strong></span> <span class='ocrx_word' id='word_1_755' title='bbox 3375 5031 3666 5099; x_wconf 85' lang='lat' dir='ltr'><strong>peccare,</strong></span> 
     </span>
     <span class='ocr_line' id='line_1_107' title="bbox 2093 5107 3667 5196; baseline -0.006 -19"><span class='ocrx_word' id='word_1_756' title='bbox 2093 5121 2156 5177; x_wconf 88' lang='lat' dir='ltr'><strong>et</strong></span> <span class='ocrx_word' id='word_1_757' title='bbox 2185 5119 2441 5196; x_wconf 88' lang='lat' dir='ltr'><strong>propter</strong></span> <span class='ocrx_word' id='word_1_758' title='bbox 2461 5115 2684 5175; x_wconf 87' lang='lat' dir='ltr'><strong>merita</strong></span> <span class='ocrx_word' id='word_1_759' title='bbox 2709 5111 2938 5175; x_wconf 88' lang='lat' dir='ltr'><strong>Christi</strong></span> <span class='ocrx_word' id='word_1_760' title='bbox 2964 5112 3329 5191; x_wconf 83' lang='lat' dir='ltr'><strong>praeservati</strong></span> <span class='ocrx_word' id='word_1_761' title='bbox 3359 5110 3482 5171; x_wconf 87' lang='lat' dir='ltr'><strong>sint</strong></span> <span class='ocrx_word' id='word_1_762' title='bbox 3498 5129 3518 5187; x_wconf 79' lang='lat'>3</span> <span class='ocrx_word' id='word_1_763' title='bbox 3551 5107 3667 5168; x_wconf 82' lang='lat' dir='ltr'><strong>hac</strong></span> 
     </span>
     <span class='ocr_line' id='line_1_108' title="bbox 2097 5201 3660 5288; baseline -0.007 -17"><span class='ocrx_word' id='word_1_764' title='bbox 2097 5210 2267 5270; x_wconf 89' lang='lat' dir='ltr'><strong>enim</strong></span> <span class='ocrx_word' id='word_1_765' title='bbox 2315 5209 2561 5271; x_wconf 88' lang='lat' dir='ltr'><strong>ratione</strong></span> <span class='ocrx_word' id='word_1_766' title='bbox 2605 5209 2948 5288; x_wconf 85' lang='lat' dir='ltr'><strong>potuerunt</strong></span> <span class='ocrx_word' id='word_1_767' title='bbox 2986 5203 3110 5266; x_wconf 87' lang='lat' dir='ltr'><strong>dici</strong></span> <span class='ocrx_word' id='word_1_768' title='bbox 3156 5202 3369 5267; x_wconf 86' lang='lat' dir='ltr'><strong>divina</strong></span> <span class='ocrx_word' id='word_1_769' title='bbox 3411 5201 3660 5270; x_wconf 77' lang='lat' dir='ltr'><strong>virtute,</strong></span> 
     </span>
     <span class='ocr_line' id='line_1_109' title="bbox 2096 5291 3658 5383; baseline -0.006 -19"><span class='ocrx_word' id='word_1_770' title='bbox 2096 5321 2210 5365; x_wconf 88' lang='lat' dir='ltr'><strong>seu</strong></span> <span class='ocrx_word' id='word_1_771' title='bbox 2236 5308 2494 5383; x_wconf 89' lang='lat' dir='ltr'><strong>propter</strong></span> <span class='ocrx_word' id='word_1_772' title='bbox 2514 5301 2738 5365; x_wconf 87' lang='lat' dir='ltr'><strong>Christi</strong></span> <span class='ocrx_word' id='word_1_773' title='bbox 2767 5299 2989 5361; x_wconf 85' lang='lat' dir='ltr'><strong>merita</strong></span> <span class='ocrx_word' id='word_1_774' title='bbox 3015 5295 3211 5360; x_wconf 88' lang='lat' dir='ltr'><strong>fuisse</strong></span> <span class='ocrx_word' id='word_1_775' title='bbox 3239 5291 3542 5378; x_wconf 81' lang='lat' dir='ltr'><strong>praeventi</strong></span> <span class='ocrx_word' id='word_1_776' title='bbox 3582 5303 3658 5347; x_wconf 74' lang='lat' dir='ltr'><strong>ne</strong></span> 
     </span>
     <span class='ocr_line' id='line_1_110' title="bbox 2092 5380 3658 5478; baseline -0.008 -17"><span class='ocrx_word' id='word_1_777' title='bbox 2092 5403 2455 5478; x_wconf 88' lang='lat' dir='ltr'><strong>peccarent,</strong></span> <span class='ocrx_word' id='word_1_778' title='bbox 2474 5415 2592 5459; x_wconf 89' lang='lat' dir='ltr'><strong>seu</strong></span> <span class='ocrx_word' id='word_1_779' title='bbox 2626 5393 2869 5458; x_wconf 77' lang='lat' dir='ltr'><strong>defensi</strong></span> <span class='ocrx_word' id='word_1_780' title='bbox 2897 5409 2935 5454; x_wconf 86' lang='lat' dir='ltr'><strong>a</strong></span> <span class='ocrx_word' id='word_1_781' title='bbox 2961 5397 3252 5472; x_wconf 82' lang='lat' dir='ltr'><strong>peccate,</strong></span> <span class='ocrx_word' id='word_1_782' title='bbox 3285 5395 3357 5450; x_wconf 86' lang='lat' dir='ltr'><strong>ut</strong></span> <span class='ocrx_word' id='word_1_783' title='bbox 3385 5380 3658 5462; x_wconf 84' lang='lat' dir='ltr'><strong>loquitur</strong></span> 
     </span>
    </p>
   </div>
   <div class='ocr_carea' id='block_1_7' title="bbox 2061 5475 3655 5571">
    <p class='ocr_par' dir='ltr' id='par_1_10' title="bbox 2061 5475 3655 5571">
     <span class='ocr_line' id='line_1_111' title="bbox 2061 5475 3655 5571; baseline -0.01 -18"><span class='ocrx_word' id='word_1_784' title='bbox 2061 5518 2066 5522; x_wconf 89' lang='lat'>·</span> <span class='ocrx_word' id='word_1_785' title='bbox 2095 5490 2407 5571; x_wconf 64' lang='lat' dir='ltr'><strong>Fulgent„</strong></span> <span class='ocrx_word' id='word_1_786' title='bbox 2437 5489 2542 5549; x_wconf 84' lang='lat' dir='ltr'><strong>lib.</strong></span> <span class='ocrx_word' id='word_1_787' title='bbox 2573 5489 2613 5548; x_wconf 75' lang='lat'>9</span> <span class='ocrx_word' id='word_1_788' title='bbox 2643 5489 2723 5549; x_wconf 81' lang='lat' dir='ltr'><strong>ad</strong></span> <span class='ocrx_word' id='word_1_789' title='bbox 2753 5481 3178 5555; x_wconf 68' lang='lat' dir='ltr'><strong>Trasimund„</strong></span> <span class='ocrx_word' id='word_1_790' title='bbox 3220 5495 3359 5559; x_wconf 82' lang='lat' dir='ltr'><strong>cap.</strong></span> <span class='ocrx_word' id='word_1_791' title='bbox 3403 5477 3465 5552; x_wconf 77' lang='lat'><strong>2,</strong></span> <span class='ocrx_word' id='word_1_792' title='bbox 3499 5475 3655 5539; x_wconf 77' lang='lat' dir='ltr'><strong>circa</strong></span> 
     </span>
    </p>
   </div>
   <div class='ocr_carea' id='block_1_8' title="bbox 3852 3161 3858 3800">
    <p class='ocr_par' dir='ltr' id='par_1_11' title="bbox 3852 3161 3858 3800">
     <span class='ocr_line' id='line_1_112' title="bbox 3852 3161 3858 3800; baseline 0 0"><span class='ocrx_word' id='word_1_793' title='bbox 3852 3161 3858 3800; x_wconf 95' lang='lat' dir='ltr'><strong> </strong></span> 
     </span>
    </p>
   </div>
   <div class='ocr_carea' id='block_1_9' title="bbox 3850 4189 3860 5284">
    <p class='ocr_par' dir='ltr' id='par_1_12' title="bbox 3850 4189 3860 5284">
     <span class='ocr_line' id='line_1_113' title="bbox 3850 4189 3860 5284; baseline 0 0"><span class='ocrx_word' id='word_1_794' title='bbox 3850 4189 3860 5284; x_wconf 95' lang='lat' dir='ltr'><strong> </strong></span> 
     </span>
    </p>
   </div>
  </div>
 </body>
</html>
