3892 6167
138 6078 393 6139 A

563 334 683 399 598
1776 342 2012 405 Quffisr.
2047 340 2197 395 xxv.
2231 340 2434 393 asne.
2468 342 2554 396 tu.

562 440 992 515 inveniuntur,
1020 456 1179 519 quas
1216 440 1426 501 statim
1455 440 1821 505 referemus.
1862 445 2126 503 Antece-

566 535 721 597 dens
759 552 909 596 vero
954 534 1293 613 probatur,
1323 535 1469 613 quia
1500 536 1549 595 si
1580 554 1729 597 usus
1779 536 2127 615 imaginum

566 628 849 691 omnium
896 634 1065 691 esset
1096 628 1434 689 intrinsece
1479 630 1720 704 malus,
1762 630 1894 710 ipsa
1938 630 2126 691 etiam

568 740 673 783 ars
704 722 1001 802 pingendi
1048 728 1217 783 esset
1252 723 1507 783 omnino
1542 724 1737 797 mala,
1784 724 1929 803 quia
1969 740 2128 782 nun-

570 834 763 900 quam
815 816 1049 879 babere
1091 824 1301 895 posset
1344 816 1580 877 bonum
1630 836 1849 888 usum:
1908 832 2130 879 conse-

572 926 777 989 queus
818 914 911 971 est
956 909 1279 973 evidenter
1316 908 1579 985 falsum,
1622 928 1771 973 nam
1802 912 1966 973 Deus
1997 910 2128 989 ipse

572 1002 890 1064 interdum
926 1003 1088 1063 hanc
1120 1008 1318 1065 artem
1360 1004 1730 1084 approbavit
1778 1012 1841 1065 et
1878 1004 2126 1075 infudit,

573 1102 643 1157 ut
672 1114 749 1157 ex
788 1098 857 1157 at
895 1102 957 1158 et
982 1096 1061 1159 35
1086 1114 1139 1157 c.
1188 1096 1381 1158 Exodi
1420 1098 1752 1177 colligitur.
1794 1096 2034 1159 Deinde
2067 1097 2126 1157 in

575 1188 821 1269 objecto
852 1188 1041 1269 hujus
1060 1190 1210 1251 artis
1236 1190 1406 1251 nulla
1432 1198 1523 1253 est
1558 1192 1897 1253 intrinseca
1928 1190 2132 1252 defor-

568 1285 777 1355 mitas,
808 1289 871 1345 et
902 1290 1102 1363 potest
1134 1302 1259 1345 non
1300 1285 1503 1347 solum
1540 1286 1621 1347 ad
1654 1302 1986 1360 ornatum,
2019 1284 2132 1345 sed

572 1376 761 1439 etiam
818 1374 901 1437 ad
952 1378 1399 1442 convenientes
1448 1398 1601 1440 usus
1646 1380 1937 1440 humanas
1991 1378 2131 1439 vita)

570 1468 888 1541 conterrez
916 1486 1029 1533 cur
1050 1486 1203 1551 ergo
1226 1471 1342 1533 erit
1362 1474 1619 1533 omnino
1650 1472 1853 1534 mala?
1874 1474 2131 1533 Praeter·

572 1580 673 1639 ea,
706 1563 873 1623 Deus
896 1580 1002 1625 res
1040 1580 1261 1625 omnes
1287 1564 1434 1627 fecit
1464 1566 1673 1645 aliquo
1708 1564 1897 1627 modo
1922 1565 2002 1625 ad
2033 1565 2128 1625 eui

568 1655 1003 1723 imitationem.
1052 1664 1114 1719 et
1154 1659 1497 1737 prasertim
1538 1660 1859 1721 bominem
1884 1704 1902 1733 ‚
1934 1674 2127 1737 quem

572 1750 653 1811 ad
682 1750 776 1809 sui
812 1750 1152 1828 imaginem
1181 1752 1494 1824 condidit3
1536 1760 1630 1815 est
1658 1771 1809 1833 ergo
1836 1772 1939 1814 ars
1971 1752 2124 1813 ima-

570 1842 787 1921 ginum
820 1840 1131 1917 effectrix,
1171 1846 1452 1922 quaedam
1484 1846 1747 1907 imitatio
1788 1864 1901 1907 seu
1940 1844 2127 1925 parti-

571 1935 799 2015 cipatio
844 1935 994 1997 artis
1024 1936 1272 1997 divinas.
1310 1938 1487 1999 Unde
1523 1956 1673 2019 ergo
1709 1940 1898 2000 babet
1940 1949 2011 1999 ut
2053 1938 2129 2001 sit

572 2046 687 2109 per
705 2046 771 2091 se
792 2029 1001 2090 mala?
1021 2030 1352 2106 Praeterea,
1380 2030 1444 2093 in
1472 2034 1729 2110 antiquo
1758 2032 1945 2093 etiam
1977 2038 2129 2093 tem·

572 2123 679 2203 plo
722 2122 908 2183 varias
952 2120 1175 2202 figur-se
1222 2128 1285 2185 et
1316 2124 1625 2203 imagines
1666 2124 1925 2204 depictas
1959 2131 2128 2197 sunt,

571 2221 645 2278 ut
670 2220 843 2293 patet
882 2233 960 2277 ex
990 2218 1029 2277 3
1055 2216 1295 2296 Regum
1326 2222 1387 2292 tt,
1412 2220 1451 2281 '1
1481 2224 1543 2279 et
1569 2220 1640 2291 Β,
1668 2222 1706 2281 2
1742 2219 1939 2281 Paral.
1973 2222 2031 2287 3,
2072 2224 2132 2279 et

572 2326 895 2387 nunquam
925 2319 1255 2371 accusatus
1276 2318 1369 2373 est
1388 2310 1707 2389 Salomon,
1730 2312 1898 2393 quod
1922 2314 1984 2373 in
2013 2313 2132 2373 hoc

572 2403 737 2468 male
768 2404 987 2483 egerit.
1034 2404 1313 2485 Denique
1362 2405 1569 2466 omnis
1602 2412 1813 2468 nostra
1857 2406 2131 2483 cognitio

568 2496 1122 2575 repraesentatione
1146 2497 1417 2577 quadam
1450 2505 1513 2560 et
1540 2500 1730 2561 veluti
1754 2500 2132 2579 quibusdam

566 2590 953 2668 imaginibus
986 2590 1347 2669 pen-licitur,
1388 2592 1561 2655 unde
1605 2595 1947 2655 exteriores
1977 2594 2133 2655 imu-

566 2685 744 2765 gines
772 2684 1035 2745 multum
1061 2685 1144 2746 illi
1168 2686 1481 2748 deservire
1510 2696 1808 2767 possunt:
1834 2706 1960 2749 non
1983 2695 2131 2749 sunt

572 2796 723 2858 ergo
769 2793 883 2859 per
910 2796 980 2839 se
1012 2779 1216 2839 malas.
1256 2780 1615 2845 Secundum
1656 2782 2010 2845 membrum
2041 2780 2128 2843 fa·

574 2872 692 2934 cile
720 2872 906 2933 etiam
940 2872 1285 2945 refellitur:
1320 2875 1489 2953 quod
1521 2876 1687 2936 enlm
1714 2876 1887 2936 nulla
1918 2876 1994 2937 sit
2021 2878 2136 2937 hu-

576 2982 766 3028 mana
792 2966 891 3027 lex
921 2983 1061 3045 quoe
1080 2966 1391 3045 imagines
1421 2969 1771 3046 prohibeat,
1800 2986 1908 3048 per
1930 2988 1998 3031 se
2025 2988 2139 3031 no-

577 3065 709 3120 tum
738 3066 850 3120 est.
890 3057 1067 3133 Quod
1098 3060 1286 3121 etiam
1318 3061 1485 3121 nulla
1520 3062 1598 3123 sit
1624 3064 1765 3125 talis
1798 3062 1897 3124 lex
1926 3062 2134 3124 divina

580 3152 934 3233 specialiter
970 3152 1035 3214 in
1077 3152 1220 3228 lege
1258 3153 1632 3234 Evangelica
1676 3154 1833 3228 lata,
1864 3160 2130 3229 constat,

576 3246 725 3327 quia
767 3262 975 3325 neque
1010 3246 1073 3307 in
1116 3253 1245 3308 toto
1284 3264 1447 3309 novo
1478 3249 1880 3311 Testamento
1906 3252 2130 3329 scripta

578 3347 695 3406 est,
726 3358 935 3421 neque
964 3358 1035 3402 ex
1060 3341 1393 3403 traditione
1416 3350 1523 3403 aut
1552 3361 1669 3404 usu
1699 3344 1988 3405 Ecclesite
2009 3344 2132 3404 col·

574 3433 686 3513 ligi
720 3440 946 3513 potest,
977 3452 1119 3495 cum
1152 3436 1359 3513 potius
1388 3436 1701 3497 contraria
1742 3437 2133 3499 consuetudo

578 3534 641 3589 et
678 3524 926 3588 traditio
957 3527 1289 3589 manifesta
1312 3526 1413 3597 sit,
1448 3534 1514 3589 ut
1542 3528 1828 3590 diximus.
1870 3532 1997 3591 Nec
2032 3531 2136 3591 de-

579 3619 774 3697 nique
800 3638 875 3680 ex
900 3620 1110 3683 Veteri
1138 3620 1539 3683 Testamento
1568 3623 1775 3687 afferri
1806 3630 2006 3702 potest
2032 3625 2140 3697 lm-

572 3712 849 3795 jusmodi
882 3712 1019 3787 lex,
1054 3720 1186 3775 tum
1217 3714 1361 3793 quia
1400 3732 1619 3775 revera
1653 3716 1825 3777 nulla
1854 3716 1970 3777 tuit
2001 3718 2141 3779 talis

578 3808 703 3879 lex,
745 3824 885 3885 quea
923 3824 1145 3868 omnes
1188 3808 1446 3868 omnino
1492 3808 1801 3887 imagines
1849 3811 2143 3888 prohibe-

578 3908 671 3963 ret
686 3914 706 3977 3
728 3908 857 3961 tum
880 3900 1069 3961 etiam
1098 3900 1265 3979 qiua,
1290 3902 1408 3961 etsi
1437 3900 1654 3963 ruisset
1698 3903 1841 3963 talis
1864 3904 1987 3979 lex,
2011 3922 2138 3965 non

582 4000 749 4055 esset
778 3993 1065 4067 moralis,
1106 3992 1251 4071 quia
1290 4012 1415 4057 non
1454 3994 1814 4073 prohiberet
1858 4014 1990 4057 rem
2035 4016 2140 4057 na-

579 4092 723 4150 tura
750 4104 862 4146 sua
893 4086 1071 4147 bouis
1100 4087 1381 4149 moribus
1411 4090 1812 4161 contrariam,
1840 4097 1907 4151 ut
1926 4095 2142 4151 osten-

583 4198 721 4243 sum
752 4186 866 4249 est,
911 4180 1019 4241 sed
1060 4188 1230 4242 esset.
1268 4184 1745 4257 cfflremonialis,
1794 4190 1857 4246 et
1900 4184 1986 4244 ita
2008 4186 2140 4263 jam

584 4278 916 4343 cessasset,
938 4278 1001 4335 et
1022 4273 1147 4333 vim
1172 4273 1489 4355 obligandi
1520 4294 1648 4337 non
1678 4276 1958 4339 haberet.
1992 4280 2140 4351 Quae

586 4366 800 4428 emnia
846 4368 910 4430 in
960 4366 1371 4445 sequentibus
1422 4369 1609 4430 latius
1668 4370 2140 4448 explicabimus.

583 4460 861 4529 Ter-ilum
890 4470 1078 4539 caput
1118 4458 1341 4521 falsum
1374 4463 1563 4523 etiam
1609 4480 1749 4524 esse
1792 4464 2146 4527 ostenditur

583 4554 812 4633 primo,
838 4552 983 4631 quia
1012 4553 1195 4614 simili
1222 4554 1463 4616 ratione
1492 4556 1887 4635 probaretur.
1917 4556 2140 4633 solem,

582 4646 826 4719 lunam,
862 4646 1107 4719 stellas,
1154 4653 1216 4709 et
1245 4648 1401 4709 alias
1440 4648 1681 4709 nobiles
1718 4656 2034 4711 creaturas
2063 4652 2144 4713 ob

582 4758 767 4802 nsum
798 4740 1124 4801 hominnm
1176 4742 1373 4801 malas
1424 4760 1581 4815 esse,
1635 4743 1781 4821 quia
1824 4746 2144 4824 potissima

584 4832 953 4895 idololatriae
977 4834 1218 4893 occasio
1248 4834 1329 4893 ah
1356 4834 1473 4895 illie
1502 4842 1749 4914 sumpta
1768 4844 1885 4897 est.
1910 4839 2147 4899 Secun-

588 4922 695 4995 do,
728 4928 874 5005 quia
904 4928 1025 4988 hoc
1064 4926 1411 5005 periculum
1442 4927 1503 4988 in
1530 4929 1803 4991 Ecclesia
1832 4932 2150 4994 catholica

588 5020 915 5080 moraliter
940 5020 1183 5085 nullum
1230 5027 1365 5094 est,
1407 5022 1471 5081 in
1516 5040 1639 5100 qua
1680 5030 1741 5085 et
1786 5040 1935 5085 vera
1967 5027 2150 5087 nnius

584 5111 701 5173 Dei
731 5114 1001 5192 cognitio
1023 5158 1039 5181 ,
1082 5118 1147 5177 et
1184 5123 1541 5177 sauctorum
1586 5116 1908 5177 hominum
1941 5119 2150 5180 existi-

588 5207 787 5267 matio
834 5206 1197 5268 Christianis
1236 5210 1526 5270 omuibus
1576 5218 1724 5271 nota
1777 5217 1891 5272 est.
1944 5214 2148 5285 Quare

584 5299 993 5379 probabiliter
1016 5302 1217 5363 timeri
1246 5320 1371 5363 non
1413 5308 1639 5381 potest,
1670 5322 1749 5364 ne
1771 5304 2144 5367 Sanctorum

586 5392 845 5473 picturae
870 5438 885 5467 ,
934 5402 1042 5454 aut
1084 5394 1202 5471 Dii,
1254 5400 1365 5457 aut
1408 5412 1523 5475 per
1562 5414 1631 5459 se
1665 5396 1907 5461 honore
1936 5398 2144 5479 dignas

586 5490 985 5547 censeantur.
1020 5486 1197 5561 Quod
1245 5488 1295 5551 si
1332 5487 1601 5553 fortasse
1628 5489 1945 5553 interdum
1987 5510 2144 5553 non-

2207 438 2378 500 nulla
2410 441 2708 521 subrepat
2733 440 3112 520 ignorantia,
3143 438 3226 499 ad
3255 446 3515 517 pastores
3533 445 3692 513 Enete*

2206 533 2312 594 site
2353 534 2619 613 pertinet
2661 533 2831 595 illam
2874 534 3212 615 diligenter
3241 550 3690 611 removere,non

2208 644 2383 701 vero,
2431 646 2570 689 eam
2617 628 2697 689 ob
2717 646 2991 700 causam,
3039 628 3393 687 universam
3423 628 3688 698 Ecclesiam

2207 720 2555 799 imaginum
2577 720 2805 783 dacore
2835 728 2898 783 et
2926 721 3190 783 utilitate
3215 719 3485 799 privare:
3511 728 3690 803 majora

2209 816 2380 875 enim
2409 814 2814 875 incommoda
2843 820 2906 875 et
2935 814 3209 875 crassior
3241 812 3566 891 ignorantia
3591 820 3694 883 inde

2213 906 2358 967 oriri
2387 913 2621 985 posset,
2655 924 2802 969 nam
2829 908 2939 987 (ut
2961 906 3090 987 jam
3113 905 3321 967 dicam
3343 906 3360 987 )
3379 906 3640 989 imagines
3655 924 3696 975 et

2213 998 2499 1061 indoctos
2547 1000 2816 1077 docent,
2865 1008 2930 1063 et
2972 1000 3257 1061 omnium
3303 1002 3628 1065 memoriam
3656 1016 3696 1070 et

2211 1092 2607 1155 devotionem
2645 1096 2940 1157 ext-itant.
2973 1091 3374 1173 Relinquitur
3393 1110 3549 1172 ergo,
3578 1097 3700 1161 hune

2212 1186 2558 1266 imaginum
2601 1206 2786 1249 usum
2815 1186 2990 1250 nullo
3041 1205 3120 1251 ex
3161 1186 3368 1267 capite
3402 1188 3603 1251 melum
3625 1202 3700 1257 aut

2213 1282 2598 1361 prohibitum
2630 1302 2794 1345 esso.
3507 1362 3514 1367 ὸ

2293 1377 2356 1437 6.
2403 1376 2756 1457 Imayinum
2791 1394 2942 1439 um
2985 1392 3166 1457 quem
3207 1375 3298 1437 m
3339 1374 3704 1441 utilia—ni-

2211 1468 2482 1531 cendum
2515 1488 2666 1547 ergo
2703 1469 2984 1532 secundo
3035 1470 3166 1541 est,
3211 1467 3384 1529 bunc
3425 1469 3702 1549 imaginum

2212 1580 2394 1625 usum
2423 1572 2680 1643 propter
2693 1564 2894 1627 varios
2911 1562 3207 1625 honestos
3235 1560 3397 1623 flues
3415 1568 3472 1623 ia
3494 1562 3704 1629 Ecclesia

2211 1656 2633 1719 introductum
2661 1674 2820 1719 esse.
2849 1657 3054 1719 Primo
3077 1654 3336 1735 quidem
3361 1654 3437 1720 ad
3463 1658 3706 1719 instruea-

2211 1749 2357 1811 dam
2399 1750 2618 1812 rudem
2663 1756 2852 1829 atque
2888 1750 3212 1813 indoctam
3245 1748 3502 1829 plebem,
3530 1756 3585 1813 ut
3611 1753 3702 1813 ele-

2211 1858 2435 1923 ganter
2461 1846 2776 1916 Damaso..
2806 1844 2946 1904 loco
2975 1862 3166 1925 supra
3197 1844 3410 1910 citato.
3439 1843 3590 1905 dtxtt.
3623 1846 3706 1909 So·

2213 1937 2293 2001 lot
2320 1944 2479 2001 enim
2514 1940 2814 2015 (uta-ecte
2843 1937 2994 1999 dixit
3037 1936 3232 2017 Greg.
3269 1936 3472 2015 Nysa,
3500 1946 3624 1998 orat.
3649 1938 3704 2002 de

2214 2032 2443 2093 Sancto
2457 2031 2810 2109 Theodoro)
2835 2032 3015 2095 etiam
3032 2032 3248 2111 fimare
3271 2034 3468 2092 tacens
3487 2032 3546 2091 is
3565 2034 3706 2107 pei-io-

2213 2132 2270 2187 to
2316 2126 2482 2207 loqui
2502 2170 2518 2199 ,
2567 2127 2941 2206 neaoeimeqm
2975 2126 3314 2207 prodeun-
3359 2128 3420 2185 et
3461 2128 3522 2182 ut
3561 2123 3704 2203 inquit

2211 2220 2430 2299 Chrys.
2453 2264 2468 2291 ,
2499 2220 2673 2280 hom.
2704 2220 2781 2281 33
2807 2218 2874 2278 in
2909 2216 3126 2281 Joan.:
3161 2216 3346 2279 Mena
3373 2216 3702 2293 familiarium

2211 2327 2416 2374 rerum
2452 2312 2716 2394 imaqine
2750 2316 3066 2392 concepta,
3097 2311 3308 2387 magiis
3335 2308 3648 2387 metentur,
3667 2316 3706 2373 et

2214 2408 2500 2487 tanquam
2525 2410 2594 2465 iu
2618 2407 2890 2485 pictura,
2915 2420 3042 2465 rom
3071 2406 3278 2483 ipsam
3307 2404 3496 2483 παρὰ
3521 2404 3704 2479 amplec-

2216 2501 2412 2569 titum·
2443 2503 2506 2559 et
2555 2496 2778 2576 Greg,
2811 2496 2976 2559 dicta
3031 2514 3138 2575 ep.
3185 2495 3228 2557 9
3259 2512 3280 2555 2
3315 2492 3476 2567 Quare
3525 2494 3702 2577 zefani-

2214 2592 2342 2665 bns,
2373 2591 2594 2669 inquit,
2623 2591 2955 2670 scriptura,
2988 2590 3096 2653 too
3124 2594 3390 2667 pra-nat
3415 2588 3597 2649 idiotis
3612 2592 3703 2667 pio-

2212 2692 2377 2748 tura.
2409 2684 2834 2764 Quapropter,
2867 2684 3028 2745 sicut
3060 2682 3326 2745 historia
3361 2681 3598 2741 honesta
3625 2688 3700 2757 est,

2217 2786 2282 2841 et
2308 2780 2598 2841 Ecclesiae
2627 2780 3011 2852 necessaria,
3041 2777 3134 2839 ita
3161 2784 3228 2838 et
3250 2780 3579 2837 sanctarum
3599 2776 3702 2835 ima·

2218 2876 2432 2954 ginum
2483 2890 2671 2945 usus,
2703 2890 2924 2942 omnes
2971 2872 3139 2932 anim
3196 2868 3462 2935 historio
3491 2867 3705 2929 utilitates

2219 2967 2298 3029 ad
2341 2966 2650 3046 imagines
2689 2963 3150 3027 accommodari
3207 2980 3389 3041 posse
3413 2960 3572 3022 facile
3605 2978 3704 3021 ceu-

2219 3064 2362 3123 stat.
2396 3058 2710 3134 Secundo,
2749 3057 3110 3139 hujusmodi
3149 3057 3461 3135 imagines
3485 3054 3702 3134 quaedam

2217 3160 2361 3217 sunt
2393 3153 2540 3215 fidei
2581 3162 2641 3215 et
2683 3152 2914 3213 amoris
2965 3150 3357 3223 testimonia,
3387 3158 3446 3212 et
3491 3151 3700 3210 omnium

2215 3249 2511 3309 virtutum
2570 3246 2959 3319 fomentum
3011 3246 3387 3325 profitemur
3429 3244 3574 3305 enim
3613 3262 3702 3304 crs-

2214 3342 2362 3405 dere
2413 3342 2711 3421 mysteria
2775 3358 2914 3419 quae
2965 3339 3406 3419 depingimas3
3435 3336 3700 3399 siccitatum

2217 3436 2444 3499 deinde
2468 3436 2547 3496 ad
2569 3436 2840 3515 petenda
2865 3436 3246 3497 Sanctorum
3269 3432 3558 3509 subsidia3
3578 3432 3702 3503 signa

2219 3532 2404 3591 etiam
2454 3530 2686 3591 amoris
2724 3528 3122 3602 exhibemuS,
3165 3528 3322 3588 dum
3367 3544 3514 3605 qnos
3557 3524 3700 3604 diligi-

2219 3642 2384 3693 mus,
2413 3622 2620 3703 quoad
2651 3640 3010 3701 possumus,
3041 3622 3340 3700 cupimus
3367 3618 3574 3679 babere
3597 3636 3702 3694 prae·

2223 3726 2458 3792 sentes,
2493 3724 2562 3777 ut
2587 3714 2904 3795 chrysost.
2951 3714 3132 3781 dixit,
3161 3714 3335 3775 hom.
3369 3713 3442 3775 35
3467 3713 3520 3773 in
3546 3712 3697 3773 Metili.

2221 3811 2582 3872 Excitamur
2609 3816 2912 3888 praeterea
2943 3808 3023 3869 ad
3057 3808 3424 3867 memoriam
3452 3805 3702 3865 beneficie-

2224 3922 2362 3967 rum
2399 3904 2528 3973 Dei,
2557 3908 2616 3963 et
2645 3903 2985 3980 gratiarum
3014 3903 3352 3970 actionem,
3371 3906 3432 3961 ut
3459 3897 3702 3959 dixitGre-

2223 4016 2385 4077 gor„
2419 3997 2458 4057 l.
2495 3998 2556 4070 7,
2593 4014 2693 4075 cp.
2737 3998 2836 4057 53.
2881 3996 3196 4072 Denique,
3230 3993 3377 4055 visis
3413 3994 3702 4054 Sanctorum

2223 4090 2622 4169 imaginibus,
2643 4106 2863 4151 eorum
2891 4088 3009 4149 rita
3041 4096 3104 4149 et
3135 4088 3419 4167 exempla
3447 4086 3500 4146 in
3529 4100 3701 4147 mamo-

2223 4185 2378 4247 riam
2411 4188 2808 4249 revocantur.
2853 4188 3044 4261 atque
3093 4182 3216 4242 boc
3247 4178 3430 4243 modo
3451 4178 3520 4239 ad
3547 4192 3702 4238 eorum

2226 4274 2634 4337 imitationem
2677 4282 2741 4337 et
2769 4274 3051 4335 omnium
3099 4276 3393 4337 virtutum
3415 4270 3698 4333 exercitium

2225 4370 2587 4445 invitamur,
2623 4378 2688 4431 ut
2713 4372 3112 4446 nannum-en„
3139 4369 3182 4429 l.
3212 4370 3276 4445 4,
3307 4387 3362 4429 o.
3397 4370 3485 4441 Π,
3507 4360 3694 4425 notarit.

2223 4465 2452 4535 Tertio,
2481 4464 2704 4524 harum
2743 4464 3096 4544 imaginum
3127 4480 3301 4533 usus,
3337 4463 3520 4523 bonta·
3547 4464 3615 4519 est
3637 4458 3698 4535 ip·

2226 4574 2439 4619 sorum
2497 4559 2908 4633 Sanctorum3
2969 4576 3190 4619 omnes
3237 4557 3400 4619 enim
3445 4552 3692 4617 nationes..

2225 4652 2402 4731 quasi
2429 4652 2701 4713 dictante
2727 4657 2976 4727 natura,
3019 4652 3138 4712 hoc
3179 4650 3355 4729 sig-no
3383 4646 3691 4709 honoriam

2224 4752 2393 4821 sunt,
2412 4746 2719 4825 erigendo
2735 4748 2977 4807 statuas
2997 4745 3096 4807 vel
3117 4743 3419 4823 imagines
3435 4738 3690 4817 insignium

2225 4840 2523 4906 virorum,
2547 4839 2610 4899 in
2643 4856 2864 4901 eorum
2895 4838 3278 4901 excellentia»
3305 4841 3365 4897 et
3389 4832 3596 4895 virtutis
3612 4836 3690 4887 tas-

2230 4932 2587 5007 timonium,
2607 4940 2674 4992 ut
2701 4927 3488 5011 disputationeproecedenti
3501 4942 3562 4985 ex
3577 4918 3692 4983 Asis-

2231 5026 2420 5087 totele
2449 5025 2830 5099 notavimus,
2859 5030 2923 5085 et
2953 5024 3142 5085 tradit
3179 5026 3363 5085 etiam
3399 5020 3554 5083 Ptin..
3574 5016 3605 5077 l.
3635 5014 3688 5073 35

2233 5116 2416 5192 nist„
2449 5136 2585 5197 cap.
2619 5118 2685 5186 2:
2719 5125 2780 5179 et
2813 5118 2878 5178 in
2911 5118 3134 5179 Codice
3161 5116 3420 5179 habetur
3443 5104 3686 5173 titulasde

2233 5212 2450 5273 statuis
2479 5219 2538 5271 et
2565 5211 2948 5290 imaginibus
2979 5212 3312 5291 insignium
3342 5210 3682 5289 personarum.

2229 5316 2291 5366 et
2317 5304 2654 5385 privilegiis
2677 5304 2802 5365 illis
2834 5305 3167 5366 concessis.
3197 5303 3368 5363 Hune
3395 5307 3572 5360 autam
3597 5308 3685 5351 mo·

2224 5416 2383 5471 rem,
2417 5404 2633 5479 utpote
2667 5403 3034 5472 honestum,
3065 5402 3128 5459 et
3155 5400 3334 5459 rectoe
3362 5389 3552 5455 rationi
3581 5402 3684 5445 con·

2225 5498 2621 5567 semuncem,
2647 5492 2699 5553 si
2729 5492 2796 5553 in
2821 5510 2970 5555 vcra
2999 5490 3342 5561 sanctitate,
3367 5496 3590 5561 veraque
3611 5492 3678 5536 re·
