3892 6167
1515 366 1840 422 mspurxr.
1872 363 2044 420 xuu.
2077 366 2248 422 SECT.
2283 370 2322 423 l.

308 463 457 529 hilis
489 467 776 530 obediunt
798 465 1049 532 rationi.
1107 468 1172 532 U
1170 467 1287 532 nde
1304 485 1425 550 per
1450 469 1607 532 hm
1634 469 1877 531 modwm

305 559 501 622 etiam
540 577 701 626 emm
740 561 909 626 homo
939 565 1136 641 potest
1170 563 1293 627 dici
1330 561 1449 626 eibi
1488 560 1785 641 subjectus
1822 565 1879 624 et

304 654 599 728 amiens,
624 657 949 720 secundum
976 657 1247 723 diversas
1272 655 1369 718 mi
1385 661 1621 739 partes.

390 746 505 810 Ad
549 747 685 810 alia
734 753 935 812 autem
976 755 1337 831 aramma
1369 753 1546 830 patet
1578 749 1882 830 responsio

310 859 389 904 ea:
413 841 614 905 dictis.
637 840 816 904 Nam
834 839 1222 924 Augustinus
1248 843 1273 884 ³
1306 843 1524 906 asser-it
1550 841 1795 906 Filium
1820 861 1884 906 se

300 934 442 1014 ipso
486 933 782 998 minorem
823 953 965 1010 esse,
1006 933 1105 999 vel
1130 934 1250 1000 sibi
1285 935 1640 1014 subjectum,
1669 953 1881 1000 semmo-

310 1027 461 1090 dum
486 1027 816 1091 humanam
842 1033 1157 1106 naturam,
1182 1046 1303 1094 uon
1320 1029 1646 1096 secundwm
1674 1029 1879 1096 diver-

314 1119 563 1182 sitatem
588 1119 1054 1204 suppositorum.

788 1333 1417 1403 COMMENTARIUS.

399 1500 459 1560 1.
509 1495 779 1570 Quaestio
840 1497 1029 1578 hujus
1063 1499 1309 1562 articuli
1357 1499 1489 1562 fere
1534 1497 1756 1562 eadem
1789 1502 1885 1561 est

310 1607 467 1654 eum
501 1589 852 1670 quaestione
888 1591 1135 1654 articuli
1180 1590 1618 1672 praecedentis,
1648 1591 1883 1654 solum-

311 1701 445 1762 que
474 1690 635 1747 esta
654 1681 722 1744 D.
752 1683 993 1746 Thoma
1022 1686 1367 1766 proposita,
1398 1693 1533 1748 tum
1565 1685 1645 1747 ad
1677 1685 1881 1748 conci·

308 1775 531 1840 lianda
560 1776 807 1838 diversa
826 1777 1197 1840 Sanctorum
1220 1778 1409 1854 dicta,
1434 1783 1568 1840 tum
1604 1783 1675 1838 ut
1702 1777 1885 1840 doce-

308 1876 438 1943 ret,
470 1870 781 1948 majorem
813 1869 1438 1950 circumspectionem
1470 1871 1536 1931 in
1564 1871 1885 1932 locutione

308 1963 437 2026 hac
458 1961 835 2026 servandam
861 1979 1029 2040 esse,
1059 1964 1359 2043 quoniam
1392 1965 1491 2024 hae
1522 1963 1882 2039 relationes,

309 2057 596 2137 subjecti,
636 2057 897 2122 minoris
938 2063 1048 2120 aut
1086 2059 1265 2132 servi,
1295 2058 1591 2121 videntur
1628 2056 1886 2120 distinc-

310 2150 561 2212 tionem
606 2149 1073 2230 suppositorum
1120 2150 1447 2230 requirere
1490 2157 1555 2213 et
1578 2150 1881 2212 iudicare.

310 2243 392 2306 Et
420 2241 570 2305 ideo
596 2243 961 2324 respondet,
995 2243 1111 2306 has
1154 2243 1503 2306 locutiones
1527 2243 1889 2323 simpliciter

310 2356 447 2400 non
471 2357 611 2402 esse
634 2340 1059 2418 usurpandas,
1076 2346 1335 2421 propter
1348 2339 1578 2401 dictam
1595 2356 1883 2416 causam3

312 2439 381 2495 et
404 2433 493 2496 ita
522 2431 777 2513 exponit
794 2431 1089 2514 Cyrillum
1117 2439 1182 2496 et
1208 2433 1695 2509 Damascenum,
1728 2451 1887 2514 quos

314 2527 469 2591 citat
482 2549 503 2604 ;
535 2545 681 2590 cum
704 2526 812 2588 illo
831 2544 982 2592 vero
1010 2525 1247 2601 addite,
1278 2527 1346 2590 in
1364 2532 1659 2610 quantum
1686 2527 1882 2602 home,

316 2619 475 2682 dicit
522 2638 661 2683 esse
710 2617 1155 2696 admittendae,
1187 2637 1335 2682 cum
1364 2619 1744 2702 Augustino,
1767 2618 1881 2682 lib.

317 2716 349 2776 1
386 2714 469 2776 de
493 2713 745 2788 Trinit.‚
774 2731 830 2775 c.
864 2713 902 2776 7
931 2718 995 2777 et
1022 2717 1083 2778 8.

400 2811 463 2872 2.
510 2804 1542 2892 Dubium.—Responsio.-Solum
1557 2814 1763 2890 potest
1774 2809 1888 2871 cir-

316 2919 397 2964 ca
412 2900 684 2964 litteram
696 2901 889 2981 hujus
913 2901 1155 2964 articuli
1171 2899 1440 2964 dubitari
1462 2901 1541 2964 de
1562 2921 1755 2966 sensu
1780 2921 1887 2965 cu-

310 2995 570 3078 jusdam
584 2995 848 3076 regulae,
865 3013 1057 3074 quam
1080 2995 1145 3056 in
1172 2995 1299 3058 fine
1324 2997 1603 3076 corporis
1628 2995 1703 3062 D.
1720 2998 1887 3061 Tho-

314 3108 461 3152 mas
502 3089 813 3168 adiungit.
862 3089 1025 3152 Dicit
1090 3091 1281 3167 enim,
1334 3091 1701 3168 relationeS‚
1744 3111 1886 3172 quae

314 3181 704 3245 conveniunt
721 3182 962 3246 Christo
983 3183 1225 3246 ratione
1250 3201 1381 3245 suae
1405 3203 1711 3264 personae,
1738 3187 1887 3248 sim-

314 3275 567 3357 pliciter
593 3282 655 3337 et
693 3275 832 3338 sine
869 3273 1082 3338 addito
1112 3295 1248 3340 esse
1278 3277 1356 3339 de
1387 3277 1491 3338 illo
1534 3279 1885 3358 praedican-

312 3370 464 3446 das,
480 3375 552 3431 ut
568 3387 707 3432 esse
735 3369 1086 3448 dominum,
1110 3371 1523 3452 superiorem,
1554 3378 1701 3446 etc.;
1727 3374 1887 3436 rela-

320 3464 531 3527 tiones
568 3481 719 3526 vero
754 3481 896 3544 quae
932 3463 1021 3526 illi
1052 3467 1437 3528 conveniunt
1479 3467 1725 3529 ratione
1770 3468 1884 3530 hu-

316 3575 526 3620 manae
552 3563 822 3634 naturae,
850 3577 989 3620 esse
1029 3559 1467 3637 praedicandas
1497 3579 1641 3622 cum
1681 3561 1889 3624 deter-

317 3650 669 3714 minatione
698 3651 1024 3730 praedicta:
1051 3659 1161 3714 aut
1181 3653 1349 3716 enim
1368 3654 1441 3716 D.
1466 3655 1740 3718 Thomas
1766 3655 1900 3720 hoe

310 3745 609 3825 intelligit
647 3744 729 3808 de
754 3745 853 3806 his
888 3747 1269 3828 praedicatiS,
1303 3749 1558 3828 quando
1590 3750 1889 3832 simplici-

312 3846 414 3902 ter
446 3839 741 3902 dicuntur
807 3839 941 3902 sine
1000 3841 1414 3920 explicatione
1469 3843 1733 3924 alicujus
1768 3847 1889 3908 ter·

308 3932 505 4007 mini3
536 3937 601 3996 et
628 3931 749 3996 hoc
774 3932 965 3996 modo
992 3934 1167 3996 nulla
1194 3943 1288 3997 est
1312 3935 1688 4014 differentia,
1712 3939 1884 4018 quia,

311 4025 480 4088 sicut
501 4025 777 4090 Christus
805 4027 1037 4090 dicitur
1067 4028 1433 4110 simpliciter
1457 4030 1772 4106 dominus,
1803 4032 1889 4096 ita

308 4125 523 4200 potest
548 4119 667 4182 dici
716 4120 1079 4201 simpliciter
1125 4121 1469 4201 subjectuS,
1496 4123 1675 4203 juxta
1717 4125 1886 4188 dicta

314 4211 585 4276 articulo
614 4213 1031 4294 praecedent13
1070 4221 1183 4277 aut
1198 4215 1481 4296 loquitur
1509 4217 1587 4279 de
1616 4219 1715 4278 his
1732 4237 1888 4298 prae-

312 4305 561 4382 dicatiS,
604 4305 859 4386 quando
887 4308 951 4369 iu
990 4308 1111 4369 illis
1175 4309 1520 4389 explicatur
1548 4311 1878 4390 terminuS,

316 4399 427 4478 qui
453 4400 531 4462 sit
560 4401 829 4480 ipsemet
856 4402 1157 4478 Christus,
1189 4408 1259 4464 ut
1296 4403 1363 4464 in
1403 4405 1695 4482 praesenti
1734 4403 1883 4465 arti-

317 4493 461 4555 culo
486 4499 788 4558 tractatur
814 4497 1111 4574 quaestio;
1147 4497 1299 4558 etin
1320 4497 1443 4559 hoc
1486 4515 1678 4559 sensu
1706 4498 1882 4559 nulla

318 4591 417 4649 est
444 4587 821 4665 differentia,
840 4589 1012 4668 quia,
1036 4589 1199 4652 sieut
1212 4589 1494 4653 Christus
1523 4609 1653 4653 non
1674 4597 1885 4673 potest

318 4681 684 4761 simpliciter
713 4681 833 4744 dici
862 4681 1189 4762 subjectus·
1212 4682 1331 4744 sihi
1360 4682 1493 4746 siue
1524 4684 1761 4754 addito,
1796 4685 1881 4748 ita

318 4792 439 4836 nec
461 4779 671 4856 potest
710 4773 837 4838 dici
868 4773 1163 4838 dominus
1193 4777 1291 4837 sui
1336 4777 1473 4840 sine
1507 4776 1882 4840 determina-

318 4867 530 4943 tione3
558 4873 655 4931 est
681 4869 851 4930 enim
882 4869 1105 4931 eadem
1132 4869 1315 4945 ratic,
1335 4869 1485 4948 quia
1512 4887 1644 4932 non
1672 4871 1882 4933 minus

318 4979 447 5024 una
463 4961 681 5024 relatio
713 4981 904 5042 quam
928 4963 1127 5026 altera
1158 4962 1393 5025 indicat
1416 4963 1881 5028 distinctionem

320 5055 811 5136 suppositorum,
846 5062 911 5120 et
948 5055 1095 5118 ideo
1125 5057 1485 5120 necessaria
1520 5063 1615 5120 est
1670 5057 1880 5120 deter-

320 5149 583 5212 minatio
612 5155 875 5224 natnroe‚
893 5168 1009 5231 per
1036 5167 1231 5230 quam
1259 5152 1361 5212 hic
1391 5152 1883 5214 error'excluda-

320 5250 441 5306 tur.
480 5243 921 5324 Respondetur
952 5258 1093 5304 cum
1120 5241 1439 5324 CaJetano,
1471 5245 1758 5326 regulam
1784 5245 1883 5306 in·

323 5335 731 5418 telligendam
761 5355 899 5400 esse
924 5339 989 5398 in
1016 5337 1211 5416 priori
1238 5355 1453 5416 sensu,
1483 5355 1627 5402 nam
1654 5341 1717 5401 in
1741 5356 1884 5421 pos-

404 5525 423 5566 ¹
450 5523 585 5586 Lib.
615 5525 645 5586 l
679 5523 757 5587 de
782 5523 1033 5604 Trinit„
1058 5541 1197 5608 cap.
1222 5531 1284 5604 7,
1307 5533 1466 5591 tom.
1499 5529 1561 5591 l.

1955 467 2173 530 teriori
2199 468 2375 532 nulla
2396 475 2492 532 est
2515 469 2888 548 differentia,
2907 479 2979 537 ut
3001 479 3162 540 ratio
3187 479 3352 544 facta
3373 499 3524 544 con-

1961 560 2177 636 cludit,
2206 561 2270 622 in
2288 563 2479 644 priori
2506 571 2718 628 autem
2738 585 2926 629 sensu
2953 575 3162 648 potest
3181 575 3370 637 variis
3394 593 3528 638 mo-

1962 653 2059 715 dis
2082 653 2364 736 intelligi.
2395 657 2621 732 Primo,
2643 665 2712 721 ut
2730 659 2836 722 illa
2856 661 3209 729 differentia
3230 685 3362 730 non
3381 669 3525 731 fun-

1965 747 2154 810 detur
2178 749 2246 811 in
2273 751 2648 816 necessitate
2677 753 3060 836 simpliciter,
3094 777 3207 822 seu
3235 761 3301 823 in
3321 763 3526 842 rigore

1964 842 2486 923 propositionum,
2526 846 2640 908 sed
2663 853 2734 910 ut
2779 851 3180 914 convenienti
3209 854 3398 918 modo
3429 855 3526 918 lo-

1965 951 2238 1014 quamur
2273 936 2358 999 ad
2397 939 2726 1002 vitandum
2764 942 3116 1022 periculum
3152 947 3418 1025 erroriS,
3462 955 3525 1012 et

1961 1028 2083 1092 hoc
2107 1030 2366 1111 quidem
2385 1039 2479 1096 est
2501 1053 2745 1113 verum,
2781 1037 2894 1100 sed
2917 1057 3048 1103 non
3078 1043 3227 1105 satis
3259 1061 3396 1105 rem
3419 1063 3528 1107 ex-

1964 1123 2175 1204 plicat.
2201 1127 2514 1204 Secundo,
2543 1133 2614 1191 ut
2632 1147 2902 1213 semper,
2935 1133 3081 1196 etin
3111 1135 3402 1200 omnibus
3429 1136 3529 1200 lo-

1965 1218 2320 1284 cutionibus
2347 1223 2705 1286 necessaria
2739 1225 2818 1286 sit
2859 1223 2965 1288 illa
3000 1225 3388 1307 differentia,
3413 1249 3528 1294 seu

1965 1311 2430 1391 determinatio,
2447 1323 2517 1378 ut
2543 1318 2887 1399 propositio
2920 1319 2986 1383 in
3014 1321 3223 1402 rigore
3243 1341 3392 1386 vera
3423 1323 3522 1388 sit.

1963 1405 2040 1466 Et
2067 1405 2186 1468 hoc
2207 1425 2333 1469 uon
2353 1407 2600 1471 videtur
2619 1413 3072 1490 necessarium,
3095 1434 3214 1479 nec
3245 1415 3326 1478 ad
3355 1435 3528 1479 men-

1963 1503 2093 1560 tem
2109 1499 2178 1560 D.
2191 1499 2468 1576 Thomae,
2483 1507 2554 1564 ut
2574 1520 2650 1565 ex
2669 1505 2930 1568 articulo
2956 1507 3338 1587 praecedenti
3359 1509 3528 1571 colli-

1965 1591 2155 1670 gitur,
2187 1597 2250 1654 et
2279 1609 2357 1654 ex
2379 1592 2659 1657 dicendis
2689 1599 3020 1661 constabit.
3047 1601 3281 1676 Tertio,
3303 1619 3529 1664 sensus

1969 1701 2110 1746 esse
2149 1688 2377 1766 potest,
2413 1687 2752 1768 praedicata
2808 1691 3229 1774 significantia
3270 1694 3528 1756 relatio-

1969 1797 2117 1840 nem
2142 1781 2622 1844 eonvenientem
2647 1783 2856 1846 Verbo
2885 1787 3131 1848 ratione
3159 1785 3523 1864 divinitatis,

1971 1892 2080 1936 seu
2128 1893 2417 1958 personoe
2457 1893 2609 1952 suae,
2642 1895 2894 1958 semper
2941 1885 3002 1942 et
3057 1879 3126 1941 in
3167 1881 3528 1942 universum

1969 1985 2155 2048 posse
2185 1966 2310 2030 dici
2335 1969 2698 2049 simpliciter
2723 1975 2787 2032 et
2823 1972 3111 2035 absolute
3137 1971 3216 2036 de
3243 1973 3525 2048 Christ03

1970 2061 2092 2123 alia
2119 2079 2292 2138 vero,
2324 2079 2464 2141 quae
2505 2063 2862 2144 significant
2910 2065 3388 2148 subjectionem,
3427 2066 3530 2130 vel

1971 2155 2158 2218 aliam
2203 2156 2472 2220 similem
2501 2157 3073 2239 imperfectionem,
3114 2177 3244 2222 non
3275 2177 3527 2240 semper

1971 2249 2239 2313 dicenda
2272 2269 2410 2313 esse
2441 2251 2804 2333 simpliciter
2836 2252 2914 2316 de
2944 2253 3210 2328 Christo,
3248 2253 3377 2316 sive
3405 2253 3529 2316 hoc

1972 2345 2052 2408 sit
2097 2351 2352 2426 propter
2404 2345 2679 2426 rigorem
2739 2348 3071 2424 sermonis,
3105 2349 3233 2410 sive
3271 2351 3529 2429 propter

1968 2439 2293 2501 vitandum
2343 2439 2728 2520 periculum,
2788 2449 3056 2524 utroque
3112 2440 3282 2504 enim
3335 2440 3524 2505 modo

1970 2533 2336 2616 contingere
2363 2539 2592 2614 potest,
2620 2541 2690 2600 ut
2715 2535 3018 2600 dicemus.

2391 2723 2846 2790 DISPUTATIO
2885 2727 3089 2806 anI,

2271 2871 2332 2928 lu
2361 2875 2594 2940 quatuor
2619 2874 2888 2932 sectiones
2919 2875 3229 2932 distributa.

2012 3005 2090 3054 m:
2133 3005 2520 3054 sumnonem
2577 3007 2658 3054 ΕΤ
2701 3008 3061 3058 ΟΒΒῙΠΕΝΤῙΔ
3099 3007 3356 3074 onts'n,
3403 3008 3483 3058 m·

2241 3099 2567 3150 ramanus
2602 3103 2843 3158 QUORUM
2881 3103 2992 3152 38⁹1·
3027 3103 3242 3152 unx.

2047 3276 2106 3336 1.
2157 3270 2446 3340 Christus
2473 3276 2756 3357 quomodo
2783 3278 2987 3340 minor
3009 3275 3096 3343 sit
3119 3277 3333 3342 Patre.
3350 3279 3531 3339 —Ex

1968 3365 2170 3428 trihus
2197 3367 2320 3430 illis
2345 3367 2718 3449 praedicatis,
2751 3387 2891 3450 qum
2923 3371 2994 3434 D.
3021 3371 3296 3433 Thomas
3322 3369 3387 3434 in
3425 3367 3529 3432 his

1971 3460 2248 3523 articulis
2271 3462 2494 3542 attigit,
2522 3461 2783 3538 scilicet,
2812 3464 3034 3542 minor,
3061 3465 3384 3546 subjectus,
3402 3481 3530 3528 ser-

1967 3570 2102 3630 vus,
2134 3555 2408 3634 primum
2428 3556 2668 3618 nullam
2699 3557 3128 3620 difficultatem
3153 3558 3361 3634 habet,
3385 3575 3526 3638 quae

1970 3648 2035 3708 in
2074 3665 2144 3710 re
2191 3649 2393 3728 posita
2431 3649 2531 3726 sit,
2555 3655 2616 3712 et
2645 3649 2726 3712 ad
2749 3656 3120 3730 proesentem
3159 3649 3531 3732 disputatio-

1968 3759 2118 3803 nem
2145 3741 2479 3823 pertineat.
2517 3742 2697 3816 Quod
2730 3746 2902 3806 enim
2941 3743 3239 3819 Christus,
3283 3745 3528 3808 ratione

1967 3853 2253 3920 personae
2279 3853 2410 3898 suoe
2446 3844 2509 3900 et
2540 3837 2808 3918 propriae
2833 3844 3077 3900 naturae
3115 3838 3364 3914 divinae,
3396 3856 3526 3900 non

1971 3930 2052 3993 sit
2096 3931 2304 3993 minor
2333 3931 2539 4008 Patre,
2571 3929 2682 3994 sed
2709 3932 2966 4010 aequalis
2991 3931 3104 4006 illi,
3135 3949 3266 3993 non
3293 3933 3412 3992 hoc
3437 3930 3528 3992 lo-

1971 4044 2067 4098 ce,
2097 4022 2210 4086 sed
2255 4025 2320 4085 in
2357 4025 2620 4088 materia
2666 4024 2745 4086 de
2766 4023 3067 4088 Trinitate
3111 4043 3189 4086 ex
3243 4023 3525 4106 professo

1967 4118 2363 4182 tractandum
2395 4125 2514 4194 est,
2544 4125 2606 4181 et
2635 4116 2703 4179 in
2743 4117 2907 4198 disp.
2939 4121 2978 4181 2
2997 4117 3190 4198 hujus
3222 4117 3524 4193 materiae,

1969 4211 2446 4292 quae'praesenti
2482 4212 2737 4291 negotio
2781 4211 3068 4274 sufficere
3125 4211 3522 4286 videbantur,

1967 4308 2273 4384 diximus3
2321 4304 2492 4384 quod
2543 4311 2756 4368 autem
2795 4303 3094 4382 ChristuS,
3123 4304 3365 4367 ratione
3407 4303 3529 4365 hu-

1963 4402 2310 4476 manitatis„
2338 4405 2402 4462 et
2442 4399 2790 4462 secundum
2838 4399 2998 4464 illud
3038 4417 3176 4463 esse
3233 4398 3404 4480 quod
3447 4398 3529 4460 ah

1965 4497 2069 4560 illa
2094 4495 2310 4570 habet,
2351 4494 2430 4556 sit
2460 4495 2669 4558 minor
2708 4493 2914 4572 Patre,
2945 4501 3009 4558 et
3036 4495 3243 4575 seipso
3272 4499 3342 4556 ut
3367 4491 3524 4567 Dee,

1964 4589 2177 4652 nullus
2204 4587 2493 4650 dubitare
2541 4593 2769 4669 potest.
2804 4587 3328 4668 Quandoquidem
3375 4603 3530 4648 con-

1966 4685 2092 4746 stat
2119 4685 2462 4745 humanam
2495 4689 2784 4745 naturam
2812 4699 2952 4744 esse
2981 4681 3346 4745 inferiorem
3377 4678 3528 4741 divi-

1963 4797 2071 4856 na,
2103 4783 2178 4840 ut
2199 4779 2472 4858 ipsemet
2496 4776 2776 4839 Christus
2799 4775 3123 4840 confessus
3152 4780 3269 4850 est,
3295 4773 3525 4836 Joann.

1963 4873 2082 4934 14:
2113 4871 2308 4936 Pater
2351 4869 2556 4951 major
2593 4889 2684 4934 mo
2712 4876 2825 4948 est,
2869 4872 3050 4952 juxta
3097 4869 3412 4933 veriorem
3465 4873 3529 4930 et

1964 4963 2463 5028 communiorem
2505 4965 2983 5045 expositionem.
3022 4963 3161 5026 Alia
3202 4963 3376 5026 enim
3422 4979 3528 5023 ex·

1963 5059 2189 5140 positio
2235 5058 2657 5137 quorumdam
2683 5059 3064 5134 Groecorum,
3097 5057 3205 5138 qui
3258 5053 3338 5118 de
3385 5071 3527 5135 per·

1965 5169 2122 5214 sona
2149 5151 2358 5214 divina
2389 5153 2633 5214 ratione
2679 5151 2938 5231 originis
2966 5152 3088 5212 hoc
3143 5148 3523 5227 intelligunt,

1963 5246 2176 5307 minus
2203 5247 2460 5326 propria
2509 5251 2626 5321 est,
2657 5251 2720 5306 et
2746 5245 2850 5324 pie
2887 5241 3282 5324 explicanda,
3315 5247 3386 5304 ut
3432 5239 3528 5301 la-

1961 5339 2086 5402 tius
2125 5337 2195 5400 in
2231 5337 2492 5400 materia
2547 5337 2628 5400 de
2667 5337 2967 5399 Trinitate
3021 5335 3360 5399 dicendum
3401 5339 3520 5394 est.

1965 5431 2146 5506 Quod
2171 5447 2321 5493 vero
2343 5431 2617 5512 pertinet
2641 5430 2724 5492 ad
2749 5429 3010 5492 modum
3027 5425 3370 5516 loquendi,
3395 5425 3526 5487 exl-

1967 5526 2152 5588 stimo
2186 5523 2361 5586 illam
2407 5523 2813 5599 locutionem,
2844 5521 3123 5587 Christus
3171 5525 3269 5584 est
3317 5516 3526 5582 minor
