3892 6167
1265 369 1585 424 msl'uur.
1617 369 1860 428 xxxvu.
1895 369 2065 426 SECT.
2100 371 2184 424 lv.

169 475 257 536 tali
297 475 644 552 proecept03
676 468 810 528 tum
845 466 1034 530 etiam
1073 465 1224 546 quia
1269 468 1386 530 hac
1435 469 1680 532 ratione

169 570 256 630 alii
276 565 432 630 beati
465 581 594 632 non
623 560 856 623 habent
880 559 1241 642 hujusmodi
1267 569 1678 643 praeceptum,

167 662 288 742 quia
313 657 385 720 de
403 653 768 720 necessariis
794 671 920 716 non
936 653 1165 715 dantur
1194 661 1530 736 praecepta.
1557 657 1682 720 Πῃ-

167 759 228 820 de
245 755 326 825 fit,
339 755 718 834 praeceptum
737 749 968 812 amoris
988 749 1125 826 Dei,
1145 747 1316 829 quod
1335 766 1452 833 per
1468 756 1679 814 actum

165 849 394 912 liberum
430 844 748 907 charitatis
779 843 844 904 iu
889 843 990 904 via
1021 843 1339 924 impletur,
1367 859 1483 925 pro
1513 850 1679 909 statu

163 935 526 1005 beatitudinis
556 949 686 998 non
711 935 1016 1016 obligare,
1042 937 1191 1016 qnia
1215 953 1424 1017 neque
1445 937 1679 1020 obligat

164 1037 230 1100 ad
253 1037 444 1096 actum
469 1031 924 1107 necessarium,
947 1035 1018 1092 ut
1062 1031 1302 1093 dictum
1331 1037 1448 1109 est,
1463 1046 1676 1112 neque

163 1131 226 1192 ad
246 1123 590 1190 distinctum
611 1130 844 1199 actum,
871 1126 1021 1206 quia
1049 1121 1322 1188 charitas
1347 1141 1424 1188 ex
1450 1133 1678 1189 natura

161 1241 251 1286 sua
275 1239 389 1282 uno
426 1225 570 1281 actu
599 1223 892 1280 contenta
927 1223 1047 1294 est,
1081 1223 1144 1280 et
1184 1220 1291 1281 ille
1323 1217 1550 1282 sufficit
1597 1220 1679 1283 ud

163 1311 514 1394 operandum
583 1329 836 1392 semper
904 1311 1348 1376 honestissime
1420 1321 1680 1396 propter

161 1413 346 1472 Deum.
383 1407 599 1484 Neque
629 1405 750 1468 hoc
795 1405 993 1468 videri
1045 1412 1251 1488 potest
1294 1421 1526 1467 novum
1569 1412 1680 1469 aut

161 1501 455 1581 singulare,
489 1495 667 1578 quia,
699 1517 844 1560 cum
881 1499 1018 1561 haec
1048 1505 1358 1579 praecepta
1399 1499 1679 1562 affirma-

161 1598 258 1658 tiva
294 1594 433 1669 sint,
456 1605 589 1654 non
637 1591 922 1672 obligent
949 1607 1061 1672 pro
1101 1608 1373 1674 semper,
1402 1593 1515 1656 sed
1562 1611 1676 1675 pro

159 1687 376 1750 articulo
404 1687 823 1762 necessitatis,
850 1702 992 1768 quae
1035 1687 1304 1750 durent-e
1334 1691 1500 1750 statu
1528 1688 1676 1749 bea·

155 1781 392 1844 titudinis
435 1779 614 1841 nulla
664 1783 779 1856 est,
812 1799 956 1842 cum
995 1781 1100 1842 illa
1121 1783 1462 1844 necessitas
1490 1783 1676 1863 quasi

153 1881 422 1956 piaeventa
439 1875 519 1936 sit
536 1873 620 1936 ab
645 1891 864 1936 amore
884 1875 1264 1937 necessario.
1297 1875 1673 1956 Exemplum

155 1987 264 2034 esse
309 1971 504 2048 potest
554 1968 625 2029 in
662 1971 980 2050 praecepto
1037 1967 1308 2030 naturali
1370 1968 1672 2049 diligendi

153 2067 316 2126 Deum
337 2079 548 2124 amore
577 2060 878 2138 naturali,
898 2078 1068 2136 nam,
1101 2062 1248 2142 quia
1279 2067 1373 2125 est
1397 2063 1674 2126 affirma-

152 2159 350 2232 tirum,
383 2160 446 2218 et
493 2173 629 2216 uon
687 2153 923 2236 obligat
971 2172 1087 2238 pro
1139 2172 1390 2236 semper
1409 2202 1424 2230 ,
1473 2155 1620 2218 ideo
1645 2201 1668 2234 ,

151 2249 408 2328 quamdiu
437 2249 666 2330 aliquis
688 2253 833 2310 ectu
855 2249 1054 2330 diligit
1088 2250 1290 2311 Deum
1326 2266 1540 2314 amore
1569 2267 1673 2312 su-

152 2341 512 2422 pernaturali,
543 2357 678 2403 non
731 2341 1044 2422 obligatur
1071 2359 1186 2422 pro
1230 2342 1335 2405 illo
1387 2348 1668 2424 tempore

153 2437 214 2497 ad
237 2435 604 2518 diligendum
631 2436 843 2516 ipsum
871 2454 986 2516 per
1025 2433 1389 2498 naturalem
1433 2442 1666 2512 actum,

154 2531 356 2592 etiamsi
369 2535 606 2610 posset,
623 2527 774 2610 quia
792 2533 942 2592 tunc
971 2529 1147 2592 nulla
1181 2535 1276 2592 est
1304 2525 1664 2592 necessitas.

153 2623 209 2682 Et
230 2623 333 2685 hoc
353 2623 560 2704 ipsum
590 2623 665 2683 in
689 2622 828 2683 aliis
858 2621 1100 2685 actibus
1135 2621 1430 2684 virtutum
1453 2619 1670 2686 videre

153 2715 282 2790 licet,
309 2715 448 2795 quia
479 2715 784 2795 obligatio
823 2716 1008 2778 unius
1028 2719 1254 2789 cessat,
1286 2734 1400 2779 seu
1425 2734 1554 2778 non
1581 2718 1668 2779 vi-

153 2815 236 2886 get
257 2827 356 2888 pro
385 2827 458 2870 eo
483 2813 801 2890 tempore,
819 2825 946 2888 quo
971 2809 1051 2871 ab
1077 2808 1200 2870 alia
1227 2809 1455 2873 virtute
1483 2825 1666 2872 suum

156 2905 322 2961 actum
348 2907 654 2982 operante
693 2903 1097 2981 praevenitur,
1130 2907 1202 2965 ut
1227 2909 1400 2983 patet
1423 2904 1488 2966 in
1522 2903 1670 2967 obe-

155 2993 344 3055 dientia
380 2999 442 3057 et
479 2993 816 3070 charitate,
857 2995 1137 3076 justitia,
1179 2995 1604 3061 misericordia
1636 3045 1653 3074 ‚

157 3094 202 3146 et
225 3087 528 3150 similibus.

217 3185 266 3241 Ἰ.
305 3183 718 3245 Nihilominus
763 3197 1051 3264 suppono
1099 3183 1399 3261 secundo,
1432 3187 1672 3268 'praeter

155 3291 392 3335 amorem
421 3277 533 3339 Dei
560 3275 930 3339 beatificum
967 3293 1106 3340 esse
1131 3277 1414 3358 potuisse
1439 3279 1504 3340 in
1544 3277 1671 3340 uni-

156 3385 236 3426 ma
253 3369 456 3432 ChrIsti
473 3370 674 3432 alium
693 3383 972 3434 amorem
993 3373 1134 3448 Dei,
1166 3388 1337 3447 nam,
1361 3371 1520 3435 sicut
1542 3373 1672 3436 ani·

154 3475 236 3520 ma
269 3463 478 3525 Christi
503 3461 741 3544 duplici
772 3463 1234 3545 supernaturali
1283 3463 1542 3528 scientia
1573 3480 1674 3528 co·

157 3557 455 3632 gnoscebat
499 3559 734 3636 Deum,
765 3558 949 3621 beata
999 3563 1061 3620 et
1087 3559 1317 3635 infusa,
1347 3559 1434 3621 ita
1470 3559 1675 3640 potuit

159 3647 346 3728 duplici
387 3657 530 3714 actu
560 3653 800 3714 amoris
825 3651 1003 3715 illum
1035 3671 1269 3728 amare,
1297 3659 1366 3716 ut
1386 3653 1570 3729 infra,
1604 3669 1665 3735 q.

160 3741 235 3816 19,
253 3741 421 3805 latius
470 3745 707 3808 dicam.
759 3745 994 3822 Tertio,
1035 3763 1322 3828 suppono
1366 3745 1672 3810 Christum

159 3829 312 3896 fuisse
335 3837 515 3899 simul
541 3829 1138 3918 comprehensor'em
1165 3849 1230 3902 et
1243 3839 1573 3913 viatorem,
1598 3853 1676 3904 ex

161 3945 258 4005 qua
273 3929 526 3993 mirabili
547 3927 993 4012 conjunctione
1013 3938 1471 4014 consequenter
1491 3935 1676 3997 effec-

163 4024 266 4080 tum
286 4028 372 4083 est
393 4026 789 4101 miraculose,
821 4029 891 4088 ut
918 4026 1153 4107 proprii
1192 4028 1365 4089 actus
1403 4024 1676 4090 beatifici

163 4111 228 4172 ita
266 4117 724 4180 continerentur
751 4116 814 4180 in
855 4135 1151 4199 suprema
1194 4125 1374 4201 parte
1423 4121 1673 4199 animae,

164 4213 214 4264 ut
236 4225 348 4268 non
367 4211 790 4274 redundarent
815 4212 880 4274 in
897 4211 1284 4287 inferiorem,
1303 4229 1512 4295 neque
1533 4227 1677 4296 per-

165 4297 452 4364 sectionem
475 4320 659 4367 suam
685 4319 830 4367 cum
853 4303 961 4367 illa
983 4305 1540 4370 communicarent.
1577 4307 1676 4370 Ad

163 4390 302 4454 hunc
351 4415 494 4480 ergo
549 4399 809 4461 modum
855 4397 1114 4480 intelligi
1145 4403 1374 4480 potest,
1405 4399 1495 4463 tta
1543 4401 1678 4462 ani-

168 4487 490 4552 mamillam
520 4506 765 4553 amasse
793 4493 990 4553 Deum
1012 4494 1388 4574 necessario,
1407 4500 1476 4557 ut
1503 4506 1680 4557 amor

171 4577 250 4638 ille
275 4581 508 4648 sisteret
549 4584 616 4645 in
675 4583 806 4646 sola
838 4585 1084 4648 formali
1129 4585 1570 4668 conjunctione
1618 4593 1682 4650 et

171 4675 366 4738 unione
380 4679 457 4740 ad
477 4679 700 4753 Deum,
728 4696 843 4742 suo
862 4679 1049 4743 modo
1072 4679 1155 4744 ad
1177 4681 1507 4746 formalem
1530 4683 1682 4744 bea-

174 4765 456 4832 titudinem
501 4774 878 4852 pertinente,
907 4779 968 4836 et
1013 4789 1140 4836 non
1197 4793 1264 4838 se
1316 4776 1684 4839 extenderet

175 4875 266 4922 nec
290 4865 762 4930 communicaret
786 4866 876 4949 (ut
915 4863 1002 4930 ita
1028 4865 1258 4948 dicam)
1289 4867 1427 4933 aliis
1475 4868 1683 4952 operi-

175 4949 290 5030 bus,
320 4964 380 5020 et
403 4959 643 5022 actibus
671 4959 778 5040 qui
829 4959 896 5022 in
925 4957 1238 5024 Christum
1283 4967 1356 5024 ut
1381 4962 1686 5026 viatorem

1763 469 1938 532 illurn
1962 469 2071 532 Dei
2122 481 2426 546 amorem,
2458 484 2649 550 quem
2703 470 2913 535 anima
2940 471 3169 540 Christi
3208 477 3319 542 ha·

1761 563 1898 626 buit
1921 561 2113 626 veluti
2142 567 2633 643 consequentem
2666 563 2993 628 scientiam
3014 567 3315 646 infusam,

1764 661 1828 718 et
1849 673 1980 719 non
2008 657 2284 731 beatam,
2312 655 2505 718 fuisse
2522 655 2815 735 liberum,
2838 659 2987 738 quia
3014 677 3223 744 neque
3234 663 3317 727 ab

1763 749 2097 812 intrinseco
2118 747 2339 813 habuit
2364 751 2831 824 necessitatem,
2862 769 3003 814 eum
3025 752 3159 816 'non
3180 771 3319 818 ver·

1760 845 2006 905 seretur
2034 843 2199 906 circa
2235 843 2439 904 Deum
2466 841 2633 905 clare
2674 844 2878 905 visum
2926 851 2997 908 ut
3024 848 3114 908 sic
3136 891 3152 922 ,
3197 861 3317 912 nec

1759 951 1836 998 ex
1861 939 2205 1016 pmcepto,
2228 935 2377 1016 quis
2398 941 2724 999 ostensum
2746 942 2843 1000 est
2860 937 3172 1002 Christum
3188 955 3317 1003 non

1757 1027 2055 1092 habuisse
2082 1028 2355 1110 speciale
2397 1035 2776 1112 praeceptum
2806 1032 3062 1094 amandi
3093 1035 3314 1097 Deum.

1759 1123 1834 1185 ut
1859 1123 2121 1186 ulterius
2146 1121 2396 1204 probari
2428 1127 2653 1202 potest,
2686 1123 2835 1204 qula
2864 1140 2985 1188 nec
3008 1125 3135 1188 tale
3163 1143 3318 1208 pree·

1759 1223 2010 1296 ceptum
2046 1221 2145 1279 est
2158 1216 2351 1279 veluti
2380 1217 2790 1279 connaturale
2816 1223 2881 1280 et
2906 1219 3317 1283 intrinsecum

1757 1309 1873 1390 ipsi
1897 1304 2205 1384 charitati,
2250 1310 2398 1392 quia
2422 1311 2513 1372 llll
2540 1311 2691 1372 satis
2716 1318 2812 1373 est
2833 1312 3017 1373 unico
3049 1317 3192 1376 actu
3220 1313 3317 1376 di·

1757 1400 1957 1482 ligere
1992 1403 2189 1465 Deum
2216 1420 2232 1478 ς
2264 1403 2437 1466 unde
2472 1404 2523 1464 si
2570 1403 2804 1466 habeat
2854 1421 3056 1467 unum
3106 1413 3317 1468 actum

1757 1497 2185 1558 necessarium
2236 1495 2587 1560 dilectionis
2616 1497 2755 1576 Dei,
2798 1513 2875 1560 ex
2922 1503 3148 1562 natura
3200 1509 3316 1562 sus

1759 1605 1882 1650 non
1905 1590 2141 1671 obligat
2168 1589 2251 1652 ad
2274 1589 2469 1652 elium
2492 1593 2703 1651 aetum
2728 1605 2745 1664 ς
2776 1604 2897 1654 nec
2914 1606 3063 1655 vero
3092 1599 3186 1656 est
3204 1609 3318 1656 cur

1755 1683 2070 1765 fingamus
2092 1683 2312 1746 datum
2344 1699 2483 1747 esse
2508 1683 2752 1748 Christo
2781 1686 3055 1767 speciale
3086 1699 3319 1767 praece·

1753 1780 1929 1858 ptum
1962 1776 2041 1839 de
2096 1777 2457 1858 hujusmodi
2496 1779 2661 1850 actu,
2703 1777 2853 1859 quia
2882 1777 2966 1841 ud
2998 1781 3119 1842 hoc
3147 1791 3318 1842 asse·

1753 1868 2023 1932 rendum
2046 1871 2291 1932 nullum
2314 1877 2411 1934 est
2432 1871 2947 1948 fundamentum,
2964 1878 3028 1935 et
3053 1873 3317 1954 positiva

1753 1971 2065 2045 praecepta
2094 1965 2229 2026 sine
2250 1961 2664 2028 fundamento
2692 1965 3167 2046 multiplicanda
3182 1983 3315 2030 non

1754 2061 1930 2132 sunt;
1966 2061 2101 2119 erat
2130 2073 2283 2137 ergo
2308 2055 2412 2119 ille
2460 2075 2640 2120 amor
2662 2057 2846 2121 liber.
2880 2059 2973 2120 Ex
2998 2075 3125 2140 quo
3154 2059 3315 2124 ulte·

1753 2151 1882 2214 rius
1907 2149 2093 2212 facile
2118 2150 2489 2232 intelligitur
2520 2151 2603 2213 ab
2631 2152 2739 2214 illo
2766 2166 2983 2215 amore
3015 2153 3215 2216 libero
3242 2153 3314 2216 ll·

1751 2243 1906 2306 bere
1933 2243 2120 2306 etiam
2140 2246 2521 2324 processisse
2549 2251 2725 2308 ectus
2740 2245 3139 2323 obedientiae,
3162 2248 3313 2309 cha·-

1750 2336 1955 2399 ritetls
2012 2335 2279 2418 proximi
2334 2345 2399 2399 et
2450 2337 2716 2401 aliarum
2770 2339 3067 2402 virtutum
3084 2383 3100 2414 ,
3153 2353 3311 2421 quos

1749 2430 2025 2492 Christus
2040 2428 2339 2493 Dominus
2363 2435 2433 2493 ut
2458 2431 2660 2494 viator
2686 2432 2992 2506 exercuit3
3011 2437 3148 2496 tum
3162 2433 3309 2512 quie

1747 2524 1851 2587 ille
1881 2538 2061 2588 amor
2112 2531 2207 2588 est
2250 2523 2570 2588 sufficiens
2596 2525 2976 2608 principium
3026 2534 3093 2590 et
3118 2542 3309 2590 causa

1747 2619 2032 2694 illorum3
2062 2624 2201 2680 tum
2229 2619 2419 2681 etiam
2448 2619 2598 2700 quia
2624 2634 2803 2682 amor
2834 2619 3162 2684 beatificus
3185 2666 3201 2697 ,
3238 2627 3309 2684 ut

1749 2712 1984 2776 dictum
2032 2717 2144 2785 est,
2169 2711 2363 2774 veluti
2400 2713 2858 2790 continebatur,
2884 2730 2966 2776 ne
3016 2714 3309 2778 influeret

1749 2805 1815 2867 in
1847 2805 2209 2886 hujusmodi
2238 2811 2437 2881 actus,
2470 2805 2584 2868 sed
2606 2805 2991 2888 relinqueret
3025 2807 3309 2872 volunta·

1748 2905 1876 2961 tem
1915 2901 2160 2981 operari
2206 2899 2395 2961 modo
2430 2899 2903 2962 accommodato
2958 2901 3198 2964 viatori.
3230 2897 3311 2964 st

1750 2991 1836 3055 ita
1860 2991 2109 3056 videtur
2130 2993 2273 3056 fieri
2298 2993 2448 3056 setis
2494 2991 2789 3055 omnibus
2830 2992 3311 3058 difficultatibus

1749 3087 1989 3167 positis,

1831 3181 1893 3242 8.
1941 3179 2341 3256 Cosmum·-
2362 3179 2594 3243 -Sed
2636 3180 2843 3243 sdhuc
2881 3195 3011 3243 non
3040 3177 3307 3261 quiescit

1751 3273 2019 3336 animus.
2052 3273 2259 3336 Primo
2286 3275 2569 3356 quidem,
2602 3275 2752 3356 quia
2782 3290 2882 3352 ea,
2908 3291 3049 3356 quse
3076 3289 3307 3356 suppo·

1751 3370 1991 3429 nuntur
2016 3367 2082 3428 in
2108 3367 2229 3430 hac
2256 3369 2695 3448 responsione,
2724 3380 2853 3431 non
2874 3368 3169 3430 videntur
3199 3383 3307 3428 sa·-

1751 3461 1834 3524 tis
1853 3461 2142 3540 probata,
2179 3476 2299 3524 nec
2342 3463 2493 3526 satis
2528 3461 2734 3539 flnna,
2765 3461 3110 3544 praesertim
3150 3455 3308 3522 illud

1751 3554 2028 3629 tertium,
2060 3553 2253 3634 quod,
2282 3553 2534 3632 seilicet,
2562 3567 2741 3617 emor
2771 3553 3095 3617 beatificus
3111 3551 3307 3616 veluti

1752 3649 2047 3711 &senatus
2090 3655 2153 3712 et
2186 3649 2522 3728 impeditus
2560 3648 2769 3723 fuerit,
2794 3664 2877 3711 ne
2912 3649 3207 3711 influeret
3245 3651 3309 3710 et

1753 3743 2131 3805 movereted
2164 3747 2342 3805 actus
2362 3741 2736 3805 obedientiis
2762 3745 2825 3804 et
2852 3739 3106 3804 similes.
3128 3739 3313 3804 Dein-

1755 3837 1836 3900 de
1861 3835 2011 3916 quia
2060 3851 2137 3898 ex
2180 3837 2299 3898 hac
2350 3836 2757 3918 responsione
2793 3837 2972 3916 sequi
3016 3835 3265 3898 videtur
3292 3880 3309 3909 ,

1755 3931 2064 3993 Christum
2102 3944 2272 3992 nune
2302 3929 2365 3992 ln
2392 3929 2594 4012 patria
2622 3943 2751 3991 non
2783 3927 3019 3992 habere
3060 3927 3316 3992 liberte-

1755 4029 1910 4102 tem,
1936 4023 2085 4104 quia
2104 4023 2189 4086 ibi
2219 4038 2397 4086 amor
2443 4019 2770 4086 beatificus
2798 4037 2928 4085 non
2951 4021 3311 4104 impeditur,

1758 4118 1870 4180 sed
1909 4121 2207 4200 operetur
2258 4123 2567 4198 quantum
2620 4121 2867 4198 potest:
2923 4129 3317 4197 consequens

1758 4217 1972 4275 nutem
2018 4209 2268 4274 videtur
2311 4211 2679 4288 absurdum,
2714 4213 2778 4272 et
2810 4213 3027 4273 contre
3053 4211 3128 4274 D.
3160 4209 3318 4272 Tho-

1757 4322 1923 4368 mam·
1952 4305 2076 4380 hic,
2110 4311 2227 4368 art.
2262 4305 2323 4381 4,
2350 4303 2432 4367 ad
2450 4307 2512 4379 3,
2538 4303 2647 4366 ubi
2676 4309 2894 4385 aperte
2934 4302 3119 4366 docet
3145 4317 3319 4366 esm-

1757 4402 1906 4464 dem
1935 4418 2074 4462 esse
2105 4402 2169 4461 in
2188 4401 2309 4462 hoc
2338 4399 2646 4463 rationem
2691 4396 2773 4460 de
2806 4397 3047 4460 Christo
3090 4403 3154 4460 et
3182 4393 3321 4460 aliis

1757 4491 2003 4567 bentis;
2049 4493 2391 4555 absurdum
2424 4495 2637 4554 autem
2658 4493 2828 4553 esset
2856 4489 3065 4552 dicere
3100 4507 3323 4553 omnes

1759 4587 1984 4649 beatos
2007 4597 2221 4650 carere
2246 4575 2483 4648 arbitrii
2507 4584 2818 4658 libertate,
2852 4590 2959 4645 aut
2987 4600 3105 4646 usu
3132 4583 3319 4649 iilius.

1763 4679 2042 4759 Denique
2080 4677 2413 4741 difficultas
2472 4679 2641 4740 tecta
2694 4675 2777 4738 de
2824 4673 3325 4758 praedeflnltione

1765 4771 1991 4836 divinus
2018 4769 2357 4835 voluntatis
2386 4785 2516 4832 non
2565 4767 2816 4832 videtur
2858 4770 3011 4832 satis
3038 4769 3327 4850 expediri

1758 4867 1938 4949 juxta
1992 4865 2158 4934 hsnc
2204 4863 2679 4946 responsionem
2704 4881 2722 4939 ς
2773 4863 2922 4944 quia
2976 4862 3165 4925 etism
3220 4862 3327 4926 ille

1771 4974 1951 5024 amor
1975 4973 2371 5040 consequens
2416 4955 2743 5020 scientium
2769 4955 3068 5032 infusam,
3100 4957 3154 5018 si
3206 4955 3329 5018 fuit

179 5052 617 5116 conveniebant.
673 5055 826 5116 Cum
871 5054 1039 5116 enim
1085 5055 1222 5117 haec
1263 5056 1546 5118 extensio
1586 5056 1691 5119 vel
1771 5055 1836 5120 in
1885 5051 2166 5131 Christo,
2203 5053 2320 5116 fuit
2368 5049 2795 5134 praedefinitus
2846 5067 2884 5111 a
2932 5052 3085 5112 Deo.
3120 5049 3329 5122 Quan-

181 5139 617 5208 communicatio
655 5147 734 5208 sit
773 5163 888 5227 per
910 5145 1169 5208 modum
1203 5149 1533 5229 cujusdam
1560 5147 1693 5211 effi-

185 5236 408 5314 cientiae,
437 5249 680 5322 poterat
707 5241 889 5304 facile
935 5237 1246 5322 impediri,
1277 5243 1436 5307 sicut
1473 5241 1687 5306 fruitio

1775 5163 1966 5231 quam
2012 5145 2144 5211 haec
2181 5145 2449 5228 objectio
2500 5159 2629 5205 non
2678 5143 3043 5218 concludat,
3086 5143 3234 5222 quie
3275 5142 3331 5203 si

1775 5243 1880 5306 ille
1923 5253 2102 5306 amor
2123 5258 2251 5304 non
2295 5240 2492 5302 oritur
2520 5237 2873 5300 necessarIO
2906 5249 2982 5298 ex
3008 5235 3129 5297 alio
3160 5235 3332 5316 prio-

185 5327 338 5392 heata
367 5333 654 5415 impedita
683 5341 798 5407 est,
841 5351 922 5396 ne
948 5353 1200 5399 omnem
1239 5338 1550 5400 tristitiam
1579 5353 1690 5400 ex-
1771 5336 1822 5400 ri
1853 5343 1997 5401 actu
2023 5336 2309 5419 ejusdem
2348 5330 2707 5406 voluntatis,
2739 5332 2871 5392 sola
2912 5327 3331 5410 praedefinitio

187 5421 433 5502 pelleret,
461 5448 573 5490 nec
613 5427 886 5493 inferiori
917 5429 1186 5512 portioni
1235 5449 1302 5494 se
1344 5429 1693 5494 communi-

1773 5429 1997 5494 dlvinae
2024 5429 2367 5494 voluntatis
2394 5443 2523 5488 non
2558 5423 2825 5506 imponit
2859 5422 2952 5485 illi
2991 5421 3333 5486 necessita-

193 5525 350 5582 earet.
377 5523 497 5585 Hoc
549 5543 694 5604 ergo
745 5527 1088 5608 supposito,
1119 5527 1300 5591 facile
1328 5523 1695 5606 intelligitur
1773 5531 1924 5616 tem,
1965 5523 2115 5606 quia
2144 5534 2357 5605 neque
2384 5537 2463 5584 ex
2484 5523 2659 5601 parte
2696 5515 2892 5599 ipsius
2916 5513 3231 5599 potentin,
3268 5521 3337 5579 ut
