3892 6167
1206 402 1524 455 msmu‘r.
1560 398 1801 454 XXXVH.
1840 400 2009 455 SBCT.
2041 400 2123 453 lv.

139 512 223 571 ius
242 506 389 579 Deo;
420 519 569 581 ergo
590 508 719 564 tam
758 500 1111 566 necessario
1150 502 1305 565 illud
1346 500 1619 575 volebat,

138 617 279 681 [uam
304 594 653 659 necessario
695 595 947 659 amabat
976 596 1198 659 Deum.

180 696 229 754 2.
268 686 587 769 Responsio
609 686 839 767 prima.
858 718 933 738 —-
962 688 1346 769 confutatur.
1372 722 1450 737 —
1476 686 1621 749 l’ro-

138 794 231 848 tter
252 786 401 844 hanc
436 779 863 843 difficultatem
894 782 1111 863 negari
1148 780 1451 864 imprimis
1482 798 1623 860 pos-

139 888 219 946 et.
252 882 441 938 actum
484 874 717 936 amoris
756 872 1026 937 beatifici
1074 893 1213 937 esse
1260 873 1624 953 simpliciter

138 970 486 1037 necessarium
518 1013 535 1041 ,
560 972 632 1029 ut
658 971 853 1045 scot„
879 969 1067 1033 Gabr.
1110 968 1301 1033 etalii
1332 968 1622 1031 Nomina-

138 1086 185 1129 εει
205 1066 545 1137 docuerunt,
576 1062 809 1143 partim
846 1062 912 1125 in
962 1062 1021 1137 3,
1062 1062 1127 1125 d.
1162 1066 1267 1139 18,
1292 1064 1523 1145 partim
1552 1063 1620 1123 in

152 1206 163 1233 ,
195 1158 245 1221 d.
272 1158 309 1217 2
339 1160 395 1217 et
422 1156 531 1228 103
562 1155 791 1235 partim
816 1154 881 1215 in
903 1158 965 1231 4,
992 1154 1055 1217 d.
1079 1160 1181 1231 49,
1228 1156 1458 1238 quibus
1484 1172 1614 1217 non

138 1254 313 1315 videtur
335 1266 689 1329 repugnare
717 1248 787 1311 D.
817 1248 1115 1326 Thomas,
1146 1248 1212 1312 in
1234 1248 1400 1312 dicta
1426 1250 1612 1325 (1.18,

138 1352 202 1407 rt.
225 1345 278 1415 2,
299 1340 372 1403 ad
405 1344 445 1403 2
472 1347 535 1403 et
562 1344 627 1404 5.
660 1340 785 1403 Sed
812 1342 949 1404 haec
974 1342 1300 1423 responsio
1350 1340 1545 1403 altero
1577 1360 1613 1403 e

136 1440 268 1501 ribus
306 1435 501 1497 modis
551 1440 767 1534 pptest
814 1434 1096 1518 intelligi.
1140 1438 1369 1510 Primo,
1401 1443 1470 1498 ut
1508 1435 1613 1498 ille

136 1550 251 1595 mor
273 1531 502 1591 dicatur
528 1527 717 1602 liber,
744 1528 949 1591 solnm
978 1530 1124 1611 quia
1158 1535 1252 1591 est
1294 1528 1612 1609 perfectis-

137 1630 235 1687 imo
268 1620 441 1685 modo
463 1627 855 1701 spontaneus
884 1626 947 1683 et
980 1620 1394 1698 voluntarius,
1426 1627 1613 1700 atque

137 1722 231 1780 ‚deo
251 1716 515 1777 libertate
545 1715 836 1795 opposita
874 1716 1203 1789 coactioni,
1237 1734 1365 1776 non
1396 1732 1614 1777 neces-

138 1811 271 1882 itati;
297 1824 413 1889 quo
440 1824 633 1868 sensu
684 1808 933 1870 videtur
959 1808 1137 1889 loqui
1192 1810 1386 1885 Scot.,
1412 1816 1475 1871 et
1509 1808 1613 1871 alii

136 1902 433 1969 feminales.
488 1900 613 1961 Sed
660 1906 756 1961 est
794 1902 927 1981 Jam
966 1920 1003 1963 a
1038 1902 1221 1963 nobis
1246 1902 1521 1981 rejectus
1548 1904 1615 1964 in

136 1996 357 2077 rincipio
371 1993 555 2073 hujus
580 1992 909 2073 disputat„
932 2002 995 2057 et
1008 1995 1151 2058 ideo
1182 1998 1331 2058 satis
1360 2014 1487 2058 non
1518 2002 1615 2059 est

137 2092 171 2153 d
198 2095 543 2171 proesentem
584 2088 1017 2151 difficultatem
1076 2088 1459 2152 solvendam.
1498 2090 1615 2152 Se·-

138 2184 273 2247 undo
290 2200 427 2263 ergo
472 2182 673 2245 modo
724 2182 1063 2245 existimari
1096 2189 1307 2263 potest
1354 2184 1459 2245 ille
1507 2198 1619 2244 ac-

136 2298 183 2341 us
224 2278 383 2346 liber,
415 2276 563 2357 quia
634 2295 859 2339 revera
902 2276 981 2338 de
1019 2294 1087 2338 so
1142 2282 1204 2339 et
1244 2282 1468 2339 natura
1504 2296 1621 2339 sua

137 2380 183 2433 st
218 2368 576 2442 indifferens,
604 2368 693 2430 ita
722 2374 791 2431 nt
837 2370 902 2432 in
952 2368 1247 2431 omnibns
1288 2368 1488 2431 beatis
1536 2368 1619 2430 sit

136 2470 331 2526 ntestas
352 2458 427 2523 ad
456 2461 897 2525 sustinendum
930 2460 1147 2535 illum;
1186 2467 1249 2524 et
1272 2462 1392 2525 hoc
1413 2462 1615 2525 existi-

136 2578 189 2620 no
210 2558 431 2633 falsum,
459 2556 573 2621 sed
598 2558 753 2637 quia
798 2574 923 2619 non
947 2562 1041 2620 est
1086 2557 1275 2637 hujus
1310 2558 1427 2621 loci
1458 2557 1612 2619 inud

136 2654 391 2733 inputare,
418 2650 481 2713 id
504 2668 797 2731 suppono
823 2668 899 2713 ex
931 2654 986 2713 l.
1020 2652 1084 2726 Ξ,
1110 2668 1169 2729 q.
1221 2650 1285 2725 4,
1329 2655 1391 2713 et
1417 2653 1511 2724 10,
1549 2656 1614 2712 et

164 2764 233 2827 p.,
250 2762 303 2829 q.
328 2746 423 2821 82,
447 2748 509 2807 et
532 2746 601 2807 in
634 2744 761 2807 hoc
806 2744 1107 2807 fundatur
1134 2742 1469 2805 difficultas
1496 2762 1612 2825 po·

137 2840 220 2899 ita.
241 2838 423 2899 Tertio
454 2854 605 2919 ergo
629 2836 821 2899 modo
844 2842 1049 2918 potest
1076 2835 1476 2917 singulariter
1502 2836 1613 2898 tri-

134 2932 196 2993 mi
216 2928 425 2993 Christo
450 2928 585 2994 hoec
611 2930 877 2993 libertas
900 2930 965 2993 in
995 2930 1173 2993 illum
1222 2936 1430 2993 actum
1470 2946 1616 3011 pro·

134 3032 220 3087 >ter
250 3024 773 3105 supernaturalem
801 3030 1175 3104 potestatem
1198 3022 1469 3087 faciendi
1500 3024 1615 3087 mi-

134 3118 295 3181 acula.
346 3118 547 3180 Unum
605 3116 777 3181 enim
845 3135 923 3179 ex
974 3116 1075 3179 his
1110 3115 1429 3180 miraculis
1478 3132 1615 3179 esse

134 3217 309 3272 ›oter-at
328 3212 631 3273 sustinere
662 3210 842 3271 illum
870 3216 1105 3283 actum,
1134 3211 1291 3273 sicut
1328 3208 1612 3273 nonnulli

134 3304 350 3366 fixerunt
393 3304 767 3367 sustinuisse
819 3302 1158 3385 aliquando
1200 3308 1409 3365 actum
1468 3302 1617 3364 frui-

136 3398 278 3471 ioniS,
304 3412 661 3477 quanquam
688 3404 916 3461 natura
956 3415 1067 3459 sua
1117 3414 1245 3459 non
1275 3398 1353 3459 sit
1404 3396 1613 3459 minus

134 3492 443 3553 necessarius
472 3514 492 3567 3
524 3487 590 3555 et'
610 3492 749 3555 haec
771 3494 1075 3573 potestas,
1115 3490 1401 3569 quamvis
1424 3490 1615 3550 mira-

134 3584 303 3661 :ulosa,
330 3584 471 3647 satis
495 3592 615 3661 est,
646 3584 835 3647 utillo
856 3590 1034 3647 actus
1057 3584 1133 3645 sit
1148 3582 1332 3645 liber.
1356 3580 1479 3644 Sed
1502 3600 1615 3644 ne-

134 3692 209 3755 {ue
230 3674 333 3738 hoc
356 3678 504 3739 mihi
558 3678 793 3759 placet,
824 3678 974 3761 qnia
1012 3694 1140 3738 non
1171 3676 1377 3738 omnis
1404 3678 1612 3756 potes-

134 3786 189 3830 ·as
205 3770 269 3831 ad
291 3770 487 3833 omnia
512 3770 821 3835 miracula
860 3768 1182 3853 possibilia
1226 3768 1307 3831 de
1332 3768 1610 3849 potentia

134 3860 345 3927 ubsoluta
367 3865 827 3927 communicata
854 3868 949 3927 est
979 3864 1203 3925 animae
1230 3860 1475 3935 Christi,
1497 3860 1610 3923 sed

135 3958 446 4033 antumilla,
474 3975 599 4039 qua
623 3956 722 4019 vel
746 3956 1064 4020 interdum
1084 3954 1363 4017 Christus
1377 3970 1609 4015 usurus

134 4055 236 4120 erat,
253 4049 339 4110 vel
363 4056 523 4113 certe
564 4068 693 4131 qua
737 4054 982 4131 poterat
1026 4048 1473 4111 convenienter
1516 4046 1609 4109 uti

136 4156 169 4201 n
202 4144 385 4205 ordine
429 4144 509 4207 ad
550 4144 749 4207 finem
798 4142 1247 4205 incarnationis
1266 4154 1287 4219 3
1338 4145 1406 4203 at
1459 4156 1609 4202 vero

134 4228 333 4296 :brisim
360 4234 659 4299 Dominus
692 4252 1017 4319 nunquam
1062 4254 1291 4298 usurus
1322 4240 1455 4297 erat
1488 4250 1609 4314 po-

134 4332 294 4389 testate
314 4329 585 4409 privandi
606 4348 701 4403 se,
729 4348 843 4393 seu
858 4328 1115 4391 carendi
1135 4328 1363 4391 actuali
1392 4344 1607 4389 amore

134 4416 220 4489 Dei,
238 4438 418 4501 neque
438 4419 715 4505 unquam
739 4428 977 4503 poterat
995 4420 1461 4498 convenienter,
1482 4420 1608 4482 imo

134 4526 283 4589 neque
307 4514 634 4594 prudenter
663 4519 751 4579 uti
776 4516 889 4579 tali
912 4518 1239 4598 potestate.
1289 4514 1427 4577 Non
1456 4532 1609 4593 ergo

134 4612 401 4686 assumpsit
440 4610 636 4685 illam,
666 4626 875 4690 neque
928 4608 1070 4672 talis
1100 4610 1373 4690 potestas
1417 4606 1607 4689 digna

134 4694 337 4774 videtur,
362 4708 428 4763 ut
450 4702 529 4764 ab
553 4704 661 4764 illo
688 4708 1133 4765 assumeretur.

186 4790 231 4853 3.
267 4794 568 4877 Responsio
587 4798 867 4863 semaa.
884 4830 966 4846 —
985 4796 1611 4875 confutatum-Res·

134 4884 335 4959 ponderi
371 4906 516 4969 ergo
554 4890 827 4955 seeundo
877 4896 1108 4973 potest,
1138 4906 1422 4953 amorem
1465 4887 1610 4951 finis

134 4974 305 5039 inferre
340 4984 679 5047 necessario
702 4982 1089 5046 voluntatem
1112 4981 1323 5057 medii,
1352 4968 1604 5063 qua'ndo

133 5064 247 5131 illud
268 5072 519 5137 medium
547 5094 661 5157 per
686 5094 755 5139 se
798 5082 860 5139 et
891 5076 1275 5157 simpliciter,
1307 5082 1495 5156 atquo
1526 5075 1607 5138 ab

135 5158 403 5229 intrinseco
430 5176 521 5231 est
534 5170 957 5233 necessarium
981 5170 1062 5233 ad
1074 5170 1266 5231 talem
1289 5168 1477 5231 finem
1497 5185 1513 5243 ;
1544 5174 1607 5231 at

136 5268 245 5317 vero
267 5260 491 5338 quando
515 5262 791 5325 medinm
818 5263 1023 5327 solum
1042 5262 1125 5325 ab
1152 5264 1524 5339 extrinseco,
1547 5267 1609 5324 et

138 5364 193 5407 ex
216 5350 387 5433 aliqua
412 5358 828 5439 suppositione
854 5356 1016 5421 facta
1040 5357 1231 5419 habet
1272 5356 1609 5419 necessita-

141 5444 387 5515 te1¹³‚non
424 5456 663 5531 oportet
712 5458 781 5514 ut
835 5450 1194 5533 simpliciter
1248 5448 1606 5513 necessario

146 5542 335 5599 ametur
360 5558 430 5605 ex
460 5560 661 5609 amore
684 5544 841 5608 finis.
872 5542 1243 5627 Hujusmodi
1272 5548 1482 5606 eutem
1513 5551 1604 5605 est

3156 398 3275 457 293

1704 512 1903 569 actus,
1936 500 2046 578 qui
2090 500 2293 563 solum
2333 504 2589 581 propter
2642 502 3067 565 extrinsecum
3117 520 3277 585 prae·

1703 602 1956 681 ceptum
1990 599 2087 657 est
2123 594 2543 671 necessariae,
2571 601 2641 657 ut
2665 594 2786 656 t'uit
2815 612 2986 656 mors
3025 592 3269 659 Christi.

1702 687 1824 750 Sed
1850 688 1984 751 hoec
2011 686 2339 768 responsio
2369 688 2580 751 minus
2602 686 2944 768 probabilis
2969 694 3091 762 θεὶς
3120 706 3274 768 qua-

1707 798 1958 860 cunque
1978 781 2143 843 enim
2165 780 2408 843 ratione
2425 779 2702 843 medinm
2721 780 2798 843 sit
2819 782 3270 851 necessarium,

1707 874 1843 955 ejus
1889 874 2185 937 voluntas
2231 892 2345 937 seu
2397 892 2578 937 amor
2611 874 2803 936 habet
2849 874 3270 935 necessariam

1705 968 2162 1029 connexionem
2185 986 2328 1029 cum
2351 984 2564 1029 amore
2585 966 2731 1029 finis
2755 986 2770 1040 ;
2803 966 2949 1047 quia
2972 967 3106 1028 haec
3124 984 3274 1027 con-

1706 1059 1889 1120 nexio
1920 1060 2085 1120 inter
2112 1067 2290 1123 actus
2317 1062 2600 1139 sequitur
2637 1077 2714 1121 ex
2739 1060 3091 1121 necessaria
3123 1076 3271 1120 con·

1700 1152 1973 1215 nexione
1999 1153 2166 1215 inter
2193 1154 2438 1233 objecta
2468 1174 2486 1227 ;
2512 1152 2682 1213 uude
2708 1154 2761 1213 si
2789 1169 2859 1214 re
2887 1169 3031 1214 vera
3062 1154 3124 1212 in
3155 1152 3267 1213 ob-

1688 1246 1861 1325 jecto
1894 1246 1974 1308 sit
2033 1245 2140 1306 illa
2181 1244 2546 1319 necessitas,
2589 1244 3000 1327 impertinens
3043 1252 3138 1309 est
3187 1254 3260 1307 ut

1695 1338 1933 1400 oriatur
1980 1357 2056 1400 ex
2099 1358 2288 1401 causa
2334 1340 2696 1413 intrinseca,
2726 1340 2826 1401 vel
2883 1340 3254 1413 extrinseca,

1696 1450 1772 1493 ex
1804 1440 2138 1514 praeceptO,
2193 1433 2293 1493 vel
2343 1432 2620 1495 aliunde.
2674 1434 2754 1496 Ut
2811 1433 3114 1514 exemplis
3159 1433 3255 1494 sa-

1694 1527 1813 1587 cile
1858 1531 2055 1607 patet,
2085 1544 2234 1588 nam
2277 1527 2330 1588 si
2375 1527 2517 1605 quis
2559 1524 2894 1588 efficaciter
2925 1526 3060 1587 vult
3110 1544 3260 1589 eon·

1693 1636 1945 1682 servare
1971 1622 2186 1693 vitam,
2216 1625 2279 1681 et
2307 1620 2408 1681 hic
2436 1623 2495 1682 et
2522 1637 2692 1680 nunc
2739 1638 2867 1680 non
2899 1620 3095 1682 habet
3139 1620 3260 1682 nisi

1697 1715 1815 1774 hoc
1842 1712 2159 1785 medium,
2189 1712 2359 1775 verbi
2394 1712 2616 1795 gratia,
2661 1712 2749 1773 uti
2795 1712 2915 1774 hoe
2943 1712 3106 1785 cibe,
3153 1720 3262 1775 aut

1694 1806 1919 1887 fugere
1961 1806 2344 1881 invasorem,
2394 1822 2655 1867 necesse
2699 1812 2793 1867 est
2831 1810 2904 1866 ut
2955 1804 3104 1868 velit
3136 1804 3259 1869 tale

1694 1898 2000 1973 medium,
2013 1898 2113 1961 vel
2135 1898 2311 1961 tollat
2328 1898 2601 1979 priorem
2613 1899 3025 1975 voluntatem,
3045 1916 3260 1979 quam-

1696 1994 1789 2052 vis
1825 1992 2088 2054 fortasse
2135 1992 2476 2054 necessitas
2523 1990 2691 2053 illius
2733 1990 2920 2054 medii
2949 2010 3066 2073 per
3094 1992 3261 2053 acci-

1704 2084 1862 2147 dens
1892 2090 1954 2147 et
1982 2084 2065 2147 ab
2103 2086 2454 2147 extrinseco
2506 2091 2638 2146 orta
2683 2084 2781 2147 sit.
2835 2086 2910 2146 Et
2953 2086 3262 2159 similiter,

1702 2178 1811 2260 qni
1838 2196 2011 2241 nunc
2037 2176 2373 2240 efficaciter
2397 2178 2532 2240 vult
2568 2178 2818 2253 salvari,
2874 2194 3136 2239 necesse
3166 2184 3262 2239 est

1701 2276 1769 2333 ut
1798 2271 1947 2334 velit
2001 2270 2327 2351 baptizari,
2381 2288 2746 2351 quanquam
2787 2272 2906 2333 hoc
2951 2268 3257 2339 medium,

1704 2364 1906 2425 solum
1944 2382 2021 2426 ex
2051 2370 2368 2445 praecepto
2401 2365 2826 2427 necessarium
2861 2364 2961 2441 sit,
3015 2382 3128 2426 seu
3185 2380 3260 2424 ex

1697 2458 2085 2521 institutione
2109 2458 2457 2521 extrinseca
2471 2505 2484 2521 .
2511 2457 2819 2537 Denique,
2832 2464 3089 2539 propter
3101 2458 3260 2517 hanc

1696 2570 1951 2614 causam
1975 2551 2200 2612 efficax
2233 2569 2410 2614 amor
2437 2552 2546 2613 Dei
2586 2551 2848 2613 includit
2878 2551 3261 2612 voluntatem

1695 2644 2067 2708 observandi
2091 2645 2303 2705 omnia
2350 2650 2697 2727 praecepta,
2759 2644 2888 2707 sive
2923 2642 3257 2719 naturalia,

1694 2739 1825 2801 sive
1851 2738 2140 2821 positiva,
2165 2739 2296 2800 sive
2328 2736 2565 2813 divina,
2597 2739 2727 2799 sive
2771 2738 3072 2814 humana,
3111 2740 3258 2819 quia

1696 2835 1976 2897 omnium
2007 2835 2361 2897 observatio
2391 2832 2472 2897 ad
2520 2832 2804 2897 divinum
2834 2850 3113 2895 amorem
3147 2850 3259 2894 ne-

1697 2928 1966 2991 cessaria
2009 2932 2142 3005 est3
2203 2931 2589 3011 proeceptum
2625 2928 2792 2991 enim
2849 2926 3042 2991 habet
3094 2927 3259 2987 hanc

1699 3020 2068 3095 efficaciam,
2101 3025 2170 3081 ut
2195 3020 2424 3083 efficiat
2449 3025 2658 3082 actum
2711 3020 3132 3083 necessarium
3179 3019 3258 3080 ad

1695 3113 2096 3176 honestatem
2121 3130 2390 3187 morum,
2431 3117 2492 3176 et
2524 3120 2986 3193 consequenter
3016 3113 3096 3175 ad
3144 3112 3258 3175 de·

1695 3207 1887 3270 bitam
1920 3209 2432 3287 conjunctionem
2464 3224 2607 3269 cum
2642 3208 2862 3269 ultimo
2889 3207 3037 3269 ssne.
3067 3206 3141 3269 Et
3164 3226 3258 3268 ra-

1695 3300 1784 3364 tio
1812 3302 2003 3363 etiam
2036 3303 2153 3362 hoc
2176 3300 2511 3377 convincit,
2535 3301 2684 3381 quia
2717 3302 2768 3362 si
2798 3301 3088 3362 voluntas
3117 3298 3259 3361 finis

1692 3394 1797 3455 hic
1824 3400 1890 3456 et
1912 3411 2084 3456 nunc
2112 3401 2205 3456 est
2225 3393 2535 3467 absoluta,
2563 3392 2794 3456 virtute
2823 3390 3084 3455 includit
3124 3410 3258 3455 om·

1694 3504 1777 3549 ne
1802 3486 2108 3563 medium,
2147 3486 2317 3569 quod
2342 3486 2444 3548 hic
2491 3492 2554 3549 et
2599 3504 2772 3548 nune
2818 3494 2914 3548 est
2965 3502 3258 3551 necessa·

1692 3580 1882 3657 rium,
1904 3579 2330 3661 undecunque
2352 3578 2693 3641 necessitas
2710 3579 2815 3640 illa
2837 3580 3096 3654 oriatur,
3109 3580 3256 3661 quia

1694 3678 1843 3734 tunc
1899 3671 2220 3735 discedere
2251 3690 2288 3733 a
2317 3671 2551 3747 medio,
2581 3672 2813 3735 virtute
2863 3679 3028 3735 esset
3077 3689 3253 3734 rece-

1692 3767 1843 3829 dere
1872 3766 1953 3828 ab
1981 3768 2118 3847 ipso
2142 3766 2289 3829 fine.

1771 3863 1831 3924 4.
1878 3861 2210 3941 Responsio
2237 3861 2525 3926 tertia.—
2547 3860 3024 3939 Consulatur.—
3041 3861 3251 3924 Tertia

1690 3955 2016 4036 responsio
2041 3954 2250 4037 colligi
2283 3961 2489 4036 potest
2519 3974 2595 4016 ex
2622 3955 2803 4018 dictis
2828 3958 2894 4018 in
2921 3954 3112 4037 priori
3138 3952 3254 4017 dit-

1688 4047 1962 4111 sseultate
1989 4046 2057 4109 in
2089 4047 2397 4110 solutione
2426 4054 2672 4129 quarta.
2711 4067 2838 4110 non
2869 4066 3008 4111 esse
3036 4064 3256 4111 neces·

1690 4141 1925 4204 sarium
1966 4146 2142 4203 actus
2185 4142 2524 4204 voluntatis
2554 4141 2774 4203 Christi
2808 4142 2894 4203 illi
2928 4159 3066 4204 esse
3107 4158 3251 4222 pro-

1687 4232 1928 4316 positos
1945 4277 1968 4310 ,
2015 4238 2084 4296 ut
2108 4232 2416 4298 habentes
2442 4233 2506 4296 in
2536 4232 2855 4295 individuo
2886 4232 3040 4297 etin
3067 4232 3252 4315 parti·

1690 4326 1884 4389 culari
1922 4326 2094 4388 illam
2134 4326 2555 4389 necessariam
2601 4326 3055 4389 connexionem
3107 4342 3252 4389 cum

1690 4434 1907 4482 amore
1942 4418 2077 4483 Dei.
2135 4422 2292 4481 Nam
2330 4420 2636 4501 imprimis
2677 4420 2856 4482 multi
2905 4426 3080 4483 actus
3121 4438 3246 4483 non

1689 4518 1867 4577 erant
1907 4513 1995 4576 illi
2037 4514 2367 4595 praecepti,
2417 4532 2535 4575 nec
2571 4513 2952 4575 offerebatur
3003 4530 3252 4593 semper

1689 4613 1752 4670 et
1788 4608 1855 4669 in
1890 4606 2172 4689 quolibet
2208 4607 2464 4670 instanti
2495 4607 2719 4685 aliquis
2760 4614 2937 4670 actus
2978 4607 3250 4672 maxime

1687 4700 1919 4775 bonus,
1963 4716 2078 4762 seu
2114 4700 2384 4763 maxime
2431 4700 2688 4781 placens
2734 4702 2884 4779 Deo,
2930 4700 3043 4763 sed
3077 4706 3251 4781 pote-

1689 4801 1833 4858 rant
1874 4794 2030 4857 varii
2074 4798 2250 4855 actus
2301 4794 2510 4856 offerri
2553 4794 2872 4857 moraliter
2920 4794 3196 4875 aequales
3229 4816 3280 4869 ς.

1689 4893 1937 4971 poterat
1959 4888 2147 4950 etiam
2179 4904 2322 4951 esse
2348 4902 2526 4969 aeque
2554 4886 2918 4950 indifferens
2944 4888 3010 4948 in
3034 4886 3249 4949 ordine

1687 4984 1767 5045 ad
1796 4981 2078 5045 divinum
2105 4998 2412 5057 amorem,
2449 4978 2548 5043 vel
2587 4980 2654 5043 in
2680 4982 2803 5043 hoc
2834 4980 3112 5055 instanti,
3144 4980 3247 5042 vel

1684 5076 1754 5138 in
1782 5076 1928 5152 alie,
1969 5075 2160 5137 talem
2185 5078 2395 5137 aetum
2426 5090 2740 5137 exercere.
2789 5074 2866 5136 Et
2905 5072 3075 5137 idem
3115 5073 3248 5135 fere

1688 5168 1811 5230 dici
1839 5174 2054 5248 posset
2081 5166 2160 5229 de
2195 5167 2436 5229 actibus
2462 5167 2830 5247 praecepti5‚
2878 5166 2930 5227 si
2969 5184 3096 5228 non
3137 5164 3247 5229 de-

1688 5261 2030 5325 terminant
2064 5258 2509 5341 obligationem
2551 5278 2728 5321 suam
2773 5276 2916 5321 cum
2957 5258 3247 5322 omnibus

1689 5353 2172 5417 circumstantiis
2219 5352 2520 5433 temporis
2563 5358 2625 5415 et
2671 5350 2885 5427 modi,
2934 5357 3053 5412 ete.
3099 5352 3246 5413 Haec

1684 5466 1835 5511 vero
1860 5448 2185 5529 responsio
2209 5446 2465 5509 easdem
2488 5444 2621 5508 fere
2641 5444 3037 5507 difficultates
3055 5443 3248 5515 habet
3275 5456 3284 5465 ·

1686 5560 1824 5625 qnae
1854 5560 2043 5626 supra
2072 5548 2247 5604 tactae
2277 5546 2444 5617 sunt,
2478 5548 2540 5601 et
2566 5538 2908 5619 praesertim
2940 5540 2990 5599 si
3020 5556 3245 5623 suppo-
