3892 6167
1439 308 1764 367 ulwurm.
1794 307 1898 362 XL.
1931 307 2108 364 SECT.
2140 309 2201 369 11.

193 412 520 478 merenda
548 418 724 478 esset
742 411 1078 478 sufficiens.
1113 411 1292 486 Quod
1321 429 1470 492 ergo
1521 417 1776 492 propter

195 508 416 570 solam
449 506 964 588 anticipationem
989 525 1184 570 unum
1213 523 1343 570 non
1379 505 1568 568 fuerit
1597 505 1772 568 ordi-

191 609 438 667 natum
467 604 554 666 ad
577 603 771 677 aliud,
795 603 952 664 nihil
977 601 1382 683 perfectionis
1407 600 1774 681 simpliciter

194 695 460 761 minuit.
497 699 836 762 Possumus
859 697 1220 778 exemplum
1247 694 1550 758 adhibere
1579 694 1644 756 in
1680 694 1773 774 ip-

197 796 418 854 somet
457 791 723 866 Christe,
757 797 826 854 ut
868 792 1034 854 Deus
1085 795 1202 864 est,
1233 790 1416 868 cujus
1441 788 1768 869 perfectio-

199 902 364 946 nem
390 903 528 948 non
555 885 804 962 minuit,
831 885 1002 964 quod
1045 902 1352 966 generare
1397 885 1599 944 Deum
1648 900 1776 946 non

199 978 438 1057 possit,
460 979 700 1058 ›quiain
723 997 790 1042 se
825 979 1011 1042 habet
1038 978 1346 1058 quidquid
1375 977 1780 1057 perfectionis

204 1077 311 1132 est
331 1071 401 1132 in
433 1073 720 1150 potentia
741 1072 1113 1153 generandi,
1140 1078 1203 1136 et
1229 1076 1422 1134 totam
1447 1069 1782 1150 perfectio-

203 1183 360 1225 nem
394 1173 575 1228 actus
611 1183 740 1246 quo
779 1167 968 1228 Pater
991 1171 1276 1247 generat,
1297 1171 1361 1228 et
1413 1164 1621 1226 solum
1647 1183 1778 1226 non

203 1260 514 1322 convenit
557 1259 644 1323 illi
671 1277 1000 1338 generare,
1036 1260 1186 1338 quia
1215 1259 1567 1322 secundum
1616 1258 1778 1320 ordi-

203 1371 365 1415 nem
391 1355 651 1434 originis
679 1355 1146 1434 quodammodo
1193 1373 1231 1416 a
1262 1357 1442 1418 Patre
1491 1371 1776 1434 praeven-

199 1454 314 1508 tus
345 1458 466 1512 est.

293 1548 398 1606 12.
445 1543 679 1610 Anima
701 1544 946 1610 Christi
973 1561 1094 1608 non,
1110 1546 1240 1623 suit
1267 1546 1644 1624 sanctificata
1666 1561 1780 1624 por

196 1639 530 1718 propriam
580 1640 1032 1720 dispositionem
1073 1643 1544 1720 praeparantem.
1576 1671 1656 1682 —
1684 1638 1780 1702 Ad

203 1732 592 1806 secundum,
623 1733 914 1812 discipuli
963 1733 1036 1794 D.
1067 1733 1322 1796 Thomas
1369 1732 1552 1794 valde
1601 1732 1780 1794 laho-

205 1831 382 1900 rant,
419 1831 488 1888 ut
540 1826 874 1888 concilient
900 1825 1020 1888 has
1065 1828 1406 1888 sententias
1453 1843 1610 1906 quas
1657 1826 1780 1906 ipsi

212 1919 602 1982 tribunati).
625 1920 906 1996 Thomoe,
931 1920 1192 1998 scilicet,
1213 1918 1522 1984 Christum
1551 1920 1780 1982 sancti-

203 2011 472 2076 ficatum
505 2031 640 2076 esse
667 2032 784 2093 per
821 2013 1142 2094 propriam
1191 2014 1692 2094 dispositionem,
1717 2019 1782 2076 et

199 2105 623 2170 nihilominus
652 2124 782 2168 non
809 2107 1116 2168 meruisse
1149 2107 1418 2186 gloriam
1441 2125 1557 2188 per
1583 2106 1778 2170 talem

203 2200 731 2280 dispositionem3
759 2207 824 2264 et
865 2202 972 2279 qui
1010 2199 1236 2262 melius
1277 2201 1606 2282 effugiunt,
1641 2220 1776 2263 res-

201 2294 520 2373 pondent,
549 2293 696 2356 licet
723 2294 1046 2374 dispositio
1089 2296 1168 2358 sit
1210 2296 1380 2374 prior
1429 2295 1492 2356 in
1537 2313 1772 2376 genere

203 2406 418 2452 causas
449 2389 812 2464 materialis,
845 2407 973 2452 non
1029 2396 1244 2452 tamen
1299 2389 1682 2470 simpliciter,
1717 2396 1780 2454 et

207 2483 358 2546 ideo
381 2502 512 2546 non
532 2501 674 2546 esse
703 2469 1116 2548 meritoriam.
1150 2483 1275 2546 Sed
1305 2484 1424 2548 hoc
1447 2503 1579 2545 non
1599 2484 1779 2546 satis-

207 2577 386 2654 facit,
415 2583 551 2640 tum
581 2578 732 2658 quia
760 2580 898 2640 hoec
930 2578 1260 2660 dispositio
1289 2577 1653 2658 simpliciter
1687 2582 1779 2642 est

208 2672 390 2751 prior
406 2677 660 2747 natura,
695 2672 851 2734 utin
878 2672 1142 2734 materia
1171 2672 1253 2734 de
1293 2671 1495 2752 gratia
1520 2672 1778 2734 demon·

210 2767 443 2840 stravi3
497 2773 630 2828 tum
673 2766 862 2828 etiam
891 2768 1064 2844 quia,
1103 2767 1282 2846 juxta
1329 2767 1682 2830 doctrinam
1701 2768 1775 2828 D.

209 2862 500 2938 Thomae,
522 2861 729 2942 ipsum
759 2862 1054 2924 meritum
1081 2862 1164 2924 ad
1183 2879 1386 2942 genus
1409 2879 1618 2924 causae
1649 2862 1776 2924 dis-

209 2957 497 3036 positivae
533 2961 884 3030 revocatur,
917 2962 987 3017 ut
1032 2962 1209 3037 patet
1236 2975 1314 3018 ex
1345 2958 1378 3018 1
1420 2975 1515 3036 p.,
1563 2975 1626 3036 q.
1669 2959 1772 3033 23,

207 3070 270 3112 a.
377 3031 824 3130 ‚Respondeo
878 3050 1073 3131 igitur
1145 3050 1440 3129 negando
1497 3051 1775 3112 animam

207 3144 446 3210 Christi
467 3145 666 3206 fuisse
685 3145 1138 3208 sanctificatam
1159 3161 1274 3224 per
1301 3144 1776 3225 dispositionem

209 3259 339 3320 qua
363 3258 430 3301 se
459 3240 662 3318 ipsam
689 3240 769 3302 ad
802 3241 1062 3321 gratiam
1094 3240 1488 3321 praeparavit,
1513 3246 1584 3302 ut
1608 3246 1774 3302 recte

209 3333 566 3396 docuerunt
588 3335 824 3398 Bonav.
857 3339 916 3396 et
956 3335 1208 3397 Richar.
1241 3351 1452 3413 supra,
1482 3339 1545 3396 et
1573 3334 1642 3394 in
1671 3351 1779 3395 ea-

209 3429 364 3488 dem
391 3428 705 3492 sententia
723 3428 918 3490 fuisse
949 3429 1168 3490 Sotum
1195 3426 1387 3490 refert
1411 3427 1662 3490 Mediua
1678 3445 1777 3488 su·

209 3541 354 3602 pra,
388 3541 452 3602 q.
481 3527 544 3595 7,
577 3541 634 3586 a.
673 3524 776 3595 13,
803 3523 868 3586 in
897 3521 1051 3597 fine,
1084 3521 1346 3600 quinon
1381 3522 1528 3583 satis
1557 3539 1776 3584 conse-

211 3621 486 3695 quenter
532 3615 828 3696 loquitur,
869 3621 999 3678 tam
1046 3616 1114 3676 in
1160 3633 1235 3678 eo
1281 3615 1422 3676 loco
1473 3633 1664 3695 quam
1710 3615 1774 3676 in

206 3710 541 3788 praesenfi3
608 3709 756 3788 quia
794 3727 1018 3772 revera
1074 3715 1168 3772 est
1221 3708 1444 3771 eadem
1496 3707 1656 3770 ratio
1709 3708 1774 3770 in

208 3804 458 3866 Christo
485 3803 752 3866 Domino
783 3803 860 3866 de
889 3803 1111 3866 merito
1135 3801 1294 3866 etde
1328 3801 1732 3882 dispositione
1749 3847 1770 3878 ‚

202 3905 344 3960 tum
370 3897 520 3978 quia
543 3913 692 3959 vera
713 3896 1036 3976 dispositio
1065 3897 1146 3958 ad
1174 3897 1438 3976 gratiam
1464 3895 1772 3975 procede-

205 3999 304 4056 ret
333 3991 414 4055 ab
435 3990 668 4052 auxilio
695 3995 759 4052 et
800 4007 929 4052 non
967 3989 1048 4050 ab
1093 3990 1312 4052 habitu
1350 3990 1601 4069 gratiae3
1637 3998 1770 4052 tum

205 4085 560 4163 etiamquia
585 4091 904 4164 oporteret
923 4084 1118 4146 talem
1145 4083 1619 4163 dispositionem
1632 4083 1772 4146 fun-

203 4181 342 4244 dari
367 4180 438 4244 in
467 4179 676 4257 aliqua
701 4177 1064 4257 cognitione
1093 4176 1284 4256 priori
1309 4175 1546 4238 visione
1574 4177 1771 4240 beati·

201 4275 341 4336 tica.
361 4274 440 4336 D.
465 4272 690 4336 Thom.
721 4271 1040 4346 autem,in
1067 4270 1255 4332 citato
1287 4271 1450 4345 loce,
1471 4289 1537 4350 q.
1571 4271 1673 4348 34,
1705 4291 1764 4334 a.

201 4371 262 4443 3,
277 4368 486 4430 solum
517 4364 1020 4442 dixit,Christum
1041 4383 1182 4428 esse
1197 4364 1653 4426 sanctificatum
1675 4383 1772 4426 se·

204 4462 838 4541 cundum‘proprium
863 4465 1096 4534 actum,
1129 4459 1303 4537 quod
1332 4479 1462 4522 non
1511 4477 1769 4524 necesse

209 4563 306 4618 cst
334 4554 608 4635 intelligi
629 4553 712 4618 de
738 4560 904 4629 actu,
936 4553 1047 4632 qni
1067 4561 1293 4615 natura
1325 4553 1656 4617 antecedat
1683 4555 1771 4635 ip·

205 4669 338 4712 sam
363 4649 747 4712 infusionem
773 4647 1048 4722 habituS‚
1077 4647 1190 4708 sed
1216 4647 1324 4727 qui
1349 4652 1774 4727 consequatur

205 4746 413 4826 potius
442 4761 560 4823 per
587 4741 850 4804 modum
871 4741 1050 4804 liberi
1082 4759 1453 4818 consensus,
1485 4759 1612 4820 quo
1641 4742 1773 4804 ani·-

204 4857 330 4914 ma,
365 4855 510 4917 quas
555 4834 1002 4910 sanctificatur,
1029 4835 1232 4916 diligit
1271 4853 1456 4898 suum
1499 4835 1775 4898 sanctifi-

207 4939 516 5008 catorem,
549 4936 612 4995 et
653 4931 890 5011 gratias
923 4930 982 4992 ei
1029 4931 1196 5011 agit;
1229 4931 1337 5010 qui
1385 4937 1586 5004 actuS,
1623 4933 1686 4992 et
1716 4929 1769 4992 si

206 5028 348 5106 quis
374 5033 474 5090 est
507 5026 668 5088 alius
695 5024 938 5098 similia,
961 5043 1092 5085 non
1140 5029 1236 5088 est
1263 5024 1585 5104 dispositio
1607 5041 1772 5104 prae-

205 5141 460 5202 parans,
485 5119 600 5186 sed
622 5119 817 5182 veluti
845 5137 1080 5180 ornans
1110 5124 1172 5183 et
1206 5136 1652 5182 consummans
1674 5119 1770 5198 ip-

205 5237 340 5278 ⁸sam
386 5215 975 5290 sanctificationem,
1017 5213 1174 5275 sicut
1230 5220 1405 5276 actus
1455 5211 1770 5276 secundus

205 5311 452 5392 perficit
479 5310 786 5390 primurm
820 5311 986 5370 hanc
1025 5308 1192 5370 enim
1225 5309 1539 5388 duplicem
1569 5307 1773 5387 dispo-

205 5406 502 5466 sitionem
529 5401 811 5466 distinxit
833 5403 900 5464 D.
925 5402 1198 5464 Thomas
1221 5420 1434 5482 supra,
1467 5419 1526 5480 q.
1556 5403 1618 5476 9,
1651 5405 1769 5460 art.

209 5499 268 5574 3,
293 5499 374 5560 ad
398 5501 462 5574 2,
481 5495 864 5576 significans,
885 5495 1324 5576 dispositiones
1356 5495 1577 5558 animae
1605 5494 1777 5557 Chri-

3304 312 3421 379 343

1859 409 1934 472 sti
1966 409 2174 490 potius
2221 428 2361 474 esse
2404 411 2737 522 posteriori
2767 426 2963 496 quam
3008 435 3203 498 priori
3228 419 3421 484 modo

1858 505 2283 614 explicandas.
2302 509 2379 570 Et
2394 507 2777 572 conveniens
2802 510 2963 574 ratio
2986 513 3168 574 reddi
3190 520 3421 592 potest,

1855 598 2005 678 quia
2032 617 2177 662 cum
2205 601 2419 664 anima
2447 601 2673 668 Christi
2712 601 2870 666 nihil
2916 605 3179 670 haberet
3226 626 3423 690 repu-

1855 711 2060 775 gnans
2107 693 2625 770 sanctificationi,
2680 699 2807 759 imo
2857 699 3121 764 haberet
3172 703 3418 766 ratione

1857 785 2109 850 unionis
2136 787 2333 852 veluti
2354 789 2763 855 intrinsecum
2789 792 3165 874 principium
3196 797 3423 858 sancti-

1857 879 2169 944 ficationis
2197 885 2647 962 connaturaIiS,
2678 902 2809 946 non
2856 886 3179 967 indigebat
3218 889 3421 952 libera

1861 973 2267 1052 dispositione
2324 981 2721 1058 praeparante
2772 980 2975 1062 ipsam
3002 982 3086 1044 ad
3129 983 3421 1062 gratiam,

1862 1069 1979 1130 sed
2006 1069 2215 1150 potius
2248 1087 2327 1132 ex
2371 1072 2435 1134 vi
2466 1073 2715 1134 unionis
2744 1075 2949 1154 gratia
2997 1075 3082 1136 illi
3128 1076 3273 1139 data
3303 1083 3421 1154 est,

1858 1169 1928 1225 ut
1953 1181 2066 1244 per
2094 1181 2239 1226 eam
2264 1166 2455 1228 modo
2480 1165 2757 1248 perfecto
2786 1174 2849 1230 et
2878 1171 3269 1238 connaturali
3296 1177 3424 1233 sta-

1858 1256 1969 1318 tim
1996 1266 2391 1340 operaretur.
2424 1261 2725 1336 Quocirca
2746 1261 2883 1324 haec
2912 1263 3133 1326 Christi
3153 1263 3425 1328 sanctifi·

1859 1351 2021 1412 catio
2060 1369 2191 1414 non
2238 1354 2302 1414 in
2346 1355 2639 1418 omnibus
2691 1357 3175 1436 proprietatibus
3204 1357 3425 1418 similis

1856 1444 1974 1508 fuit
2024 1447 2505 1510 sanctificationi
2560 1448 2827 1510 aliorum
2850 1497 2865 1524 ,
2932 1451 3119 1514 etiam
3178 1452 3423 1515 ratione

1857 1541 2211 1620 utentium3
2234 1542 2455 1604 habuit
2482 1544 2652 1605 enim
2684 1544 2993 1625 quidquid
3025 1547 3423 1627 perfectionis

1859 1633 1922 1694 in
1954 1634 2457 1714 aliis-iuvenitur,
2489 1643 2555 1700 et
2580 1637 2725 1700 ideo
2756 1639 2943 1702 simul
2970 1639 3189 1703 habuit
3214 1649 3425 1704 actum

1861 1727 2210 1790 secundum
2242 1747 2387 1792 cum
2426 1732 2651 1812 primo.
2692 1731 2875 1806 Quod
2901 1734 3141 1796 veroin
3170 1735 3307 1798 aliis
3344 1736 3426 1800 sit

1862 1821 2191 1902 dispositio
2214 1841 2596 1904 praeparanS,
2628 1833 2693 1890 et
2710 1831 2937 1889 natura
2958 1827 3153 1908 prior,
3184 1829 3263 1891 ad
3282 1847 3425 1909 pcr-

1859 1915 2203 1978 fectionem
2228 1935 2357 1979 non
2390 1918 2681 2000 pertinet,
2716 1920 2830 1982 sed
2856 1921 3067 2001 potius
3092 1923 3425 2004 imperfec-

1861 2009 2101 2070 tionem
2125 2011 2457 2092 supponit;
2485 2013 2635 2090 quia
2676 2014 2777 2076 vel
2802 2014 3209 2078 sanctificatio
3244 2015 3317 2078 fit
3341 2015 3425 2080 ad

1859 2104 2315 2166 removendum
2362 2113 2717 2186 peccatum,
2756 2107 2859 2172 vel
2902 2109 3125 2172 saltem
3173 2109 3255 2172 ad
3296 2109 3425 2174 ele-

1858 2200 2135 2262 vandam
2182 2207 2475 2264 naturam
2520 2203 2603 2265 ad
2660 2205 3207 2284 supernaturalem
3254 2206 3424 2270 ordi-

1859 2311 2049 2370 nem;
2082 2299 2146 2356 at
2184 2312 2335 2356 vero
2370 2293 2599 2358 Christi
2653 2297 2867 2360 anima
2900 2299 3271 2384 supponitur
3296 2299 3423 2362 ele·

1858 2391 2003 2448 vata
2033 2405 2148 2468 per
2168 2388 2433 2470 gratiam
2464 2389 2739 2465 unionise,
2768 2407 2961 2470 quam
2998 2393 3173 2454 nulla
3220 2393 3423 2474 potuit

1858 2481 2221 2558 praecedere
2247 2481 2596 2562 dispositiO,
2621 2489 2691 2546 ut
2712 2501 2903 2566 supra
2923 2486 3423 2550 demonstratum

1859 2579 1976 2638 est.

1944 2669 2042 2730 13.
2086 2669 2373 2734 Dubium.
2402 2697 2483 2718 --
2514 2671 2915 2748 Quorumdam
2936 2673 3159 2755 opinio.
3189 2706 3269 2722 —
3295 2675 3424 2738 Im·

1854 2767 2188 2846 pugnatur.
2226 2795 2307 2810 --
2349 2764 2495 2841 Sed,
2524 2781 2891 2846 quanquam
2926 2785 3025 2844 ea,
3080 2785 3220 2847 quae
3270 2768 3423 2830 dixi-

1859 2875 2025 2933 mus,
2050 2875 2199 2918 vera
2219 2858 2343 2920 sint
2360 2857 2440 2920 de
2469 2858 2788 2922 habitibus
2808 2861 3024 2942 gratiae
3057 2868 3119 2926 et
3145 2863 3419 2932 scientiae

1858 2967 1975 3031 per
2000 2969 2071 3013 se
2106 2951 2345 3026 infusis,
2378 2951 2651 3015 dubitari
2692 2953 2895 3018 adhuc
2938 2961 3145 3036 potest
3189 2957 3417 3037 primo,

1857 3063 1939 3106 an
1976 3045 2235 3108 meritus
2258 3046 2448 3108 fuerit
2480 3046 2759 3110 Christus
2788 3048 3056 3129 gratiam
3086 3047 3418 3126 actualem,

1856 3157 1969 3201 seu
1996 3145 2173 3202 actus
2220 3140 2746 3220 supernaturales,
2802 3147 2915 3204 aut
2954 3142 3233 3206 valorem
3278 3159 3423 3204 suo-

1857 3253 1997 3296 rum
2018 3240 2291 3296 actuum.
2338 3234 2603 3308 Quidam
2624 3235 2791 3296 enim
2829 3237 3171 3300 formidant
3196 3254 3423 3300 conce-

1858 3327 2011 3390 dere
2034 3328 2395 3420 hujusmodi
2422 3329 2717 3392 meritum
2736 3331 2981 3393 actibus
3003 3330 3247 3408 Christi,
3273 3332 3420 3410 quia

1858 3421 2017 3483 alias
2036 3426 2167 3482 toto
2196 3421 2305 3482 illo
2332 3427 2645 3502 tempore,
2676 3441 2801 3504 quo
2828 3424 2945 3486 sibi
2967 3425 3099 3487 haec
3136 3424 3421 3486 mereba-

1855 3519 1983 3590 tur,
2009 3513 2161 3576 nihil
2184 3514 2360 3576 nobis
2388 3517 2981 3597 mereripottusset
3022 3518 3192 3582 etita
3218 3535 3419 3596 usque

1859 3609 1940 3672 ad
1960 3609 2154 3672 finem
2179 3609 2345 3684 vitae,
2367 3615 2430 3672 et
2448 3609 2711 3674 fortasse
2729 3630 2929 3692 usque
2960 3612 3043 3674 ad
3068 3619 3419 3674 extremum

1858 3709 2069 3766 actum
2100 3703 2511 3778 meritorium,
2545 3705 2797 3784 quando
2814 3707 2949 3788 J‘am
2966 3706 3124 3768 nihil
3150 3705 3419 3786 amplius

1854 3798 1970 3860 sibi
1998 3797 2383 3873 merebatur,
2413 3798 2569 3860 nihil
2600 3800 2789 3862 etiam
2817 3799 3000 3862 nobis
3026 3800 3245 3862 fuisset
3288 3815 3419 3861 me·-

1854 3892 2010 3954 ritus
2032 3913 2052 3968 ,
2086 3890 2258 3970 quod
2282 3909 2417 3954 esse
2443 3892 2585 3972 plus
2611 3909 2799 3972 quam
2827 3894 3051 3956 falsum
3074 3897 3317 3956 constat
3341 3910 3419 3954 ex

1853 3986 1946 4046 his
1977 4003 2119 4065 quae
2150 3985 2312 4065 disp.
2354 3987 2458 4062 39,
2484 3991 2635 4048 sect.
2664 3989 2701 4048 2
2729 3992 2791 4048 et
2818 3990 2879 4062 3,
2908 3987 3313 4063 adduximus,
3357 3991 3419 4048 et

1854 4099 1931 4142 ex
1962 4097 2153 4159 supra
2183 4079 2379 4155 dictis,
2409 4096 2471 4158 q.
2499 4083 2558 4154 l,
2591 4085 2709 4141 art.
2740 4083 2801 4154 2,
2848 4079 3089 4160 disp.4.
3146 4079 3414 4160 Sequela

1851 4173 2175 4254 probatur,
2222 4173 2371 4252 quia
2401 4173 2661 4252 quilibet
2694 4179 2875 4235 actus
2908 4174 3133 4236 Christ-i
3159 4181 3294 4238 erat
3320 4175 3417 4236 in-

1851 4266 2013 4330 finiti
2034 4266 2261 4328 valoris
2284 4287 2301 4344 3
2332 4284 2505 4347 ergO,
2529 4267 2582 4330 si
2608 4285 2723 4348 per
2744 4267 3021 4348 priorem
3049 4275 3261 4332 actum
3282 4288 3415 4332 me-

1851 4362 2110 4424 rehatur
2158 4361 2436 4424 valorem
2482 4367 2657 4425 actus
2724 4362 3165 4444 subsequentis
3185 4410 3207 4441 ,
3261 4363 3415 4427 illud

1854 4462 1989 4518 erat
2017 4455 2415 4534 adaequatum
2462 4455 2789 4536 proemium
2818 4457 2958 4520 talis
3004 4464 3179 4521 actus
3208 4477 3224 4532 ;
3260 4476 3411 4538 ergo

1853 4569 1963 4632 per
2004 4551 2178 4614 illum
2205 4548 2363 4610 nihil
2402 4549 2673 4630 amplius
2702 4557 2951 4631 poterat
2976 4552 3054 4614 de
3101 4552 3411 4634 condigno

1852 4645 2115 4718 mereri3
2166 4661 2341 4722 ergo,
2398 4643 2446 4703 si
2501 4661 2751 4725 semper
2779 4663 2894 4725 per
2936 4651 3113 4708 actus
3169 4647 3413 4727 priores

1851 4737 2115 4798 meritus
2140 4743 2235 4798 est
2256 4736 2635 4816 posteriores
2652 4740 2884 4820 gratias
2906 4739 3205 4816 actuales,
3225 4755 3288 4801 et
3307 4757 3413 4800 va-

1851 4831 2055 4892 lorem
2076 4830 2595 4910 subsequentium
2621 4833 3059 4908 actuum,nihil
3082 4834 3417 4915 potuitper

1849 4925 1990 4987 illos
2008 4925 2251 5006 priores
2276 4931 2451 4988 actus
2478 4925 2657 4988 nohis
2674 4927 3135 5005 mereri‚donec
3146 4945 3413 5010 perven-

1847 5025 1985 5082 tum
2014 5025 2107 5080 est
2146 5019 2226 5081 ad
2260 5026 2469 5081 actum
2502 5039 2627 5101 quo
2658 5019 2811 5082 nibil
2846 5021 2965 5082 sibi
3002 5023 3264 5084 meritus
3293 5027 3411 5098 est,

1850 5113 2023 5197 quod
2050 5114 2130 5176 de
2158 5114 2289 5176 solo
2320 5116 2539 5177 ultimo
2559 5121 2703 5178 actu
2728 5117 2851 5178 dici
2884 5119 3134 5198 poterit.
3158 5115 3283 5180 Sed
3312 5117 3413 5177 hic

1854 5209 2170 5272 discursus
2184 5208 2483 5272 fundatus
2500 5216 2593 5272 est
2609 5227 2771 5272 vano
2796 5211 3020 5273 timore
3040 5210 3414 5292 provenien·-

1852 5311 1914 5366 te
1939 5321 2016 5366 ex
2043 5303 2197 5365 falsa
2226 5303 2683 5366 existimatione
2709 5306 3073 5366 meritorum
3103 5304 3325 5366 Christi
3353 5307 3416 5368 et

1853 5397 2081 5460 infiniti
2124 5398 2351 5458 valoris
2400 5415 2641 5461 eorum.
2682 5397 2933 5460 Ostendi
2984 5399 3151 5460 enim
3196 5415 3412 5476 supra,

1857 5491 2017 5574 disp.
2038 5497 2099 5570 4,
2124 5491 2346 5570 Christi
2372 5492 2667 5556 meritum
2691 5498 2819 5554 tam
2848 5507 2985 5554 esse
3016 5489 3326 5554 excellens
3352 5493 3417 5553 et
