3892 6167
1317 365 1640 423 nlsPtJTAT.
1672 362 1851 421 xxxi.
1895 362 2066 418 SECT.
2102 364 2186 418 vl.

171 468 442 537 secundo
467 511 486 543 ,
528 468 685 547 quia
736 466 980 549 quando
1025 466 1388 547 hujusmodi
1437 466 1718 531 rationes

175 572 306 649 sunt
345 564 826 638 convertibile8‚
871 580 1125 643 semper
1167 580 1290 623 una
1322 567 1719 643 comparatur

174 661 246 723 ad
265 659 446 724 aliam
475 668 548 719 ut
575 659 930 739 proprietas
974 658 1056 721 ad
1099 658 1474 732 essentiam;
1511 657 1620 719 sed
1651 655 1717 719 hi

171 758 280 817 duo
309 754 540 834 gradus
585 754 954 817 essentiales
999 757 1145 815 sunt
1187 752 1474 831 ejusdem
1505 769 1717 813 essen-

173 850 286 927 tiae3
309 863 455 927 ergo
481 862 620 909 non
640 852 904 929 apparet
928 844 1243 926 quomodo
1269 863 1384 925 per
1403 864 1469 907 se
1495 845 1719 907 unian-

167 949 276 1015 tur,
305 942 447 1019 quia
479 957 656 1003 unus
688 958 816 1003 non
843 940 1156 1001 contrahit
1190 938 1408 1016 alium,
1445 956 1654 1017 neque
1681 956 1718 999 e

171 1051 482 1109 conversim
512 1050 734 1113 neque
762 1033 948 1097 ambo
977 1039 1124 1095 sunt
1153 1031 1522 1095 differentiae
1553 1031 1716 1110 ejus·

171 1128 294 1189 dem
319 1126 608 1204 generis3
668 1128 794 1189 imo
835 1127 886 1189 si
913 1144 1096 1207 aeque
1125 1124 1510 1189 universales
1551 1130 1719 1202 sunt,

171 1220 256 1281 vix
275 1225 474 1299 potest
501 1218 696 1283 reddi
720 1221 876 1282 ratio
900 1238 1012 1283 cur
1031 1240 1192 1283 unus
1211 1218 1540 1296 naturaliS,
1564 1220 1722 1281 alter

171 1313 653 1395 supernaturalis
682 1314 944 1377 dicatur.
963 1316 1168 1379 Minor
1199 1320 1412 1377 autem
1441 1312 1720 1377 declara-

172 1414 272 1479 tur,
315 1406 462 1487 quia
493 1407 818 1489 imprimis
848 1409 1008 1471 ratio
1049 1408 1354 1471 naturalis
1401 1407 1560 1471 entis
1591 1426 1720 1469 non

171 1506 348 1579 potest
373 1504 746 1581 comparari
771 1508 838 1565 ut
869 1520 1070 1583 genus
1097 1502 1180 1566 ad
1208 1500 1472 1585 gradum
1501 1518 1721 1581 super-

171 1594 530 1668 naturalem;
581 1596 744 1675 quia
784 1598 958 1659 nulla
1003 1602 1096 1659 est
1145 1596 1450 1659 ‚naturalis
1493 1594 1720 1657 entitas

173 1690 360 1769 inqua
407 1706 540 1751 non
597 1691 686 1753 sit
715 1688 923 1771 aliqua
959 1690 1240 1771 potentia
1284 1688 1720 1752 obedientialis

171 1783 344 1843 activa
379 1782 480 1845 vel
511 1784 776 1863 passiva
793 1801 816 1863 ;
848 1802 1022 1865 erg0‚
1061 1784 1111 1845 si
1143 1784 1284 1845 talis
1311 1782 1591 1865 potentia
1627 1790 1721 1845 est

173 1876 666 1955 supernaturalis»,
693 1878 868 1941 nulla
894 1884 990 1941 est
1014 1878 1242 1941 entitas
1269 1876 1354 1939 ita
1388 1874 1715 1952 naturalis,

172 1988 288 2049 quae
330 1990 454 2033 uon
497 1972 584 2035 sit
627 1973 846 2052 aliqua
891 1973 1136 2035 ratione
1179 1970 1714 2053 supernaturalis;

177 2081 296 2143 crgo
317 2082 444 2127 non
470 2072 892 2147 comparatur
915 2066 1146 2147 gradus
1175 2064 1478 2128 naturalis
1501 2063 1582 2126 ad
1610 2082 1718 2127 su-

173 2158 640 2235 pernaturalem,
672 2166 748 2223 ut
769 2178 970 2241 genus
999 2160 1083 2221 ad
1111 2158 1528 2235 differentiam
1571 2176 1716 2223 con-

171 2251 496 2315 trahentem
527 2256 595 2314 et
627 2253 983 2317 elevantem
1013 2254 1202 2316 talem
1231 2254 1498 2333 gradum
1515 2278 1533 2332 3
1568 2254 1717 2334 quia

175 2346 348 2406 omnis
371 2347 530 2409 ratio
557 2348 876 2429 generica
925 2348 990 2409 in
1034 2348 1244 2427 aliquo
1274 2348 1554 2411 inferiori
1601 2348 1717 2411 sal-

177 2439 284 2501 vari
325 2447 529 2521 potest
583 2442 732 2504 sine
793 2442 1143 2505 differentia
1191 2442 1600 2507 contrahente
1655 2449 1718 2505 et

185 2530 422 2597 elevante
479 2534 664 2597 illam
717 2534 802 2597 ad
849 2534 1238 2616 superiorem
1287 2537 1596 2612 ordinem,
1646 2544 1717 2600 ut

187 2625 430 2689 sensibile
455 2629 652 2691 estin
699 2628 884 2691 bruto
915 2629 1155 2709 absque
1183 2629 1500 2704 rationali,
1535 2635 1597 2693 et
1625 2630 1715 2691 vi·

184 2734 302 2779 vens
325 2720 383 2780 in
409 2720 634 2801 planta
668 2722 908 2801 absque
933 2722 1238 2785 sensibili.
1271 2724 1490 2801 Neque
1523 2723 1713 2787 etiam

182 2828 210 2871 e
227 2815 506 2877 contrario
535 2816 784 2897 gradus
802 2818 1297 2897 supernaturalis
1315 2824 1522 2897 potest
1545 2836 1716 2879 com·-

177 2908 352 2983 parari
388 2906 467 2971 ad
491 2911 889 2983 naturalem,
924 2916 993 2973 ut
1021 2911 1352 2993 genericus
1395 2911 1477 2974 ad
1517 2910 1714 2995 speci-

180 2996 368 3075 ficam,
398 3008 532 3065 tum
576 3004 736 3085 quia
769 3008 866 3068 est
903 3004 1242 3085 superioris
1271 3004 1537 3080 ordiniS,
1582 3024 1710 3067 ma·

177 3093 360 3172 gIsque
388 3100 666 3161 actualis
683 3120 700 3175 3
729 3104 866 3160 tum
907 3098 1096 3161 etiam
1131 3098 1279 3177 quia
1307 3098 1440 3179 pari
1469 3098 1712 3162 ratione

175 3184 224 3245 in
246 3188 502 3265 qualibet
525 3191 816 3275 ‘entitate
846 3190 1307 3272 supernaturali
1347 3192 1575 3271 poterit
1603 3193 1711 3255 ali-

175 3296 276 3357 qua
307 3284 620 3347 naturali-s
653 3287 932 3366 potentia
977 3284 1272 3362 inveniri,
1308 3292 1376 3347 ut
1404 3286 1466 3347 in
1499 3284 1708 3349 chari-

177 3376 292 3449 tate,
323 3378 486 3441 verbi
517 3380 764 3459 gratia,
795 3380 1023 3459 poterit
1050 3378 1392 3461 excogitari
1428 3380 1708 3461 potentia

177 3466 240 3527 ad
259 3472 558 3549 producen
579 3473 727 3535 dum
755 3474 1052 3549 calorem,
1083 3492 1223 3555 quae
1253 3474 1369 3537 erit
1401 3473 1706 3536 naturalis

177 3562 380 3627 ratione
416 3566 692 3629 termini
717 3586 830 3629 seu
860 3568 1111 3647 objecti,
1140 3568 1300 3630 sicut
1327 3584 1361 3630 e
1389 3568 1703 3631 contrario

183 3658 412 3733 potentia
439 3662 932 3739 obedientialiS,
977 3680 1117 3743 quae
1151 3661 1335 3725 estin
1375 3662 1580 3725 calore
1623 3661 1704 3724 ad

192 3750 619 3825 producendam
645 3756 933 3837 gratiam,
958 3754 1185 3819 dicitur
1212 3754 1705 3837 supernaturalis

193 3844 380 3909 ratione
407 3850 672 3931 objecti.

249 3938 328 4003 71.
357 3942 586 4015 Quinto
615 3944 1044 4025 argumentari
1070 3960 1426 4025 possumuS,
1447 3941 1595 4023 quia
1627 3964 1704 4007 ex

191 4037 452 4099 contraria
481 4038 803 4101 sententia
834 4038 1116 4117 sequitur
1155 4040 1502 4115 potentiam
1533 4038 1704 4101 illam

190 4124 662 4208 obedientialem,
699 4133 877 4213 quasi
905 4132 1266 4193 inchoatam
1309 4132 1411 4194 vel
1461 4131 1706 4195 radica-

188 4215 316 4297 lem,
341 4242 474 4305 quae
519 4232 621 4289 est
660 4227 726 4289 in
761 4227 1083 4289 voluntate
1127 4224 1228 4287 vel
1267 4224 1592 4289 intellectu
1622 4225 1704 4287 ad

189 4312 518 4381 eliciendum
557 4324 766 4381 actum
795 4319 940 4381 fidei
970 4319 1066 4381 vel
1095 4317 1412 4381 charitatis
1449 4320 1694 4396 infusae,

189 4422 299 4469 esse
333 4412 608 4489 eJusdem
651 4412 882 4475 ordinis
931 4430 1043 4473 seu
1091 4412 1700 4493 supernaturalitatis

187 4515 304 4561 cum
327 4502 534 4568 habitu
581 4506 902 4569 charitatis
943 4504 1044 4568 vel
1073 4502 1218 4569 fidei
1250 4506 1510 4583 infusae;
1545 4526 1701 4570 con-

191 4610 418 4675 sequens
460 4604 552 4663 est
578 4600 758 4665 valde
797 4600 1182 4679 absurdum3
1215 4619 1386 4681 erge.
1427 4602 1700 4683 Sequela

192 4694 350 4765 patet,
370 4694 510 4773 quia
538 4694 764 4757 eodem
793 4694 980 4756 modo
1011 4694 1238 4756 dicitur
1259 4692 1392 4757 haec
1419 4695 1700 4776 potentia

195 4794 304 4843 esse
327 4788 828 4865 supernaturalis,
860 4788 1019 4851 sicut
1041 4794 1186 4850 sunt
1215 4788 1302 4849 illi
1331 4786 1606 4866 habitus,
1637 4795 1699 4852 et

195 4886 256 4932 ex
279 4877 478 4941 eadem
501 4882 733 4956 radice,
759 4880 1014 4957 scilicet,
1047 4882 1196 4963 quia
1225 4900 1302 4944 ex
1331 4900 1397 4945 se
1427 4888 1572 4963 apta
1603 4888 1698 4946 est

197 4978 516 5037 concurrere
543 4974 625 5037 ad
649 4980 825 5037 actus
855 4973 1364 5055 supernaturales
1385 4994 1530 5037 cum
1551 4994 1697 5039 con-

200 5073 348 5121 cursu
369 5065 472 5129 Dei
498 5070 976 5149 supernaturali.
1013 5068 1272 5133 Falsitas
1301 5077 1511 5131 autem
1542 5088 1696 5133 con-

202 5160 468 5233 sequentis
489 5168 700 5243 patet,
735 5164 882 5243 quia
919 5164 1034 5227 hoc
1066 5171 1161 5228 est
1188 5164 1572 5226 confundere
1597 5182 1695 5225 01·-

203 5242 376 5313 dinem
397 5263 621 5319 naturae
663 5277 804 5319 cum
855 5258 1074 5321 ordine
1105 5258 1455 5347 gratiae,.et
1481 5264 1574 5323 est
1603 5263 1695 5321 at-

205 5341 426 5407 tribuere
447 5358 678 5423 naturse
704 5352 998 5415 humanae
1037 5350 1385 5415 secundum
1430 5370 1496 5412 se
1527 5358 1588 5413 et
1619 5371 1694 5414 ex

211 5448 262 5491 Se
281 5435 478 5517 aliquid
494 5462 636 5505 vere
656 5445 1150 5527 supernaturale,
1177 5442 1349 5523 quod
1375 5464 1498 5509 non
1520 5442 1697 5509 vide-

213 5528 290 5585 tur
309 5546 455 5595 sanae
475 5535 764 5601 doetrinae
791 5542 1304 5601 consentaneum.

3247 364 3363 431 135

1877 464 1981 527 72.
2027 462 2255 527 Ultimo
2294 464 2555 527 tandem
2586 464 2735 547 quia
2766 468 2921 533 alias
2950 474 3235 555 sequitur
3261 493 3364 540 or-

1797 557 2011 620 dinem
2056 558 2271 639 gratiae
2309 556 2546 621 habere
2584 562 2921 639 quamdam
2960 566 3363 633 intrinsecam

1799 652 2255 715 connexionem
2291 670 2437 715 cum
2458 652 2679 717 ordine
2708 662 2971 735 naturae,
3004 667 3066 724 et
3093 661 3361 725 formam

1799 744 2380 827 supernaturalem,
2419 746 2718 811 nimirum
2745 752 3033 831 gratiam,
3076 757 3271 837 recipi
3297 756 3362 817 in

1799 841 2084 919 subjecto
2121 842 2378 903 omnino
2406 845 2821 920 connaturali,
2852 850 2915 908 et
2953 848 3237 927 ejusdem
3265 867 3364 913 or-

1798 934 1997 1009 dinis;
2027 952 2176 997 nam
2216 936 2516 1017 recipitur
2543 936 2610 997 in
2648 938 2858 1001 anima
2888 942 3234 1005 secundum
3264 962 3363 1007 ca·

1799 1030 2137 1110 pacitatem
2182 1046 2331 1092 vere
2366 1033 2911 1112 supernaturalem
2954 1054 3145 1117 quam
3192 1038 3256 1099 in
3293 1056 3361 1100 se

1803 1124 2017 1197 habet,
2047 1129 2106 1186 et
2132 1141 2167 1185 e
2193 1126 2501 1186 contrario
2522 1124 2641 1205 ipsi
2670 1126 2922 1207 animae,
2956 1135 3144 1210 prout
3170 1131 3361 1193 talem

1803 1217 2211 1298 capacitatem
2236 1217 2446 1293 habet,
2469 1217 2677 1281 debita
2704 1226 2838 1283 erat
2861 1222 3001 1284 talis
3020 1222 3222 1287 forma
3251 1223 3359 1289 de-

1799 1311 1929 1373 bito
1961 1312 2235 1391 quodam
2284 1314 2819 1377 connaturalitatis
2838 1362 2858 1393 ,
2890 1316 3049 1380 sicut
3076 1318 3357 1380 materiae

1800 1404 2066 1466 debetur
2090 1404 2316 1483 forma,
2336 1411 2400 1467 et
2426 1406 2677 1470 cuilibet
2706 1412 2996 1489 potentiae
3019 1417 3194 1474 actus
3215 1430 3363 1493 pro-

1800 1498 2224 1579 portionatus;
2270 1503 2333 1561 et
2372 1504 2833 1579 consequenter
2876 1504 3171 1583 potentiae
3210 1505 3362 1567 acti-

1800 1610 1927 1667 vae,
1981 1610 2173 1671 quam
2201 1589 2553 1655 intellectus
2588 1593 2779 1658 habet
2821 1596 2901 1657 ad
2948 1596 3357 1677 credendum,

1800 1682 1898 1745 vel
1918 1684 2261 1747 videndum
2282 1686 2507 1763 Deum,
2531 1686 2778 1749 debitus
2799 1692 2965 1752 esset
2992 1709 3355 1766 concursus,

1803 1782 1864 1839 et
1905 1779 2435 1859 complementum
2490 1780 2915 1845 necessarium
2962 1782 3045 1846 ad
3092 1802 3361 1865 operan-

1800 1871 1949 1934 dum
1973 1918 1989 1945 ‚
2038 1890 2177 1952 quas
2221 1874 2433 1935 omnia
2480 1872 2637 1935 falsa
2682 1880 2869 1953 suut,
2902 1881 2971 1938 ut
3002 1882 3243 1942 constat
3283 1898 3361 1943 ex

1799 1966 2068 2028 materia
2099 1966 2177 2028 de
2214 1966 2433 2047 gratia.
2470 1968 2608 2029 Non
2650 1974 2857 2049 potest
2900 1988 3052 2051 ergo
3094 1974 3224 2037 haec
3252 1992 3362 2057 po-

1799 2060 1993 2123 tentia
2038 2060 2161 2123 dici
2188 2060 2699 2141 supernaturalis
2724 2112 2739 2138 ,
2766 2080 2976 2143 neque
3000 2071 3069 2127 ut
3102 2064 3361 2133 facultas

1798 2153 2205 2235 superaddita
2233 2158 2473 2217 naturae
2492 2200 2507 2230 ,
2539 2172 2747 2237 neque
2777 2162 2850 2219 ut
2886 2159 3118 2239 gradus
3145 2180 3361 2225 essen-

1792 2248 1962 2309 tialis
1995 2248 2080 2310 illi
2122 2248 2252 2325 rei,
2292 2248 2395 2309 cui
2430 2247 2573 2311 talis
2597 2251 2877 2331 potentia
2904 2256 3237 2317 convenire
3267 2256 3363 2319 di-

1799 2340 1980 2403 citur.

1875 2437 1977 2497 73.
2006 2436 2223 2515 Neque
2245 2436 2521 2499 rationes
2549 2435 2874 2501 dubitandi
2900 2442 3187 2521 superius
3208 2460 3359 2523 quo·

1797 2528 1877 2590 ad
1903 2528 2069 2590 hanc
2101 2533 2343 2610 partem
2374 2530 2709 2611 propositae
2737 2530 3054 2596 difficilem
3096 2536 3357 2599 solutio·-

1797 2641 1945 2685 nem
1986 2621 2246 2686 habent.
2279 2623 2376 2685 Ad
2416 2624 2688 2705 primam
2728 2625 2898 2687 enim
2940 2627 3360 2711 respondetur

1793 2716 2155 2780 facultatem
2178 2734 2295 2797 per
2325 2736 2391 2779 se
2419 2718 2624 2801 primo
2655 2718 3007 2783 ordinatam
3038 2722 3119 2785 ad
3150 2730 3357 2786 actum

1796 2812 2073 2892 aliquem
2108 2811 2207 2874 vel
2236 2812 2555 2893 objectum
2595 2814 2877 2895 accipere
2906 2818 3179 2897 speciem
3210 2836 3358 2899 pro-

1794 2906 2218 2987 portionatam
2239 2906 2447 2969 abillo
2467 2926 2482 2983 ;
2506 2908 2643 2970 haec
2672 2916 2885 2971 autem
2908 2912 3186 2989 potentia
3208 2913 3359 2975 obe-

1796 2998 2109 3061 dientialis
2164 3018 2293 3061 non
2332 3004 2427 3062 est
2470 3001 2868 3083 hujusmodi,
2901 3004 3014 3065 scd
3042 3006 3358 3067 concomi-

1793 3098 2003 3155 tanter
2032 3111 2098 3155 se
2126 3092 2316 3156 habet
2346 3094 2428 3156 ad
2456 3094 2656 3177 ipsam
2680 3097 2772 3159 rei
2801 3098 3159 3173 entitatem;
3186 3100 3355 3162 unde

1791 3196 1922 3253 tam
1963 3190 2249 3253 absoluta
2279 3198 2373 3254 est
2397 3211 2587 3275 quam
2616 3198 2711 3256 est
2737 3192 2877 3270 illa;
2916 3213 3125 3275 neque
3161 3196 3354 3260 habet

1793 3284 1983 3346 aliam
2013 3284 2290 3367 speciem
2318 3292 2546 3367 praeter
2569 3304 2709 3349 eam
2739 3306 2928 3369 quam
2958 3289 3185 3352 entitas
3212 3292 3349 3373 ipsa

1789 3378 2001 3441 habet.
2049 3378 2142 3441 Ad
2186 3380 2531 3441 secundam
2575 3382 3022 3463 respondetur,
3058 3383 3140 3446 ad
3183 3402 3350 3449 sum·

1786 3489 1960 3533 mum
1993 3472 2281 3552 probare,
2312 3474 2477 3536 hanc
2502 3476 2844 3556 potentiam
2875 3495 3004 3538 non
3032 3496 3170 3539 esse
3202 3478 3349 3541 sim·-

1785 3564 2033 3645 pliciter
2060 3564 2437 3643 naturalem,
2467 3568 2679 3647 quoad
2718 3568 3024 3631 rationem
3062 3589 3173 3632 seu
3209 3590 3347 3632 mu-

1785 3678 1906 3719 nus
1928 3660 2244 3739 potentiae,
2269 3659 2439 3739 quod
2465 3660 2892 3738 concedimuS,
2915 3670 2977 3725 et
3004 3664 3212 3726 statim
3235 3664 3347 3727 de·-

1784 3754 2187 3815 clarabimuS.
2231 3754 2307 3815 Et
2334 3753 2559 3816 eadem
2600 3754 2733 3818 fere
2776 3763 2870 3819 est
2909 3758 3233 3839 responsio
3264 3757 3346 3822 ad

1783 3848 2056 3923 tertiam,
2106 3864 2468 3927 quanquam
2498 3848 2669 3928 quod
2715 3850 2779 3911 in
2820 3868 2894 3911 ea
2939 3852 3196 3928 dicitur,
3231 3870 3346 3934 per

1783 3940 1949 4003 banc
1978 3941 2321 4023 potentiam
2360 3941 2596 4004 elevari
2630 3960 2797 4020 rem,
2825 3960 2936 4005 seu
2967 3944 3246 4007 inchoari
3276 3944 3344 4007 in

1785 4036 1888 4098 illa
1917 4035 2459 4117 supernaturalem
2488 4034 2796 4113 ordinem,
2844 4054 2996 4099 sano
3032 4038 3221 4101 modo
3246 4038 3344 4101 in-

1784 4129 2196 4211 telligendum
2228 4128 2339 4202 sit3
2374 4146 2522 4189 nam
2545 4174 2566 4206 ,
2600 4130 2654 4190 si
2690 4128 3068 4211 intelligatur
3116 4130 3195 4195 de
3243 4150 3344 4195 ac-

1785 4222 1937 4285 tuali
1972 4240 2085 4284 seu
2112 4222 2359 4283 formali
2388 4220 2769 4298 elevatione,
2808 4224 2997 4287 etiam
3020 4224 3337 4305 inchoata,

1780 4314 2009 4378 falsum
2040 4322 2134 4379 est
2146 4332 2169 4395 3
2202 4315 2477 4397 alioquin
2502 4334 2630 4379 non
2652 4325 2864 4398 posset
2884 4325 3170 4381 creatura
3197 4338 3341 4401 pro-

1781 4408 1927 4470 duci
1965 4408 2034 4470 in
2075 4410 2251 4490 puris
2299 4409 2728 4487 naturalibus,
2761 4410 2999 4492 absque
3049 4430 3125 4476 eo
3169 4412 3341 4493 quod

1780 4508 1949 4565 esset
1976 4510 2117 4565 actu
2163 4502 2404 4565 elevata
2434 4503 2647 4585 aliqua
2678 4521 2756 4566 ex
2786 4512 2963 4585 parte
3002 4503 3083 4567 ad
3120 4524 3339 4587 super-

1780 4597 2131 4658 naturalem
2161 4596 2468 4674 ordinem,
2503 4596 2675 4677 quod
2704 4597 2933 4659 falsum
2959 4604 3072 4662 est.
3098 4600 3159 4662 Si
3186 4616 3337 4661 vero

1779 4688 2163 4771 intelligatur
2204 4688 2283 4751 de
2338 4688 2685 4753 elevatione
2716 4691 2781 4752 in
2810 4691 3089 4773 potentia
3110 4738 3131 4769 ‚
3168 4698 3231 4754 et
3257 4692 3337 4755 de

1778 4784 2177 4847 inchoatione
2230 4784 2441 4863 quoad
2493 4782 2977 4848 fundamentum
3036 4796 3114 4848 ex
3161 4792 3338 4869 parte

1777 4885 2021 4941 naturae
2071 4879 2497 4940 necessarium
2546 4878 2627 4941 ad
2675 4879 2989 4942 actualem
3043 4879 3338 4943 elevatio-

1777 4990 1963 5049 nem,
2011 4972 2099 5034 sic
2140 4990 2361 5035 verum
2391 4978 2485 5035 est
2515 4972 2686 5051 quod
2716 4974 3087 5048 assumitur;
3120 4980 3336 5036 tamen

1778 5082 1855 5128 ex
1876 5084 1951 5128 eo
1974 5066 2132 5127 nihil
2160 5073 2375 5133 contra
2396 5086 2511 5129 nos
2530 5067 2741 5129 inferri
2770 5073 2998 5149 potest,
3028 5069 3176 5148 quia
3202 5069 3335 5149 ipsa

1776 5160 2079 5222 naturalis
2111 5162 2337 5223 entitas
2375 5162 2470 5224 rei
2511 5162 2861 5224 secundum
2888 5162 3205 5244 propriam
3240 5178 3337 5221 ra-

1775 5258 2016 5318 tionem
2059 5274 2239 5319 suam
2268 5262 2362 5319 est
2408 5255 2887 5319 fundamentum
2918 5258 3105 5336 hujus
3134 5254 3338 5317 eleva-

1774 5349 1963 5413 tionis
1991 5350 2229 5432 absque
2268 5350 2476 5432 aliquo
2511 5351 2721 5413 addito
2752 5348 3235 5431 supernaturali,
3266 5352 3339 5409 ut

1776 5443 1842 5507 in
1861 5445 2140 5525 homine,
2166 5464 2280 5525 per
2306 5444 2425 5508 hoc
2448 5446 2657 5526 ipsum
2681 5442 2851 5524 quod
2880 5446 2976 5503 est
3006 5440 3086 5501 ad
3114 5440 3334 5518 imagi-

1779 5556 1924 5600 nem
1956 5538 2087 5617 Dei‚
2120 5542 2215 5601 est
2243 5536 2722 5600 fundamentum
2762 5542 2827 5597 ut
2853 5534 2935 5597 ad
2968 5534 3339 5613 supernatu-
