3892 6167
1316 385 1635 439 otspun‘r.
1670 386 1865 441 xxvii.
1900 388 2070 443 SECT.
2109 393 2146 445 Ι.
3256 394 3325 451 41

96 485 301 549 feetio
334 484 553 549 debita
593 482 670 546 sit
714 484 801 545 illi
844 487 1071 549 enimse
1118 485 1361 549 ratione
1409 486 1685 561 unionis,

93 597 327 659 neque
364 580 539 643 enim
564 576 829 641 decebat
854 578 919 639 in
960 580 1080 643 hoc
1120 580 1407 661 superari
1435 579 1516 642 ab
1560 580 1688 642 An·

94 674 296 754 golia,
316 692 535 755 neque
556 674 814 753 aequari.
840 674 1019 736 Unde
1043 674 1178 735 haec
1202 674 1483 744 scientia,
1503 678 1689 753 prout

94 768 261 830 data
316 774 419 832 est
466 768 693 829 animae
736 768 979 845 Christi,
1028 787 1157 831 non
1212 768 1601 849 procedebat
1648 788 1685 829 a

94 863 271 937 Deo,
292 870 367 925 nt
388 866 645 924 auctore
670 867 937 939 naturas,
964 863 1123 926 sicut
1148 862 1407 927 scientia
1436 869 1689 924 natura-

100 956 189 1018 lis
222 956 641 1035 Angelorum,
672 954 787 1017 sed
817 961 886 1017 ut
914 962 1169 1019 auctore
1198 955 1413 1037 gratiae
1448 962 1513 1017 et
1538 956 1692 1017 bea-

106 1049 431 1125 titudinis,
455 1057 521 1110 et
537 1048 1005 1128 quodammodo
1029 1056 1097 1110 ut
1120 1049 1201 1111 ab
1227 1056 1482 1111 auctore
1509 1048 1689 1110 unio-

104 1144 215 1203 nis
246 1142 701 1223 bypostaticae3
734 1160 883 1203 nam
914 1142 1184 1205 infundit
1228 1142 1401 1204 illam
1431 1148 1503 1204 ut
1545 1162 1693 1223 pro-

98 1238 459 1314 prietatem
514 1242 1009 1315 consequentem
1060 1238 1385 1310 unionem,
1440 1242 1503 1299 et
1556 1242 1692 1298 tan-

97 1344 313 1407 quam
338 1344 783 1391 ornamentum
808 1330 969 1408 ejus,
992 1334 1055 1392 et
1079 1329 1221 1391 ideo
1251 1329 1691 1410 perfectiorem

95 1439 311 1501 quam
342 1423 427 1483 sit
449 1422 653 1485 omnis
677 1422 935 1484 scientia
964 1422 1267 1485 naturalis
1285 1424 1571 1504 angelica
1591 1422 1690 1484 vel

97 1514 409 1578 humana
428 1561 444 1589 ,
474 1522 545 1577 ut
570 1522 739 1578 recte
768 1515 959 1577 etiam
1006 1516 1245 1577 notavit
1276 1516 1597 1592 Richard.‚
1630 1518 1689 1590 3,

98 1604 167 1668 d.
220 1610 349 1681 u,
382 1616 505 1672 art.
535 1613 599 1681 4,
628 1626 693 1688 q.
722 1612 795 1682 ὃς
826 1612 889 1671 et
934 1610 1201 1672 sumitur
1245 1628 1325 1671 ex
1366 1610 1435 1671 D.
1466 1610 1689 1672 Thom.

96 1700 241 1777 hic,
271 1706 399 1763 art.
426 1706 491 1764 4.
514 1703 727 1780 Neque
749 1702 941 1765 refert
962 1702 1131 1782 quod
1152 1700 1506 1765 intellectus
1527 1702 1695 1766 Chri-

100 1794 187 1856 sti
228 1795 319 1856 sit
352 1796 726 1857 naturaliter
770 1796 981 1857 minus
1026 1796 1339 1876 perfect-is
1368 1814 1559 1876 quam
1588 1814 1697 1859 an-

101 1888 561 1969 gelicnS,quia
590 1890 723 1951 haec
749 1889 1006 1951 scientia
1032 1908 1159 1951 non
1188 1889 1539 1952 infunditur
1555 1892 1697 1971 jux-

102 1990 169 2043 ta
200 1984 628 2063 capacitatem
650 1982 1023 2059 naturalem,
1050 1982 1163 2045 sed
1185 1982 1691 2057 obedientialem,

104 2082 179 2137 et
208 2076 303 2137 ita
334 2094 494 2138 usus
524 2077 663 2155 ejus
690 2095 820 2139 non
850 2083 1399 2140 commensuratur
1426 2078 1695 2139 naturali

102 2170 521 2249 perfectioni,
548 2171 656 2233 sed
688 2170 911 2232 divinas
938 2171 1291 2234 elevationi.

194 2266 265 2324 6.
312 2264 469 2327 Dico
498 2264 816 2338 secundo,
847 2264 1216 2345 cognovisse
1244 2262 1553 2327 Christum
1582 2282 1698 2346 per

112 2359 289 2419 hanc
338 2358 669 2419 scientiam
725 2358 1099 2438 singularia,
1155 2356 1344 2419 etiam
1394 2358 1694 2420 intuendo

117 2470 349 2513 eorum
393 2453 777 2513 existentias.
810 2452 885 2513 Et
937 2451 1305 2532 intelligitur
1350 2450 1692 2525 conclusio,

124 2552 261 2607 tam
288 2546 367 2608 de
396 2545 589 2607 rebus
606 2543 1035 2607 materialibus
1058 2562 1249 2623 quam
1280 2543 1699 2607 immateriali-

124 2639 273 2713 bus,
296 2645 362 2701 ct
384 2644 515 2699 tam
539 2638 621 2701 de
642 2638 1066 2700 accidentibus
1092 2656 1281 2718 quam
1309 2638 1388 2700 de
1413 2638 1698 2700 substan·

124 2732 252 2804 tiis,
278 2734 347 2793 et
376 2750 519 2793 eam
547 2738 765 2793 tenent
793 2732 861 2793 D.
884 2732 1105 2793 Thom.
1130 2732 1259 2803 hic;
1290 2730 1600 2811 Capreol.,
1632 2732 1697 2793 in

122 2829 187 2901 3,
216 2824 282 2887 d.
322 2829 427 2900 14,
454 2842 519 2904 q.
551 2828 609 2895 1,
642 2833 761 2887 art.
792 2827 865 2898 33
899 2826 1206 2898 Durand.,
1240 2844 1301 2906 q.
1332 2826 1403 2900 33
1434 2826 1692 2900 Marsil.,

125 2936 191 2995 q.
226 2920 331 2995 to,
350 2926 474 2981 art.
504 2920 568 2993 Ξ,
594 2925 658 2981 et
684 2918 787 2980 alii
818 2926 1129 2994 auctores„
1154 2918 1264 2997 qui
1294 2924 1513 2980 tenent
1541 2937 1699 2998 prae-

124 3011 463 3073 cedentem
494 3010 995 3086 conclusionem;
1028 3012 1309 3091 sequitur
1356 3012 1526 3075 enim
1562 3032 1698 3075 ma-

126 3106 361 3166 nifeste
388 3122 469 3166 ex
510 3104 634 3167 illa.
670 3106 899 3178 Primo,
932 3106 1079 3184 quia
1117 3106 1333 3186 Angeli
1375 3124 1493 3187 per
1518 3124 1695 3167 suam

128 3197 463 3259 scientiam
504 3196 769 3259 inditam
798 3198 935 3259 haec
977 3198 1189 3259 omnia
1220 3208 1606 3279 cognoscunt
1636 3208 1699 3262 et

126 3292 486 3363 intuentur-3
522 3310 649 3352 non
688 3291 805 3354 fuit
840 3295 1057 3353 autem
1096 3293 1307 3353 anima
1355 3292 1575 3355 Christi
1606 3293 1697 3353 in-

124 3383 319 3445 ferior
348 3385 607 3463 Angelis
640 3386 705 3446 in
733 3384 943 3463 aliqua
969 3384 1357 3465 perfectione
1389 3385 1469 3447 ad
1496 3388 1696 3448 scien—

126 3476 276 3537 tiam
323 3477 599 3538 infusam
646 3479 1022 3557 pertinente.
1054 3477 1375 3553 Secundo‚
1406 3480 1553 3559 quia
1599 3479 1700 3540 lu-

126 3590 271 3633 men
298 3574 595 3653 superius
617 3574 751 3635 baec
770 3574 982 3634 omnia
1008 3572 1127 3634 sub
1148 3592 1217 3635 se
1236 3572 1689 3652 complectitur,

128 3674 188 3727 et
234 3667 327 3727 illi
369 3666 757 3747 respondent
792 3666 1037 3747 species
1088 3668 1307 3729 infusae
1352 3686 1697 3747 repraesen-

128 3765 335 3821 tantes
364 3762 501 3822 haec
528 3762 762 3822 omnia.
788 3762 999 3823 Tertio
1032 3760 1207 3822 addit
1240 3760 1342 3821 hic
1372 3760 1444 3823 D.
1468 3760 1689 3825 Thom.

130 3854 430 3933 optimam
477 3855 786 3915 rationem
817 3854 885 3917 in
937 3854 1247 3916 solutione
1292 3853 1375 3915 ad
1402 3854 1653 3915 tertium
1676 3900 1691 3927 ,

126 3947 273 4026 quia
310 3964 695 4025 cognoscere
743 3947 1083 4029 singularia
1132 3946 1403 4027 pertinet
1444 3946 1525 4007 ad
1554 3966 1696 4027 per-

126 4040 466 4103 fectionem
518 4040 867 4121 prudentiae
884 4057 903 4117 ;
950 4040 1177 4104 Christi
1226 4049 1437 4102 autem
1486 4042 1694 4102 anima

128 4134 349 4195 habuit
374 4133 714 4213 perfectam
740 4134 1161 4214 prudentiam.
1192 4134 1319 4196 Nec
1342 4132 1463 4195 dici
1492 4139 1698 4213 potest

128 4226 431 4288 habuisse
458 4226 627 4289 illam
654 4232 901 4289 tantum
928 4246 1041 4307 per
1068 4228 1393 4289 scientiam
1418 4226 1693 4305 beatam,

127 4323 308 4401 quia,
346 4322 507 4381 sicut
536 4326 759 4401 praeter
786 4322 956 4382 illam
988 4320 1294 4383 visionem
1324 4320 1561 4382 habere
1590 4320 1695 4382 de-

124 4413 263 4477 buit
302 4414 651 4495 perfectam
688 4415 1109 4494 cognitionem
1141 4414 1590 4495 speculativam
1633 4416 1695 4476 in

124 4508 385 4586 proprio
439 4524 675 4586 genere
728 4524 939 4567 rerum
988 4507 1294 4581 omnium,
1337 4506 1426 4567 ita
1480 4506 1697 4568 debuit

126 4602 319 4663 etiam
349 4599 588 4660 habere
617 4598 955 4679 perfectam
1002 4598 1423 4680 cognitionem
1466 4600 1695 4680 practi-

124 4710 287 4767 cam,
314 4700 507 4773 atqne
536 4693 697 4754 adeo
721 4692 1059 4772 perfectam
1090 4692 1486 4773 prudentiam
1516 4694 1693 4775 quasi

126 4788 185 4848 in
214 4787 475 4867 proprio
508 4802 764 4866 genere.

204 4884 241 4940 7
252 4923 267 4940 .
310 4878 593 4958 objectio.
608 4910 689 4925 -
710 4878 1161 4959 Responsio.--
1180 4878 1305 4941 Sed
1334 4882 1421 4943 ait
1450 4882 1693 4956 ScotuS,

130 4969 208 5031 ad
236 4971 641 5049 prudentiam
681 4972 1025 5050 perfectam
1062 4973 1488 5035 necessarium
1532 4992 1693 5048 esse,

132 5071 191 5125 et
234 5064 556 5140 sufficere,
588 5082 973 5144 cognoscere
1022 5064 1368 5145 singularia
1422 5065 1694 5145 agibilia,

133 5177 253 5220 non
282 5176 441 5220 vero
470 5160 684 5220 omnia
710 5158 1047 5238 singularia
1072 5160 1406 5238 naturalia,
1428 5178 1697 5240 quorum

134 5254 399 5331 plurima
429 5252 585 5313 nihil
611 5252 697 5312 ad
716 5252 1027 5313 humanas
1051 5254 1330 5315 actiones
1358 5256 1692 5334 pertinent.

136 5344 603 5425 Respondetur,
646 5344 755 5405 illo
790 5350 1161 5425 argumento
1200 5348 1506 5426 imprimis
1548 5348 1699 5409 satis

140 5438 375 5502 ostendi
404 5454 789 5517 cognoscere
818 5438 1130 5502 Christum
1158 5458 1272 5520 per
1294 5440 1459 5502 hanc
1488 5442 1693 5503 scien-

140 5534 278 5597 tiam
314 5531 529 5614 aliqna
556 5530 923 5609 singularia,
954 5534 1083 5595 tam
1118 5534 1472 5609 existentia,
1504 5552 1695 5619 quam

1770 487 1981 550 futura
2005 536 2022 565 ,
2049 489 2150 551 vel
2185 493 2558 571 praesentia,
2615 511 2882 574 quorum
2935 496 3206 577 cognitio
3253 497 3336 561 ad

1768 582 2169 665 prudentiam
2215 586 2572 649 necessaria
2621 596 2736 650 est.
2792 588 2866 652 Et
2906 588 3056 653 hinc
3099 590 3335 673 colligi-

1768 696 1933 753 muS,
1962 679 2148 739 etiam
2178 677 2262 739 ad
2289 680 2501 741 omnia
2529 680 2874 762 singularia
2895 672 2966 745 se
2997 686 3334 749 extendere

1770 769 2094 833 scientiam
2127 771 2292 834 hanc
2315 818 2332 846 ,
2363 774 2514 853 quia
2553 773 2772 839 saltem
2820 776 2958 839 aliis
3001 778 3196 841 titulis
3239 786 3338 843 est

1770 862 1982 925 debita
2016 864 2256 928 Christo
2287 884 2504 929 eorum
2548 869 2820 949 cognitio
2847 915 2863 945 ,
2903 876 2966 933 et
2993 890 3122 935 non
3151 891 3336 954 repu-

1772 962 1923 1037 gnat
1949 956 2174 1021 haberi
2201 978 2317 1040 per
2340 961 2504 1023 hanc
2535 962 2883 1026 scientiam.
2908 963 3087 1027 Unde
3113 964 3336 1029 dicitur

1772 1048 2074 1123 secunde,
2104 1052 2414 1115 Christum
2441 1073 2570 1115 non
2600 1062 2844 1118 tantum
2869 1057 3165 1121 habuisse
3191 1078 3336 1139 pru-

1771 1142 2050 1203 dentiam
2078 1145 2418 1225 perfectam
2444 1156 3014 1212 commensuratam
3041 1150 3334 1213 humanas

1770 1240 2098 1315 potestati,
2133 1243 2195 1300 et
2221 1238 2503 1302 facultati
2541 1242 2832 1319 naturali,
2860 1243 2975 1305 sed
3019 1262 3338 1307 commen·

1771 1335 2052 1393 suratam
2070 1333 2364 1411 potestati
2391 1335 2794 1412 excellentiae,
2813 1342 2876 1397 et
2903 1354 3202 1417 supremo
3231 1336 3338 1401 do-

1776 1424 1968 1486 minio
1999 1426 2167 1507 quod
2199 1426 2418 1490 habuit
2438 1430 2502 1489 in
2533 1429 2925 1495 humanitate
2953 1450 3068 1495 sua
3095 1434 3338 1495 ratione

1774 1518 2044 1596 unionis,
2071 1537 2222 1581 nam
2251 1522 2464 1583 omnia
2494 1522 2776 1603 subjecta
2805 1532 2952 1587 sunt
2983 1528 3063 1600 ei,
3093 1532 3162 1589 ut
3191 1526 3340 1589 dici·

1774 1618 1877 1673 tur
1901 1614 1931 1673 1
1969 1611 2051 1673 ad
2075 1612 2352 1676 Corinth.
2383 1618 2482 1688 ⁴5,
2511 1628 2572 1678 et
2601 1615 2679 1677 ad
2710 1617 2900 1681 Hebr.
2931 1620 3002 1691 23
3032 1620 3340 1681 omnium·

1777 1722 1899 1785 que
1927 1710 2208 1785 potestas
2237 1707 2293 1768 ei
2332 1706 2480 1770 data
2511 1716 2628 1786 est,
2653 1710 2870 1773 Matth.
2904 1710 3103 1775 ultim.
3137 1712 3214 1775 Et
3251 1712 3339 1773 id-

1778 1816 1879 1874 ec,
1914 1798 2072 1861 sicut
2113 1801 2202 1861 uti
2247 1802 2450 1881 potuit
2479 1802 2670 1863 rebus
2712 1803 3002 1867 omnibus
3045 1803 3343 1867 naturali·

1777 1892 1917 1966 bus,
1944 1892 2028 1954 ita
2055 1893 2454 1973 prudentiam
2481 1894 2700 1959 habuit
2721 1915 2861 1975 quae
2891 1897 2970 1959 ad
3000 1916 3184 1961 usum
3213 1916 3344 1961 om·

1776 1986 1952 2046 nium
1984 2004 2052 2049 se
2083 1985 2490 2065 extenderet,
2519 2007 2659 2069 quoe
2705 1990 2830 2053 dici
2861 1998 3066 2072 potest
3095 2010 3344 2055 monar-

1776 2078 1955 2141 chica
1981 2083 2042 2141 et
2070 2080 2330 2159 regalis;
2361 2089 2426 2143 et
2449 2082 2592 2144 ideo
2619 2084 2900 2145 omnium
2931 2085 3342 2167 singularium

1778 2172 1966 2234 etiam
1990 2174 2374 2235 naturalium
2397 2176 2818 2257 cognitionem
2841 2178 3080 2241 habere
3101 2178 3340 2242 debuit.

1857 2266 1918 2328 8.
1968 2264 2250 2345 objectio.
2273 2300 2354 2315 —
2371 2270 2722 2351 Responsio.
2743 2302 2821 2317 —
2845 2270 2918 2333 Et
2942 2290 3017 2333 ex
3045 2272 3163 2333 hac
3189 2290 3345 2335 con-

1777 2360 2060 2423 clusione
2101 2361 2412 2441 colligitur
2443 2362 2641 2441 (sicut
2684 2365 2748 2425 in
2783 2366 3158 2445 proecedenti
3191 2366 3346 2429 dixi-

1777 2454 1964 2537 mus),
1988 2458 2358 2537 cognovisse
2381 2457 2690 2521 Christum
2715 2460 2849 2523 hoec
2881 2462 3222 2541 singularia
3249 2460 3344 2525 al-

1776 2550 1915 2611 tiori
1938 2549 2152 2623 mode,
2177 2556 2238 2613 et
2258 2552 2378 2614 sub
2397 2552 2600 2615 altiori
2624 2553 2862 2617 lumine
2883 2572 3072 2635 quam
3101 2556 3346 2636 possint

1779 2642 2149 2705 naturaliter
2174 2646 2470 2725 cognosci
2502 2645 2583 2707 ab
2611 2647 2892 2719 bomine,
2913 2648 3014 2711 vel
3045 2648 3234 2711 etiam
3263 2646 3344 2710 ab

1777 2736 2039 2816 Angelo.
2072 2735 2254 2799 Videt
2283 2738 2450 2799 enim
2480 2757 2594 2818 per
2636 2740 2802 2800 hanc
2852 2738 3178 2803 scientiam
3217 2760 3346 2805 non

1778 2830 1982 2893 solum
2011 2828 2354 2907 singularia
2381 2834 2732 2895 materialia
2751 2878 2767 2909 ,
2801 2833 2913 2896 sed
2943 2835 3133 2897 etiam
3176 2836 3346 2917 ipsos

1780 2924 2074 3005 Angelos,
2106 2924 2272 2987 clare
2321 2933 2386 2987 et
2433 2926 2708 3007 perfecte
2751 2928 3346 3009 comprehendendo

1780 3036 1996 3081 eorum
2048 3024 2328 3091 naturas,
2358 3024 2419 3080 et
2446 3019 2753 3082 intuendo
2806 3039 3024 3083 eorum
3073 3022 3348 3085 existen-

1778 3112 1919 3183 tias,
1952 3110 2176 3173 melius
2207 3128 2399 3191 quam
2431 3111 2510 3173 ab
2539 3114 2752 3175 anima
2779 3122 3091 3194 separata,
3130 3117 3230 3177 vel
3265 3115 3346 3179 ab

1778 3205 1930 3284 ipsis
1961 3205 2221 3285 Angelis
2265 3214 2758 3285 cognomentum
2797 3225 2939 3287 quae
2971 3208 3182 3271 omnia
3223 3210 3345 3273 eis·-

1779 3297 1924 3359 dem
1975 3298 2324 3359 rationibus
2375 3304 2436 3360 et
2480 3300 2860 3380 conjecturis
2902 3301 3339 3366 ostenduntur.

1778 3388 1957 3463 Quod
1999 3408 2148 3453 vero
2200 3392 2421 3454 Scotus
2467 3410 2688 3472 supra,
2721 3393 2885 3455 dicta
2915 3413 2977 3473 q.
3010 3397 3074 3467 4,
3107 3394 3342 3473 objicit,

1778 3499 1907 3545 nou
1931 3502 2118 3564 posse
2149 3486 2573 3565 cognitionem
2601 3486 2950 3549 intuitivam
2985 3489 3210 3551 harum
3250 3507 3346 3551 re·

1775 3597 1918 3640 rum
1951 3579 2161 3657 quoad
2213 3580 2572 3642 existentias
2623 3598 2840 3643 earum
2893 3581 3210 3662 pertinere
3263 3582 3344 3645 ad

1780 3671 2098 3733 scientiam
2134 3688 2248 3751 per
2284 3690 2353 3733 se
2389 3672 2677 3749 infusam,
2713 3681 2904 3753 atque
2948 3674 3107 3739 adeo
3135 3694 3346 3758 neque

1781 3783 1920 3826 esse
1953 3763 2389 3843 perfectiorem
2419 3766 2480 3828 in
2527 3766 2736 3828 anima
2773 3768 2994 3831 Christi
3040 3788 3230 3848 quam
3279 3770 3346 3831 in

1780 3857 2063 3937 Angelis,
2089 3858 2236 3936 quia
2281 3859 2415 3920 haec
2456 3858 2728 3939 cognitio
2773 3858 2843 3922 fit
2877 3860 3240 3925 immediate
3269 3880 3346 3925 ex

1778 3952 2114 4031 praesentia
2145 3950 2403 4031 objecti,
2437 3960 2849 4015 concurrente
2878 3944 3200 4017 intellectu
3231 3972 3346 4017 sua

1778 4044 2032 4124 propria
2076 4044 2336 4118 virtute;
2381 4046 2539 4119 haec,
2569 4044 2852 4125 inquam,
2887 4047 3156 4127 objectio
3199 4066 3349 4129 sup-

1780 4138 1956 4217 ponit
1977 4136 2203 4198 falsum
2229 4137 2736 4215 fundamentum,
2761 4140 3018 4207 scilicet.
3046 4141 3348 4222 cognitio-

1779 4248 1923 4292 nem
1977 4230 2329 4292 intuitivam
2381 4250 2508 4293 non
2549 4230 2684 4295 fieri
2739 4234 3057 4297 mediante
3108 4235 3345 4315 specie,

1778 4322 1947 4402 quod
1970 4322 2198 4385 falsum
2221 4330 2338 4401 est,
2363 4331 2431 4386 ut
2454 4326 2518 4385 in
2543 4324 2834 4388 sensibus
2861 4326 3050 4388 etiam
3075 4324 3348 4388 externis

1778 4424 1970 4496 patet.
2007 4418 2080 4478 Et
2121 4418 2350 4479 deinde
2399 4418 2587 4479 etiam
2636 4418 2689 4479 si
2728 4419 2972 4499 species
3013 4437 3138 4481 non
3183 4425 3348 4481 esset

1777 4510 2137 4571 necessaria
2169 4529 2244 4572 ex
2275 4516 2451 4590 parte
2481 4511 2734 4572 luminis
2764 4512 2974 4586 infusi,
3002 4525 3215 4593 posset
3255 4514 3348 4574 in-

1779 4604 2066 4666 tellectus
2089 4604 2310 4666 Christi
2335 4602 2535 4666 altiori
2565 4606 2752 4666 modo
2783 4605 3012 4667 intueri
3041 4606 3178 4669 haec
3211 4605 3346 4685 ipsa

1779 4698 2024 4779 objecta
2053 4699 2384 4779 praesentia
2420 4716 2536 4779 per
2569 4699 2730 4759 hanc
2775 4699 3124 4777 scientiam,
3157 4718 3346 4779 quam

1777 4800 1993 4871 posset
2023 4794 2210 4853 homo
2231 4791 2330 4854 vel
2353 4791 2630 4870 Angelus
2652 4810 2765 4871 per
2789 4792 3074 4854 naturale
3095 4794 3344 4865 lumem

1778 4885 1896 4945 hoc
1936 4884 2131 4964 igitur
2173 4884 2363 4946 modo
2406 4892 2671 4965 possunt
2702 4884 2797 4945 has
2830 4904 2932 4946 res
2965 4884 3344 4964 singulares„

1780 4978 1968 5038 etiam
2011 4977 2078 5038 in
2123 4976 2341 5039 ordine
2384 4976 2466 5038 ad
2512 4976 2935 5056 cognitionem
2966 4978 3342 5053 intuitivam,

1780 5070 1863 5131 ad
1894 5068 2205 5149 objectum
2235 5070 2424 5149 hujus
2461 5070 2732 5131 scientiae
2764 5072 3098 5149 pertinere.
3130 5071 3226 5133 Ad
3253 5089 3347 5132 ra·

1778 5163 2017 5225 tionem
2053 5180 2202 5240 ergo
2235 5163 2562 5225 dubitandi
2614 5165 2676 5225 in
2725 5162 3031 5244 principio
3080 5165 3344 5245 positam

1778 5262 2049 5337 negatur
2075 5257 2554 5337 consequentia;
2584 5258 2729 5337 quia
2758 5256 2973 5318 lumen
3006 5275 3120 5318 seu
3146 5258 3348 5319 scien·

1779 5352 1862 5409 tia
1887 5350 2226 5429 superioris
2251 5349 2486 5412 ordinis
2510 5354 2714 5430 potest
2733 5348 2969 5411 habere
2997 5348 3346 5411 universale

1778 5442 2122 5524 objectum,
2155 5444 2328 5524 quod
2377 5462 2504 5505 non
2555 5444 2756 5504 solum
2809 5460 2911 5503 res
2963 5442 3340 5522 superioreS,

1778 5536 1891 5597 sed
1917 5536 2106 5601 etiam
2137 5536 2463 5599 inferiores
2491 5534 2966 5621 complectatur.
3000 5534 3094 5597 Ad
3125 5534 3345 5598 confir-
