3892 6167
512 318 595 381 5ss
1774 311 2009 373 QUAEs'r.
2049 311 2130 362 xi.
2167 310 2366 363 Λιιτιω.
2407 309 2462 361 ν.

513 428 775 497 neuter„
816 420 899 481 ita
926 423 1139 479 tamen
1170 418 1239 473 ut
1262 428 1517 491 semper
1559 408 1637 471 sit
1680 410 1745 470 in
1774 412 1919 469 actu
1972 424 2072 468 se·
2153 425 2267 487 per
2294 425 2474 469 suam
2515 406 2876 479 essentiam,
2899 408 3045 484 quia
3089 406 3444 486 proprium
3480 415 3568 469 est
3599 412 3704 491 ejus

513 514 745 587 cundo,
778 519 847 574 ut
874 508 1135 573 scientia
1162 506 1346 569 beata
1366 526 1385 580 3
1408 509 1473 566 et
1497 502 1630 565 haec
1662 520 1783 563 non
1818 508 1947 563 tam
1970 520 2077 563 vo·
2153 502 2292 563 illas
2319 518 2541 563 omnes
2561 500 2882 562 continere
2905 506 3230 579 tanquam
3261 501 3582 579 propriam
3607 524 3706 569 om.

516 616 697 670 catur
720 602 1063 667 habitualis
1096 616 1289 679 quam
1332 595 1615 659 actualiS.
1647 595 1855 657 Tertio
1885 594 2075 656 modo
2157 595 2332 657 nium
2363 612 2650 665 causam;
2677 599 2738 655 et
2759 594 2900 657 ideo
2919 595 3158 657 modus
3191 598 3612 673 cognoscendi
3631 620 3708 664 res

516 699 867 767 infunditur
894 698 980 759 ita
1011 700 1083 757 ut
1107 697 1363 755 maneat
1387 690 1453 751 in
1482 694 1783 769 operante
1806 732 1826 763 ,
1854 687 2078 749 saltem

520 794 735 875 quoad
786 795 997 854 actum
1029 788 1303 869 primum
1328 828 1345 857 ‚
1378 788 1443 845 et
1480 783 1546 844 in
1589 781 1911 843 voluntate
1942 782 2082 859 ejus

526 888 603 950 sit
632 886 723 947 uti
753 886 880 957 illa,
904 882 1001 943 vel
1028 895 1276 943 cessare
1311 875 1391 937 ab
1414 880 1559 937 actu
1584 872 1882 937 secundo.
1917 874 1993 934 Et
2019 873 2085 933 iu

522 980 643 1042 hoc
670 996 863 1041 sensu
891 978 1117 1037 tractat
1142 973 1217 1033 D.
1243 970 1494 1037 Tuom..
1532 985 1615 1027 an
1658 965 1791 1029 haec
1825 964 2084 1029 scientia

522 1070 732 1133 infusa
765 1067 1103 1131 habitualis
1130 1064 1231 1126 sit.

605 1169 665 1229 2.
714 1162 1071 1244 Respondet
1098 1156 1473 1221 affirmando
1506 1172 1644 1217 esse
1672 1151 2081 1215 habitualem.

524 1259 705 1322 Ratio
726 1259 863 1338 ejus
882 1263 1001 1329 est,
1022 1254 1173 1333 quia
1194 1252 1331 1313 haec
1348 1250 1607 1312 scientia
1628 1248 1775 1311 data
1802 1247 2087 1325 estjuxta

525 1352 995 1433 proportionem
1028 1347 1253 1409 animae
1296 1346 1617 1417 humanae3
1648 1342 1757 1403 sed
1800 1341 1901 1401 hic
1946 1357 2087 1401 mo-

522 1444 645 1507 dus
672 1441 1011 1505 habitualis
1040 1439 1318 1501 scientiae
1364 1444 1459 1499 est
1488 1434 1913 1499 connaturalis
1957 1431 2088 1493 ani-

526 1554 647 1599 moe
698 1538 1029 1609 humanae3
1074 1550 1249 1610 erge.
1290 1533 1489 1605 Quam
1531 1529 1841 1589 rationem
1884 1525 2088 1603 magis

528 1628 846 1710 explicans
888 1629 953 1689 in
1002 1625 1312 1689 solutione
1342 1622 1425 1684 ad
1453 1622 1725 1702 primum
1744 1666 1761 1694 ‚
1794 1619 2086 1681 differen-

528 1724 677 1786 tiam
728 1722 1049 1785 constituit
1095 1721 1259 1782 inter
1304 1716 1629 1779 scientiam
1682 1714 1976 1789 beatam,
2027 1718 2090 1774 ct

526 1817 695 1879 hanc
724 1815 999 1878 infusam
1018 1860 1039 1891 ,
1070 1812 1241 1895 quod
1268 1812 1376 1873 illa
1420 1809 1663 1871 excedit
1690 1807 1947 1869 modum
1975 1807 2090 1867 hu-

534 1929 739 1973 manae
786 1916 1059 1982 naturai,
1092 1913 1153 1968 et
1180 1912 1275 1967 est
1306 1902 1756 1985 perfectissima
1797 1899 2091 1979 simplici-

529 2012 661 2079 ter;
691 2010 755 2065 et
780 2003 923 2065 ideo
952 2018 1203 2079 semper
1230 1998 1413 2061 estin
1446 2002 1589 2057 actu
1622 1995 1930 2067 secundm
1959 1994 2090 2055 liaec

530 2117 681 2161 vero
716 2104 811 2159 cst
855 2095 1203 2157 secundum
1254 2092 1511 2154 modum
1550 2089 2090 2169 proportionatum

531 2194 826 2255 humanm
856 2196 1131 2261 naturae,
1175 2194 1236 2248 et
1277 2186 1481 2248 solum
1515 2190 1611 2245 est
1640 2182 2092 2263 perfectissima

530 2286 597 2347 in
646 2302 878 2365 genere
919 2283 1211 2345 humanas
1252 2278 1664 2359 cognitionis;
1700 2280 1763 2339 et
1790 2275 1933 2338 ideo
1964 2292 2092 2335 non

532 2381 780 2456 oportet
802 2384 870 2439 ut
898 2392 1149 2453 semper
1171 2374 1251 2435 sit
1278 2373 1343 2433 in
1368 2378 1513 2434 actu
1542 2368 1843 2433 secundo.

566 2521 572 2527 .
614 2471 674 2531 3.
719 2468 1005 2533 Dubium.
1038 2501 1118 2516 --
1146 2468 1215 2528 ln
1246 2484 1369 2546 qua
1407 2463 1685 2525 doctrina
1738 2461 1949 2521 statim
1991 2478 2097 2520 oc·

536 2564 728 2627 currit
786 2562 1116 2624 difficultas
1144 2606 1161 2631 ‚
1218 2560 1364 2637 quia
1418 2558 1664 2621 videtur
1702 2555 1774 2616 D.
1819 2554 2095 2616 Thomas

540 2663 819 2719 evertere
843 2656 1079 2730 omnia,
1103 2672 1241 2732 quae
1265 2653 1345 2715 de
1366 2653 1485 2713 hac
1508 2649 1767 2713 scientia
1796 2649 2090 2724 diximus,

538 2760 605 2813 et
630 2750 858 2812 sentire
895 2766 1023 2809 non
1055 2765 1193 2809 esse
1221 2765 1339 2826 per
1367 2764 1459 2819 se,
1491 2745 1604 2806 sed
1647 2762 1762 2825 per
1800 2742 2092 2803 accidens

535 2842 845 2921 infusamj
882 2858 1053 2916 nam,
1084 2840 1133 2901 si
1162 2858 1274 2920 per
1304 2858 1373 2901 se
1410 2838 1615 2899 infusa
1652 2843 1778 2912 est,
1820 2852 1970 2915 ergo
1999 2840 2096 2897 est

534 2934 1054 3017 supernaturalis,
1084 2938 1149 2997 et
1177 2932 1487 2995 excedens
1520 2929 1877 2993 naturalem
1905 2944 2096 3005 capa-

532 3030 787 3093 citatem
836 3026 1130 3089 humana}
1172 3031 1451 3098 naturae3
1509 3042 1620 3085 cur
1666 3039 1817 3101 ergo
1870 3019 2096 3081 dicitur

530 3123 667 3191 dari
708 3120 1057 3183 secundum
1084 3120 1344 3181 modum
1373 3117 1845 3181 connaturalem
1872 3114 2094 3176 huma-

534 3234 633 3279 nae
674 3218 955 3279 naturae?
982 3216 1056 3276 Et
1096 3213 1506 3275 confirmatur
1528 3260 1543 3283 ‚
1575 3212 1726 3291 quia
1754 3209 2000 3290 species
2030 3212 2094 3269 et

528 3311 747 3373 lumen
790 3310 975 3388 hujus
1007 3308 1287 3369 scientiae
1326 3326 1455 3369 non
1480 3312 1625 3368 sunt
1658 3301 2093 3367 connaturalia

532 3403 827 3465 humanas
860 3408 1139 3477 naturae3
1176 3418 1327 3479 ergo
1358 3418 1559 3479 neque
1590 3397 1803 3476 quoad
1834 3396 2093 3457 modum

538 3493 847 3557 existendi
888 3497 954 3555 in
1005 3500 1149 3555 actu
1181 3494 1280 3555 vel
1315 3494 1381 3555 in
1418 3493 1634 3555 habitu
1681 3490 1993 3572 oportebit
2027 3494 2097 3549 ut

537 3591 618 3652 sit
664 3589 1089 3651 connaturalis
1130 3588 1423 3649 humanm
1472 3591 1730 3647 naturas.
1781 3584 1959 3649 Unde
1996 3602 2098 3645 sc·

537 3680 745 3745 cundo
775 3680 1026 3743 difficile
1057 3687 1156 3742 est
1194 3680 1363 3759 quod
1388 3680 1456 3743 D.
1487 3679 1759 3741 Thomas
1788 3679 1910 3753 ait,
1935 3676 2100 3738 hanc

536 3776 869 3838 scientiam
900 3792 1037 3837 esse
1064 3774 1583 3854 perfectissimam
1603 3816 1619 3847 ,
1652 3790 1783 3833 non
1808 3770 2102 3850 simplici-

537 3876 657 3947 ter,
680 3871 793 3931 sed
822 3870 885 3931 in
915 3886 1151 3949 genere
1178 3869 1456 3933 humanm
1484 3866 1872 3946 coquitionis.
1909 3866 2104 3927 Inter-

538 3979 691 4042 rogo
740 3962 909 4024 enim
953 3961 1107 4042 quid
1148 3962 1402 4023 nomine
1433 3961 1712 4024 humanae
1742 3956 2102 4037 cognitionis

538 4055 863 4135 intelligat.
920 4056 983 4117 Si
1035 4056 1203 4117 enim
1252 4055 1547 4134 loquatur
1598 4052 1677 4115 de
1744 4052 2101 4132 cognitione

541 4148 933 4209 connaturali
958 4148 1079 4229 ipsi
1100 4148 1361 4221 homini,
1380 4146 1675 4227 supponit
1697 4150 1911 4225 aperte
1938 4144 2104 4205 hanc

540 4242 867 4303 scientiam
898 4258 1038 4303 esse
1075 4258 1189 4320 per
1216 4239 1507 4303 accidens
1536 4238 1807 4299 infusam
1834 4286 1849 4309 ‚
1891 4244 1955 4298 et
1989 4234 2102 4297 fal-

540 4351 683 4395 sum
712 4342 806 4397 cst
836 4334 1007 4413 quod
1034 4332 1205 4409 dicit,
1237 4334 1384 4412 quia
1412 4332 1547 4393 haec
1578 4332 1837 4393 scientia
1865 4328 2104 4409 perfec-

540 4427 662 4490 tior
700 4430 797 4489 est
842 4426 1009 4487 omni
1038 4424 1323 4509 angelica
1354 4425 1735 4505 cognitione,
1762 4431 1887 4487 tam
1917 4428 2104 4484 uatu-

542 4521 695 4593 rali‚
740 4538 931 4601 quam
984 4518 1487 4599 supernaturali,
1536 4524 1797 4597 excepta
1842 4516 2101 4579 scientia

540 4616 764 4691 beata3
798 4615 846 4675 si
882 4618 1095 4675 autem
1136 4630 1249 4693 per
1294 4612 1719 4693 coguitionem
1758 4611 2104 4673 humanam

540 4703 832 4787 intelligit
854 4725 1111 4769 omnem
1131 4706 1554 4787 cognitionem
1574 4723 1711 4785 quae
1732 4711 1936 4784 potest
1961 4722 2101 4787 esse

540 4798 607 4857 in
639 4799 915 4873 homine,
942 4800 1131 4861 etiam
1160 4798 1743 4879 supernaturaliter,
1770 4799 1887 4859 hoc
1912 4798 2101 4859 modo

544 4892 730 4953 ctiam
758 4892 1015 4955 scientia
1042 4893 1227 4955 beata
1272 4899 1476 4971 potest
1515 4890 1639 4951 dici
1680 4889 1958 4951 humana
1981 4936 1996 4965 ‚
2041 4898 2105 4953 et

544 4986 630 5047 ita
652 4987 839 5049 etiam
864 4987 1204 5069 propositio
1234 4986 1391 5048 falsa
1424 4985 1563 5047 erit.

626 5080 685 5139 4.
710 5079 1584 5159 ResponsiO.--Respondctur
1601 5079 1893 5151 breviter,
1910 5079 2107 5139 scien-

544 5172 695 5233 tiam
726 5189 937 5232 rerum
983 5190 1093 5231 seu
1125 5180 1555 5234 creaturarum
1598 5172 1659 5232 in
1700 5172 1954 5251 proprio
1997 5191 2107 5251 ge-

543 5282 696 5325 nere
732 5282 994 5325 vocasse
1037 5264 1105 5325 D.
1140 5266 1361 5327 Thom.
1394 5264 1721 5327 scientiam
1752 5282 2106 5325 accommo-

540 5357 756 5419 datam
796 5358 984 5421 modo
1024 5358 1446 5437 cognoscendi
1486 5358 1777 5421 humanae
1812 5363 2098 5431 naturae3

546 5456 640 5513 est
670 5452 837 5515 enim
868 5452 1187 5533 proprium
1232 5451 1331 5515 Dei
1374 5470 1757 5533 cognoscere
1786 5458 2102 5537 creaturas

2162 689 2225 749 in
2257 688 2462 751 Verbo
2491 688 2719 750 dicitur
2745 687 3160 766 singulariter
3183 707 3226 749 a
3253 688 3330 748 D.
3355 688 3588 751 Thema
3607 710 3708 757 mn.

2163 781 2284 843 dus
2317 782 2630 845 excedens
2653 780 3076 843 conditionem
3119 787 3388 843 naturoe
3423 780 3709 864 hnmana,

2164 895 2294 939 non
2323 876 2470 955 quia
2500 895 2624 937 nou
2659 875 2920 939 excedat
2947 878 3140 939 etiam
3171 875 3604 939 conditionem
3627 899 3710 943 an-

2167 970 2380 1051 gelicae
2407 976 2669 1043 naturae,
2693 971 2807 1033 sed
2833 972 2980 1048 quia
3003 988 3186 1032 nunc
3217 970 3306 1031 de
3331 968 3604 1032 humana
3629 992 3712 1037 na-

2169 1071 2310 1127 tura
2357 1072 2490 1127 erat
2535 1083 2766 1127 sermo.
2813 1066 3050 1127 Dicitur
3095 1080 3268 1145 ergo
3315 1062 3456 1125 haec
3491 1064 3710 1130 scientia

2167 1158 2305 1221 dari
2332 1157 2520 1220 modo
2555 1158 2942 1220 connaturali
2973 1158 3212 1219 animm
3257 1156 3593 1223 humanae.
3615 1179 3710 1223 non

2167 1254 2314 1333 quia
2335 1270 2460 1315 non
2477 1251 2556 1314 sit·
2573 1270 2688 1332 per
2701 1271 2768 1314 se
2785 1252 2989 1313 infusa
3005 1257 3068 1314 et
3081 1251 3611 1331 supernaturalis,
3627 1257 3712 1317 sed

2168 1346 2316 1426 quia
2363 1346 2508 1408 data
2559 1355 2655 1409 est
2696 1364 2812 1426 per
2839 1346 3228 1408 infusionem
3265 1343 3612 1424 specierum
3639 1366 3712 1409 re·

2169 1440 2680 1519 praesentantium
2709 1441 2895 1501 resin
2920 1439 3182 1519 proprio
3205 1454 3462 1517 genere
3475 1454 3498 1516 3
3525 1444 3582 1500 et
3599 1444 3710 1519 quia

2171 1533 2668 1612 supernaturalia
2698 1531 2940 1594 infundi
2985 1532 3196 1595 solent
3217 1576 3242 1607 ,
3273 1537 3586 1611 quantum
3608 1532 3712 1595 fieti

2171 1630 2395 1707 potest,
2423 1626 2612 1687 modo
2641 1626 3110 1687 accommodato
3141 1630 3433 1696 naturae‚
3459 1630 3520 1685 et
3541 1628 3710 1705 cogni·

2171 1721 2296 1794 tio,
2340 1737 2477 1798 quae
2518 1718 2590 1780 fit
2629 1736 2744 1799 per
2783 1718 3215 1799 intelligibiles
3261 1718 3552 1797 species,
3589 1718 3712 1781 solet

2173 1832 2310 1876 esse
2342 1813 2624 1891 subjecta
2651 1814 2905 1875 arbitrio
2936 1811 3266 1893 operantis
3312 1811 3527 1891 quoad
3565 1830 3708 1875 usum

2172 1924 2391 1968 earum
2420 1907 2484 1967 in
2515 1914 2658 1968 actu
2689 1906 2993 1981 secundo,
3025 1908 3176 1969 inde
3207 1904 3620 1985 probabiliter
3641 1907 3710 1967 in-

2172 2000 2310 2062 tulit
2331 2001 2402 2060 D.
2429 2000 2701 2060 Thomas
2729 2000 2893 2059 hanc
2917 1998 3254 2061 scientiam
3287 1998 3418 2059 hoc
3446 1997 3622 2058 modo
3645 1998 3710 2059 in-

2173 2094 2378 2153 fusam
2419 2110 2555 2153 esse
2603 2093 2829 2153 animte
2866 2090 3128 2166 Christi,
3179 2098 3249 2153 et
3281 2091 3372 2152 ita
3413 2108 3549 2151 esse
3571 2090 3709 2153 habi·

2175 2187 2432 2259 tualem,
2459 2194 2522 2248 et
2545 2205 2660 2267 per
2686 2184 2806 2248 hoc
2835 2186 2905 2250 fit
2931 2187 3084 2249 satis
3111 2188 3343 2266 primae
3379 2184 3704 2247 difficultati.

2255 2281 2313 2341 5.
2359 2280 2458 2343 Ad
2489 2280 2831 2341 secundam
2860 2298 3012 2343 vero
3042 2278 3494 2359 respondetur,
3531 2277 3708 2338 distin-

2175 2392 2370 2453 guere
2427 2374 2498 2435 D.
2554 2372 2856 2435 Thomam
2919 2374 3251 2435 scientiam
3311 2372 3642 2433 humanam
3682 2390 3708 2431 a

2177 2467 2435 2529 scientia
2471 2466 2680 2529 divina
2703 2510 2724 2543 ,
2767 2486 2908 2547 quoe
2938 2466 3216 2529 habetur
3249 2484 3372 2545 per
3421 2464 3708 2545 ipsammet

2179 2560 2516 2622 essentiam
2549 2560 2660 2622 Dei
2678 2576 2699 2637 3
2737 2560 2942 2635 unde,
2975 2578 3120 2623 cum
3151 2558 3314 2621 dicit
3358 2558 3526 2620 hanc
3551 2556 3710 2618 scien-

2179 2655 2328 2718 tiam
2365 2672 2506 2715 esse
2533 2654 3056 2733 perfectissimam
3079 2654 3144 2717 in
3169 2670 3422 2735 genere
3452 2651 3706 2731 cognitio-

2179 2749 2276 2809 nis
2319 2748 2647 2822 humanae‚
2693 2766 2823 2809 non
2854 2748 3058 2810 solum
3099 2746 3401 2825 intelligit
3437 2745 3516 2806 de
3543 2746 3709 2825 cogni-

2181 2842 2348 2903 tione
2391 2841 2700 2917 natnrafi,
2739 2842 2853 2903 sed
2891 2842 2971 2902 de
3015 2841 3188 2903 omni
3219 2838 3578 2917 cognitione
3603 2854 3706 2915 quae

2177 2952 2290 3015 per
2324 2934 2565 3014 species
2596 2934 2822 2995 inditas
2843 2934 2982 2995 fieri
3005 2941 3237 3013 potest,
3273 2932 3503 2993 saltem
3527 2930 3600 2991 de
3623 2948 3708 3009 po·

2181 3028 2370 3091 tentia
2425 3028 2740 3090 ordinaria
2761 3073 2776 3102 ‚
2821 3028 3127 3107 quidquid
3175 3028 3257 3089 sit
3303 3026 3390 3089 de
3439 3024 3702 3085 absoluta.

2177 3122 2355 3185 Unde
2395 3122 2516 3183 sub
2565 3121 2688 3183 hac
2729 3120 3086 3201 cognitione
3129 3120 3426 3183 humana
3465 3134 3708 3195 compre-

2173 3214 2392 3277 hendit
2421 3215 2840 3295 cognitionem
2885 3232 3138 3275 omnem
3160 3259 3176 3288 ‚
3219 3232 3368 3293 qum
3398 3220 3568 3273 extra
3593 3210 3705 3283 Ver·

2175 3308 2323 3369 bum
2365 3326 2504 3369 esse
2536 3313 2741 3386 potest
2769 3308 2834 3369 in
2864 3308 3078 3369 anima
3108 3306 3422 3379 humana,
3451 3311 3570 3366 tam
3595 3318 3709 3363 con·

2169 3402 2386 3481 juncta
2423 3402 2668 3478 corpori
2693 3419 2884 3479 quam
2909 3409 3222 3481 separata,
3253 3407 3324 3462 et
3352 3406 3479 3461 tam
3505 3415 3608 3476 per
3625 3412 3706 3455 na-

2179 3501 2407 3564 turam,
2439 3510 2630 3572 quarn
2659 3512 2773 3573 per
2800 3494 3177 3555 infusionem
3199 3493 3318 3555 Dei
3331 3509 3352 3571 3
3379 3497 3444 3553 et
3469 3490 3582 3553 hoc
3605 3504 3709 3549 mo-

2180 3588 2262 3651 do
2299 3586 2557 3649 scientia
2591 3586 3042 3666 perfectissima
3069 3587 3136 3649 in
3159 3586 3286 3649 hoc
3310 3600 3544 3665 genere
3563 3596 3706 3643 exce·

2182 3682 2332 3745 dere
2362 3687 2603 3760 potest,
2643 3700 2772 3743 non
2805 3681 3008 3743 solum
3035 3680 3369 3743 scientiam
3399 3676 3708 3747 hominum,

2185 3775 2296 3837 sed
2327 3776 2512 3837 etiam
2541 3774 2952 3854 Angelorum.
2981 3775 3058 3837 Et
3078 3775 3161 3835 ita
3185 3774 3454 3836 solvitur
3480 3766 3707 3831 secunda

2186 3867 2542 3941 difficultaS,
2566 3874 2630 3929 et
2657 3869 2938 3948 exposita
2963 3874 3056 3929 est
3086 3866 3319 3929 solutio
3351 3864 3433 3926 ad
3457 3862 3708 3943 primum.

2263 3964 2322 4024 6.
2371 3960 2730 4023 Secundum
2777 3967 3219 4042 argumentum
3253 3962 3328 4021 D.
3361 3959 3604 4019 Thomae
3640 3952 3710 4011 cst

2183 4053 2564 4134 hujusmodi.
2597 4053 2710 4115 Per
2727 4054 2891 4117 hanc
2920 4055 3244 4117 scientiam
3273 4048 3591 4133 cognoscit
3609 4042 3710 4107 ani·

2183 4167 2286 4209 rna
2316 4148 2538 4209 Christi
2567 4146 2844 4225 infinita;
2875 4166 3027 4229 ergo
3069 4148 3168 4209 vel
3193 4145 3384 4209 simul
3410 4142 3604 4205 omnia
3629 4136 3707 4197 illa

2184 4242 2500 4321 intelligit,
2535 4242 2632 4304 vel
2659 4260 2984 4321 nunquam
3018 4243 3243 4322 poterit
3275 4258 3394 4319 per
3413 4232 3708 4301 successio-

2183 4354 2332 4397 nem
2365 4343 2618 4397 actuum
2649 4335 2751 4397 illa
2783 4336 2992 4397 omnia
3021 4334 3446 4397 considerare.
3474 4332 3708 4407 Respon-

2183 4429 2292 4493 det
2323 4430 2386 4491 D.
2437 4428 2710 4491 Thomas
2739 4428 3144 4491 concedendo
3176 4448 3278 4491 res
3330 4424 3598 4507 cognitas
3621 4434 3708 4497 per

2185 4522 2348 4583 hanc
2393 4523 2711 4584 scientiam
2761 4523 2825 4583 in
2855 4527 2996 4584 actu
3026 4525 3227 4602 primo
3275 4538 3417 4583 esse
3445 4512 3706 4582 infinitas,

2187 4620 2250 4677 et
2287 4615 2374 4675 ita
2413 4632 2742 4693 nunquam
2789 4632 2976 4695 posse
3032 4633 3254 4677 omnes
3295 4620 3436 4676 actu
3467 4602 3706 4671 conside-

2185 4708 2312 4769 rari
2359 4708 2442 4769 ab
2473 4708 2686 4769 anima
2705 4708 2952 4783 Christi,
2979 4726 3098 4769 nec
3123 4708 3332 4784 simul,
3360 4724 3476 4767 nec
3501 4710 3708 4763 succes·

2186 4800 2349 4874 sive3
2418 4819 2628 4881 neque
2687 4809 2900 4863 tamen
2958 4806 3292 4881 propterea
3362 4794 3704 4877 superfluum

2187 4910 2326 4955 esse
2357 4895 2546 4955 talem
2577 4895 2850 4975 primum
2885 4900 3117 4964 actum,
3157 4894 3302 4973 quia
3343 4891 3490 4953 satis
3532 4892 3615 4947 est
3655 4883 3704 4939 ut

2187 5006 2300 5065 pro
2329 4986 2468 5048 loco
2501 4993 2563 5047 et
2585 4994 2868 5066 tempore
2904 4985 3100 5065 possit
3117 4989 3334 5047 anima
3357 4979 3564 5047 Christi
3586 4978 3701 5035 actu

2189 5078 2590 5141 considerare
2621 5079 2966 5155 quamlibet
2985 5096 3062 5139 ex
3095 5078 3214 5139 illis
3255 5076 3503 5139 infinitis
3521 5068 3698 5133 rebus.

2189 5172 2257 5233 lu
2303 5191 2430 5251 qua
2475 5172 2786 5233 solutione
2841 5171 3092 5233 difficile
3128 5171 3364 5233 creditu
3411 5174 3520 5235 est·
3563 5174 3697 5221 ΜΠ·

2187 5284 2376 5343 quam
2399 5282 2580 5343 posse
2612 5265 2888 5326 animam
2915 5265 3144 5327 Christi
3173 5282 3288 5343 per
3314 5268 3486 5325 actus
3513 5256 3586 5317 ab
3605 5255 3697 5313 hac

2187 5359 2448 5421 scientia
2515 5357 2756 5419 elicitos
2809 5358 3136 5419 exhaurire
3186 5361 3379 5419 totum
3423 5342 3693 5414 materiale

2187 5452 2502 5531 objectum
2529 5450 2636 5533 huj
2649 5470 2718 5513 us
2741 5452 3038 5515 scientiae.
3063 5450 3290 5517 Melius
3319 5466 3464 5527 erge
3487 5442 3694 5505 videtur
