3892 6167
1435 301 1753 356 ntst’u'ru.
1788 303 1958 360 xhtv.

1992 304 2160 360 SECT.
2197 303 2236 356 1.
3308 309 3427 375 405

176 409 450 472 habeat
468 413 849 490 potestatem
874 407 939 470 in
966 423 1240 482 servum,
1273 410 1346 467 ut
1374 421 1449 466 eo
1478 409 1692 467 utatur
1714 405 1781 466 in
1864 404 2326 487 hypostaticam
2349 424 2482 470 non
2511 407 2848 472 exclusisse
2875 407 2954 472 ab
2998 410 3274 489 humana
3314 432 3432 478 na-

178 519 473 566 omnem
518 521 725 576 usum,
778 519 1113 566 commune
1163 499 1355 562 etiam
1400 503 1607 579 potest
1648 515 1783 560 esse
1864 503 2004 562 tura
2036 517 2178 562 eam
2213 500 2638 565 conditionem
2673 502 2984 566 servitutis
3016 523 3206 584 quam
3234 507 3430 574 habet

178 616 338 660 non
373 597 611 670 servis;
644 615 793 658 nam
824 603 1003 675 pater
1030 607 1245 675 posset
1278 592 1547 654 similem
1572 597 1783 674 potes-

1865 595 2337 656 connaturalem
2359 614 2376 665 ;
2401 600 2462 656 et
2494 594 2575 656 ab
2600 613 2674 658 ea
2705 601 2772 658 ut
2794 597 2880 660 sic
2911 598 2998 658 ait
3025 599 3334 662 Christum
3358 608 3429 665 ut

174 698 413 753 tatem
456 689 697 752 habere
744 690 813 752 in
854 689 1091 762 fllium;
1135 689 1261 750 imo
1312 686 1556 750 etiamsi
1612 687 1783 746 Deus
1863 686 2188 751 hominem
2230 687 2619 752 denominari
2651 707 2926 754 servum.
2951 692 3252 756 Eamdem
3282 713 3426 758 sen-

182 785 399 846 daret
446 785 613 864 patri
666 783 1034 848 facultatem
1081 781 1495 846 interficiendi
1554 781 1779 856 filium,
1860 781 2124 844 tentiam
2154 787 2326 844 tenet
2361 782 2606 858 Palud.,
2627 784 2692 846 in
2717 787 2782 861 3,
2810 783 2872 846 d.
2904 788 3000 858 12,
3028 801 3090 864 q.
3120 788 3181 859 3,
3207 786 3272 848 in
3299 788 3426 870 pri-

180 895 343 939 non
374 878 521 940 ideo
556 883 723 940 esset
752 896 995 952 ser-vua,
1036 877 1187 957 quia
1214 895 1465 984 semper
1499 894 1783 940 commu·-

1860 891 1966 934 mo
1997 873 2161 936 dicto
2201 875 2402 936 tertiae
2434 875 2776 956 opinionis;
2806 883 2870 939 et
2897 879 3092 958 Cajet.
3128 879 3266 954 hic,
3299 885 3419 942 art.

182 972 457 1035 nicaret
485 989 628 1034 cum
651 973 869 1066 patre
852 991 919 1033 ιιι
946 973 1185 1036 honore
1216 975 1283 1034 et
1307 969 1373 1034 in
1396 971 1601 1047 bonis,
1633 970 1781 1048 quia
1862 969 1887 1030 1
1930 973 2054 1032 et..
2014 969 2052 1012 θ
2059 973 2162 1041 ,ει
2185 985 2406 1030 omnes
2429 969 2788 1032 Themistoe.
2813 972 2902 1032 Ex
2921 971 3146 1052 quibus
3167 972 3423 1054 quidam

188 1071 417 1128 esset
435 1067 718 1128 hoerese
679 1068 864 1147 ejus3
912 1071 1137 1146 praeter
1176 1066 1309 1128 hacc
1362 1070 1575 1127 autem
1620 1063 1777 1126 nihil

190 1159 391 1220 aliud
438 1160 748 1238 reperitur
790 1160 855 1224 in
898 1177 1079 1222 servo
1126 1158 1299 1240 quod
1336 1159 1415 1221 sit
1450 1157 1775 1238 proprium

186 1253 383 1313 servi
407 1259 490 1315 ut
501 1254 612 1329 sie,
632 1259 867 1333 praeter
888 1253 1059 1314 illam
1076 1251 1479 1331 negationem
1498 1268 1777 1314 commu-

190 1346 553 1408 nicationis
614 1348 683 1408 ιιι
742 1346 947 1408 bonis.
1016 1346 1435 1408 Confirmatur
1484 1344 1773 1424 apposito

194 1441 531 1518 exempto,
558 1459 731 1514 nam,
744 1440 959 1520 siquis
975 1439 1270 1502 ancillam
1288 1438 1357 1500 in
1377 1455 1640 1500 uxorem
1664 1437 1779 1500 du-

190 1541 335 1606 cat,
370 1535 497 1596 hnc
518 1535 651 1613 ipso
680 1533 1075 1596 desinit.esse
1103 1532 1350 1606 ancilla,
1390 1537 1462 1594 ιιι
1483 1531 1777 1594 indicavit

190 1629 333 1688 Leo
384 1625 551 1709 Papa
570 1673 585 1702 ‚
640 1627 819 1707 epist.
864 1630 945 1690 92
990 1627 1073 1690 ad
1119 1626 1439 1690 Rusticum
1464 1673 1478 1694 .
1519 1625 1735 1688 dicens
1749 1669 1770 1701 ,

187 1723 571 1802 nuptiarum
606 1721 831 1801 ἴωσι-α
867 1726 1010 1784 tunc
1048 1737 1175 1784 esse
1214 1719 1507 1803 teyntuna,
1550 1719 1611 1782 si
1647 1720 1776 1782 sint

190 1815 377 1878 inter
412 1814 703 1894 inpensus
722 1837 749 1888 ;
788 1813 859 1876 id
900 1819 1113 1876 autem
1154 1831 1285 1875 non
1323 1818 1421 1874 est
1460 1811 1581 1872 nisi
1624 1811 1775 1890 quia

193 1909 595 1970 matrimonii
670 1907 993 1969 vinculum
1072 1903 1541 1986 quodammodo
1625 1904 1773 1966 facit

193 2019 409 2062 unum
434 2019 509 2063 ex
532 2000 803 2074 duobus,
832 2001 917 2063 ita
938 2005 1009 2062 ut
1026 2001 1269 2063 eisdem
1288 2000 1471 2062 bonis
1490 2003 1555 2062 et
1578 1999 1771 2061 hono-

192 2097 387 2156 ribus
430 2113 507 2157 ac
552 2095 750 2158 titulis
793 2094 1129 2168 fruantur3
1182 2099 1249 2156 et
1290 2093 1433 2156 ideo
1482 2091 1671 2154 Arist.
1676 2135 1701 2168 ,
1736 2095 1767 2153 1

194 2190 418 2266 Polit.,
464 2205 603 2270 cap.
655 2191 717 2263 1,
757 2188 1061 2252 barbaros
1102 2187 1377 2268 appellat
1420 2204 1555 2262 eos,
1602 2185 1775 2265 apud

196 2299 375 2361 qnos
408 2299 639 2345 uxores
682 2282 751 2342 in
798 2300 1123 2344 servorum
1170 2281 1371 2361 gradu
1407 2279 1763 2351 habentur;

200 2393 364 2455 ergo
392 2376 645 2454 signum
674 2381 767 2436 est
794 2375 953 2436 illud
981 2374 1365 2436 consortium
1402 2379 1467 2435 et
1492 2390 1771 2434 commu-

198 2467 591 2531 nicatiouem
607 2468 677 2528 in
696 2467 879 2529 bonis
900 2483 1259 2546 repugnare
1280 2465 1585 2528 servituti.
1614 2464 1767 2528 Mul-

200 2567 269 2622 to
302 2577 457 2640 ergo
484 2561 689 2641 magis
708 2560 1053 2640 personalis
1068 2562 1219 2622 unio
1240 2559 1405 2622 inter
1424 2559 1767 2620 humanam

198 2661 267 2715 et
292 2654 575 2716 divinam
602 2659 895 2716 naturam
922 2654 1187 2716 exclusit
1216 2672 1253 2716 a
1280 2653 1521 2716 Christo
1552 2659 1621 2714 ιιι
1650 2652 1767 2714 ho-

202 2747 379 2808 mine
430 2749 735 2810 rationem
777 2749 939 2809 servi
948 2791 969 2823 ‚
1010 2753 1075 2810 et
1108 2747 1191 2810 ab
1236 2746 1629 2810 humanitate
1666 2763 1767 2807 as·

202 2845 459 2920 sumpta
514 2844 746 2904 statum
786 2860 897 2904 seu
940 2841 1369 2904 conditionem
1418 2841 1705 2902 servilem
1744 2856 1761 2912 ;

204 2951 355 2994 nam
388 2933 449 2994 in
486 2935 710 2996 eodem
737 2934 965 2996 throno
996 2951 1141 2996 cum
1164 2933 1295 2999 Deo
1322 2931 1625 2994 collocata
1646 2935 1763 3005 est,

202 3034 273 3088 ut
304 3033 549 3090 constat
578 3030 771 3108 Apoc.
801 3030 839 3088 ὃ
866 3034 933 3089 ει
958 3032 1021 3098 Ἶ,
1055 3033 1120 3088 ει
1142 3027 1415 3106 ipsamet
1441 3024 1765 3088 divinitate

204 3127 305 3182 est
328 3120 711 3185 sanctificata
736 3126 797 3181 et
824 3119 1137 3194 deifica-ta,
1164 3125 1473 3198 utsupra,
1500 3137 1559 3197 q.
1589 3121 1653 3194 7,
1678 3118 1765 3179 la-

200 3219 265 3273 te
294 3213 607 3289 vidimus,
648 3217 713 3276 et
738 3213 963 3276 eadem
995 3213 1191 3276 latrice
1223 3211 1589 3276 adoratione
1618 3229 1761 3274 cum

202 3306 331 3366 Deo
360 3306 621 3380 colitur,
663 3313 731 3367 ιιι
758 3311 933 3386 ῳὲὂ
959 3306 1327 3370 videbimus.
1374 3305 1463 3368 Ac
1490 3305 1765 3384 denique

204 3398 445 3460 eisdem
470 3399 732 3461 honoris
754 3400 951 3462 titulis
976 3399 1208 3480 gaudet
1227 3419 1243 3472 3
1278 3416 1429 3460 nam
1451 3399 1553 3462 hic
1574 3398 1763 3460 homo

206 3499 305 3554 est
329 3510 479 3557 vere
510 3493 675 3554 Deus
704 3500 765 3556 et
792 3499 1067 3566 creator,
1098 3499 1171 3558 ,ιιι
1198 3509 1263 3571 q.
1297 3494 1374 3554 16
1406 3491 1533 3552 late
1560 3490 1765 3552 visum

204 3593 341 3656 est:
374 3603 501 3666 qua
522 3587 763 3648 ratione
794 3587 947 3649 dixit
972 3586 1157 3666 eyn-il.
1187 3629 1203 3660 ,
1246 3603 1347 3664 ep.
1378 3590 1595 3648 contra
1618 3583 1764 3644 libi-

201 3678 497 3755 dinosos,
526 3679 715 3742 citata
742 3680 809 3741 in
835 3681 916 3744 vl
946 3679 1183 3760 Synod.
1199 3722 1221 3754 ,
1250 3680 1371 3740 act.
1404 3679 1481 3754 6,
1511 3683 1665 3740 tom.
1696 3679 1759 3754 ὃ,

204 3770 485 3834 Verbum
540 3773 795 3852 propria
849 3773 1047 3854 gloria
1094 3789 1353 3834 carnem
1405 3769 1719 3834 illustrans
1742 3817 1757 3844 ,

204 3867 401 3926 Deum
450 3865 821 3928 decentibus
868 3866 1274 3947 dignitatibus
1318 3865 1491 3926 illam
1538 3864 1765 3943 imple-

204 3961 395 4034 visse3
438 3967 501 4022 et
538 3962 866 4035 Attianus„
912 3960 1145 4024 ibidem
1184 3961 1430 4032 citatus,
1476 3959 1544 4020 in
1576 3960 1758 4039 epist.

204 4051 287 4113 ad
310 4053 717 4132 Eulmichium
744 4055 855 4130 ait,
892 4071 1149 4116 carnem
1178 4056 1432 4133 propter
1458 4051 1761 4114 unionem

206 4145 286 4206 ad
307 4147 599 4208 Verbum·
623 4148 997 4226 cognomine
1020 4146 1387 4225 dignitatem
1414 4146 1757 4225 accepisse.

284 4243 343 4302 8.
390 4239 674 4304 Secunda
704 4241 1023 4304 sententia.
1053 4271 1135 4288 —-
1172 4241 1663 4304 Fundamentum
1688 4241 1762 4304 ab

208 4336 563 4397 auctoritate
594 4332 1057 4415 Smptmoe.-
1076 4333 1413 4400 Evasimus
1436 4333 1647 4396 modus
1672 4352 1767 4398 re·

195 4427 812 4506 finitum—Secunda
838 4427 1051 4506 opinio
1076 4430 1191 4500 εει,
1216 4426 1527 4488 Christum
1557 4433 1629 4488 ut
1654 4426 1765 4490 ho-

204 4521 439 4581 minem
478 4538 621 4582 esse
668 4530 731 4583 et
780 4519 1083 4600 appellari
1112 4539 1297 4601 posse
1347 4538 1597 4582 servum
1624 4519 1761 4582 Dei.

207 4615 377 4677 Hauc
429 4615 643 4677 docuit
690 4633 989 4695 expresse
1038 4615 1108 4677 D.
1163 4615 1437 4678 Thomas
1461 4661 1477 4691 ,
1531 4614 1597 4680 in
1643 4615 1765 4677 hac

210 4714 450 4786 quaest„
477 4714 597 4770 art.
626 4711 687 4782 1,
716 4708 801 4772 ad
829 4712 893 4782 2,
916 4708 1026 4770 ubi
1046 4713 1177 4771 tam
1208 4709 1457 4788 proprie
1484 4708 1571 4770 ait
1599 4708 1767 4770 Chri-

210 4809 371 4864 stum
400 4809 467 4864 ut
495 4802 819 4865 hominem
847 4802 1153 4883 appellari
1174 4821 1425 4866 servum
1440 4803 1662 4877 Patris»,
1680 4803 1764 4866 si-

212 4902 309 4958 cut
352 4895 709 4975 subjectum
740 4897 939 4972 Patri,
986 4895 1156 4976 quod
1187 4897 1311 4959 late
1361 4897 1763 4976 prosequitur

210 4996 333 5052 toto
359 4995 477 5050 art.
501 4993 565 5051 9..
590 4990 667 5050 Et
690 4989 875 5065 infra,
900 5007 963 5068 q.
991 4992 1093 5063 23,
1116 4993 1233 5052 art.
1266 4992 1325 5062 4,
1354 4990 1431 5050 ad
1464 4992 1523 5064 3,
1550 4990 1615 5050 in
1643 4989 1763 5052 hoc

212 5082 525 5144 constituit
574 5081 991 5144 differentiam
1058 5082 1221 5144 inter
1280 5071 1645 5144 servitutem
1702 5087 1765 5144 et

211 5175 569 5238 filiationem
600 5175 987 5256 adoptivam,
1018 5175 1192 5254 quod
1227 5175 1335 5236 illa
1364 5193 1493 5238 non
1518 5178 1763 5238 tantum

210 5269 457 5349 respicit
480 5287 842 5348 personam,
870 5268 984 5330 sed
1010 5269 1199 5330 etiam
1226 5276 1553 5342 naturam;
1586 5274 1651 5329 et
1673 5268 1763 5330 id-

214 5380 283 5424 eo
325 5367 529 5441 potest
558 5360 799 5424 Christo
830 5371 899 5424 ut
924 5362 1167 5424 homini
1209 5361 1489 5426 attribui.
1525 5361 1763 5434 Quibus

212 5455 355 5518 locis
382 5455 713 5518 manifeste
738 5456 1035 5534 supponit
1062 5457 1131 5520 D.
1160 5456 1435 5524 Thomas
1462 5455 1763 5518 unionem

1856 1078 2080 1124 recens
2131 1068 2349 1124 auctor
2399 1064 2678 1144 scripsit,
2731 1082 2944 1126 veram
2986 1065 3416 1146 Theologiam,

1856 1155 1986 1216 imo
2032 1162 2094 1221 et
2131 1156 2334 1236 ipsam
2363 1155 2578 1228 fidem,
2609 1156 2838 1222 docere
2867 1157 3180 1222 Christum
3211 1165 3278 1220 ut
3305 1160 3419 1220 ho-

1854 1249 2094 1312 minem
2135 1266 2272 1313 esse
2321 1268 2591 1314 servum.
2632 1253 2722 1314 Ex
2761 1251 3034 1332 antiquis
3069 1252 3258 1314 etiam
3295 1249 3418 1314 hoc

1857 1349 2162 1422 tanquam
2195 1350 2434 1408 certum
2463 1345 2764 1426 supponit
2790 1345 3056 1422 Bassol.,
3082 1346 3148 1406 in
3174 1347 3234 1424 3,
3263 1345 3324 1407 d.
3352 1347 3414 1418 9,

1857 1453 1992 1514 arg.
2027 1440 2096 1510 1;
2134 1436 2288 1498 etin
2329 1436 2638 1499 solutione
2667 1437 2734 1498 id
2757 1436 2943 1518 plane
2974 1435 3262 1498 admittit.
3297 1435 3418 1498 Du·-

1854 1529 2094 1592 randus
2126 1529 2314 1592 etiam
2346 1530 2654 1608 (quamvis
2681 1528 2802 1592 hoc
2829 1547 3120 1610 expresse
3164 1548 3295 1593 non
3324 1536 3418 1592 at-

1858 1621 2114 1702 tingat),
2143 1641 2288 1684 cum
2333 1622 2620 1684 admittat
2660 1619 2970 1686 Christum
3000 1629 3070 1684 ut
3096 1621 3416 1684 hominem

1854 1734 1989 1778 esse
2009 1716 2205 1778 filium
2227 1718 2341 1780 Dei
2363 1717 2748 1797 adoptivum,
2769 1737 2810 1778 a
2826 1718 3066 1780 fortiori
3085 1715 3206 1780 hoc
3225 1715 3410 1788 dicet;

1855 1817 1917 1872 et
1943 1811 2108 1874 idem
2137 1811 2524 1874 censendum
2555 1818 2650 1874 est
2681 1811 2761 1874 de
2799 1811 3062 1874 Ricardo
3103 1816 3165 1873 et
3205 1811 3410 1872 Scoto.

1853 1907 2009 1979 lmo,
2035 1924 2177 1966 cum
2205 1907 2275 1968 D.
2307 1905 2579 1968 Thomas
2609 1907 2730 1968 hoc
2772 1923 2849 1968 ex
2875 1905 3159 1986 professo
3189 1904 3413 1968 docue-

1852 1998 1958 2074 rit,
1989 2005 2056 2060 et
2077 1998 2304 2078 reliqui
2340 1999 2642 2078 Theologi
2675 1999 2920 2078 antiqui
2959 1999 3094 2060 sine
3132 1998 3414 2078 disputa-

1854 2091 2023 2154 tione
2048 2091 2116 2154 id
2144 2091 2586 2172 transegerint,
2605 2091 2899 2156 videntur
2925 2109 3082 2154 sane
3109 2096 3414 2172 tanquam

1852 2191 2094 2248 certum
2141 2191 2205 2248 et
2237 2184 2658 2251 indubitatum
2698 2185 2762 2248 id
2795 2185 3224 2268 supposuisse.
3266 2183 3414 2246 Pro-

1850 2278 2035 2342 batur
2063 2285 2278 2342 autcm
2307 2279 2506 2360 primo
2538 2299 2616 2342 ex
2645 2282 3042 2344 Testamento
3071 2278 3314 2352 Veteri,
3347 2277 3410 2340 in

1850 2389 1978 2451 quo
2003 2372 2504 2452 frequentissime
2533 2373 2810 2436 Christus
2835 2372 3089 2436 nomine
3115 2370 3274 2434 servi
3303 2388 3412 2452 ap·

1846 2466 2140 2546 pellatur,
2169 2472 2240 2528 ιιι
2264 2466 2440 2528 Isaiae
2469 2468 2550 2528 42
2578 2485 2592 2527 :
2621 2466 2780 2532 Ecce
2805 2483 3017 2530 servus
3044 2482 3246 2540 meu-u
3273 2482 3410 2530 sus·

1846 2560 2072 2641 cipiam
2095 2577 2249 2637 eum,
2279 2565 2398 2622 etc.
2425 2559 2540 2634 Qui
2571 2559 2747 2622 locus
2776 2557 2855 2621 de
2883 2557 3119 2622 Christo
3148 2553 3410 2638 exponi-

1845 2658 1950 2716 tur
1971 2653 2190 2714 Matth.
2214 2655 2312 2728 12,
2337 2659 2405 2714 ιιι
2427 2652 2586 2716 infra
2606 2652 2796 2714 latius
2817 2652 3042 2714 dicam.
3069 2651 3240 2712 ldem
3260 2649 3401 2711 lsai.

1846 2749 1949 2816 45,
1980 2748 2096 2820 49,
2127 2748 2206 2808 52
2251 2756 2318 2808 et
2351 2748 2460 2822 53;
2495 2751 2558 2808 et
2605 2746 2861 2810 Zachar.
2895 2746 2966 2820 3,
3001 2750 3099 2806 est
3141 2743 3405 2824 insignis

1845 2839 2022 2902 locus
2054 2857 2070 2904 ε
2100 2838 2414 2904 Adducam
2455 2857 2696 2904 cervum
2736 2858 2932 2906 meum
2976 2836 3318 2908 orientem
3347 2843 3407 2900 et

1845 2933 2151 2996 Ezechiel.
2191 2934 2318 2996 34:
2361 2932 2680 2998 Suscitabo
2734 2951 2913 3014 super
2958 2949 3058 2996 eas
3101 2937 3404 3012 pastorem

1843 3045 2032 3090 unum
2076 3045 2316 3092 servm
2360 3045 2555 3090 mum
2595 3027 2822 3092 David.
2871 3027 3000 3090 Sed
3037 3026 3124 3088 ad
3154 3027 3296 3092 haec
3341 3030 3407 3086 et

1846 3120 2078 3182 similia
2104 3119 2459 3182 testimonia
2487 3119 2856 3200 responderi
2885 3119 3044 3182 solet
3071 3137 3146 3180 ex
3189 3117 3404 3180 Adria·

1846 3231 1929 3275 no
1969 3219 2032 3276 et
2059 3216 2443 3276 Damascene
2479 3231 2700 3292 supra,
2733 3213 3044 3276 Christum
3086 3211 3209 3274 illis
3251 3210 3404 3272 locis

1848 3323 1986 3370 esse
2026 3307 2258 3368 dictum
2307 3325 2558 3370 servum
2599 3307 3055 3388 appellatione,
3085 3323 3212 3368 non
3243 3302 3406 3368 veri-

1843 3405 2006 3473 tate,
2035 3399 2103 3462 id
2131 3405 2249 3475 est,
2281 3400 2618 3480 allegorica
2647 3405 2712 3462 et
2737 3399 3168 3482 metaphorica
3195 3395 3405 3478 appel-

1841 3493 2112 3570 latione;
2154 3511 2337 3569 nam,
2371 3494 2518 3572 quia
2559 3495 2624 3554 in
2672 3495 2990 3574 Scriptura
3017 3493 3212 3555 veteri
3239 3510 3401 3553 non-

1844 3586 1998 3650 dum
2027 3593 2164 3647 erat
2192 3586 2566 3668 Evangelica
2599 3587 2828 3650 veritas
2854 3585 3180 3668 propalata
3198 3631 3216 3660 ,
3259 3584 3400 3648 ideo

1844 3679 1927 3744 ad
1966 3679 2384 3742 humilitatem
2422 3679 2648 3743 Christi
2687 3686 2752 3742 et
2783 3679 3208 3744 obedientiam
3247 3695 3404 3758 prae·

1846 3772 2202 3846 dicendam,
2230 3773 2347 3834 sub
2395 3773 2730 3854 aenigmate
2777 3791 2996 3836 servus
3027 3771 3404 3859 appellatur.

1842 3867 2298 3930 Verumtamen
2323 3871 2540 3928 contra
2558 3868 2720 3932 hanc
2739 3866 3196 3948 expositionem
3221 3864 3406 3946 objici

1842 3965 2050 4042 potest
2091 3959 2294 4038 primo
2331 3960 2648 4040 generalis
2687 3961 2910 4042 regula
2952 3959 3404 4042 interpretandi

1842 4052 2268 4160 scripturam,
2305 4053 2482 4132 quia.
2523 4053 2634 4115 ubi
2678 4060 2886 4135 potest
2931 4055 3068 4116 sine
3111 4055 3406 4118 inconve-

1844 4121 2045 4208 menti
2070 4163 2216 4210 cum
2238 4146 2616 4226 proprietate
2639 4148 2925 4229 intelligi,
2947 4167 3076 4211 non
3107 4155 3200 4210 est
3221 4147 3403 4210 facile

1844 4241 1927 4304 ad
1964 4240 2368 4348 metaphoras
2395 4243 2888 4316 recurrendum,
2921 4243 3094 4322 quod
3137 4242 3408 4306 maxime

1846 4341 1943 4398 est
1971 4336 2034 4396 in
2073 4337 2190 4396 hac
2222 4335 2486 4398 materia
2515 4335 3000 4415 observandum,
3023 4354 3105 4400 ne
3135 4337 3410 4402 occasio-

1846 4445 1998 4492 nem
2043 4429 2266 4490 demus
2293 4427 2600 4492 haereticis
2627 4429 2911 4492 similiter
2957 4431 3406 4511 respondendi,

1849 4522 2129 4601 quande,
2155 4540 2232 4584 ex
2261 4522 2449 4584 simili
2471 4524 2808 4586 verborum
2829 4525 3230 4604 proprietate,
3259 4542 3407 4588 con·

1846 4619 1945 4676 tra
1993 4633 2100 4678 eos
2145 4617 2538 4680 ostendimus
2567 4623 2630 4679 et
2667 4618 2991 4684 hominem
3019 4637 3160 4682 esse
3184 4635 3406 4683 verum

1845 4709 2068 4784 Deum,
2117 4716 2186 4772 et
2227 4711 2428 4772 Deum
2474 4729 2694 4774 verum
2743 4713 3089 4788 hominem,
3131 4729 3407 4790 vereque

1844 4821 2128 4883 passum,
2177 4808 2520 4878 mortuum,
2569 4809 2690 4868 etc.
2739 4807 2901 4868 Nam
2937 4806 3110 4884 quod
3155 4806 3222 4868 in
3263 4823 3409 4885 pro-

1844 4896 2110 4975 prietate
2141 4897 2329 4976 hujus
2358 4898 2792 4978 appellationis
2817 4899 3063 4962 nullutn
3093 4899 3176 4962 sit
3199 4901 3407 4980 maius

1842 4988 2298 5052 inconveniens
2323 5009 2513 5070 quum
2544 4991 2606 5052 in
2638 4991 2917 5070 reliquie,
2945 4991 3184 5072 patebit
3211 5011 3290 5054 ex
3317 4991 3409 5054 di-

1844 5081 2086 5144 cendis.
2109 5083 2424 5162 Secundo,
2448 5084 2618 5164 quod
2645 5085 2710 5146 in
2740 5085 2836 5146 his
2865 5085 3018 5148 locis
3043 5087 3290 5148 nullum
3315 5092 3412 5148 est
3528 5077 3536 5084 ⁶

1844 5177 2228 5254 metaphorae
2259 5176 2584 5251 indicium,
2617 5177 2767 5256 quia
2811 5196 2940 5241 non
2982 5179 3188 5258 agitur
3219 5179 3284 5240 in
3315 5179 3409 5240 eis

1845 5267 2201 5347 specialiter
2259 5271 2338 5334 de
2397 5270 2752 5334 obedientia
2808 5278 2916 5334 aut
2971 5271 3407 5334 humiliatione

1844 5361 2066 5424 Christi
2103 5382 2226 5452 per·
2262 5365 2643 5444 passionem,
2678 5364 2792 5428 sed
2836 5365 3046 5444 potius
3090 5363 3172 5426 de
3203 5364 3410 5426 excel-

1844 5455 2038 5519 lentia
2062 5464 2126 5520 et
2153 5457 2432 5537 potentia
2463 5459 2624 5536 ejus,
2650 5464 2719 5522 ut
2747 5463 2916 5538 patet
2945 5475 3022 5522 ex
3049 5457 3258 5520 verbis
3285 5457 3409 5524 illis
