3892 6167
632 437 734 499 30.
784 432 1127 500 Secundum
1146 431 1983 516 placitum.-—Roj2'cim.-
1997 429 2117 494 Alii

552 546 703 611 ergo
721 573 742 604 ,
790 545 949 591 cum.
976 527 1316 591 defendere
1362 546 1493 591 non
1536 528 1779 609 possint
1823 524 2112 589 Francof.

552 624 899 689 Concilium
924 642 1004 687 ex
1045 624 1203 687 falsa
1236 623 1679 687 informatione
1720 622 1789 683 in
1821 622 1988 684 facto
2019 638 2118 683 er-

552 736 749 795 rasse,
778 723 845 781 et
892 718 1171 799 alioquin
1210 734 1445 799 negare
1486 734 1617 780 non
1646 716 1925 779 audeant
1963 716 2120 779 illud

556 812 1007 875 contradixisse
1038 813 1150 876 VII
1174 811 1435 895 synod„
1466 816 1529 875 et
1556 810 1893 875 damnasse
1919 810 2116 885 illam,

554 911 817 987 propter
858 904 1154 970 historias
1184 923 1325 987 quae
1351 905 1475 968 hoc
1502 906 1811 984 referunt,
1841 922 1973 968 non
2013 922 2120 966 ve-

552 1005 773 1065 rentur
800 1001 1183 1080 concedere,
1212 1000 1562 1065 Concilium
1592 1000 1878 1065 Francof.
1908 1000 1977 1063 in
2000 1000 2121 1063 hac

552 1098 733 1177 parte
760 1112 1033 1171 errasse;
1063 1112 1213 1157 nam
1241 1094 1629 1157 provinciale
1650 1094 1788 1171 fuit,
1818 1097 1882 1157 et
1906 1110 2120 1156 errare

553 1188 777 1270 potuit.
796 1189 925 1252 Sed
944 1189 1116 1251 hunc
1134 1188 1389 1251 dicendi
1406 1187 1667 1251 modum
1686 1187 1858 1268 apud
1877 1187 2123 1249 nullum

554 1283 943 1345 Catholicum
970 1282 1247 1359 invenio,
1270 1280 1603 1361 solumque
1628 1282 1907 1345 haeretici
1931 1282 2124 1363 hujus

555 1377 853 1458 temporis
893 1378 1015 1438 hoc
1044 1376 1380 1453 affirmant,
1420 1376 1531 1456 qui
1560 1394 1691 1438 non
1718 1374 1937 1438 dicunt
1967 1372 2124 1437 illud

558 1490 836 1548 errasse,
882 1471 999 1535 sed
1040 1471 1417 1535 emendasse
1444 1470 1655 1552 potius
1686 1476 1749 1533 et
1776 1469 2122 1533 correxisse

556 1564 664 1629 vn
705 1565 1062 1647 synodum,
1099 1582 1243 1645 quse
1276 1565 1344 1627 in
1383 1564 1506 1628 hac
1550 1568 1729 1645 parte
1777 1571 2118 1629 erraverat.

554 1662 712 1723 Cum
742 1664 957 1723 tamen
981 1664 1223 1722 certum
1250 1658 1331 1721 sit
1356 1658 1595 1722 Nicaeni
1618 1658 1873 1722 Concilii
1900 1658 2121 1723 defini-

554 1754 795 1815 tionem
833 1752 1181 1834 legitimam
1224 1750 1441 1829 fuisse,
1480 1770 1610 1815 non
1638 1760 1980 1834 potuerunt
2006 1754 2123 1816 Pa-

557 1852 686 1908 tres
726 1846 987 1909 Concilii
1032 1846 1318 1909 Francos.
1356 1846 1439 1908 ab
1478 1845 1586 1908 illa
1628 1846 1956 1911 dissentire
1989 1850 2123 1911 sine

558 1940 893 2003 manifesta
922 1942 1180 2015 haeresi3
1212 1946 1308 2003 est
1348 1944 1561 2003 autem
1598 1941 1968 2005 incredibile
2017 1960 2125 2006 eos

558 2036 965 2116 pertinaciter
992 2040 1056 2097 et
1082 2036 1377 2099 haeretice
1404 2036 1471 2097 in
1494 2034 1614 2098 hac
1640 2042 1821 2117 parte
1851 2054 2118 2113 errasse,

558 2128 896 2191 incidendo
929 2130 997 2191 in
1044 2145 1323 2191 errorem
1368 2129 1952 2193 Iconomachorum.
1999 2132 2125 2194 Pri·-

560 2240 691 2300 mo,
724 2223 872 2301 quia
904 2222 974 2284 in
1004 2223 1246 2285 actibus
1272 2222 1437 2285 illius
1466 2224 1720 2287 Concilii
1743 2270 1757 2297 ,
1786 2242 1925 2305 qum
1953 2242 2124 2287 nunc

562 2322 801 2392 extant,
850 2334 1017 2397 saepe
1062 2316 1463 2398 profitentur,
1498 2334 1567 2380 se
1608 2318 1956 2399 procedere
2006 2319 2124 2381 suh

562 2408 920 2473 obedientia
956 2412 1221 2472 Roman.
1255 2410 1477 2472 Pontis.
1501 2455 1523 2487 ‚
1554 2418 1617 2473 et
1655 2411 2014 2492 specialiter
2059 2413 2124 2475 in

558 2504 721 2566 libro
757 2503 1222 2587 Sacrosyssabo,
1268 2503 1391 2565 sub
1424 2502 1642 2582 finem,
1682 2506 1836 2567 dum
1868 2511 2128 2568 senten-

567 2598 718 2659 tiam
745 2602 963 2660 contra
997 2598 1326 2660 haereticos
1356 2599 1707 2677 proferunt,
1738 2598 2129 2680 subjungunt

568 2694 702 2755 haic
736 2691 933 2753 verba
963 2712 979 2752 ε
1008 2692 1335 2757 Reservato
1356 2710 1471 2776 por
1514 2694 1717 2757 omnia
1729 2694 1910 2775 juris
1933 2695 2130 2778 privi-

566 2784 720 2865 zeyio
749 2786 1000 2851 Summi
1024 2784 1346 2867 Pontifici-r
1371 2785 1643 2863 Domini,
1666 2792 1729 2851 et
1750 2786 1970 2851 Patris
1995 2806 2130 2851 nos-

568 2880 659 2941 tri
705 2876 978 2941 Adriani
1002 2881 1225 2960 prima
1274 2877 1462 2945 Sedis
1504 2879 1865 2944 Beatissimi
1909 2880 2125 2961 Papoe.

564 2974 743 3051 Saepe
774 2972 961 3033 etiam
992 2972 1059 3032 in
1089 2990 1165 3035 eo
1194 2969 1467 3035 Concilio
1494 2972 1871 3053 profitentur
1895 2974 1986 3037 illi
2017 2976 2128 3039 Pa-

560 3070 690 3127 tres
716 3082 786 3128 se
814 3065 993 3145 sequi
1025 3067 1341 3146 majorum
1378 3066 1783 3143 traditiones,
1814 3074 1879 3131 et
1910 3068 1993 3130 ab
2027 3086 2130 3132 eo-

561 3174 705 3220 rum
756 3158 1031 3239 vestigiis
1074 3175 1205 3221 non
1254 3160 1577 3223 discedere
1602 3178 1619 3234 ;
1672 3166 1736 3223 et
1772 3162 2130 3240 specialiter

562 3252 823 3314 Carolus
858 3252 1145 3332 Mag-nne,
1172 3253 1282 3333 qui
1310 3253 1397 3313 illi
1420 3250 1697 3317 Concilio
1726 3253 2032 3332 interfuit,
2061 3258 2126 3318 in

564 3346 744 3426 epist.
780 3344 861 3406 ad
886 3344 1224 3425 Episcopus
1250 3345 1583 3427 Hispaniae,
1608 3346 1695 3409 ait
1724 3364 1789 3410 se
1818 3348 2127 3429 imprimis

562 3436 954 3500 consuluisse
973 3436 1347 3521 Apostolicre
1364 3439 1541 3502 Sedis
1562 3439 1927 3503 Pontificem
1932 3430 1954 3518 ,
1975 3442 2130 3524 quid

564 3530 645 3593 de
675 3548 867 3594 causa
894 3532 961 3592 in
996 3530 1103 3593 illo
1132 3531 1407 3595 Concilio
1448 3535 1713 3595 tractata
1740 3534 2032 3611 sentiret;
2065 3542 2130 3599 et

563 3624 827 3687 inferius
882 3624 1019 3686 hoec
1068 3624 1261 3687 verba
1322 3624 1649 3706 subjungit
1690 3642 1709 3689 t
1765 3624 2130 3708 Apostoliooe

561 3716 739 3793 Sodi,
766 3722 825 3785 et
862 3718 1133 3803 απιίςιιίε
1158 3719 1255 3796 αὗ,
1274 3718 1459 3783 initio
1502 3720 1809 3785 meantis
1835 3721 2129 3785 Ecclesia.-

560 3816 619 3876 σε
675 3810 1008 3879 Catholicis
1071 3811 1503 3877 traditionibus
1564 3819 1692 3879 tota
1754 3816 1978 3879 mentis
2029 3818 2128 3879 in-

562 3904 841 3979 tentione,
862 3910 995 3971 tota
1016 3906 1217 3971 corais
1233 3906 1557 3971 alacritato
1580 3907 1939 3991 conjwnyar.
1960 3909 2126 3988 Ergo

560 4016 693 4061 non
741 4005 837 4062 est
881 3999 1221 4063 verisimile
1268 4002 1485 4063 Patres
1526 4000 1784 4064 Concilii
1832 4002 2120 4065 Francos.

560 4110 776 4154 coram
808 4092 1055 4174 Legatis
1104 4094 1346 4156 Summi
1401 4094 1718 4157 Pontificis
1740 4140 1758 4171 ,
1814 4099 1879 4157 et
1910 4112 2126 4158 coram

556 4185 667 4247 illo
697 4185 1011 4249 Catholico
1038 4188 1323 4269 principe
1347 4234 1364 4263 ,
1408 4188 1683 4251 Adriano
1711 4188 1895 4269 Papae
1924 4196 1989 4251 et
2014 4190 2124 4253 VII

558 4279 797 4359 Synod.
830 4281 912 4343 ab
934 4280 1040 4343 illo
1070 4280 1476 4356 confirmatae,
1507 4282 1825 4344 restitisse.
1861 4283 2120 4346 Accedit

556 4372 753 4451 quod,
782 4374 837 4434 si
862 4373 1204 4435 Concilium
1232 4373 1517 4437 Francos.
1554 4372 2116 4439 Icouomachorum

556 4482 837 4527 errorem
881 4466 1247 4545 probasset,
1296 4474 1464 4530 certe
1506 4474 1653 4529 ante
1697 4474 1913 4530 nostra
1961 4476 2116 4532 tem·

548 4576 709 4641 pora
736 4559 963 4640 aliq-uis
990 4558 1157 4621 illius
1186 4562 1413 4623 erroris
1442 4566 1713 4626 sectator
1734 4563 1873 4643 ejus
1900 4570 2118 4625 aucto-

548 4652 735 4717 ritate
762 4652 998 4715 muniri
1031 4653 1409 4731 studuisset,
1460 4655 1632 4736 quod
1654 4662 1869 4719 tamen
1902 4658 2114 4720 nullus

547 4748 717 4824 fecit,
760 4747 1035 4810 maxime
1070 4766 1218 4811 cum
1256 4750 1445 4831 paulo
1481 4756 1622 4831 post
1654 4749 1945 4814 Carolum
1987 4753 2114 4815 Ma·

547 4858 748 4921 gnum
766 4841 832 4903 in
858 4841 1085 4904 eadem
1108 4842 1308 4905 Gallia
1329 4850 1581 4905 exortus
1604 4844 1793 4907 fuerit
1812 4846 2110 4908 Claudius

543 4934 971 5010 TaurinensiS‚
996 4935 1105 5015 qui
1130 4954 1411 4999 errorem
1441 4938 1615 4999 illum
1648 4939 1714 5000 in
1738 4938 2110 5003 Occidenta-

546 5028 673 5089 lem
718 5028 1060 5091 Ecclesiam
1104 5029 1505 5093 introducere
1545 5032 1765 5109 voluit,
1810 5034 1917 5113 qui
1955 5051 2108 5096 sane

544 5138 677 5183 non
695 5138 921 5201 parum
942 5122 1148 5201 juvari
1180 5130 1395 5203 posset
1420 5125 1791 5187 auctoritate
1806 5126 2108 5189 Occiden-

542 5215 686 5278 talis
712 5215 978 5295 plenarii
1008 5216 1265 5279 Concilii
1288 5218 1356 5280 in
1386 5220 1610 5281 eadem
1637 5220 1960 5301 provincia
1987 5240 2106 5283 nu·-

537 5328 656 5390 per
677 5309 973 5373 celebrati
993 5358 1012 5386 ,
1051 5312 1107 5373 si
1132 5328 1413 5376 errorem
1440 5314 1619 5375 illum
1644 5314 2098 5379 confirmasset.

538 5408 620 5466 At
644 5420 793 5466 vero
822 5422 1035 5484 neque
1066 5406 1361 5469 Claudius
1396 5408 1463 5468 in
1498 5426 1685 5470 suum
1714 5408 1996 5471 favorem
2029 5410 2103 5471 il-

537 5498 649 5561 lud
676 5496 971 5578 adduxit,
1000 5516 1213 5582 neque
1238 5502 1433 5566 Jonas
1460 5502 1947 5583 Aurelianensis,
1993 5504 2100 5589 qni

1762 326 2002 393 QUAEST.
2035 326 2186 384 XXV.
2221 328 2432 383 Anne.
2458 330 2544 384 111.

2199 438 2416 494 contra
2445 432 2618 493 illum
2646 431 2872 494 eodem
2893 437 3174 513 tempore
3203 434 3458 515 scripsit,
3481 445 3536 501 et
3551 441 3678 511 illius

2197 526 2606 589 fundamenta
2630 526 2992 603 confutavit,
3017 527 3350 606 quicquam
3369 528 3444 592 de
3465 532 3678 601 Concilio

2199 620 2482 683 Francof.
2523 620 2867 703 respondit,
2911 627 3024 683 aut
3063 621 3272 701 quoad
3305 620 3460 686 hanc
3494 637 3680 706 partem

2201 716 2465 797 scripsit.
2517 718 2628 778 Est
2671 732 2824 797 ergo
2871 714 3031 779 falso
3079 716 3400 797 impositus
3433 718 3528 781 hic
3556 742 3682 791 error

2199 809 2474 871 Concilio
2498 809 2790 873 Francof.
2821 808 3004 873 Addo
3029 810 3277 885 ultimo,
3318 816 3574 891 quamvis
3589 836 3682 884 non

2199 908 2544 997 repugnet,
2597 902 2986 966 Provinciale
3039 902 3382 966 Concilium
3423 922 3599 971 errare
3637 913 3684 975 in

2201 994 2490 1059 doctrina
2516 996 2690 1074 fidei,
2733 1004 2974 1075 tamen,
3009 998 3066 1061 si
3093 998 3412 1079 contingat
3433 1017 3610 1065 enare
3629 1024 3684 1069 ex

2201 1089 2545 1171 pertinacia
2577 1094 2643 1152 et
2668 1091 2888 1153 haeresi
2905 1137 2927 1169 ,
2967 1108 3300 1171 nunquam
3325 1093 3514 1155 solere
3531 1096 3686 1160 Eccle-

2203 1185 2364 1246 siam
2397 1182 2764 1264 hujusmodi
2807 1185 3080 1248 Concilia
3119 1185 3334 1265 quoad
3372 1192 3580 1266 partem
3607 1193 3686 1254 ali-

2203 1296 2396 1358 quam
2425 1277 2800 1357 approbare,
2835 1285 2898 1342 et
2921 1286 2993 1342 ut
3017 1278 3336 1342 Catholica
3354 1282 3614 1361 recipere.
3635 1289 3688 1349 At

2203 1390 2354 1435 vero
2382 1373 2724 1435 Concilium
2753 1373 3038 1436 Francos.
3071 1378 3396 1453 receptum
3419 1380 3508 1437 est
3523 1376 3590 1439 ab
3609 1380 3688 1442 Ec-

2203 1465 2416 1540 clesia,
2449 1471 2514 1529 et
2537 1468 2873 1547 probatum
2895 1473 2968 1529 ut
2989 1484 3136 1530 vere
3163 1467 3549 1545 catholicum,
3574 1489 3689 1551 quo-

2203 1559 2286 1621 ad
2315 1578 2454 1623 eam
2483 1568 2732 1640 partem
2773 1578 2914 1641 quai
2956 1567 3054 1624 est
3095 1560 3177 1623 de
3211 1560 3498 1625 filiatione
3527 1564 3687 1631 Christi

2201 1654 2500 1731 naturali,
2527 1662 2814 1737 utsupra
2837 1655 3109 1717 vidimus
3131 1675 3148 1731 ;
3199 1674 3350 1736 ergo
3371 1674 3492 1717 non
3517 1666 3594 1721 est
3613 1680 3690 1721 ve-

2203 1747 2462 1811 risimile
2487 1747 2682 1812 fuisse
2703 1750 3034 1813 haereticos
3055 1750 3274 1813 Patres
3299 1748 3456 1812 illius
3481 1752 3688 1832 Concilii,

2205 1843 2488 1923 alioquin
2529 1844 2850 1907 debuisset
2891 1847 3192 1909 Summus
3230 1845 3500 1907 Pontifex
3531 1848 3692 1909 Adria-

2205 1956 2328 2001 nus
2355 1937 2492 1999 illos
2512 1938 2842 2003 hoereticos
2867 1939 3222 2013 declarare,
3250 1956 3568 2018 eorumque
3585 1941 3692 2003 defi-

2205 2031 2512 2095 nitionem
2535 2032 3057 2110 confutare,sicut
3083 2038 3306 2096 contra
3331 2033 3539 2095 librum
3562 2036 3692 2097 Pseu-

2205 2124 2636 2189 docarolinum
2665 2127 2888 2191 eodem
2911 2134 3202 2209 tempore
3229 2128 3482 2209 scripsit.

2287 2220 2386 2282 31.
2437 2220 2712 2285 Tertium
2752 2221 3075 2301 placitum.
3127 2254 3216 2271 —
3265 2221 3360 2283 sit
3393 2238 3527 2300 ergo
3561 2225 3691 2285 tertis

2205 2314 2560 2393 responsio,
2603 2315 2950 2377 Concilium
2987 2314 3282 2378 Ptancof.
3325 2314 3600 2378 definiisse
3617 2336 3692 2398 pe

2205 2407 2326 2469 tius
2369 2409 2700 2471 veritatem
2747 2409 2826 2472 de
2877 2410 3250 2473 adoratione
3289 2410 3614 2490 imaginum,
3649 2420 3692 2475 et

2207 2502 2470 2565 Nicoenae
2515 2501 2770 2583 Synodo
2817 2503 3248 2567 consensisse.
3294 2504 3384 2566 Ita
3421 2502 3692 2568 docuerunt

2207 2594 2330 2657 hoc
2369 2601 2655 2675 tempore
2701 2595 2961 2671 Alanus,
3007 2596 3250 2676 dialog.
3283 2599 3344 2671 4,
3381 2615 3435 2659 c.
3467 2599 3534 2659 18
3555 2606 3604 2659 et
3623 2602 3690 2673 19,

2213 2695 2276 2751 et
2313 2689 2544 2769 dialog.
2583 2694 2646 2764 5,
2679 2708 2734 2753 c.
2779 2692 2858 2753 {a
2897 2697 2962 2753 et
2990 2693 3103 2769 133
3137 2689 3428 2766 Sander.,
3463 2690 3556 2752 lib.
3585 2694 3614 2751 2
3637 2692 3689 2753 de

2211 2781 2291 2844 de
2319 2782 2676 2863 Imaginib„
2709 2802 2765 2848 c.
2787 2786 2850 2857 5,
2873 2790 2940 2847 et
2954 2784 3064 2846 lib.
3093 2784 3180 2847 de
3207 2784 3392 2845 visib.
3419 2784 3684 2860 Monarch„

2211 2894 2276 2938 n.
2309 2878 2468 2951 7133
2517 2882 2582 2939 et
2608 2878 2958 2954 Surius,·in
2985 2881 3024 2941 3
3049 2883 3212 2940 tom.
3245 2876 3626 2953 Coucssiorum,
3647 2880 3688 2938 in

2212 2968 2456 3031 Praefat.
2509 2969 2594 3033 ad
2633 2968 2873 3033 Concil.
2929 2969 3224 3033 Francof.
3283 2972 3358 3032 Et
3399 2976 3587 3051 potest·
3609 2971 3690 3032 hoc

2211 3062 2567 3125 confirmari
2591 3065 2962 3128 auctoritate
2987 3064 3252 3127 Concilii
3279 3065 3496 3127 Senon.
3539 3063 3590 3124 in
3611 3065 3690 3125 De-

2209 3159 2396 3219 cretis
2445 3156 2616 3228 fidei,
2649 3176 2704 3219 c.
2735 3162 2835 3233 u,
2865 3158 2972 3221 ubi
3023 3158 3116 3219 sic
3163 3158 3298 3221 ait:
3333 3156 3562 3222 Carolus
3591 3160 3690 3221 Ma·

2207 3266 2388 3330 ynus,
2413 3249 2792 3316 Francorum
2811 3270 2922 3316 res·
2949 3250 3522 3327 christianissimus,
3545 3252 3690 3315 Frau-

2208 3346 2578 3421 cofordiaensi
2637 3345 2944 3411 Conventa
3011 3348 3280 3427 ejx-idem
3331 3346 3538 3409 enoris
3589 3362 3688 3427 sup-

2199 3440 2433 3519 pressit
2487 3440 2794 3503 insaniam
2818 3485 2840 3517 ,
2896 3439 3131 3502 scilicet
3187 3439 3685 3501 Iconomachorum.

2210 3532 2516 3593 Praeterea
2553 3532 2792 3595 Platina
2813 3578 2830 3603 ,
2877 3532 2944 3594 in
2987 3532 3120 3595 vita
3167 3532 3460 3607 Adriani,
3497 3534 3571 3595 sic
3599 3533 3686 3593 ait:

2209 3625 2468 3687 Biennio
2508 3630 2648 3707 post
2667 3670 2684 3701 ,
2737 3626 3225 3707 Pheophylaotm
3273 3632 3334 3691 ei
3376 3624 3686 3707 Stephanus,

2207 3718 2817 3801 Episcopilimiynes,
2837 3716 3106 3783 Addam
3125 3718 3363 3784 nemim
3383 3720 3686 3783 Francorum

2210 3815 2268 3874 et
2307 3811 2746 3879 Germanorum
2782 3812 3104 3894 Synodion·
3139 3813 3418 3887 habuere,
3452 3813 3512 3876 in
3541 3817 3686 3893 quaet

2212 3904 2501 3985 Synodics
2537 3908 2742 3987 (quam
2775 3906 3096 3989 septimam
3125 3904 3334 3973 Groeoi
3357 3902 3687 3987 appellabant)

2205 4005 2264 4062 et
2312 4000 2558 4062 Itoeresis
2596 3999 2926 4063 Fecimus
2972 3999 3042 4063 de
3081 3998 3362 4085 tollendis
3395 3997 3688 4079 irnayinilm

2206 4095 2496 4177 abroqata
2517 4099 2623 4157 ost.
2659 4094 2834 4156 Idem
2858 4094 2992 4157 fere
3021 4094 3172 4157 dicit
3201 4094 3424 4156 Paulus
3443 4092 3682 4165 AEmilius,

2203 4187 2312 4248 lib.
2349 4190 2386 4249 3
2415 4187 2494 4249 de
2523 4188 2730 4250 Gestis
2755 4188 3161 4262 Francorum,
3197 4205 3396 4268 prope
3415 4186 3602 4257 finem
3625 4186 3688 4245 ait

2204 4282 2372 4343 enim
2397 4281 2742 4343 Concilium
2765 4280 3128 4344 Francofor.
3159 4280 3366 4363 egisse
3391 4286 3576 4343 contra
3594 4280 3686 4339 hae-

2197 4376 2423 4437 reticos
2463 4374 2836 4438 damnantes
2880 4375 3212 4455 imagines.
3263 4374 3360 4439 Bt
3392 4373 3686 4456 inminibus

2197 4470 2444 4551 (inquit)
2489 4488 2640 4536 suus
2684 4472 2870 4535 honos
2920 4476 3200 4537 servatus
3243 4476 3352 4534 est.
3391 4469 3544 4531 Idem
3575 4466 3682 4529 dicit

2197 4565 2504 4639 BlonduS,
2536 4565 2776 4628 decade
2803 4569 2865 4639 2,
2895 4565 3003 4627 lib.
3039 4570 3070 4625 1
3101 4584 3118 4641 ;
3157 4564 3514 4637 Sabellicus,
3547 4562 3631 4621 lib.
3651 4562 3680 4620 8

2193 4660 2456 4722 AEnead.
2488 4660 2568 4737 83
2599 4658 2964 4733 NaucleruS,
2991 4658 3071 4739 iu,
3115 4658 3466 4739 Cronolog„
3487 4656 3588 4718 vol.
3623 4657 3672 4725 2,

2191 4770 2412 4832 gener.
2467 4756 2580 4826 273
2631 4753 3018 4815 Gallisardus
3065 4753 3405 4827 Arelatem,
3451 4752 3508 4812 in
3540 4748 3673 4811 Chro-

2190 4862 2402 4926 nogr„
2433 4864 2581 4907 ann.
2616 4848 2758 4911 816.
2789 4848 2946 4923 Im0‚
2967 4846 3160 4911 refert
3181 4847 3434 4920 Alanus,
3462 4844 3670 4915 d.c.19,

2189 4941 2558 5003 haereticum
2591 4941 2934 5022 quemdam
2961 4941 3328 5005 Anselmum
3352 4938 3481 5002 Riid
3502 4982 3518 5011 ,
3553 4936 3672 4996 affir-

2186 5051 2394 5096 masse
2438 5033 2754 5097 Nicoenam
2789 5036 3140 5116 synodum,
3181 5028 3668 5110 Constantinopoli-

2185 5134 2402 5191 tanam
2429 5128 2988 5211 pseudosynodum
3007 5130 3087 5191 de
3113 5127 3426 5191 abolendis
3447 5121 3666 5203 imagini-

2186 5223 2328 5299 buS,
2359 5229 2662 5303 tauquam
2686 5223 3048 5285 haereticam
3073 5238 3412 5295 execrasse,
3433 5218 3662 5293 idemque

2184 5316 2410 5380 fecisse
2437 5317 2786 5380 Adrianum
2815 5318 3076 5399 Papam,
3113 5322 3176 5379 et
3201 5314 3477 5379 Carolum
3497 5324 3662 5389 regem

2184 5409 2670 5473 Francofordiae.

2264 5506 2366 5569 32.
2393 5504 2724 5589 objoetim·
2747 5512 2958 5574 eontra
2983 5506 3226 5573 tertium
3243 5502 3533 5590 placitu,
3549 5510 3656 5577 qua·

3155 5694 3184 5729 Ο
