3892 6167
1228 365 1546 420 msvum.
1582 363 1790 418 vam.
1826 365 1995 418 sacr.
2032 367 2093 418 n.
2751 374 2764 381 ·
3129 345 3250 428 4'67

134 491 221 550 rgo
263 467 373 527 hoo
415 477 667 539 effere,
702 463 779 524 de
814 479 939 540 quo
978 483 1205 546 supra,
1250 467 1469 544 quaest.
1507 463 1606 538 ΕΟ,
1693 461 1899 536 dictio,
1949 481 2058 523 seu
2101 463 2374 542 potestas
2417 463 2795 544 temporalis,
2839 485 2977 548 quae
3021 469 3099 530 ab
3139 469 3251 532 ho-

134 566 221 626 ,uis
242 560 491 641 egimus„
534 556 1019 620 mndamentum
1063 559 1248 638 hujus
1278 555 1607 618 sententiae
1690 555 1964 634 minibus
2025 555 2214 617 etiam
2265 555 2622 618 introducta
2673 565 2768 622 est
2820 559 2901 620 ad
2951 563 3250 624 tuendam

135 661 329 718 timum
353 649 621 712 sumitur
648 665 731 711 ex
756 649 1047 711 omnibus
1076 650 1195 711 illis
1222 667 1415 710 sacrae
1446 647 1607 711 Seri-
1690 649 2158 730 Rempublicam
2180 698 2196 724 ,
2240 653 2302 712 et
2337 650 2402 710 in
2434 649 2675 730 justitia
2713 671 2786 713 ac
2819 669 2972 731 pace
3003 673 3252 718 conser-

138 759 263 811 tum
280 743 701 822 loei8,quibus
724 759 907 822 supra
930 743 1317 806 ostendimus
1340 759 1607 824 regnum
1688 744 2010 818 vandam3
2065 749 2126 805 et
2181 741 2300 806 hac
2348 743 2588 805 ratione
2639 743 2702 806 iu
2745 746 2860 807 hac
2913 749 3252 826 quaestione

135 841 283 904 tun-isti
306 855 437 900 esse
456 837 811 918 spiritualeg
835 853 911 898 ex
934 837 1168 899 eisdem
1200 837 1369 900 enim
1401 837 1609 917 colligi
1690 837 1768 899 de
1800 837 2080 899 dominio
2114 839 2176 898 et
2201 851 2398 918 regno
2415 883 2436 914 ,
2471 837 2639 918 quod
2672 837 2733 898 in
2768 839 3041 918 quadam
3073 849 3253 922 pote-

135 937 305 998 idetur
346 947 467 992 non
501 947 649 994 esse
676 931 1055 1010 temporale3
1088 939 1233 994 sunt
1264 931 1455 994 verba
1495 949 1611 1011 op·
1692 935 1851 993 state
1894 939 1956 992 et
1987 929 2418 1011 jurisdictione
2459 932 2776 1010 consistit,
2825 931 3255 998 indifferenter

135 1049 221 1092 :ma
248 1027 493 1090 Zaohar.
522 1027 566 1087 9
594 1041 609 1086 :
642 1025 889 1089 Bac-ulta
916 1027 1095 1100 eatis,
1123 1027 1263 1103 filia
1294 1025 1487 1100 Siom
1501 1028 1612 1106 ju·
1690 1023 2027 1104 loquimur.
2059 1025 2227 1087 Inter
2257 1022 2385 1087 hoec
2415 1043 2565 1088 vero
2595 1027 2721 1088 duo
2746 1025 3046 1104 dominia,
3081 1029 3258 1092 intel-

134 1125 219 1198 ila,
244 1117 597 1190 Jerusalem,
622 1134 753 1182 ecoe
773 1120 905 1183 Κέω
927 1125 1072 1183 taus
1090 1121 1259 1184 venit
1275 1120 1615 1200 tibijtcstus
1696 1117 1799 1200 ligi
1844 1121 2051 1198 potest
2088 1117 2258 1180 aliud
2295 1119 2577 1181 medium
2607 1165 2620 1194 ,
2665 1119 2833 1202 quod
2863 1121 3114 1202 quidem
3148 1121 3260 1183 do-

134 1213 411 1279 redentor
430 1253 447 1284 ,
478 1217 537 1276 et
570 1215 707 1294 ipso
728 1229 995 1295 pauper,
1026 1215 1229 1277 cedens
1268 1231 1451 1295 super
1494 1211 1617 1277 asi·
1696 1214 1963 1273 minium
1991 1219 2266 1275 creatum
2296 1213 2406 1284 sit,
2451 1213 2568 1274 sub
2599 1214 2809 1275 divino
2844 1213 3118 1278 existens
3143 1262 3158 1288 ‚
3198 1221 3262 1278 et

135 1329 231 1384 ant,
254 1315 387 1380 θεας
418 1306 565 1366 ideo
592 1306 897 1368 animilia
942 1305 1069 1367 duo
1095 1309 1493 1388 conjunxisse
1522 1307 1618 1368 vi·
1698 1307 1779 1368 ab
1810 1305 1914 1367 illo
1949 1305 2258 1386 pendens,
2294 1308 2354 1368 et
2390 1307 2454 1368 in
2485 1314 2694 1369 creata
2729 1307 3051 1372 voluntate
3091 1315 3152 1370 et
3185 1307 3260 1371 li-

135 1411 273 1475 ·etur,
298 1413 505 1479 regem
544 1405 611 1461 et
657 1415 1001 1479 pauperem
1024 1448 1038 1474 ,
1070 1407 1137 1462 ut
1168 1419 1432 1481 regnum
1463 1399 1616 1462 illud
1700 1399 1947 1462 hortata
1979 1399 2335 1474 fundatum,
2366 1401 2676 1462 excellens
2710 1408 2944 1478 tamen,
2981 1423 3052 1466 ac
3081 1423 3266 1483 supe-

135 1515 205 1558 on
230 1493 583 1573 temporale,
618 1493 735 1554 sed
765 1493 1090 1574 spirituale
1130 1511 1271 1557 esse
1308 1493 1621 1574 signifiea-
1702 1511 1846 1554 rans
1876 1495 2088 1556 omnia
2125 1493 2508 1567 dominia‚et
2542 1514 2741 1574 regna
2779 1496 3082 1560 humana.
3141 1497 3265 1562 Pri·

134 1595 211 1661 εἰς
244 1593 483 1668 propter
508 1586 687 1667 quod
728 1586 961 1648 dixisse
1004 1587 1251 1649 videtur
1276 1587 1407 1669 ipse
1446 1587 1621 1651 Chri-
1701 1605 1877 1648 mum
1900 1586 1969 1648 in
1996 1585 2259 1667 origine,
2286 1595 2355 1650 ut
2381 1587 2433 1648 si
2463 1605 2498 1648 a
2523 1587 2651 1648 Deo
2677 1595 2912 1664 manet,
2947 1595 3010 1652 et
3031 1609 3159 1652 non
3184 1591 3266 1652 ab

134 1701 183 1744 us
204 1699 219 1742 ε
242 1683 499 1762 Regnum
524 1695 729 1742 mum
752 1695 873 1742 non
904 1687 991 1744 ost
1019 1681 1089 1744 ae
1109 1683 1217 1745 hoo
1234 1681 1472 1744 mundo.
1510 1683 1622 1744 Se·
1698 1679 2082 1742 homiuibus.
2116 1679 2355 1742 Deinde
2380 1679 2444 1741 iu
2474 1680 2610 1761 ejus
2635 1679 2924 1745 firmitate
2953 1689 3012 1746 et
3035 1683 3267 1748 stabili-

135 1777 297 1852 unde,
322 1773 461 1854 quia
487 1771 769 1836 Christus
796 1773 1009 1836 docuit
1033 1781 1441 1837 contemnere
1462 1781 1621 1836 tem·
1701 1777 1866 1850 tate,
1916 1779 1988 1837 ut
2022 1775 2070 1835 si
2113 1791 2242 1836 non
2293 1771 2370 1836 sit
2411 1773 2717 1836 caducum
2739 1821 2754 1846 ‚
2800 1776 2912 1838 sed
2955 1777 3178 1840 stabile
3207 1783 3270 1840 et

134 1871 302 1934 oralia
354 1883 547 1948 regna
610 1873 677 1930 et
726 1867 1009 1942 divitias;
1060 1885 1211 1950 ergo
1272 1885 1479 1950 neque
1540 1867 1623 1930 nd
1706 1872 2034 1931 aeternum.
2069 1867 2277 1932 Tertio
2305 1869 2368 1929 iu
2398 1867 2664 1929 materia
2691 1886 2802 1928 seu
2826 1868 3093 1952 ohJ‘ect0‚
3129 1877 3195 1934 ut
3218 1871 3268 1934 si

134 1963 457 2044 nemplum,
510 1973 727 2039 nequa
792 1961 875 2024 ad
932 1961 1125 2024 finem
1172 1962 1623 2042 redemptionis
1706 1961 1789 2024 ad
1816 1981 1919 2024 res
1956 1979 2175 2024 omnes
2207 1968 2451 2023 creatas
2483 1980 2550 2022 sc
2583 1963 2918 2037 extendat,
2967 1964 3158 2028 etiam
3193 1965 3274 2030 ad

134 2059 309 2122 {bristo
338 2063 467 2118 erut
494 2055 651 2117 utile
676 2056 795 2117 hoc
816 2053 1190 2132 dominium,
1224 2055 1391 2118 unde
1418 2071 1625 2136 neque
1710 2053 2008 2138 AngeloS,
2044 2062 2104 2118 et
2131 2055 2213 2117 ad
2241 2073 2494 2116 omnem
2531 2075 2736 2133 usum,
2765 2061 2893 2118 tam
2925 2057 3276 2132 naturalem

134 2153 195 2214 lto
226 2165 481 2230 unquam
524 2161 687 2210 usus
728 2155 865 2223 est,
914 2165 1119 2229 neque
1146 2155 1455 2230 potestate
1498 2147 1627 2210 ulla
1710 2167 1900 2230 quam
1928 2147 2493 2228 supernaturalem.
2531 2149 2661 2212 Hoc
2697 2155 2908 2212 autem
2933 2169 3136 2232 genus
3165 2151 3275 2214 do-

134 2265 205 2308 rsu
236 2242 653 2324 jnrisdictione
705 2245 1064 2323 temporam
1100 2243 1275 2306 unde
1318 2246 1464 2306 Luc.
1504 2243 1581 2305 12
1603 2290 1624 2320 ,
1710 2243 1884 2305 minii
1912 2241 2104 2304 medii
2137 2241 2435 2324 possibile
2465 2261 2627 2320 esse,
2659 2259 2786 2306 non
2818 2243 3060 2306 videtur
3087 2264 3273 2326 posse

134 2338 317 2402 nomini
338 2337 569 2418 petenti
609 2337 699 2398 ab
731 2338 867 2416 ipso
894 2351 911 2397 ε
940 2338 1281 2417 Mayt‘eter,
1316 2339 1411 2402 dic
1434 2337 1630 2412 fratri
1710 2337 2010 2410 dubitari,
2049 2336 2194 2416 quia
2223 2335 2463 2398 nullam
2491 2335 2552 2398 in
2579 2355 2646 2398 se
2671 2339 3150 2420 repugnantiam
3184 2343 3279 2402 in-

134 2451 217 2494 mo
242 2431 545 2495 mediniaat
573 2445 807 2494 mecm
848 2431 1253 2494 hereditatem
1278 2479 1297 2509 ,
1330 2432 1463 2510 ipse
1492 2449 1629 2494 res·
1710 2429 1939 2506 volvit3
1994 2439 2057 2493 et
2097 2433 2290 2506 DeuS,
2335 2429 2440 2512 qui
2488 2435 2584 2494 est
2624 2449 2952 2511 supremus
2997 2433 3277 2496 omnium

134 2524 338 2605 pendit:
368 2523 589 2598 Home,
622 2525 765 2605 quis
792 2537 883 2588 mo
898 2527 1214 2590 contituit
1230 2525 1495 2605 judicem
1526 2531 1633 2590 aut
1714 2525 2038 2601 Dominus,
2067 2525 2274 2605 potest
2300 2525 2398 2586 sui
2423 2523 2684 2586 dominii
2707 2523 3276 2608 participationem,

134 2620 395 2682 divisorum
432 2616 773 2682 intur-0003
800 2619 1013 2680 Tertio
1052 2618 1359 2698 denique,
1404 2619 1551 2700 quin
1582 2619 1633 2681 si
1714 2625 1901 2702 prout
1922 2619 2216 2696 voluerit,
2257 2617 2745 2682 communicare.

134 2709 355 2774 Christus
374 2711 698 2774 habuisset
716 2713 1026 2774 directum
1052 2713 1419 2789 dominium,
1444 2719 1506 2776 et
1526 2733 1631 2796 po·
1795 2717 1852 2777 5.
1896 2713 2047 2775 Dico
2075 2729 2224 2796 ergo
2248 2711 2492 2794 primo:
2527 2713 2812 2792 quamvis
2839 2711 3118 2780 Christus
3157 2717 3280 2782 Do-

134 2811 367 2866 toestatem
394 2822 583 2886 super
610 2807 829 2870 omnia
852 2821 1049 2886 regna
1078 2805 1321 2883 mundi,
1344 2807 1633 2888 reliquis·
1716 2809 1923 2872 minus
1967 2807 2288 2872 interdum
2331 2805 2626 2870 habuerit
2669 2807 3024 2888 aliquarum
3067 2829 3283 2874 rerum

135 2903 431 2963 sefflica-rio
460 2916 579 2963 suo
604 2947 619 2975 ‚
658 2899 808 2982 quia
851 2919 995 2966 eum
1022 2903 1127 2964 illo
1154 2902 1638 2966 communicavit
1716 2903 2068 2964 humanum
2105 2905 2168 2962 et
2205 2901 2553 2980 temporale
2599 2900 2969 2974 dominium,
3019 2922 3146 2966 non
3186 2911 3283 2968 ta-

135 3013 343 3056 omnem
366 3011 541 3057 suam
570 3001 981 3076 potestatem3
1004 3013 1397 3076 consequens
1422 3003 1635 3060 autem
1718 3013 1864 3058 men
1896 2995 2236 3076 assumpsit
2259 2993 2619 3074 hujusmodi
2647 2993 3021 3070 dominium,
3046 2995 3149 3058 vel
3175 3015 3285 3078 po-

136 3089 447 3152 estfatsum.
1718 3096 2007 3154 testatem
2035 3091 2098 3151 in
2125 3095 2255 3152 toto
2279 3085 2433 3152 orbe
2455 3135 2476 3166 ,
2513 3106 2721 3168 neque
2753 3089 2816 3150 in
2849 3089 3061 3172 aliquo
3083 3110 3280 3172 reguo

196 3189 243 3246 3.
278 3187 545 3250 Secunda
596 3189 915 3251 sententia
962 3187 1231 3251 affirmat
1264 3233 1279 3263 ,
1331 3183 1638 3250 Christum
1716 3183 2071 3266 temporali.
2113 3180 2288 3244 Prior
2315 3199 2464 3263 pars
2497 3183 2646 3246 satis
2673 3181 2974 3262 probatur
3016 3203 3092 3247 ex
3129 3183 3283 3250 defi-

140 3279 377 3342 hnbnisse
402 3281 760 3344 absolutum
788 3289 852 3345 et
874 3283 1177 3344 directum
1206 3281 1555 3344 dominium
1580 3283 1642 3342 et
1722 3277 1961 3342 uitione
1991 3273 2253 3339 Joannis
2277 3273 2460 3350 XXH,
2491 3275 2558 3336 in
2591 3272 2920 3361 Extravag.
2947 3277 3104 3340 Cum
3124 3278 3288 3342 inter

142 3379 453 3451 potestatem
488 3392 686 3456 suimet
728 3376 941 3437 omnia
986 3391 1183 3455 regna
1232 3373 1597 3456 temporalia
1620 3419 1641 3450 ,
1723 3366 2095 3446 nonnullos»,
2128 3367 2206 3431 de
2233 3367 2419 3431 Verb.
2453 3365 2788 3448 significat.
2819 3391 2836 3444 ;
2870 3367 2946 3432 de
2977 3369 3086 3434 illa
3115 3371 3286 3433 enim

142 3483 229 3544 per
258 3459 438 3546 quam'
466 3473 681 3550 posset
720 3469 825 3531 illa
864 3483 1110 3551 regere,
1154 3465 1491 3544 moderari,
1538 3473 1646 3529 aut
1725 3466 1910 3530 latius
1975 3481 2235 3544 agemus
2291 3471 2630 3526 tractantes
2693 3464 2772 3524 de
2831 3465 2956 3526 vita
3009 3465 3289 3541 Christi,

146 3568 341 3623 mutare
378 3578 489 3624 suo
534 3561 824 3625 arbitrio.
876 3563 1021 3626 Hoee
1068 3567 1162 3626 est
1206 3565 1519 3626 sententia
1568 3563 1639 3623 D.
1728 3557 2076 3640 quoestione
2114 3557 2214 3618 40.
2267 3554 2447 3619 Nune
2493 3557 2662 3618 enim
2720 3555 2923 3618 solum
2969 3559 3293 3640 supposita

144 3655 371 3732 Thomas,
394 3654 499 3718 lib.
534 3661 565 3718 1
600 3657 685 3719 de
710 3657 1039 3738 RegImiue
1064 3655 1440 3738 principum,
1486 3673 1538 3719 c.
1565 3657 1645 3717 22
1730 3658 1846 3730 est,
1880 3653 2027 3732 quia
2055 3651 2116 3712 in
2147 3649 2254 3712 illa
2283 3651 2637 3712 insinuatur
2665 3651 2943 3712 secunda
2971 3671 3117 3732 pars
3148 3671 3296 3714 eon-

150 3750 619 3830 elsequentibu33
659 3751 951 3813 eamdem
980 3755 1155 3814 tenet
1182 3751 1253 3814 D.
1297 3751 1574 3822 Antoni„
1612 3749 1648 3811 :3
1732 3747 2067 3817 clusionis;
2103 3745 2153 3806 si
2194 3743 2363 3806 enim
2401 3741 2620 3806 definit
2659 3741 2944 3808 Pontifex
2982 3743 3294 3810 Christum

150 3849 297 3919 part„
332 3849 419 3906 tit.
460 3849 522 3920 3,
558 3862 705 3928 eap.
733 3849 811 3921 Ως
852 3849 917 3908 et
950 3846 1245 3922 Almain„
1292 3845 1399 3907 lib.
1434 3843 1513 3906 de
1539 3847 1650 3906 Po·
1736 3838 2026 3902 habuisse
2065 3853 2409 3918 paucarum
2440 3855 2648 3898 rerum
2681 3835 3064 3912 dominium,
3111 3837 3298 3900 sentit

151 3939 331 3998 testato
370 3939 625 4015 Boules„
678 3957 819 4021 cap.
869 3942 942 4013 ὃς
992 3941 1410 4014 Turrem-em„
1455 3937 1562 4000 lib.
1612 3939 1651 3999 2
1738 3951 1865 3996 non
1890 3931 2184 3994 habuisse
2209 3929 2362 3992 illud
2381 3931 2444 3992 in
2467 3935 2596 3993 toto
2624 3929 2797 3993 orbe.
2827 3931 2902 3992 Et
2927 3930 3046 3993 hoe
3072 3929 3298 3994 confir-

152 4029 373 4093 Summae
422 4033 685 4106 Eccles„
734 4051 871 4114 eap.
916 4037 1067 4109 ¹163
1110 4033 1360 4108 Navar„
1408 4033 1472 4094 in
1513 4049 1651 4112 cap.
1738 4025 2038 4090 mantilia
2058 4023 2434 4100 testimonia
2460 4023 2686 4103 quibus
2710 4023 2969 4086 docetur
2988 4023 3300 4088 Christum

156 4123 313 4200 ⁴vovit,
342 4123 416 4188 de
442 4127 731 4202 JndleiiS,
769 4128 984 4189 notab.
1017 4131 1091 4203 3,
1124 4145 1298 4190 num.
1332 4127 1369 4189 8
1401 4131 1463 4189 et
1494 4141 1653 4205 seq„
1734 4121 1929 4183 fuisse
1969 4133 2349 4200 pauperem3
2389 4115 2668 4199 perfecta
2715 4115 2884 4178 enim
2925 4117 3303 4200 Evangelica

158 4223 371 4282 etnam.
402 4223 557 4288 130.-
1740 4219 2080 4294 paupertas
2110 4209 2428 4274 consistit
2409 4227 2476 4272 ln
2497 4209 2891 4274 abdicatione
2913 4230 3124 4274 rerum
3148 4217 3304 4274 tem-

218 4315 266 4374 4.
304 4315 641 4380 Dominum
669 4317 1015 4400 quotupleoe.
1058 4342 1139 4362 -
1184 4309 1303 4376 Pro
1342 4311 1655 4376 solutione
1740 4307 2074 4390 poralium,
2101 4323 2228 4368 uon
2255 4311 2381 4368 tam
2408 4303 2618 4388 quoad
2642 4321 2852 4381 usum,
2881 4324 3070 4388 quam
3092 4305 3303 4386 quoad

160 4405 551 4471 advertendum
574 4417 670 4472 est
690 4425 889 4471 unum
914 4425 1053 4471 esse
1078 4422 1443 4490 supremum
1465 4405 1661 4467 domi·
1740 4407 2116 4486 potestatem
2149 4405 2208 4463 et
2240 4397 2609 4462 dominium.

166 4501 319 4576 nium,
362 4505 520 4584 quod
564 4505 683 4568 seli
728 4505 857 4567 Deo
907 4504 1197 4566 convenit
1242 4501 1309 4564 in
1351 4505 1659 4581 quantum
1824 4499 1884 4560 6.
1934 4494 2216 4578 objectio.
2247 4493 2702 4578 —Responsia
2735 4493 3036 4574 -Dice5,
3067 4495 3200 4558 haec
3224 4495 3306 4560 ad

166 4595 291 4656 Deus
312 4603 416 4673 est,
448 4605 510 4660 et
534 4595 1125 4660 incommunicabile
1148 4597 1265 4659 fuit
1289 4593 1660 4658 humanitati
1746 4606 2064 4653 summum
2083 4589 2425 4670 procedere
2452 4588 2529 4650 de
2555 4593 2838 4670 tempore
2859 4587 2999 4651 vitae
3027 4591 3306 4656 mortalis

166 4689 386 4768 Christi,
420 4699 547 4755 turn
578 4693 727 4774 quia
762 4693 955 4754 etiam
990 4693 1123 4772 ipsa
1161 4689 1279 4752 sub
1308 4689 1428 4750 hoe
1466 4687 1665 4750 domi·
1746 4685 1966 4747 Christi
1994 4681 2264 4744 Domini.
2300 4678 2732 4764 Respondetur
2761 4682 2847 4742 ita
2876 4701 3034 4756 esse,
3075 4687 3136 4744 et
3165 4703 3309 4764 pro·

166 4783 305 4844 nium
328 4789 519 4860 eadit·
567 4792 699 4849 tum
734 4788 921 4848 etiam
950 4789 1211 4866 propter
1236 4779 1666 4863 independen·
1746 4778 1950 4860 posito
1983 4777 2294 4854 sufficere,
2324 4775 2558 4838 namin
2583 4775 2705 4838 vita
2735 4773 3068 4838 immortali
3095 4785 3156 4840 et
3179 4777 3309 4860 glo-

168 4875 285 4937 tiam
310 4892 481 4957 quam
510 4881 809 4959 includit3
840 4887 933 4941 est
964 4879 1133 4941 enim
1166 4875 1287 4939 hoe
1315 4873 1666 4938 dominium
1748 4871 1937 4948 riosa,
1977 4867 2284 4933 caducum
2319 4871 2380 4931 et
2410 4869 2752 4950 temporale
2785 4863 3154 4946 dominium,
3191 4887 3312 4934 nec

172 4967 543 5050 independens
571 4973 651 5037 ab
681 4973 852 5036 omni
882 4965 1191 5054 superiori
1216 4968 1572 5045 voluntate,
1604 4957 1669 5029 et
1750 4965 2177 5028 necessarium
2214 4968 2345 5041 est,
2389 4976 2508 5026 nee
2539 4961 2630 5026 illi
2656 4961 2844 5026 statui
2873 4961 3310 5027 accommoda·

172 5059 358 5128 directe
379 5068 539 5130 eadit
562 5069 631 5131 in
663 5077 766 5130 res
793 5074 1044 5142 omnes,
1080 5065 1267 5127 etiam
1302 5067 1489 5145 prout
1518 5075 1669 5124 eon-
1750 5067 1927 5136 tum;
1960 5055 2128 5119 unde
2148 5053 2344 5118 multo
2366 5049 2596 5118 certius
2617 5061 2708 5117 est
2732 5053 2920 5118 etiam
2945 5059 3084 5137 post
3106 5073 3310 5120 resur-

178 5167 451 5222 mantnt·
472 5163 535 5224 in
562 5171 725 5225 esse.
762 5157 945 5222 Aliud
972 5169 1121 5222 vero
1150 5165 1246 5220 est
1270 5153 1621 5220 dominium
1650 5201 1667 5230 ,
1751 5151 2098 5216 rectionem
2135 5165 2264 5212 nen
2306 5151 2721 5230 assumpsisse
2757 5145 3070 5211 Christum
3099 5147 3316 5231 hujus-

176 5253 317 5325 quasi
378 5263 641 5320 extreme
707 5253 789 5318 ab
843 5253 968 5317 hoe
1018 5253 1254 5315 distans
1284 5299 1305 5329 ,
1358 5257 1421 5314 et
1468 5246 1673 5312 infimi
1755 5245 1928 5311 modi
1980 5243 2351 5309 dominium.
2409 5241 2485 5307 Et
2531 5241 2966 5320 confirmatur,
3014 5245 3163 5325 quia
3199 5245 3318 5306 hoc

181 5345 394 5423 ordinis,
434 5355 499 5413 ut
540 5357 631 5414 est
672 5349 1018 5414 dominium
1066 5345 1451 5418 humanum,
1505 5341 1675 5426 quod
1760 5341 2112 5406 dominium
2164 5338 2470 5420 originem
2531 5337 2722 5400 habet
2783 5335 2863 5400 ab
2912 5338 3322 5416 hominibus;

183 5455 366 5521 magna
408 5459 479 5508 ex
514 5451 685 5532 parte
732 5445 796 5508 in
834 5443 1158 5508 voluntate
1210 5443 1486 5504 humana
1530 5439 1675 5502 fuu-
1760 5437 2041 5501 Christus
2072 5441 2288 5498 autem
2319 5431 2488 5496 nullo
2515 5433 2794 5494 humano
2823 5431 2999 5494 titulo
3023 5431 3174 5494 illud
3205 5431 3320 5494 ha-

187 5531 491 5603 dame'ntum
517 5537 734 5621 haben
784 5534 863 5602 ad
908 5533 1077 5620 quod
1120 5541 1447 5600 revocatur
1489 5533 1677 5616 juris-
1758 5529 1928 5608 huit,
1981 5537 2046 5592 ut
2072 5545 2184 5610 per
2211 5545 2275 5592 se
2307 5529 2399 5592 est
2427 5521 2868 5603 manifestum,
2915 5525 2987 5588 iis
3019 5522 3326 5606 adjunctis
