3892 6167
571 370 689 433 582

568 476 669 539 vel
701 476 957 538 omnino
984 476 1065 537 ab
1091 476 1455 541 adoratione
1486 478 1859 543 cessandum
1885 480 2002 556 est,
2022 478 2124 540 vel

572 568 854 631 adoratio
885 568 961 631 ad
994 568 1471 649 humanitatem,
1496 580 1680 653 prout
1719 572 1974 653 praecise
2027 586 2126 634 co·

576 666 829 745 glutior,
856 662 1184 726 referenda
1201 670 1327 738 est;
1372 666 1594 729 melius
1626 674 1837 729 autem
1872 674 1966 729 est
2009 663 2126 729 hoc

570 757 757 820 modo
788 756 1079 832 adorare,
1108 774 1303 839 quam
1353 760 1608 823 omnino
1648 777 1776 823 non
1818 760 2122 835 adorare3

572 850 739 933 quod
795 850 1042 914 videtur
1092 868 1207 933 per
1246 870 1314 917 se
1351 854 1773 939 manitestum.
1810 854 2016 917 Primo
2050 870 2128 915 ex

572 948 815 1011 ratione
842 946 1029 1023 facta,
1068 950 1219 1029 quia
1248 948 1349 1011 ille
1380 954 1553 1012 actus
1605 968 1683 1011 ex
1733 950 1976 1030 objecto
2033 955 2128 1010 est

571 1042 801 1113 bonne,
830 1046 892 1104 et
945 1041 1181 1105 nullam
1225 1042 1417 1107 habet
1462 1044 1691 1105 malam
1723 1044 2128 1106 circumstan-

572 1136 749 1197 tiam.
786 1134 1097 1209 Secundo,
1119 1136 1263 1217 qnia
1290 1154 1401 1218 per
1440 1138 1614 1199 illum
1658 1140 1867 1200 actum
1902 1138 2126 1219 aliqnis

573 1232 777 1294 honor
804 1232 1095 1295 tribuitur
1122 1230 1341 1295 Christi
1370 1230 1769 1308 humanitati,
1800 1240 1862 1296 et
1914 1232 2126 1295 nullus

570 1324 775 1405 maior
794 1323 1095 1399 aufertur,
1132 1328 1419 1406 quamvis
1446 1334 1589 1391 actu
1630 1344 1755 1390 non
1786 1327 2121 1403 tribuatur-3

572 1416 742 1483 aliud
771 1424 865 1483 est
890 1420 1059 1483 enim
1078 1420 1351 1495 auferre,
1383 1421 1553 1502 quod
1577 1419 1829 1484 denotat
1851 1420 2130 1501 denega-

574 1514 812 1575 tionem
864 1512 1123 1595 majoris
1158 1508 1539 1577 adorationis
1556 1530 1575 1593 ;
1623 1512 1792 1577 aliud
1831 1532 1984 1577 vero
2034 1514 2128 1576 est

572 1608 717 1668 actu
762 1622 889 1669 non
932 1608 1231 1685 tribuere,
1262 1609 1433 1689 quod
1463 1604 1657 1671 solam
1692 1608 2124 1690 praecisionem

572 1714 685 1763 seu
710 1700 1053 1767 carentiam
1106 1700 1386 1767 exercitii
1413 1703 1759 1784 significan
1790 1712 1853 1766 et
1880 1702 2022 1765 ideo
2053 1700 2125 1763 it-

570 1794 681 1857 lud
712 1802 879 1858 esset
899 1796 1161 1873 malum,
1186 1796 1306 1861 hoc
1337 1804 1549 1861 autem
1572 1816 1697 1860 non
1721 1816 1987 1877 semper.
2017 1796 2126 1857 De·

570 1884 788 1969 nique,
819 1886 953 1970 ipso
992 1908 1112 1953 usu
1168 1892 1435 1968 constat,
1482 1886 1631 1955 dnm
1680 1890 1821 1972 quis
1870 1886 2125 1971 praecise

572 1976 928 2047 considerat
976 1984 1249 2047 animam
1289 1982 1533 2059 Christi,
1565 1989 1634 2049 ut
1676 1984 2125 2058 beatissimam,
2165 1988 2170 1995 ’

572 2086 636 2141 01
672 2080 987 2141 fruentem
1018 2076 1149 2141 Deo
1180 2078 1369 2162 longe
1420 2078 1846 2144 excellentiori
1902 2076 2120 2149 mode,

572 2188 762 2253 qnam
808 2190 1029 2237 omnes
1074 2178 1415 2253 creaturas,
1458 2173 1671 2239 statuit
1700 2174 1763 2236 in
1792 2174 1979 2236 eorde
2010 2190 2124 2234 suo

569 2266 856 2329 venerari
882 2266 1075 2345 illam,
1098 2282 1293 2348 seque
1324 2266 1407 2331 itli
1432 2264 1704 2332 libenter
1731 2266 2122 2341 submittere,

572 2366 635 2421 et
659 2359 781 2423 hoc
800 2378 913 2440 per
941 2378 1009 2423 se
1040 2360 1329 2425 conciliat
1361 2360 1662 2443 majorem
1702 2358 2123 2437 devotionem,

573 2455 635 2517 ct
658 2450 1051 2534 religionem,
1084 2470 1275 2535 qnam
1318 2452 1366 2517 si
1406 2453 1513 2518 illa
1562 2452 1852 2535 cogitatio
1892 2454 1954 2515 in
1996 2452 2126 2515 sola

569 2546 1069 2611 consideratione
1112 2546 1291 2613 sistat
1338 2548 1475 2613 sine
1520 2548 1645 2611 ullo
1694 2547 1887 2611 cultu.
1920 2546 1993 2609 Et
2023 2548 2128 2609 de-

571 2638 797 2705 clarari
824 2641 1013 2704 etiam
1037 2650 1241 2723 potest
1267 2660 1302 2704 a
1335 2641 1560 2705 simili:
1592 2658 1764 2715 nam,
1792 2643 1994 2703 stante
2020 2639 2126 2702 illa

572 2734 1094 2809 consideratione,
1118 2740 1321 2818 potest
1347 2734 1537 2799 homo
1558 2754 1769 2798 amere
1797 2736 1964 2797 illam
1995 2736 2131 2797 ani-

571 2848 739 2893 mam
765 2826 865 2893 vel
886 2828 1365 2905 humanitatem,
1392 2836 1455 2895 et
1467 2826 1704 2893 caeteris
1726 2826 1978 2910 paribus
1999 2843 2130 2891 me·

572 2920 691 2985 lius
712 2922 900 2985 faciet
930 2922 1224 2998 amande,
1258 2939 1445 3006 quam
1475 2922 1529 2987 si
1561 2924 1627 2985 in
1665 2921 1797 2985 sola
1825 2920 2000 2985 arida
2025 2939 2132 2985 co-

572 3018 875 3101 gitatione
893 3016 1090 3094 sistat,
1120 3016 1411 3097 quamvis
1432 3014 1538 3081 illo
1568 3032 1783 3081 amore
1810 3034 1925 3098 per
1955 3033 2022 3079 se
2056 3032 2129 3080 ac

572 3107 913 3175 formaliter
938 3128 1069 3173 non
1100 3114 1267 3175 amet
1295 3108 1593 3187 Verbum,
1621 3112 1735 3173 sed
1777 3109 2129 3172 humanita-

572 3210 700 3269 tem
730 3206 827 3267 vel
857 3206 1135 3268 animam
1157 3212 1412 3287 propter
1442 3202 1811 3280 bonitatem,
1845 3221 2035 3283 quam
2061 3200 2127 3267 in

575 3314 651 3363 ea
680 3298 1056 3361 considerat.
1102 3298 1277 3361 Idem
1330 3313 1482 3379 ergo
1541 3296 1679 3376 erit,
1722 3296 2126 3379 proportione

574 3402 845 3465 servata,
867 3394 947 3456 de
978 3392 1368 3455 adoratione.

654 3490 751 3550 11.
790 3486 1081 3551 adoratio
1100 3485 1474 3551 humanitati
1502 3480 1737 3551 ono-isti·
1753 3487 2006 3567 pra-eise
2028 3501 2128 3549 ex-

572 3580 764 3645 hibita
787 3578 1054 3657 inferior
1088 3578 1281 3643 latria
1305 3594 1564 3643 summa.
1588 3610 1670 3625 --
1686 3574 1892 3642 Tertio
1922 3596 1999 3640 ex
2027 3578 2128 3640 his

568 3670 899 3737 manifeste
957 3668 1383 3748 concluditur,
1447 3670 1877 3735 adorationem
1936 3672 2123 3748 hanc,

568 3769 969 3833 terminatam
1004 3763 1087 3831 ad
1134 3764 1589 3829 humanitatem
1618 3766 1705 3829 sic
1732 3770 2126 3847 conceptam,

568 3879 697 3926 non
727 3876 909 3943 posse
946 3874 1085 3925 esse
1115 3876 1474 3941 supremam
1506 3877 1578 3922 ac
1610 3858 2126 3941 perfectissimam

572 3960 843 4023 latriam.
895 3955 985 4019 Ita
1014 3956 1244 4019 docent
1279 3972 1499 4017 omnes
1534 3952 1894 4018 Scholastici
1937 3972 2126 4037 supra

568 4050 764 4131 citati,
806 4058 868 4115 et
901 4056 997 4114 est
1038 4050 1351 4113 sententia
1391 4046 1733 4125 Damas.,l.
1769 4048 1807 4110 4
1839 4046 1916 4112 de
1947 4046 2120 4123 Fide,

568 4168 625 4213 0.
667 4148 727 4220 3,
774 4151 1127 4226 exponente
1152 4140 1254 4206 hic
1280 4142 1354 4205 D.
1382 4138 1630 4215 Thom„
1662 4156 1720 4205 a.
1748 4140 1809 4217 2,
1841 4140 1921 4203 ad
1953 4146 1981 4205 1
2009 4160 2024 4210 2
2063 4148 2126 4205 et

566 4242 735 4305 idem
786 4238 1054 4305 sumitur
1102 4252 1179 4299 ex
1211 4234 1348 4297 aliis
1386 4232 1669 4298 Patribus
1695 4281 1710 4311 ,
1743 4237 1847 4315 qui
1888 4234 2121 4315 passim

566 4340 855 4399 asserunt
872 4326 1331 4397 humanitatem
1356 4345 1483 4392 non
1510 4326 1753 4392 adorari
1779 4328 1958 4391 latria
1985 4345 2122 4411 per·

563 4426 766 4503 fecta,
814 4424 936 4487 nisi
983 4430 1290 4505 quatenus
1333 4418 1709 4485 coadoratur
1738 4420 1942 4485 Verbo
1993 4440 2120 4485 una

564 4520 916 4601 eademque
956 4516 1319 4582 adoratione
1368 4532 1493 4597 qua
1541 4512 1764 4578 colitur
1814 4516 2115 4592 Verbum,

562 4618 711 4698 quia
738 4613 826 4677 illi
858 4604 1351 4675 substantialiter
1380 4608 1711 4689 conjuncta
1756 4616 1872 4683 est,
1910 4616 1978 4673 ut
2021 4612 2116 4672 vi·-

560 4710 710 4775 dere
745 4708 891 4771 licet
922 4704 1093 4787 apud
1118 4707 1407 4784 August„
1440 4718 1627 4764 serm.
1664 4702 1767 4777 58,
1800 4703 1879 4765 de
1922 4704 2110 4769 Verb.

558 4802 781 4877 Dom.;
816 4805 881 4864 et
926 4800 1255 4873 Athenae„
1290 4801 1446 4858 orat.
1481 4792 1520 4858 5
1548 4802 1714 4857 cont.
1760 4798 1970 4858 Arian.
2000 4816 2016 4871 ;
2053 4803 2115 4860 et

556 4894 736 4967 alios,
763 4910 919 4975 quos
948 4888 1243 4957 Claudius
1284 4884 1363 4951 de
1406 4886 1635 4953 Sainct.
1670 4906 1859 4971 supra
1889 4904 2114 4972 conge-

556 4992 656 5054 rit.
676 4986 751 5053 Et
779 4988 935 5051 ratio
970 4994 1087 5060 est,
1110 4984 1259 5064 quia
1280 4982 1662 5056 humanitas,
1684 4985 1941 5063 praecise
1965 5004 2111 5047 con-

555 5092 760 5164 cepta,
783 5100 909 5144 non
933 5088 1027 5143 est
1042 5078 1225 5151 Deus,
1257 5090 1375 5139 nec
1405 5074 1614 5139 divina
1645 5082 1903 5151 natura3
1932 5094 2108 5157 ergo,

1789 367 2024 442 QuAEsT.
2061 374 2209 435 xxv,
2245 379 2446 435 1111110.
2482 381 2541 436 n.

2205 486 2333 543 rest
2357 482 2526 544 enim
2555 480 3002 545 declarandum
3033 482 3236 563 qualis
3274 484 3358 545 sit
3381 486 3511 547 11100
3539 488 3737 549 adom-

2207 578 2316 653 tto,
2360 576 2410 638 si
2459 576 2737 656 perfecta
2779 576 2956 639 latria
2988 588 3117 639 non
3165 584 3283 655 est,
3326 590 3473 639 nam
3501 580 3566 641 n.
3591 582 3736 643 Tho-

2207 682 2369 745 mas,
2403 665 2569 731 dicta
2611 668 2921 732 solutione
2969 672 3050 734 ad
3097 672 3366 752 primam
3390 710 3411 748 ,
3445 670 3587 735 111011
3615 692 3732 737 esse

2208 761 2688 845 hyperduliam3
2717 760 2822 825 alli
2849 779 3020 842 vero,
3043 764 3394 846 praesertim
3423 761 3662 829 Gabriel
3685 778 3734 830 et

2209 850 2519 931 Corduba,
2553 858 2913 939 significant
2941 870 3080 921 ense
3109 858 3358 921 latriam
3389 860 3592 920 minus
3617 878 3737 939 per·

2207 952 2456 1017 tectam.
2503 951 2964 1015 Advertendnm
3003 964 3154 1033 ergo
3183 952 3454 1014 alterins
3493 960 3608 1026 est,
3643 954 3738 1015 tm-

2207 1048 2572 1108 manitatem
2597 1039 2818 1108 Christi
2852 1046 3182 1127 dupliciter
3205 1054 3394 1127 posse
3415 1046 3665 1127 cogitari
3687 1056 3736 1111 et

2208 1140 2534 1220 praescindi
2571 1140 2990 1202 abstractione
3037 1136 3144 1201 itta
3187 1140 3536 1219 praecisiva.
3573 1153 3736 1219 qnam

2208 1248 2398 1315 supra
2430 1234 2909 1297 declaravimus.
2971 1234 3213 1305 Primo,
3263 1232 3664 1313 'recogitando
3688 1235 3738 1295 in

2207 1328 2310 1390 illa
2339 1328 2730 1391 sanctitatem
2757 1332 2818 1390 et
2836 1322 3286 1390 beatitudinem
3305 1334 3607 1396 creatam,
3633 1337 3740 1387 om-

2207 1424 2357 1485 nino
2409 1418 2884 1503 pra—scindendo
2939 1436 3054 1484 seu
3109 1432 3242 1483 non
3285 1420 3618 1501 cogitando
3673 1422 3738 1484 tie

2207 1516 2463 1579 unione.
2499 1515 2812 1588 Secundo,
2845 1513 3178 1594 cogitando
3205 1522 3268 1579 et
3307 1516 3738 1578 considerando

2209 1610 2269 1671 tn
2310 1610 2414 1671 11111
2445 1606 2831 1689 singularem
2877 1608 3442 1671 sanctificationem
3471 1614 3537 1670 et
3565 1606 3741 1689 digni-

2207 1707 2427 1781 tatem,
2466 1714 2656 1782 quam
2705 1696 2900 1766 habet
2948 1718 3025 1766 ex
3066 1705 3301 1766 unione
3344 1704 3428 1766 nd
3461 1704 3736 1767 Verbum.

2209 1793 2503 1871 Quamvis
2535 1798 2701 1860 enim
2737 1798 2875 1861 lisso
2900 1796 3170 1879 dignitas
3195 1798 3532 1860 conveniat
3559 1796 3640 1859 1111
3667 1816 3744 1859 ra-

2207 1892 2379 1957 tione
2395 1888 2608 1965 Verbi,
2633 1890 3039 1955 nihilominus
3058 1898 3263 1973 potest
3277 1894 3344 1954 in
3367 1889 3476 1954 tna
3494 1893 3742 1954 abstrae-

2209 1994 2270 2050 te
2301 1990 2600 2066 concepta
2644 1986 3027 2049 considerari
3065 1989 3368 2067 tanquam
3395 1986 3740 2049 excellentia

2207 2077 2498 2163 quiedam
2545 2084 2606 2143 et
2648 2078 2922 2159 dignitas
2971 2080 3204 2159 ipsius:
3239 2078 3582 2160 praesertim
3617 2098 3740 2141 cum

2209 2176 2342 2255 ipsa
2371 2174 2518 2236 unio
2549 2171 2772 2237 modus
2803 2177 3049 2236 creatus
3079 2172 3158 2236 sit
3194 2172 3644 2236 humanitatem
3669 2178 3738 2235 al-

2207 2268 2450 2342 ficiens,
2484 2282 2753 2349 eamque
2783 2266 3205 2334 sanctificans.
3249 2272 3315 2329 et
3343 2268 3406 2328 in
3439 2265 3738 2329 excellenti

2209 2362 2482 2443 quadam
2511 2362 2818 2443 dignitate
2853 2360 3257 2424 constituens.
3299 2356 3528 2423 Omitto
3571 2362 3738 2423 consi·

2209 2454 2598 2519 cierationem
2631 2456 2818 2517 aliam
2849 2454 3132 2534 ejusdem
3167 2452 3591 2529 humanitatis,
3635 2465 3736 2531 qus

2208 2555 2418 2631 posset
2455 2546 2724 2631 amplius
2751 2548 3050 2620 abstrahi,
3077 2550 3137 2609 et
3163 2546 3242 2609 ab
3279 2550 3542 2626 utraque
3569 2548 3738 2607 excel-

2205 2640 2397 2707 lentia
2430 2644 2664 2719 gratiae,
2711 2648 2838 2705 tam
2889 2640 3162 2719 unionis,
3185 2652 3376 2719 quam
3411 2638 3735 2713 habitualis,

2211 2736 2558 2818 praescindi‚
2603 2736 2756 2798 etin
2783 2732 2916 2797 sola
2965 2750 3094 2796 snm
3121 2740 3360 2795 natum
3387 2734 3734 2813 perfectione

2211 2844 2286 2893 ac
2313 2830 2616 2913 dignitate
2646 2828 3050 2908 considerari,
3081 2842 3209 2889 non
3239 2828 3410 2908 qood
3441 2830 3569 2890 tioec
3591 2830 3736 2907 cogi-

2210 2923 2363 2987 tatio
2398 2924 2462 2985 et
2490 2922 2769 3002 proecisio
2798 2920 3204 3003 impossibilis
3231 2922 3331 2998 sit,
3362 2921 3472 2983 sed
3503 2923 3656 3000 quod
3674 2924 3738 2983 ad

2209 3016 2450 3079 nullum
2483 3031 2686 3097 genus
2715 3016 2986 3099 religiosi
3021 3022 3085 3078 et
3121 3015 3611 3095 supernaturalis
3635 3018 3737 3077 eul-

2211 3118 2342 3185 tus,
2392 3110 2472 3171 de
2525 3122 2649 3191 quo
2708 3128 2876 3171 nunc
2925 3110 3194 3190 agimus,
3229 3110 3517 3183 sufficiat,
3547 3110 3649 3171 sed
3673 3110 3736 3170 ad

2212 3216 2560 3275 summum,
2606 3204 2686 3265 ud
2741 3202 2892 3264 illud
2945 3202 3354 3264 observantiae
3399 3214 3598 3281 genus
3633 3222 3732 3280 qno

2211 3298 2554 3359 humanam
2597 3302 2886 3359 naturam
2932 3296 3246 3357 honorare
3277 3308 3628 3374 possumus,
3673 3313 3730 3357 eo

2209 3392 2380 3475 quod
2407 3392 2486 3455 ad
2512 3392 2850 3473 imaginem
2878 3391 2994 3454 Dei
3028 3396 3239 3453 creata
3271 3392 3372 3464 sit,
3399 3390 3480 3452 de
3512 3406 3630 3471 qno
3654 3410 3731 3451 en-

2208 3489 2353 3551 dem
2401 3488 2522 3550 erit
2567 3484 3048 3568 proportionalis
3091 3486 3272 3563 ratic,
3305 3499 3446 3567 quae.
3487 3486 3568 3549 de
3610 3502 3734 3567 quo-

2209 3598 2456 3663 cunque
2487 3582 2610 3645 alio
2641 3596 2874 3663 genere
2901 3582 3126 3645 cultus.

2293 3673 2390 3738 13.
2437 3674 2681 3751 Quando
2732 3671 2969 3738 Christi
3009 3672 3356 3739 humanitas
3409 3672 3736 3757 hyper-eisin

2210 3768 2513 3833 adoretur.
2537 3763 2866 3841 *Quarto
2892 3766 3082 3848 igitur
3105 3764 3450 3829 dicendam
3479 3772 3594 3845 est,
3623 3770 3664 3829 si
3683 3770 3734 3829 in

2213 3862 2599 3923 humanitate
2644 3858 2867 3924 Christi
2905 3862 3036 3923 sola
3084 3864 3293 3923 creata
3341 3860 3514 3923 dona
3555 3868 3734 3943 gratia}

2211 3956 2708 4027 considerentur,
2739 3960 2802 4017 et
2827 3961 3081 4035 propter
3121 3954 3227 4015 itta
3255 3956 3518 4035 praecise
3545 3956 3738 4017 adore·

2206 4056 2329 4125 tur,
2365 4047 2551 4111 talem
2583 4046 3010 4109 adorationem
3043 4044 3464 4111 essentialiter
3491 4064 3622 4111 esse
3648 4048 3736 4109 du-

2206 4144 2390 4219 liain;
2418 4154 2652 4219 tamen,
2680 4144 2826 4224 qnia
2855 4142 2918 4204 in
2946 4156 3022 4204 eo
3045 4154 3283 4223 genere
3307 4140 3734 4222 perfectissima

2208 4242 2324 4312 est,
2346 4234 2783 4318 hyperduliam
2805 4236 3126 4315 appellari.
3143 4230 3300 4308 Hoc,
3320 4240 3390 4297 ut
3409 4234 3727 4311 minimum,

2202 4332 2384 4392 docet
2427 4330 2495 4393 D.
2543 4330 2816 4393 Thomas
2843 4330 2969 4405 hic,
3008 4334 3070 4392 et
3099 4330 3508 4393 consentiunt
3535 4330 3726 4408 10111111

2199 4418 2500 4503 ‘l'lieologi
2549 4436 2740 4505 supra
2791 4422 2982 4487 citati.
3039 4424 3114 4485 Et
3160 4428 3254 4486 est
3305 4430 3727 4503 consequenter

2201 4518 2455 4580 evidens
2497 4532 2570 4580 ex
2606 4517 2782 4580 dictis
2811 4518 3206 4599 praecedente
3244 4520 3558 4595 sectione,
3587 4523 3640 4579 ct
3663 4536 3724 4577 cx

2199 4602 2306 4673 illo
2333 4606 2672 4693 principio,
2707 4610 2876 4692 quod
2909 4612 3051 4673 talis
3082 4618 3176 4673 est
3205 4610 3512 4681 adoratio,
3558 4605 3720 4692 qualis

2199 4704 2563 4768 excellentia
2587 4706 2646 4766 ln
2669 4718 2793 4787 qua
2819 4706 3152 4779 fundatum
3185 4706 3300 4767 sed
3330 4708 3532 4784 gratia
3553 4714 3602 4766 et
3629 4722 3716 4765 cte·
3834 4746 3835 4795 1

2195 4804 2323 4861 tera
2354 4798 2518 4860 dona
2551 4806 2762 4861 creata
2784 4804 2930 4862 sunt
2959 4796 3242 4880 ejusdem
3273 4798 3532 4861 rationis
3559 4801 3613 4859 in
3629 4798 3718 4858 liu-

2194 4892 2493 4954 manitate
2510 4892 2728 4955 Christi
2759 4896 2822 4953 et
2849 4892 2910 4953 in
2944 4892 3210 4967 caeteris,
3235 4893 3528 4972 quamvis
3553 4890 3718 4953 inilia

2195 4986 2316 5047 sint
2332 4986 2770 5048 excellentiora
2797 4986 3104 5047 intensive
3125 4998 3236 5046 seu
3259 4983 3714 5055 individualiten

2193 5090 2340 5157 ergo
2372 5088 2512 5139 eam
2541 5078 3008 5159 proportionem
3031 5082 3242 5141 servat
3266 5079 3550 5142 adoratio
3571 5080 3624 5139 in
3643 5080 3714 5139 eis

551 5189 695 5241 cnm
739 5174 884 5239 talis
929 5172 1209 5237 adoratio
1262 5168 1329 5233 in
1366 5170 1501 5251 ipsa
1542 5174 1610 5231 ut
1664 5170 1751 5233 sic
1808 5172 2110 5253 concepta
2189 5170 2486 5235 fundam.-
2526 5172 2705 5235 Dices
2742 5189 2757 5237 :
2792 5174 3027 5235 illamet
3077 5172 3244 5237 dona
3282 5180 3494 5237 creato
3519 5174 3712 5235 animae

550 5268 748 5340 sistat,
798 5286 927 5330 non
959 5274 1164 5349 potest
1202 5281 1341 5327 esse
1389 5280 1684 5343 suprema
1712 5262 1916 5341 latria,
1968 5280 2107 5345 quae
2190 5264 2406 5327 Christi
2430 5266 2660 5328 habent
2693 5268 2754 5329 in
2787 5280 2860 5330 ea
2893 5266 3228 5348 specialem
3253 5266 3713 5348 dignitatem,ob

548 5364 665 5427 soli
696 5364 821 5425 Deo
856 5355 1188 5425 tribuenda
1221 5365 1347 5434 est;
1395 5364 1456 5423 et
1496 5356 1617 5421 hoc
1660 5356 1859 5439 magis
1889 5374 1966 5420 ex
2009 5374 2105 5421 se·
2185 5374 2374 5440 quam
2405 5360 2696 5423 dicuntur
2729 5362 2959 5423 habere
2989 5363 3329 5443 quamdam
3378 5359 3710 5423 infinitatem

548 5456 885 5538 quentibus
911 5451 1239 5520 constabit.

2181 5452 2249 5515 in
2273 5472 2410 5516 esse
2436 5458 2666 5537 gratiis.
2691 5456 3144 5537 Respondetur,
3176 5454 3347 5518 illam
3379 5457 3708 5537 dignitatem

629 5551 730 5615 12.
762 5548 976 5627 Qualis
1003 5551 1088 5617 sit
1112 5548 1455 5629 hujusmodi
1478 5548 1876 5616 0110111111).-
1904 5550 1986 5612 Su
1993 5564 2101 5629 pe·
2179 5544 2280 5613 vel
2313 5544 2688 5613 infinitatem
2709 5550 3041 5613 convenire
3068 5545 3167 5613 his
3195 5550 3379 5615 donis
3409 5550 3612 5614 creatis
3639 5562 3705 5608 ex
