3892 6167
1370 305 1691 362 msl‘uTAT.
1727 303 1897 361 xmx.
1929 305 2101 359 SECT.
2138 307 2199 360 ll.
3270 307 3391 372 499

117 403 470 468 ficatione
493 405 858 480 fundatum3
887 421 1035 486 ergo
1051 411 1312 488 propter
1331 410 1620 472 eamdem
1645 427 1742 472 ra·
1824 407 2057 482 Sancti,
2089 413 2160 472 ιιι
2182 409 2345 471 Deus
2375 414 2494 487 est,
2524 405 2715 472 habet
2740 425 2777 473 a
2796 409 2979 472 Patre
3012 416 3075 473 et
3103 409 3282 488 Filio,
3310 416 3391 476 si-

121 499 418 563 tionem
444 501 712 582 Spiritus
739 501 1030 575 Sanctus,
1051 506 1122 564 ut
1148 501 1365 579 homo,
1385 511 1552 567 esset
1578 503 1744 570 filius
1827 507 1931 564 cut
1953 502 2367 566 substantiam
2392 521 2597 575 suam,
2614 501 2703 566 ita
2720 507 2782 564 et
2800 501 3256 568 beatitudinem
3273 525 3389 588 per
3474 516 3489 531 ·

123 612 188 654 ιι
201 593 494 656 aturalis
516 613 630 676 per
643 594 910 676 gratiam
927 593 1196 658 unionis.
1219 597 1438 663 Dicent
1458 599 1742 673 fortasse,
1829 597 2189 668 essentiam.
2224 603 2287 659 et
2314 603 2528 660 tamen
2557 615 2683 662 non
2710 595 2903 664 habet
2928 597 3095 661 illam
3130 618 3242 684 per
3260 619 3389 666 mo·

125 685 1111 764 Christum,uthominem‚non
1129 707 1263 754 esse
1278 691 1474 775 filium
1496 698 1749 753 natura·
1830 691 1981 754 dum
2012 690 2409 768 haercditatiS,
2451 693 2609 754 sicut
2656 709 2775 754 nee
2812 691 3231 756 substantiam
3280 695 3394 758 ha·

129 780 160 840 1
180 801 312 844 em
349 783 432 844 ob
477 799 616 846 eam
668 783 993 864 praecisam
1021 800 1296 860 causam,
1329 783 1442 847 sed
1469 787 1615 864 quia
1646 784 1748 846 illa
1830 783 1936 848 het
1972 803 2086 864 per
2113 785 2371 848 modurn
2403 786 2848 866 generationis,
2879 791 2944 848 et
2970 785 3113 850 ideo
3140 806 3267 850 non
3300 797 3395 856 est

127 875 592 940 sanctificatio
617 883 682 939 et
701 878 808 956 jus
833 876 913 938 ad
942 876 1207 956 gloriam
1235 878 1518 959 provenit
1537 899 1574 940 a
1591 877 1748 942 filia·

123 969 353 1032 tione
373 969 641 1033 naturali
673 978 738 1034 ει
765 989 878 1051 ρει·
919 971 1277 1046 essentiam,
1312 977 1381 1036 ut
1411 973 1744 1052 conjuncta

1830 879 2052 952 Filius3
2086 897 2236 962 ergo
2256 898 2383 944 non
2407 880 2715 942 immerito
2744 879 2914 942 idem
2938 880 3062 943 dici
3086 887 3289 962 potest
3313 881 3393 944 de

1829 973 1933 1034 illo
1970 978 2037 1035 ut
2066 973 2348 1036 homine.
2392 973 2692 1054 Idemque
2740 974 2964 1053 maj0ri
2994 975 3237 1038 ratione
3270 975 3396 1038 dici

129 1063 188 1123 h
209 1065 575 1128 umanitati.
611 1065 738 1128 Sed
770 1072 984 1128 contra
1027 1067 1149 1130 hoc
1177 1075 1360 1148 urget
1398 1085 1740 1148 argumen-

125 1162 313 1220 tum
343 1160 602 1234 factum,
634 1159 783 1238 quia
813 1177 993 1240 aeque
1034 1161 1225 1241 digna
1256 1163 1612 1242 etperfecta
1645 1169 1740 1226 est

131 1251 597 1331 personalitas
627 1253 892 1334 Spiritus
935 1253 1147 1319 Sancti
1169 1278 1186 1332 ;
1232 1273 1381 1320 nam
1419 1256 1590 1336 quod
1631 1255 1740 1318 illa

129 1347 594 1424 personalitas
621 1347 697 1409 sit
723 1345 880 1421 Filii,
913 1347 1014 1410 vel
1044 1347 1309 1428 Spiritus
1339 1350 1572 1426 Sancti,
1596 1349 1741 1427 [ma-

127 1440 395 1502 teriale
411 1441 592 1504 valde
607 1447 722 1504 est.
740 1443 894 1504 Nam
912 1438 1192 1506 Christus
1206 1449 1275 1506 ut
1289 1445 1478 1506 homo
1493 1461 1622 1505 non
1639 1444 1744 1506 de·

135 1533 545 1596 nominatur
581 1532 746 1596 filius
780 1535 1084 1598 naturalis
1114 1556 1150 1598 a
1185 1534 1487 1600 filiatione
1533 1537 1743 1600 divina

131 1629 481 1706 *tanquam
529 1646 568 1689 a
599 1627 805 1690 forma
847 1629 1194 1692 formaliter
1225 1629 1540 1693 referente
1571 1629 1744 1694 Chri-

137 1725 346 1780 stum
375 1725 444 1783 ut
467 1720 787 1782 hominem
815 1721 898 1783 ad
928 1723 1201 1798 Patrem,
1232 1723 1345 1785 sed
1365 1725 1571 1785 solum
1610 1729 1678 1786 ut
1707 1741 1744 1784 a

141 1814 585 1878 subsistentia
611 1815 988 1879 terminante
1005 1815 1490 1898 dependentiam
1508 1823 1745 1880 naturae

133 1907 494 1988 humanae,
521 1915 584 1972 et
606 1913 1068 1992 consequenter
1094 1911 1520 1974 sanctificante
1548 1912 1741 1989 illam,

143 2009 224 2064 et
261 2001 460 2066 dante
488 2004 636 2066 huic
663 2003 907 2066 homini
941 2006 1045 2086 jus
1072 2005 1155 2068 ad
1195 2011 1498 2068 oeternam
1541 2006 1746 2068 haere-

145 2095 475 2171 ditat0m3
527 2097 640 2159 sed
672 2103 875 2160 totum
919 2117 1100 2179 aeque
1155 2104 1408 2182 praestat
1455 2100 1745 2180 quaelibet

145 2191 594 2270 personalitas
625 2191 874 2272 divina3
920 2210 1074 2274 ergo
1118 2195 1289 2275 quod
1316 2195 1420 2255 illa
1463 2195 1543 2256 sit
1587 2193 1744 2256 filia·

151 2285 286 2357 tio,
318 2285 687 2364 paternitas,
717 2287 818 2350 vel
849 2289 1189 2368 processio,
1227 2287 1384 2350 nihil
1423 2288 1615 2350 refert
1657 2288 1738 2349 ad

145 2385 552 2458 praesentem
603 2379 898 2444 effectum
957 2399 1071 2444 seu
1131 2381 1732 2446 denominationem.

151 2475 380 2554 Major
409 2480 507 2536 est
548 2473 828 2548 evidenti,
875 2481 1011 2537 tum
1047 2476 1196 2555 quia
1243 2482 1570 2538 ostensum
1617 2480 1735 2552 est,

153 2569 512 2646 Christum,
559 2574 628 2630 ut
653 2569 997 2647 hominem,
1045 2587 1172 2632 non
1223 2569 1442 2632 referri
1485 2570 1738 2650 speciali

153 2661 481 2727 relatione
514 2659 620 2722 filli
646 2661 727 2724 ad
756 2663 1003 2726 Patrem
1025 2669 1326 2724 aeternum
1343 2679 1364 2742 ;
1395 2669 1528 2726 tum
1550 2664 1740 2724 etiam

155 2756 322 2836 quia
360 2755 466 2819 illa
485 2762 718 2818 aeterna
744 2755 961 2818 filiatio
993 2775 1120 2818 non
1149 2764 1357 2838 potest
1395 2757 1736 2820 informare

153 2850 496 2911 hominem
540 2856 609 2912 ιιι
641 2849 830 2912 homo
861 2855 979 2926 est,
1013 2867 1132 2914 nec
1172 2849 1382 2932 ipsum
1411 2852 1492 2912 ad
1543 2852 1738 2914 alium

153 2943 442 3018 referre;
475 2961 629 3026 ergo
680 2961 890 3024 neque
919 2944 1118 3006 fllium
1155 2945 1277 3008 hoe
1305 2946 1496 3008 modo
1545 2945 1742 3008 deno-

155 3036 453 3111 minare3
477 3039 624 3100 ‘tum
647 3036 920 3118 denique
959 3039 1109 3119 quia
1137 3039 1313 3116 alias,
1351 3040 1403 3102 si
1433 3041 1618 3102 Pater
1647 3057 1740 3102 as·

155 3136 457 3200 sumeret
495 3148 779 3208 carnem,
828 3133 1018 3195 etiam
1049 3137 1118 3194 ut
1163 3133 1354 3194 homo
1399 3133 1742 3196 referretur

153 3245 287 3306 per
331 3225 772 3306 paternitatem
813 3225 894 3288 ad
940 3226 1188 3300 Filium,
1225 3233 1290 3289 et
1329 3227 1395 3287 in
1429 3234 1740 3308 quantum

155 3321 363 3381 homo
379 3319 694 3380 diceretur
713 3319 900 3382 Pater
921 3320 1226 3384 naturalis
1245 3319 1385 3382 Filii
1405 3322 1544 3393 Dei,
1568 3320 1740 3400 quod

153 3419 260 3475 est
273 3413 466 3492 plane
494 3412 745 3474 falsum.
769 3413 1040 3492 Sequela
1071 3418 1284 3476 autem
1307 3420 1404 3478 est
1422 3414 1678 3478 evidens
1699 3433 1738 3476 a

155 3506 440 3586 paritate
475 3505 757 3576 rationis.
804 3507 879 3574 Et
913 3505 1324 3573 confirmatur
1360 3508 1500 3570 haec
1549 3509 1733 3587 ratio,

157 3618 322 3662 nam
349 3601 616 3680 Spiritus
643 3601 931 3674 Sanctus,
965 3609 1035 3664 ut
1070 3602 1283 3678 homo,
1329 3607 1496 3666 esset
1535 3602 1736 3666 hoeres

158 3693 396 3756 divinas
425 3693 832 3767 &meditatim
867 3711 1019 3774 ergo
1050 3701 1217 3758 esset
1261 3695 1464 3773 filius;
1513 3703 1574 3758 et
1603 3713 1732 3758 non

159 3787 536 3870 adoptivus3
575 3805 728 3867 ergo
762 3788 1064 3852 naturalis
1095 3807 1210 3868 per
1241 3790 1510 3870 gratiam
1553 3789 1733 3852 unio·

159 3881 292 3943 nis.
327 3881 720 3946 Antecedens
750 3887 992 3945 constat
1021 3901 1099 3946 ex
1125 3883 1326 3959 dictis,
1359 3885 1507 3964 quia
1540 3882 1731 3946 habe·

157 3979 268 4039 ret
286 3976 393 4054 jus
419 3974 827 4038 intrinsecum
849 3982 912 4039 et
933 3978 1338 4040 connaturale
1356 3978 1439 4040 ad
1453 3977 1730 4038 divinam

157 4069 602 4132 haereditatem
618 4091 638 4147 3
671 4071 1120 4152 consequentia
1149 4089 1298 4134 vero
1329 4089 1366 4134 a
1411 4071 1594 4134 simili
1625 4087 1732 4130 su·-

159 4164 253 4226 mi
279 4169 486 4243 potest
503 4179 582 4226 ex
603 4163 710 4229 illo
732 4165 907 4228 Pauli
932 4185 946 4228 ε
978 4165 1060 4230 Si
1087 4165 1284 4242 filivs,
1310 4171 1366 4229 et
1390 4166 1610 4236 lueres:
1634 4167 1730 4224 est

161 4259 338 4321 enim
380 4259 705 4340 proprium
753 4257 1026 4323 filiorum
1057 4260 1210 4337 Dei,
1259 4277 1398 4324 esse
1444 4259 1730 4322 haeredes

159 4354 479 4416 bonorum
515 4353 732 4433 ipsius.
769 4353 1130 4436 Respondet
1169 4353 1340 4427 enim
1384 4352 1494 4416 illa
1531 4354 1728 4416 haere·

160 4448 331 4510 ditas
349 4447 482 4528 juri
499 4447 812 4512 filiationis
839 4455 1142 4530 tanquam
1169 4447 1425 4530 proprio
1459 4453 1522 4512 et
1561 4447 1726 4510 adae·

165 4547 360 4620 quate
396 4542 718 4622 principio.
905 4581 910 4586 -

249 4636 351 4696 39.
385 4631 510 4696 Sed
550 4631 932 4711 respondere
977 4637 1181 4714 potest
1229 4631 1479 4715 aliquis,
1524 4633 1592 4696 in
1643 4649 1720 4696 eo

165 4743 319 4791 casu
361 4726 495 4788 fore
527 4725 802 4788 divinam
845 4727 1298 4788 beatitudinem
1349 4733 1726 4788 connatura-

165 4825 292 4883 lem
321 4838 393 4882 ac
436 4819 712 4882 debitam
763 4820 1016 4900 Spiritui
1063 4821 1292 4882 Sancto
1341 4826 1412 4880 ιιι
1457 4819 1718 4896 homini,

163 4934 293 4978 non
321 4920 534 4981 tamea
560 4929 675 4994 per
717 4913 982 4976 modum
1007 4912 1414 4992 haereditatis,
1457 4913 1570 4976 sed
1611 4931 1728 4993 per

164 5008 426 5070 modum
475 5005 801 5087 eujusdam
853 5004 1282 5084 connaturalis
1329 5007 1728 5087 proprietatis

166 5117 278 5181 seu
309 5099 606 5179 actiui-aiu
635 5100 798 5182 sieut
821 5099 1088 5180 seientia
1117 5099 1318 5175 infusa
1351 5098 1464 5162 vel·
1495 5097 1619 5178 alia
1649 5098 1732 5162 si-

165 5194 330 5256 milis
358 5192 660 5274 perfectio
703 5199 908 5276 petest
942 5192 1064 5269 dici
1093 5191 1522 5272 connaturalis
1557 5191 1731 5257 Chri-v

166 5293 255 5354 ste
274 5335 295 5366 ,
346 5303 474 5352 non
513 5303 630 5368 per
679 5287 938 5350 modum
984 5285 1400 5364 haereditatis,
1433 5284 1549 5350 sed
1593 5293 1733 5352 tan-2

173 5399 364 5464 quam
395 5383 746 5466 proprietas
777 5381 1090 5464 quasdam.
1127 5383 1204 5446 Et
1235 5387 1440 5466 potest
1477 5399 1514 5444 a
1543 5379 1730 5446 simili

169 5485 313 5556 apte
339 5475 666 5558 explicari,
696 5487 844 5544 nm
868 5475 1140 5558 ipsam&
1163 5491 1436 5561 persona
1458 5474 1730 5556 Spiritus

1820 1073 2037 1147 posset
2069 1065 2148 1128 de
2180 1069 2383 1144 Patre,
2408 1067 2458 1128 si
2484 1069 2671 1128 homo
2698 1066 2899 1144 fieret,
2930 1068 3099 1148 quia,
3135 1075 3204 1130 ut
3224 1071 3392 1132 Deus

1821 1165 1937 1233 est,
1972 1159 2169 1222 multo
2194 1160 2403 1224 minus
2431 1160 2621 1222 habet
2644 1159 2814 1222 illam
2845 1160 3297 1226 beatitudinem
3324 1169 3397 1224 ut

1819 1253 2270 1317 haereditatem.
2302 1253 2451 1319 Haec
2478 1254 2803 1334 responsio
2841 1261 2937 1317 est
2979 1255 3236 1336 quidem
3282 1274 3392 1340 ap-

1825 1365 2081 1428 parenS,
2106 1347 2220 1409 sed
2250 1347 2558 1426 imprimis
2585 1347 2717 1409 fere
2744 1353 2995 1412 revocat
3024 1355 3389 1415 controver-

1825 1443 1985 1504 siam
2012 1442 2095 1503 ad
2128 1442 2543 1522 quaestionem
2592 1441 2672 1503 de
2702 1444 2993 1510 nomine:
3036 1461 3184 1509 nam
3222 1444 3395 1526 quod

1823 1553 1940 1598 nos
1972 1536 2291 1616 praecipue
2322 1536 2726 1614 intendimus,
2753 1543 2868 1612 εει,
2890 1538 2954 1598 ἰιι
2986 1555 3061 1600 eo
3088 1556 3239 1606 casu
3264 1539 3397 1620 Spi-

1825 1630 2017 1692 ritum
2044 1631 2345 1692 Sanctum
2378 1632 2445 1690 ut
2472 1629 2794 1691 hominem
2838 1631 3075 1693 habere
3106 1633 3397 1694 intrinse-

1825 1743 1969 1784 cum
1993 1725 2101 1805 jus
2128 1722 2211 1784 ad
2248 1722 2419 1784 illam
2448 1721 2926 1785 beatitudinem.
2968 1725 3228 1802 Deinde,
3276 1744 3391 1790 our

1825 1817 2179 1880 affirmatur
2202 1815 2283 1878 de
2321 1816 2565 1878 Christo
2617 1821 2687 1878 nt
2735 1817 3017 1894 homine,
3066 1820 3240 1900 quod
3284 1821 3400 1882 ha-

1825 1910 1973 1974 beat
1998 1911 2119 1972 hoc
2145 1911 2252 1993 jus
2284 1909 2367 1972 ad
2394 1909 2566 1972 illam
2608 1911 3063 1974 beatitudinem
3094 1918 3398 1996 tanquam

1827 2004 1908 2067 ad
1937 2004 2394 2081 haereditatem,
2428 2009 2489 2066 et
2519 2010 2787 2085 negatur
2828 2005 2908 2066 de
2948 2006 3186 2088 Spiritu
3238 2010 3395 2072 San-

1825 2105 1949 2177 cto,
1986 2115 2130 2162 cum
2154 2099 2221 2160 in
2243 2117 2313 2160 re
2331 2099 2439 2179 jus
2469 2099 2799 2182 utriusque
2842 2100 2924 2162 sit
2944 2119 3123 2180 aeque
3152 2103 3399 2182 perfec-

1821 2195 1983 2268 tum,
2019 2192 2173 2252 etin
2202 2190 2425 2271 aequali
2465 2189 2788 2272 dignitate,
2824 2196 2889 2254 et
2916 2191 3102 2258 simili
3152 2193 3396 2259 actione

1819 2285 2205 2350 fundatum?
2247 2285 2405 2348 Nam
2438 2284 2611 2364 quod
2656 2283 2937 2348 Christus
2966 2292 3035 2352 ut
3078 2287 3268 2350 homo
3317 2288 3397 2353 sit

1821 2380 2046 2458 haeres,
2094 2397 2225 2442 non
2266 2379 2413 2441 inde
2452 2379 2801 2445 formaliter
2850 2381 3066 2459 hahet,
3115 2383 3287 2462 quod
3327 2383 3395 2444 in

1821 2479 2131 2557 quantum
2169 2473 2336 2536 Deus
2361 2472 2563 2536 haeres
2596 2478 2714 2550 est,
2737 2483 2893 2536 nam
2939 2481 3004 2538 et
3040 2478 3160 2539 hoc
3186 2479 3395 2560 ipsum
3474 2538 3479 2545 .

1821 2569 1887 2632 in
1909 2569 2121 2649 rigore
2146 2574 2211 2631 et
2248 2568 2633 2650 proprietate
2659 2586 2789 2630 non
2818 2576 2915 2631 εει
2956 2587 3201 2648 verum,
3239 2573 3390 2654 quia

1819 2663 2025 2724 haeres
2048 2661 2295 2724 videtur
2320 2661 2647 2724 includere
2672 2663 2949 2744 aliquam
2980 2665 3397 2744 imperfectio-

1821 2773 1994 2830 nem,
2034 2771 2185 2816 nam
2218 2753 2528 2836 significat
2554 2756 2763 2835 potius
2798 2757 2906 2843 Jus
2934 2755 3017 2820 ad
3062 2759 3395 2822 haeredita-

1820 2854 1974 2924 tem,
2002 2865 2195 2930 quam
2229 2849 2491 2932 plenum
2517 2847 2865 2912 dominium
2892 2852 2995 2914 vel
3038 2853 3396 2916 naturalem

1821 2943 2291 3024 possessionem
2345 2949 2408 3004 et
2433 2943 2881 3023 proprietatem
2926 2945 3111 3008 illius,
3146 2948 3259 3010 Dei
3288 2967 3397 3010 au·

1821 3041 1953 3100 tem
1978 3035 2169 3098 Filius
2194 3034 2402 3116 potius
2430 3043 2528 3099 est
2556 3038 2805 3116 genitus
2824 3043 2897 3102 ut
2923 3057 3259 3120 supremus
3280 3043 3397 3104 Do·

1821 3132 2056 3213 minus,
2086 3147 2275 3217 quam
2304 3135 2373 3192 ut
2405 3131 2631 3205 haeres,
2664 3130 2795 3194 imo
2823 3137 2896 3194 ut
2932 3151 3047 3216 per
3080 3152 3149 3198 se
3182 3153 3396 3198 essen-

1821 3225 2053 3286 tialiter
2079 3225 2325 3298 beatus,
2358 3226 2566 3306 potius
2596 3243 2787 3304 quam
2812 3231 2882 3289 ut
2910 3229 3153 3292 hahens
3182 3231 3283 3308 ius
3310 3230 3394 3293 ad

1823 3318 2306 3382 beatitudinem.
2338 3320 2435 3396 Et,
2468 3321 2769 3402 quicquid
2814 3321 2895 3383 de
2945 3323 3066 3386 hoc
3112 3325 3214 3404 sit,
3260 3340 3387 3388 non

1816 3413 2066 3475 videtur
2118 3412 2355 3474 referre
2412 3419 2484 3474 ut
2544 3413 2611 3474 in
2683 3423 2989 3494 quantum
3060 3417 3251 3478 homo
3310 3418 3391 3480 sit

1820 3507 2042 3584 haeres,
2093 3504 2209 3568 sed
2246 3507 2366 3566 hoc
2415 3506 2652 3586 pendet
2698 3525 2775 3568 ex
2812 3507 2959 3590 jure
3000 3512 3172 3590 quod
3198 3511 3392 3574 habet

1817 3601 1882 3662 in
1911 3605 2221 3684 qnantum
2259 3600 2475 3674 homo,
2514 3605 2577 3662 et
2605 3618 2684 3662 ex
2712 3601 2903 3662 modo
2930 3619 3057 3684 quo
3092 3603 3249 3666 illud
3272 3605 3390 3666 ha-

1814 3693 1944 3770 het,
1988 3699 2051 3756 et
2083 3694 2149 3754 in
2180 3694 2302 3755 hoc
2355 3693 2580 3754 eadem
2620 3693 2869 3756 videtur
2916 3712 3057 3758 esse
3106 3697 3267 3758 ratio
3308 3696 3387 3759 de

1812 3805 2088 3868 persona
2150 3785 2417 3874 Spiritus
2479 3789 2730 3864 Sancti,
2794 3789 2848 3850 si
2906 3788 3099 3852 homo
3163 3790 3343 3854 fieret
3362 3808 3385 3872 3

1814 3882 2096 3944 consistit
2153 3887 2368 3944 autem
2412 3881 2571 3944 ratio
2626 3882 2695 3944 in
2741 3881 2899 3957 hoe,
2955 3884 3129 3964 quod
3184 3903 3263 3948 ex
3320 3887 3384 3949 vi

1811 3975 1981 4038 illius
2026 3975 2288 4037 actionis
2328 3974 2592 4052 divinae,
2637 3992 2764 4057 qua
2803 3975 2986 4038 fieret
3026 3976 3219 4040 homo
3266 3995 3383 4060 per

1811 4070 2113 4132 unionem
2142 4069 2347 4130 carnis
2396 4067 2479 4128 ad
2513 4067 2749 4148 ipsum,
2800 4067 3069 4136 haberet
3110 4071 3231 4134 hoc
3276 4073 3381 4154 jus

1810 4163 1894 4224 ad
1920 4161 2089 4226 bona
2113 4160 2309 4243 ipsius
2349 4161 2496 4238 Dei,
2529 4179 2568 4222 a
2604 4179 2731 4247 quo
2756 4161 2903 4227 talis
2945 4164 3107 4227 actio
3138 4171 3203 4228 et
3228 4166 3378 4228 nnio

1810 4257 2014 4320 fieret.
2052 4258 2128 4319 Et
2156 4255 2563 4318 confirmatur
2600 4255 2843 4318 ratione
2872 4276 3066 4338 supra
3098 4258 3179 4321 de
3208 4259 3379 4322 Chri-

1809 4357 1904 4414 sto
1931 4351 2120 4428 facta,
2159 4369 2309 4412 nam
2339 4350 2531 4412 homo
2578 4369 2693 4431 per
2726 4352 2993 4432 gratiam
3036 4353 3230 4416 habet
3269 4355 3374 4436 jus

1807 4445 1890 4507 ad
1947 4445 2226 4508 divinam
2278 4444 2737 4508 beatitudinem
2789 4452 2861 4507 ιιι
2914 4445 2995 4508 ad
3043 4446 3375 4510 haeredita·

1810 4545 1934 4602 tem
1946 4555 1968 4620 3
2011 4557 2163 4620 ergo
2211 4539 2409 4604 multo
2453 4539 2655 4620 magis
2684 4538 2944 4622 Spiritus
2977 4543 3268 4619 Sanctus,
3302 4547 3373 4604 ut

1803 4633 2019 4707 homo,
2050 4634 2312 4699 haberet
2354 4633 2475 4697 hoe
2493 4632 2601 4714 jus
2646 4651 2764 4719 per
2797 4635 3064 4715 gratiam
3093 4636 3367 4698 unionis.

1801 4728 2071 4793 Maxime
2100 4727 2251 4810 quia
2290 4726 2376 4788 ad
2418 4725 2755 4811 ipsammet
2782 4730 3054 4810 gratiam
3084 4729 3373 4792 habitua-

1802 4820 1926 4884 lem
1955 4820 2217 4884 haberet
2248 4821 2657 4884 connaturale
2682 4825 2829 4902 ιῙιιες
2868 4840 3018 4903 ergo
3048 4821 3217 4886 etad
3239 4824 3372 4904 glo-⁵

1807 4914 1992 4992 riam,
2039 4914 2158 4976 suh
2204 4931 2583 4996 quacunque
2626 4915 2869 4978 ratione
2898 4919 3101 4996 potest
3148 4915 3368 4998 gratiae

1807 5005 2333 5087 correspondet-⁶33
2384 5023 2539 5088 ergo
2577 5008 2769 5070 etiam
2796 5006 2916 5072 sub
2950 5007 3194 5090 ratione
3238 5009 3369 5070 11ae-

1807 5099 2111 5164 reditatis.
2144 5099 2583 5180 Respondetur
2616 5117 2769 5190 ergo
2811 5097 2895 5164 ad
2934 5107 3229 5192 quartum
3273 5121 3369 5163 ar-

1811 5199 2209 5274 gumentum,
2260 5193 2433 5272 quod
2458 5191 2539 5255 ad
2569 5210 2705 5257 rem
2732 5194 2977 5270 attinet,
3022 5211 3244 5256 verum
3277 5213 3371 5258 es,

1813 5303 1904 5362 se,
1949 5287 2247 5368 Spiritum
2280 5276 2634 5369 Sanctum,
2678 5291 2747 5350 ιιι
2791 5287 3138 5362 hominem,
3184 5287 3249 5353 in
3292 5306 3370 5357 eo

1813 5399 1964 5444 casu
1986 5380 2121 5446 fore
2144 5380 2343 5445 filium
2385 5381 2501 5446 Dei
2524 5381 2875 5446 naturalem
2916 5381 3217 5448 filiatione
3259 5401 3374 5446 na·-

1809 5476 2020 5554 turali,
2072 5493 2213 5556 qaae
2258 5479 2357 5540 est
2392 5493 2507 5558 per
2552 5478 2819 5560 gratiam
2851 5467 3133 5556 unionis,
3186 5485 3375 5562 prout
