3892 6167
1362 325 1682 382 msru‘rm.
1720 327 1840 382 le.
1875 324 2044 378 SECT.
2081 325 2164 380 nl.

141 431 539 505 testimonio,
581 447 702 494 nec
752 429 950 492 credit
993 411 1133 492 esse
1181 427 1521 518 Hincmari,
1565 430 1714 510 quia

137 545 274 589 nec
301 527 462 588 liber
487 523 592 586 ill'e
624 525 963 598 Hincmari,
995 525 1164 587 unde
1206 531 1522 606 sumptum
1561 525 1717 587 dici-

135 628 276 698 tur,
305 625 496 695 extat,
522 637 731 698 neque
765 618 848 681 ad
875 637 992 681 nos
1025 620 1332 699 pervenit,
1363 618 1484 681 nisi
1511 637 1589 680 ex
1615 636 1715 682 re-

135 715 388 778 latione
415 713 641 794 lllyrici
670 712 971 788 haeretici,
997 715 1100 775 cui
1124 712 1362 775 nullam
1385 712 1578 774 fidem
1607 711 1716 775 ad-

139 809 469 884 bibemus,
500 825 710 888 neque
737 806 970 869 scimus
997 807 1168 869 unde
1188 805 1608 886 fragmentum
1644 803 1716 865 il-

135 903 265 965 lud
319 902 718 983 decerpserit,
759 901 1102 980 praesertim
1149 917 1293 962 cum
1335 897 1714 961 Trithemius

136 999 323 1059 inter
348 1013 542 1076 opera
565 994 883 1057 Hincmari
902 993 1078 1056 illum
1101 1011 1231 1056 non
1257 998 1569 1056 numeret.
1598 993 1715 1052 De-

137 1089 304 1152 inde
345 1090 412 1151 in
455 1088 706 1150 illismet
749 1087 958 1150 verbis
999 1087 1198 1150 multa
1249 1092 1396 1149 sunt
1442 1086 1622 1160 falsa,
1653 1091 1716 1147 et

139 1183 320 1245 inter
371 1199 441 1245 se
485 1180 836 1262 pugnantia
861 1226 878 1256 ‚
925 1181 1024 1243 vel
1071 1197 1295 1260 parum
1333 1178 1709 1259 probabilia.

139 1273 454 1350 Primum,
473 1275 648 1356 quod
667 1275 913 1351 asserit,
935 1274 1002 1334 in
1023 1273 1301 1353 quadam
1321 1273 1430 1334 VH
1455 1270 1712 1353 Synodo

131 1369 536 1445 Graecorum,
581 1368 890 1448 quosdam
943 1365 1174 1430 dixisse
1215 1367 1528 1446 imagines
1575 1381 1712 1428 esse

141 1460 686 1542 confringendae,
726 1460 884 1522 alios
937 1478 1086 1522 vero
1116 1477 1254 1521 esse
1307 1457 1708 1531 adorandas3

145 1571 306 1615 nam
343 1553 464 1617 hoc
491 1571 619 1616 non
647 1555 714 1615 in
747 1571 876 1616 nna
910 1552 1186 1634 Synodo,
1217 1552 1331 1614 sed
1358 1553 1423 1612 in
1455 1551 1717 1614 diversis

149 1645 422 1722 accidit;
473 1653 536 1710 et
577 1647 662 1709 ita
709 1647 958 1710 videtur
1005 1651 1338 1725 utramque
1391 1643 1717 1726 Synodum

149 1741 568 1819 confundere,
605 1759 754 1802 nam
791 1745 1129 1819 utramque
1153 1740 1326 1802 illam
1353 1745 1598 1820 partem
1625 1740 1717 1801 di·

149 1837 260 1911 cit,
301 1852 436 1898 non
483 1853 638 1898 sano
689 1834 1009 1898 intellectu
1047 1851 1184 1896 esse
1230 1833 1316 1895 ibi
1363 1832 1713 1896 definitam.

143 1929 398 1992 Deinde
445 1929 616 2008 quod
665 1929 788 2004 ait,
847 1927 1170 2008 Synodum
1215 1927 1534 1990 Nicaenam
1583 1925 1718 1989 sine

145 2023 531 2086 auctoritate
559 2023 742 2102 Papoe
773 2021 970 2084 fuisse
1013 2021 1316 2096 habitam,
1349 2026 1412 2082 et
1449 2021 1718 2081 Romam

145 2117 441 2177 missam.
471 2117 706 2178 Rursus
735 2113 906 2196 quod
942 2113 1052 2191 ait,
1087 2117 1441 2178 Romanum
1487 2114 1721 2194 Papam

147 2210 330 2271 illam
353 2207 678 2290 synodum
701 2209 1014 2271 Nicoenam
1044 2209 1126 2270 ud
1151 2225 1222 2270 se
1251 2209 1534 2281 missam,
1564 2206 1720 2269 etin

151 2303 488 2365 Franciam
515 2303 819 2365 directam
835 2347 851 2374 ‚
879 2306 949 2363 ut
974 2302 1060 2364 ibi
1089 2301 1266 2384 (sicut
1291 2300 1548 2378 indicat)
1573 2317 1722 2362 exa-

149 2397 510 2460 minaretur
533 2395 632 2459 vel
661 2397 1100 2476 corrigeretur,
1127 2398 1222 2458 est
1249 2411 1364 2475 per
1393 2411 1462 2456 se
1483 2393 1723 2472 impro-

151 2489 388 2564 babile,
408 2495 470 2552 et
496 2489 580 2550 ab
609 2489 783 2551 omni
807 2507 960 2552 vera
991 2487 1254 2550 historia
1281 2487 1581 2550 alienum.
1603 2487 1722 2547 De-

155 2585 352 2663 nique
385 2582 556 2662 quod
607 2582 693 2644 ibi
739 2582 965 2644 dicitur
1009 2582 1092 2644 de
1131 2581 1452 2644 volumine
1499 2586 1719 2642 contra

151 2678 474 2740 Nicaenam
525 2675 854 2756 Synodum
899 2673 1095 2751 edito,
1123 2680 1188 2737 et
1213 2673 1296 2736 ab
1337 2674 1719 2754 imperatore

149 2771 426 2831 Romam
456 2769 648 2831 misso
677 2787 794 2850 per
833 2769 1144 2848 quosdam
1179 2769 1520 2848 Episcopos
1535 2811 1558 2842 ,
1587 2783 1718 2827 non

145 2866 464 2926 consonat
503 2881 650 2925 cum
679 2881 756 2926 eo
785 2862 956 2944 quod
999 2861 1312 2924 Adrianus
1356 2859 1579 2935 refert,
1606 2860 1720 2921 Ca-

147 2960 363 3020 rolum
393 2956 638 3020 misisse
663 2957 746 3019 ad
773 2975 842 3019 se
869 2954 1102 3019 librum
1129 2971 1242 3036 per
1283 2954 1714 3034 Engilbertum

149 3050 488 3113 Abbatem.
1383 3059 1392 3068 '

239 3145 342 3206 36.
366 3146 456 3207 Do
482 3143 918 3226 posterioribus
943 3141 1342 3225 scriptoribus
1371 3143 1576 3219 fertur
1595 3157 1720 3204 oen-

147 3239 724 3318 nrm—Denique
747 3237 828 3300 de
851 3237 990 3299 aliis
1021 3235 1334 3298 historicis
1358 3233 1716 3296 necessario

149 3337 255 3394 est
301 3332 590 3393 omnibus
631 3330 958 3394 fatendum
971 3377 992 3408 ,
1035 3328 1314 3408 aliquem
1343 3344 1623 3390 errorem
1653 3327 1718 3387 in

149 3443 384 3488 eorum
409 3425 653 3505 scriptis
681 3424 1021 3500 contineri,
1065 3439 1219 3484 nam
1259 3421 1566 3500 imprimis
1612 3419 1720 3481 Ai-

147 3520 434 3594 monius,
459 3537 648 3599 quem
680 3519 892 3581 Abbas
919 3519 1144 3597 Usper.
1171 3520 1422 3577 secutus
1463 3516 1584 3591 est,
1613 3531 1720 3576 ex·

149 3629 374 3695 presse
421 3612 614 3690 dicit,
653 3612 1003 3694 synodum,
1028 3610 1420 3673 Francofurti
1461 3609 1720 3672 damna·

149 3715 315 3783 tam,
336 3706 872 3786 Constantinopoli
891 3711 1341 3786 congregatam
1361 3703 1584 3778 fuisse3
1607 3720 1720 3764 cur

151 3819 312 3880 ergo
358 3799 910 3881 interpretabimur
943 3815 1054 3862 eos
1089 3799 1170 3861 de
1211 3797 1460 3860 Nicaena
1499 3797 1721 3875 loqui?

151 3893 374 3956 Dices:
399 3893 546 3974 quia
573 3893 835 3969 addunt,
883 3891 1018 3958 Sub
1049 3891 1444 3957 Constantino
1467 3895 1524 3954 ot
1544 3891 1716 3953 Iron.

153 3987 522 4067 Respondet
575 3985 832 4059 Alanus,
871 3985 1012 4048 illos
1061 3985 1254 4047 libros
1307 3983 1519 4064 quoad
1555 3983 1720 4045 hanc

149 4082 532 4164 particulam
563 4081 644 4143 ab
671 4080 884 4159 aliquo
913 4081 1334 4144 iconomacho
1361 4079 1555 4140 fuisse
1585 4095 1722 4140 cor-

151 4183 400 4256 ruptoS.
425 4177 681 4252 Verum,
721 4174 872 4256 quia
899 4174 1022 4236 hoc
1051 4173 1302 4254 probari
1331 4189 1462 4232 non
1489 4175 1718 4251 potest,

151 4291 282 4334 nec
329 4271 467 4336 fieri
513 4273 664 4334 satis
713 4269 1050 4334 verisimile
1074 4315 1090 4344 ,
1135 4270 1340 4331 dicam
1371 4267 1580 4348 potius
1623 4267 1726 4328 Ai-

154 4367 446 4429 monium
491 4381 732 4428 errasse
756 4412 778 4444 ‚
813 4366 1212 4447 ignorantem
1261 4379 1390 4442 quo
1441 4367 1723 4441 tempore

153 4455 868 4540 Constantinopolitana'
897 4455 1422 4539 pseudosynodus
1462 4471 1726 4534 congre-

155 4559 310 4630 gata
335 4553 582 4615 fuisset.
611 4552 846 4615 Deinde
875 4553 1139 4633 Regino,
1165 4567 1357 4632 quem
1383 4547 1724 4611 Aventinus

155 4647 464 4721 imitatur,
501 4647 674 4708 illam
715 4646 1042 4728 Synodum
1081 4649 1266 4707 vocat
1322 4644 1728 4723 pseudosyno-

155 4743 304 4805 dum
333 4741 704 4814 oroeeorum,
744 4757 870 4822 quo
897 4738 1152 4802 nomine
1180 4736 1494 4818 appellata
1521 4741 1617 4798 est
1644 4735 1726 4797 ab

161 4833 460 4897 omnibus
483 4833 812 4896 Catholicis
839 4833 946 4894 illa
975 4831 1268 4914 Synodus
1296 4830 1726 4892 Constantino-

155 4927 444 5008 politana
471 4927 615 5001 vn;
646 4943 798 4989 nam
824 4925 1095 5001 Nicoena,
1125 4941 1246 4988 nec
1285 4922 1722 5005 pseudosyno-

159 5023 282 5084 dus
325 5021 630 5102 appellari
681 5019 904 5101 potuit,
949 5037 1094 5083 cum
1137 5018 1464 5082 verissima
1509 5016 1716 5089 fuerit,

159 5131 282 5176 nec
309 5114 668 5176 Graecorum
698 5121 964 5190 tantum,
1004 5131 1150 5175 cum
1186 5111 1554 5176 universalis
1581 5110 1722 5172 fue-

159 5209 267 5282 rit,
311 5214 376 5271 et
426 5209 668 5271 Summi
700 5207 1018 5271 Pontificis
1063 5206 1433 5269 auctoritate
1477 5211 1720 5279 coacta,

161 5303 344 5381 cujus
385 5302 766 5364 contrarium
801 5300 880 5362 de
925 5300 1032 5361 illa
1075 5299 1332 5380 Synodo
1357 5297 1442 5360 ibi
1487 5297 1728 5359 indica-

161 5402 288 5457 tur.
333 5393 562 5457 Dices:
591 5392 910 5474 quomodo
949 5409 1102 5472 ergo
1151 5391 1301 5454 dicit
1344 5390 1611 5471 Regino,
1653 5390 1728 5451 il-

160 5489 296 5553 lam
348 5487 670 5570 synodum
721 5487 916 5552 fuisse
964 5485 1192 5552 factam
1239 5501 1352 5568 pro
1401 5483 1732 5552 odmundi-r

3244 329 3358 391 617

1793 429 2189 512 imayinibur.
2264 427 2625 510 Respondet
2689 430 2923 492 Alanus
2946 477 2968 506 ,
3018 431 3360 512 legendum

1795 539 1938 584 esse
1960 567 1979 596 ,
2006 539 2119 602 pro
2166 539 2287 584 non
2328 523 2659 586 adorandis
2674 546 2701 593 ;
2726 529 2791 586 et
2818 527 3183 604 particulam
3214 547 3359 605 non,

1793 619 1896 680 vel
1940 619 2185 679 incuria
2230 619 2331 680 vel
2374 619 2610 680 malitia
2654 618 2848 683 fuisse
2880 621 3213 688 sublatam.
3239 625 3361 687 Sed

1799 715 1894 776 est
1923 713 2186 774 difficilis
2226 716 2591 793 responsio,
2635 733 2778 776 cum
2826 715 2893 777 id
2932 717 3183 796 probari
3228 737 3359 782 non

1795 806 2013 886 possit.
2044 805 2362 867 Libentius
2386 806 2685 883 dicerem,
2708 809 3033 887 ignorasse
3050 809 3191 872 illos
3214 829 3361 874 auc-

1796 904 1963 962 tores
2010 897 2161 977 quid
2190 898 2255 959 in
2284 899 2568 961 Consiliis
2616 901 2977 964 Graecorum
3026 899 3359 966 tractatum

1795 1009 1870 1053 ac
1917 991 2246 1054 definitum
2287 991 2496 1065 fuerit,
2526 995 2685 1054 sicut
2714 994 2791 1056 de
2824 995 3071 1057 Nicoena
3108 995 3358 1078 Synodo

1795 1086 1969 1166 prior
2011 1084 2225 1164 opinio
2272 1085 2559 1163 dicebat3
2592 1103 2711 1147 nec
2739 1087 2872 1150 sine
2918 1087 3356 1168 fundamenm,

1795 1179 1959 1258 quia·
1989 1177 2093 1238 illa
2132 1178 2649 1259 pseudosynodus
2676 1181 3361 1264 Constantinopolitana

1795 1289 2123 1351 nunquam
2167 1279 2262 1334 est
2296 1273 2361 1333 in
2396 1273 2660 1348 latinum
2690 1291 3013 1352 conversa,
3046 1277 3219 1356 quod
3246 1297 3365 1339 no-

1794 1365 1890 1427 bis
1925 1372 2203 1440 constet;
2238 1372 2303 1428 et
2344 1367 2636 1446 Synodus
2682 1368 2871 1430 etiam
2920 1370 3174 1432 Nicaena
3223 1378 3364 1452 post

1795 1459 1986 1539 longa
2040 1465 2329 1540 tempora
2380 1459 2685 1523 latinitate
2733 1467 2827 1524 est
2876 1461 3139 1538 donata3
3185 1471 3248 1526 et
3285 1481 3362 1525 ex

1797 1553 2074 1614 historiis
2099 1554 2349 1616 illorum
2378 1559 2737 1634 temporum
2765 1555 2923 1616 nihil
2961 1555 3091 1618 sere
3124 1565 3361 1620 certum

1799 1645 1961 1708 scire
2000 1653 2344 1727 potuerunt
2388 1647 2467 1710 de
2518 1648 2617 1709 his
2660 1666 2801 1728 quae
2840 1650 2905 1711 in
2934 1649 3057 1711 illis
3090 1649 3362 1730 Synodis

1796 1746 2063 1802 tractata
2090 1747 2260 1802 sunt.

1877 1835 1981 1896 37.
2005 1833 2103 1896 Ad
2128 1834 2321 1896 verba
2352 1834 2585 1898 Adonis
2616 1837 2850 1900 Alanus
2876 1843 3060 1901 acute
3096 1855 3363 1918 respon-

1799 1927 1930 2002 det,
1958 1928 2151 1989 verba
2174 1927 2304 2004 illa,
2327 1947 2441 2011 pro
2470 1933 2797 1996 adorandis
2822 1932 3215 2012 imaqinibus,
3234 1949 3361 1993 non

1801 2037 1938 2082 esse
1990 2021 2435 2102 conjungenda
2486 2040 2633 2084 cum
2682 2024 3201 2103 praecedentibus,
3251 2023 3365 2086 sed

1803 2133 1949 2177 cum
1978 2115 2505 2194 subsequentibus
2524 2163 2539 2190 ,
2574 2117 2938 2197 interposito
2970 2124 3213 2181 comate
3243 2119 3363 2180 hoc

1801 2207 1995 2270 modo
2022 2227 2037 2268 ι
2062 2208 2588 2288 Pseudoswzodue,
2615 2228 2792 2291 quam
2818 2212 3132 2291 septimam
3164 2211 3365 2277 G'roeci

1803 2299 2119 2382 appellant
2137 2346 2157 2376 ,
2179 2317 2295 2383 pro
2322 2303 2649 2367 adorandis
2675 2303 3047 2384 imayinibur
3086 2305 3365 2369 abdicata

1795 2396 2064 2474 penitus,
2112 2394 2176 2456 id
2222 2399 2339 2468 est,
2388 2396 2455 2456 in
2498 2395 2931 2458 defensionem
2979 2397 3365 2460 adorationis

1801 2485 2176 2566 imaginum,
2208 2488 2462 2567 penitus
2496 2489 2785 2552 abdicata
2831 2495 2945 2551 est.
2988 2489 3104 2562 Qui
3142 2509 3365 2552 sensus

1801 2586 1898 2642 est
1929 2581 2187 2660 quidem
2226 2581 2373 2644 satis
2418 2589 2881 2644 consentaneus
2918 2582 3128 2645 verbis
3168 2583 3359 2663 ipsis;

1799 2673 1928 2734 imo
1981 2675 2085 2735 vix
2140 2673 2321 2737 aliter
2370 2675 2699 2737 commode
2754 2676 3031 2739 construi
3070 2681 3358 2756 possunt,

1800 2767 1951 2846 quia
1992 2768 2168 2830 nulla
2209 2770 2500 2850 Synodus
2539 2769 2855 2850 appellata
2904 2776 3032 2846 est,
3083 2769 3361 2852 Septima

1794 2877 1910 2944 pro
1939 2863 2267 2927 adorandis
2290 2862 2679 2946 imayim'bur.
2710 2864 2890 2938 Quod
2918 2866 2971 2926 si
3002 2865 3106 2926 hic
3138 2883 3363 2927 sensus

1799 2973 1987 3017 verus
2020 2962 2140 3032 est,
2165 2955 2431 3019 fortasse
2468 2958 2708 3038 Regino
2736 2959 2944 3020 verbis
2984 2957 3222 3020 Adonis
3248 2957 3363 3018 fuit

1695 3071 1702 3080 ·
1799 3049 2137 3130 deceptus3
2164 3068 2315 3112 nam
2336 3050 2437 3113 vel
2461 3052 2734 3129 aequales
2760 3051 2962 3127 fuere,
2986 3051 3091 3113 vel
3116 3052 3361 3130 Regino

1792 3143 2009 3223 junior
2054 3142 2203 3216 fuit3
2252 3145 2463 3207 floruit
2510 3146 2677 3208 enim
2728 3147 2971 3225 Regino
3022 3161 3170 3206 ann.
3216 3145 3358 3216 9⁴0,

1797 3242 1961 3298 teste
1986 3236 2362 3313 Trithemio;
2390 3243 2455 3300 et
2490 3245 2707 3300 tamen
2749 3238 2887 3302 Ado
2936 3239 3133 3301 texuit
3170 3237 3363 3298 histo-

1799 3329 1961 3390 riam
1980 3346 2181 3407 usque
2202 3331 2285 3392 ad
2302 3349 2451 3392 ann.
2474 3332 2591 3393 877
2616 3351 2632 3405 ;
2658 3331 2774 3393 fuit
2798 3349 2948 3412 ergo
2974 3331 3109 3393 Ado
3130 3330 3232 3392 vel
3253 3348 3363 3392 an-

1799 3422 2057 3502 tiquior,
2103 3422 2209 3485 vel
2248 3429 2320 3485 ut
2344 3424 2677 3486 minimum
2718 3425 2977 3503 oequalis
2994 3438 3017 3502 3
3042 3423 3180 3485 fieri
3209 3442 3363 3504 ergo

1799 3517 2005 3596 potuit
2034 3523 2106 3580 ut
2128 3517 2367 3596 Regino
2396 3516 2597 3580 verbis
2629 3517 2865 3579 Adonis
2892 3533 3022 3578 non
3058 3517 3209 3578 satis
3258 3517 3363 3578 in-

1801 3610 2071 3674 tellectis
2093 3612 2394 3695 deceptus
2416 3612 2627 3688 fuerit,
2650 3617 2713 3674 et
2734 3611 2815 3674 ab
2844 3611 2935 3674 eis
2967 3611 3361 3674 occasionem

1803 3706 2053 3768 errandi
2104 3705 2487 3786 sumpserint
2548 3706 2755 3768 Abbas
2829 3705 3246 3786 Uspergensis
3301 3709 3366 3768 et

1800 3804 2079 3866 ‚loannes
2112 3802 2489 3876 liventium,
2536 3800 2646 3879 qui
2674 3799 2911 3882 absque
2940 3800 3362 3862 controversia

1803 3901 1953 3956 sunt
1992 3893 2183 3974 longe
2233 3895 2635 3958 recentiores.
2666 3894 2797 3957 imo
2829 3899 2893 3956 et
2942 3893 3021 3956 de
3071 3891 3361 3954 Aimoino

1801 3989 1900 4050 vel
1929 3987 2245 4048 Annomio
2272 3987 2443 4049 idem
2472 3987 2599 4049 diei
2627 3993 2856 4066 potest,
2884 3985 2939 4048 si
2964 3985 3231 4048 fortasse
3256 3985 3363 4046 ille

1805 4089 1922 4157 est,
1947 4099 2137 4160 quem
2166 4081 2287 4144 sub
2314 4082 2571 4144 nomine
2611 4080 2919 4145 Ammonii
2962 4081 3237 4144 monachi
3262 4097 3365 4141 rc-

1802 4175 1926 4238 fert
1952 4175 2333 4238 'trithemius
2374 4175 2695 4256 scripsisse
2738 4174 2817 4236 de
2864 4174 3055 4237 rebus
3102 4173 3365 4236 Franco-

1805 4287 1949 4331 rum
1978 4286 2083 4331 an.
2112 4271 2255 4333 990.
2288 4268 2469 4344 Quod
2500 4269 2551 4330 si
2590 4269 2693 4330 hic
2720 4285 2943 4331 sensus
2972 4285 3101 4330 non
3138 4267 3365 4348 proba-

1805 4368 1929 4438 tur,
1954 4363 2160 4443 potius
2185 4363 2523 4426 dicendum
2560 4369 2655 4426 est
2684 4362 2869 4442 (sicut
2897 4359 2977 4424 de
3006 4360 3167 4441 aliis)
3188 4361 3366 4441 igno-

1805 4473 1981 4520 rasse
2004 4456 2319 4533 Adonem,
2354 4455 2507 4536 quid
2540 4461 2873 4519 tractatum
2898 4454 2976 4516 sit
3003 4455 3068 4516 in
3094 4454 3367 4534 pseudo-

1807 4549 2049 4631 synodo
2092 4549 2803 4631 Constantinopolitana‚
2839 4549 3119 4629 falsoque
3162 4547 3369 4610 existi·

1804 4661 2009 4706 masse
2036 4644 2103 4705 in
2129 4662 2207 4706 ea
2237 4661 2375 4708 esse
2403 4643 2729 4705 definitum
2760 4691 2775 4716 ,
2816 4641 3195 4723 imaginibus
3228 4661 3367 4704 essc

1805 4735 2155 4816 perfectam
2176 4737 2425 4800 latriam
2450 4736 2874 4813 tribuendam,
2897 4753 3088 4816 quam
3112 4735 3366 4796 nomine

1804 4829 2275 4912 pseudosynodi
2296 4829 2681 4907 Graecorum,
2702 4829 3017 4892 Nicoenam
3040 4827 3364 4910 Synodum

1800 4923 2208 4986 intellexisse.

1885 5021 1984 5081 38.
2026 5015 2473 5082 consectarium
2527 5035 2599 5080 ezr
2649 5014 2920 5080 omnibus
2962 5015 3256 5082 adductis.
3283 5047 3365 5062 -

1802 5111 1892 5171 Ex
1925 5109 2025 5171 his
2060 5127 2208 5190 ergo
2240 5110 2534 5172 omnibus
2566 5107 2789 5170 saltem
2818 5108 3215 5172 concluditur
3242 5109 3365 5169 evi·

1806 5202 2053 5280 denter,
2074 5203 2318 5264 nullum
2340 5219 2419 5264 ex
2442 5201 2715 5264 historiis
2732 5219 2917 5282 posse
2934 5202 3097 5264 sumi
3114 5199 3366 5262 firmum

1807 5303 2252 5377 argumentum
2279 5342 2295 5372 ‚
2354 5314 2481 5376 quo
2546 5295 2976 5374 existimetur,
3023 5294 3366 5356 Concilium

1809 5389 2317 5454 Francofordien.
2350 5393 2569 5452 contra
2591 5405 2803 5452 veram
2832 5387 3181 5468 imaginum
3213 5386 3367 5448 ado-

1807 5483 2143 5560 rationem,
2166 5489 2273 5547 aut
2302 5487 2516 5548 contra
2549 5481 2875 5565 Synodum
2905 5481 3219 5546 Nicaenam
3254 5481 3369 5544 ali-
