3892 6167
1323 394 1645 454 msrmm.
1678 393 1802 451 xm.
1848 396 2018 452 SECT.
2053 397 2136 454 w.

142 504 373 577 taralis,
405 519 525 564 nos
556 501 640 564 ad
667 499 928 582 gloriam
950 503 1013 561 et
1037 495 1405 560 filiationem
1451 498 1693 578 adopti-

143 615 297 658 vam.
322 597 483 657 Nam
500 595 611 657 ille
624 601 819 669 actus,
840 593 955 654 etsi
982 593 1053 678 in
1078 606 1147 654 se
1170 593 1249 654 sit
1272 609 1439 653 unus
1463 597 1525 654 et
1550 591 1692 652 sim-

3215 394 3335 458 3¹15

1772 498 2030 560 salitatis
2057 499 2224 560 inter
2251 515 2353 561 res
2381 497 2624 572 volitas,
2657 495 2758 561 vel
2783 497 2864 560 de
2896 499 3114 562 ordine
3141 503 3331 563 ratio-

1769 593 1869 654 nis
1901 593 1966 652 in
1993 593 2130 673 ipso
2159 600 2330 668 actu,
2361 595 2498 655 haec
2528 593 2698 655 enim
2724 600 2968 654 tantum
3001 599 3149 656 sunt
3193 611 3334 674 quae

142 693 297 771 plex,
328 695 537 770 potest
562 687 889 750 terminari
917 687 999 748 ad
1029 703 1224 747 nuum
1250 686 1567 766 objectum
1590 703 1693 747 ra-
1768 687 1835 747 in
1858 687 2068 750 divina
2098 687 2418 750 voluntate
2447 693 2707 766 possunt
2733 685 3139 762 considerari,
3151 689 3334 768 juxta

147 785 301 846 tione
322 784 625 855 alterius;
662 787 723 844 et
754 781 836 842 ita
866 781 1041 860 prins
1068 781 1313 841 ratione
1340 785 1546 859 potest
1571 786 1693 841 ter-

132 878 356 937 minari
398 875 484 936 ad
518 889 936 954 unum-quam
960 873 1045 934 ad
1072 873 1273 946 aliud;
1304 881 1367 937 et
1396 873 1517 936 hoc
1544 872 1695 936 satis

148 979 313 1034 estut
334 973 537 1050 possit
562 970 645 1032 ad
670 985 871 1030 unum
912 969 1236 1031 terminari
1262 985 1340 1030 ex
1366 969 1697 1049 praescien-

148 1069 221 1128 tia
250 1065 533 1142 alteriue,
564 1070 637 1127 nt
659 1080 773 1145 per
799 1083 871 1126 se
898 1069 1163 1135 constat,
1194 1068 1257 1126 et
1278 1081 1499 1142 supra,
1528 1081 1590 1142 q.
1630 1067 1690 1136 1,

148 1167 250 1220 nrt.
282 1161 339 1232 3,
388 1157 473 1219 ad
515 1162 584 1234 4,
630 1160 701 1219 D.
750 1157 1025 1220 Thomas
1068 1157 1303 1236 attigit,
1332 1163 1395 1219 et
1442 1157 1529 1218 ihi
1567 1158 1693 1220 late

148 1258 463 1314 tractatum
510 1257 630 1313 est.
664 1253 754 1312 Ex
784 1253 904 1312 hoc
932 1267 1085 1328 erge
1124 1252 1328 1330 capite
1357 1269 1484 1312 non
1511 1269 1696 1330 repu-

150 1353 283 1424 gnat
306 1352 393 1420 ut,
418 1345 570 1406 licet
586 1347 753 1406 Deus
778 1358 905 1408 uno
931 1343 1385 1424 simplicissimo
1410 1351 1555 1406 actu
1578 1363 1695 1406 nos

149 1457 276 1500 cum
302 1439 553 1500 Christo
584 1439 869 1516 elegerit,
896 1443 957 1498 et
994 1437 1181 1498 simul
1210 1437 1564 1514 duratione,
1595 1438 1697 1500 vel

146 1531 509 1595 subsistendi
558 1531 1033 1611 consequentia,
1066 1537 1376 1611 quatenus
1406 1532 1537 1593 haec
1564 1549 1697 1593 om-

150 1630 243 1689 nia
270 1625 461 1687 voluit
486 1640 633 1686 cnm
666 1625 875 1704 aliqua
905 1625 1293 1686 connexione
1322 1625 1487 1686 inter
1512 1641 1601 1698 se,
1624 1631 1696 1687 ut

146 1721 291 1782 dicto
319 1727 433 1781 art.
468 1722 509 1781 3
538 1719 667 1781 late
696 1725 1029 1780 tractatum
1058 1722 1185 1794 est;
1214 1735 1347 1779 non
1386 1725 1699 1798 repugnat

150 1813 441 1894 (inquam)
470 1827 553 1874 ex
579 1815 701 1874 hoc
721 1813 855 1874 solo
874 1811 1099 1891 capite,
1128 1812 1297 1890 quod
1323 1811 1546 1874 Christi
1566 1829 1695 1874 me·

148 1909 251 1967 rita
280 1907 572 1986 praevisa,
604 1908 731 1968 sint
752 1907 909 1968 ratio
940 1905 1103 1967 illius
1124 1905 1483 1982 voluntatis,
1516 1909 1589 1969 ut
1613 1907 1695 1969 ad

150 2001 365 2061 eleetos
388 2001 794 2061 terminatur.

216 2097 309 2156 21.
354 2093 575 2155 Solum
606 2109 759 2175 ergo
787 2093 1053 2173 relinqui
1080 2094 1332 2156 videtur
1356 2093 1691 2156 difficultas

150 2187 241 2247 illa
266 2185 341 2249 de
367 2187 595 2250 ordine
620 2187 767 2248 finis
792 2195 855 2250 et
881 2187 1096 2261 medii,
1120 2205 1271 2249 nam
1296 2207 1439 2250 cum
1468 2190 1691 2251 merita

148 2279 369 2356 Christi,
400 2287 465 2342 ut
498 2281 587 2342 ad
620 2287 900 2342 nostram
929 2281 1194 2362 gloriam
1233 2281 1543 2358 ordinata,
1566 2282 1691 2344 sint

148 2373 351 2446 media,
384 2371 691 2435 videntur
736 2389 1093 2453 supponere
1126 2373 1371 2436 in*Deo
1412 2375 1691 2455 aliquam

144 2466 535 2530 intentionem
578 2467 723 2528 talis
778 2465 946 2540 finis,
980 2468 1159 2546 cujus
1202 2469 1341 2547 ipsa
1392 2485 1523 2530 non
1568 2469 1691 2531 sint

145 2559 255 2620 ullo
280 2561 465 2624 modo
488 2563 659 2622 ratio
675 2567 785 2624 aut
806 2560 1133 2624 motivum.
1159 2562 1561 2642 Respondent
1578 2563 1692 2624 ali-

146 2651 257 2729 qui,
273 2653 495 2717 licetin
508 2655 703 2716 noble
719 2655 1163 2717 voluntasfinis
1184 2657 1262 2716 sit
1284 2656 1457 2735 prior
1474 2657 1691 2719 volun-

148 2749 255 2807 tate
292 2747 505 2823 medii,
530 2749 605 2808 in
640 2750 763 2810 Deo
794 2755 1007 2810 autem
1040 2747 1107 2810 id
1130 2765 1261 2809 non
1302 2765 1441 2811 esse
1472 2767 1691 2813 neces-

148 2839 373 2913 sarimm
402 2841 469 2902 in
498 2843 691 2903 nobis
712 2842 879 2904 enim
894 2841 1037 2905 ideo
1064 2842 1352 2904 voluntas
1364 2842 1507 2906 finis
1529 2861 1691 2925 prae·

149 2931 311 3007 cedit,
342 2935 489 3014 quia
518 2935 867 3016 postillam
890 2936 1253 2998 volitionem
1278 2937 1689 3017 excogitanda

150 3033 275 3087 sunt
297 3029 476 3091 nohis
501 3030 747 3106 media,
778 3035 840 3093 et
865 3030 1153 3094 facienda
1183 3030 1403 3092 electio
1424 3049 1439 3105 3
1472 3031 1536 3092 in
1558 3031 1687 3094 Deo

150 3127 341 3182 autem
368 3141 496 3184 non
530 3124 625 3184 ita
653 3131 768 3199 est,
801 3124 913 3186 sed
936 3127 1081 3186 ante
1125 3140 1381 3186 omnem
1401 3125 1690 3187 volunta-

148 3217 257 3274 tem
298 3218 677 3296 supponitur
702 3217 1093 3297 praescientia
1126 3217 1410 3286 omnium
1452 3218 1690 3280 medio-

148 3325 289 3383 rum,
320 3310 502 3372 simul
520 3327 673 3373 cum
698 3311 848 3387 fine,
876 3316 940 3372 et
964 3311 1105 3372 ideo
1135 3327 1265 3372 non
1300 3315 1395 3372 est
1424 3327 1685 3373 necesse

148 3409 207 3458 ut
246 3402 535 3465 voluntas
565 3403 711 3464 finis
758 3401 1090 3466 antecedat
1116 3403 1403 3466 absolute
1447 3410 1511 3466 et
1538 3404 1686 3465 sim-

144 3491 375 3571 pliciter,
396 3498 521 3560 sed
548 3504 643 3562 sat
662 3503 839 3560 estut
862 3499 929 3557 in
976 3515 1210 3577 genere
1242 3515 1448 3560 causae
1476 3495 1684 3560 finalis

150 3591 472 3666 antecedat,
508 3591 798 3653 medium
843 3595 1057 3652 autem
1080 3592 1309 3669 poterit
1332 3590 1683 3670 praecedere

148 3682 201 3742 in
225 3701 440 3761 genere
470 3703 684 3748 causae
714 3686 1064 3747 meritoriae.
1096 3685 1221 3746 Sed
1246 3685 1367 3746 hoc
1397 3703 1523 3747 non
1550 3701 1684 3748 rec-

150 3781 201 3834 te
234 3777 455 3840 dictum
474 3785 603 3853 est,
624 3779 851 3858 primo,
880 3779 1049 3857 quia,
1082 3776 1431 3839 formaliter
1471 3795 1543 3840 ac
1570 3795 1685 3858 per

152 3883 207 3926 se
227 3869 561 3950 loquendo,
588 3889 716 3932 non
746 3871 887 3933 ideo
902 3872 1193 3934 voluntas
1212 3871 1357 3932 finis
1377 3869 1689 3934 antecedit

154 3961 495 4027 electionem
524 3965 896 4038 mediorum,
929 3965 1076 4044 quia
1098 3971 1239 4044 poet
1266 3964 1439 4024 illam
1464 3955 1686 4025 volun-

152 4059 320 4117 tatem
346 4059 785 4139 excogitantur
812 4059 1040 4134 media,
1078 4065 1139 4120 et
1168 4057 1569 4142 inquiruntur
1614 4076 1688 4119 ac

154 4149 556 4224 ponderantur
582 4199 597 4225 ‚
629 4157 691 4214 et
722 4153 807 4213 ita
852 4151 1155 4232 paulatim
1186 4150 1269 4211 ad
1318 4151 1687 4213 electionem

154 4247 515 4319 proceditur:
540 4255 677 4310 tum
704 4248 875 4328 quia,
905 4249 1052 4309 licet
1082 4246 1183 4308 hic
1212 4261 1545 4326 processus
1573 4263 1689 4309 sae·

158 4353 224 4412 pe
258 4339 617 4411 intercedat,
648 4341 901 4420 quando
944 4341 1049 4402 illa
1099 4341 1449 4402 antecessio
1492 4341 1686 4402 estin

158 4435 406 4512 tempore
434 4452 505 4497 ac
528 4435 883 4512 duratione,
909 4441 1125 4496 tamen
1146 4433 1227 4494 ad
1262 4433 1545 4494 ordinem
1574 4452 1685 4494 na-

160 4529 289 4586 turae
315 4534 371 4589 et
390 4529 671 4604 rationiS,
691 4545 879 4608 quem
898 4527 1423 4607 nosinquirimuS,
1447 4541 1575 4588 non
1591 4531 1685 4588 est

160 4623 554 4700 necessarius3
584 4627 721 4683 tum
743 4622 930 4684 etiam
950 4621 1101 4701 quia
1126 4621 1444 4682 interdum
1478 4625 1685 4702 potest

162 4707 345 4783 homo,
374 4717 547 4795 prius
602 4733 791 4794 qnam
834 4715 1041 4777 eliciat
1086 4715 1473 4777 voluntatem
1510 4713 1679 4789 finis,

162 4799 363 4886 habere
390 4809 821 4888 praemeditata
844 4815 907 4871 et
940 4809 1173 4888 optime
1201 4810 1451 4888 cognita
1472 4809 1685 4870 omnia

164 4895 334 4961 media
378 4903 721 4981 possibilia,
750 4908 811 4964 et
837 4901 1243 4963 nihilominus
1286 4901 1339 4962 si
1382 4901 1683 4963 voliturus

166 4990 437 5055 esttinem
462 5001 526 5058 et
548 4995 852 5071 medium,
878 5011 1135 5056 necesse
1161 4997 1257 5056 est
1279 4999 1407 5057 uta
1428 4993 1555 5056 fine
1588 4994 1686 5054 iu·

165 5078 345 5162 cipiat,
368 5088 466 5149 vel
492 5089 713 5150 ordine
734 5095 999 5163 naturae,
1018 5087 1419 5162 causalitatis,
1450 5086 1549 5148 vel
1586 5103 1685 5147 ra·

166 5171 342 5253 tionis,
369 5183 417 5241 si
445 5183 716 5244 simulet
740 5201 872 5243 uno
898 5183 1165 5244 fortasse
1195 5185 1335 5243 actu
1351 5181 1415 5241 in
1442 5185 1685 5241 utrum-

169 5281 269 5341 que
289 5275 496 5352 tendit,
528 5276 631 5338 vel
652 5281 816 5338 certe
844 5276 1062 5337 ordine
1090 5275 1457 5350 durationiS,
1490 5275 1539 5336 si
1568 5291 1685 5353 pro

172 5375 265 5422 sua
289 5363 561 5431 libertate
586 5369 733 5431 velit
758 5369 962 5430 solum
986 5369 1152 5431 circa
1182 5369 1470 5444 alterum,
1504 5385 1684 5429 snum

172 5457 350 5516 actum
370 5475 677 5525 exercere.

238 5549 324 5610 22.
346 5551 647 5630 Secundo,
675 5557 845 5634 quia,
862 5555 1175 5634 loquendo
1200 5555 1277 5618 de
1305 5555 1521 5617 urdine
1542 5571 1685 5616 cau·

1774 781 1945 844 hunc
1973 782 2278 861 (inquam)
2307 781 2619 856 ordinem,
2642 780 2788 842 finis
2833 796 2961 842 non
2997 781 3199 843 solum
3235 789 3333 844 est

1774 875 1947 956 prior
1987 876 2216 950 medio,
2251 877 2316 936 in
2347 893 2474 937 uno
2515 891 2750 956 genere
2780 893 3004 950 causae,
3027 875 3140 938 sed
3182 877 3335 936 eim-

1772 970 2022 1049 pliciter
2043 971 2112 1030 in
2151 969 2322 1031 omni
2361 985 2633 1050 genere3
2661 985 2782 1034 nec
2829 969 3100 1050 intelligi
3127 975 3332 1047 potest

1776 1063 1945 1143 quod
1987 1063 2286 1138 medinm,
2319 1069 2392 1125 ut
2415 1064 2719 1140 medium,
2749 1063 2816 1125 in
2845 1065 3056 1144 aliquo
3096 1081 3331 1144 genere

1773 1155 1951 1235 prius
1979 1155 2058 1216 sit
2100 1155 2396 1230 volitum3
2429 1155 2581 1236 quia
2634 1155 2698 1217 in
2729 1173 3108 1236 quocunque
3153 1157 3331 1238 signo

1776 1255 1839 1311 et
1860 1249 1927 1309 in
1957 1249 2178 1328 quovis
2200 1267 2458 1331 genere,
2475 1250 2678 1311 solum
2695 1249 3060 1312 estvolitum
3076 1256 3334 1329 propter

1774 1344 1992 1416 finem,
2027 1342 2260 1425 alioqui
2299 1359 2429 1404 non
2459 1349 2554 1406 est
2580 1343 2838 1405 volitum
2892 1349 2960 1404 ut
3003 1341 3288 1404 medium
3309 1363 3329 1418 3

1778 1455 1951 1518 ergo,
1975 1453 2354 1516 quocunque
2381 1435 2572 1498 modo
2601 1435 3048 1510 consideretur,
3075 1451 3332 1497 necesse

1776 1537 1874 1592 est
1896 1536 1966 1591 ut
1991 1531 2276 1593 voluntas
2299 1531 2442 1591 finis
2470 1528 2710 1592 ratione
2743 1529 3090 1592 antecedat.

1856 1627 1958 1686 23.
1989 1625 2221 1697 Tertio,
2251 1623 2498 1686 videtur
2551 1639 2690 1685 esse
2743 1623 3031 1702 specialis
3073 1621 3236 1683 ratio
3263 1621 3330 1682 in

1776 1718 2024 1792 merito,
2051 1718 2201 1799 quia
2227 1719 2524 1780 meritum
2551 1735 2680 1779 non
2709 1719 2914 1797 potest
2943 1733 3082 1777 esse
3123 1714 3190 1776 in
3215 1729 3330 1776 suo

1776 1829 2012 1892 genere
2037 1813 2196 1874 ratio
2221 1829 2478 1875 movens
2511 1817 2574 1874 et
2605 1809 2886 1872 alliciens
2913 1809 3328 1883 voluntatem,

1776 1907 1827 1967 si
1858 1905 2062 1967 solum
2083 1911 2156 1968 ut
2181 1905 2502 1986 possibile,
2517 1903 2713 1967 velut
2739 1903 3018 1966 futurum
3039 1901 3158 1964 sub
3185 1917 3330 1964 con-

1774 1999 2034 2077 ditione,
2063 2004 2634 2082 praecognoscatur,
2665 1997 2776 2060 sed
2823 2001 3068 2078 oportet
3121 2003 3189 2058 ut
3231 1996 3330 2058 vi-

1772 2097 1998 2160 deatur
2017 2096 2152 2174 jam
2175 2093 2541 2169 exhibitum,
2561 2091 2664 2154 vel
2685 2091 2908 2153 saltem
2935 2107 3332 2171 praecognos-

1774 2193 1951 2254 catur
1979 2195 2048 2250 ut
2083 2187 2368 2250 absolute
2407 2187 2688 2247 futurum
2715 2201 2737 2263 3
2763 2201 2916 2271 ergo
2938 2183 3328 2264 prescientia

1772 2285 1901 2360 illa,
1924 2299 2066 2362 quae
2082 2280 2396 2344 antecedit
2422 2295 2674 2342 omnem
2701 2278 2964 2340 liberam
2991 2277 3102 2338 Dei
3112 2275 3330 2338 volun·

1771 2385 1990 2454 tatem,
2021 2395 2151 2438 non
2181 2377 2332 2438 satis
2361 2381 2456 2437 est
2484 2374 2566 2435 ad
2593 2372 2901 2435 rationem
2945 2369 3176 2445 meriti,
3213 2385 3328 2432 seu

1773 2487 1981 2536 causae
2021 2469 2381 2546 meritoriae,
2412 2469 2560 2530 licet
2581 2465 2848 2528 sufficiat
2891 2463 2976 2526 ad
3013 2465 3326 2528 rationem

1769 2567 1915 2629 finis
1938 2565 2039 2626 vel
2065 2561 2462 2643 exemplaris,
2484 2559 2633 2641 quia
2659 2577 2778 2640 per
2797 2559 2970 2620 illam
2999 2557 3325 2620 scientiam

1770 2678 1901 2722 nou
1951 2656 2350 2738 cognoscitur
2391 2655 2711 2729 meritum,
2733 2652 2856 2714 nisi
2883 2655 2957 2714 ut
3000 2651 3322 2732 possibile,

1769 2755 1891 2830 vel,
1914 2753 1996 2814 ad
2021 2764 2364 2825 summum,
2389 2755 2460 2811 ut
2485 2749 2767 2810 futurum
2793 2746 2912 2808 snb
2941 2744 3320 2820 conditione3

1770 2847 2004 2926 alioqui
2031 2847 2219 2908 etiam
2242 2849 2450 2923 posset
2471 2841 2795 2923 proprium
2827 2838 3102 2902 hominis
3135 2837 3325 2900 meri-

1768 2947 1929 3018 tum,
1963 2941 2051 3002 sic
2092 2937 2452 3020 praevisum,
2485 2953 2624 2999 esse
2653 2935 2812 2997 ratio
2847 2951 2976 2997 suae
3005 2931 3327 2996 electionis

1770 3039 1835 3097 et
1856 3031 2440 3114 praedestinationis,
2468 3029 2638 3111 quod
2681 3029 2910 3092 falsum
2959 3031 3076 3089 est.
3102 3025 3320 3107 Igitur.

1769 3135 2108 3208 antequam
2137 3127 2430 3189 meritum
2457 3129 2702 3187 moveat
2722 3123 2790 3185 in
2819 3123 3062 3186 ratione
3091 3121 3320 3194 meriti,

1766 3239 2027 3284 necesse
2053 3225 2238 3282 estut
2265 3220 2599 3282 antecedat
2626 3217 2836 3298 aliqua
2857 3217 3148 3278 voluntas
3187 3213 3321 3287 Dei,

1769 3335 1895 3398 qua
1933 3314 2182 3377 ordinet
2213 3314 2338 3376 tale
2369 3313 2682 3387 meritum,
2709 3317 2769 3373 et
2798 3327 3020 3372 causas
3050 3327 3124 3372 ac
3155 3309 3327 3389 prin-

1764 3409 1925 3491 cipia
1943 3411 2114 3489 ejus3
2145 3407 2280 3468 haec
2303 3405 2496 3487 igitur
2518 3406 2806 3468 voluntas
2831 3403 3020 3466 etiam
3035 3408 3330 3481 respectu

1764 3503 1988 3566 Christi
2017 3499 2368 3563 necessaria
2403 3498 2543 3573 fuit,
2577 3503 2640 3560 et
2665 3495 3002 3558 antecessit
3029 3493 3329 3574 simplici-

1766 3605 1863 3660 ter
1900 3601 1966 3658 et
2005 3597 2070 3656 iu
2115 3593 2284 3656 omni
2329 3609 2558 3673 genere
2589 3607 2844 3654 omnem
2893 3587 3328 3650 causalitatem

1764 3691 2070 3754 moralem
2099 3689 2462 3750 meritorum
2485 3687 2622 3766 ejus
2650 3705 2666 3759 ς
2698 3682 2810 3747 sed
2831 3683 2897 3745 in
2925 3683 3029 3744 illa
3065 3681 3329 3744 includi-

1764 3793 1867 3848 tur
1898 3785 2002 3846 vel
2026 3782 2404 3863 supponitur
2444 3781 2738 3842 voluntas
2771 3777 2963 3840 dandi
2991 3776 3172 3837 nobis
3200 3775 3329 3856 glo·

1766 3881 1950 3954 riam,
1985 3884 2054 3938 ut
2087 3885 2406 3938 ostensum
2432 3879 2562 3946 est;
2591 3889 2768 3954 ergo·

1848 3973 1950 4033 24.
1985 3969 2181 4032 Aliter
2195 3987 2346 4048 ergo
2375 3965 2885 4047 respondendum
2913 3962 3184 4040 videtur,
3219 3979 3329 4025 ne-

1770 4063 1980 4146 gando
2006 4063 2230 4124 merita
2257 4057 2480 4124 Christi
2509 4065 2756 4121 tantum
2797 4075 2937 4122 esse
2980 4077 3017 4119 a
3045 4059 3173 4119 Deo
3221 4071 3329 4118 vo-

1766 4161 1875 4222 lita
1909 4162 1971 4219 et
2001 4157 2307 4230 ordinata,
2359 4160 2429 4216 ut
2473 4153 2682 4216 media
2715 4171 2830 4234 per
2857 4169 2998 4234 quse
3041 4151 3328 4214 homines

1768 4256 2236 4331 consequantur
2265 4248 2531 4330 gloriam
2583 4245 2664 4309 ad
2710 4263 2899 4327 quam
2926 4242 3328 4326 praeordinati

1765 4349 2244 4425 supponantur,
2277 4341 2386 4405 sed
2409 4339 2618 4423 potius
2647 4339 3004 4403 docendum
3027 4345 3142 4412 est,
3170 4339 3328 4401 sicut

1764 4439 1960 4500 voluit
1988 4439 2175 4511 Deus,
2215 4435 2531 4499 Christum
2578 4433 2905 4496 hominem
2931 4436 3157 4507 Deum,
3210 4447 3328 4512 per

1766 4547 1930 4604 sese,
1976 4535 2236 4611 propter
2288 4528 2552 4612 gloriam
2609 4545 2810 4602 suam,
2851 4528 2936 4589 ita
2977 4527 3162 4588 etiam
3214 4541 3326 4588 vo·-

1763 4624 1956 4685 luisse
1985 4624 2124 4703 ejus
2171 4621 2416 4697 merita,
2453 4626 2516 4684 et
2553 4620 2830 4683 valorem
2863 4635 3128 4700 operum
3161 4619 3321 4698 ejus,

1762 4721 2020 4796 propter
2063 4715 2512 4795 perfectionem
2544 4718 2608 4776 et
2637 4713 3072 4776 excellentiam
3100 4711 3323 4790 ipsius·

1764 4815 1895 4870 met
1922 4807 2172 4884 Christi,
2205 4813 2274 4870 ut
2303 4825 2382 4870 ex
2428 4825 2498 4870 se
2531 4810 2698 4870 esset
2741 4805 3069 4867 sufficiens
3103 4821 3320 4878 causa,

1766 4901 1956 4964 etiam
1992 4901 2062 4961 iu
2090 4917 2323 4981 genere
2347 4899 2570 4962 morali
2596 4917 2706 4962 seu
2755 4898 2990 4975 meriti,
3020 4899 3200 4978 cnjus
3225 4896 3325 4959 in·-

1764 4995 1925 5057 tuitu
1953 5001 2014 5056 et
2043 4993 2283 5055 ratione
2313 4999 2528 5073 posset
2554 4994 2716 5055 Deus
2742 4991 2902 5054 velle
2943 4995 3320 5072 supernam-

1764 5087 1919 5150 ralia
1981 5087 2149 5148 dona
2201 5088 2523 5163 conferre,
2571 5083 2800 5164 quihus
2845 5091 2956 5148 aut
3005 5083 3322 5166 quomodo

1764 5181 1974 5255 vellet,
1999 5179 2178 5258 juxta
2208 5197 2338 5242 suae
2369 5179 2590 5242 divinae
2619 5177 2942 5258 sapientiae
2971 5177 3323 5258 dispositio·

1767 5291 1934 5335 nem.
1977 5275 2197 5354 Itaque
2228 5274 2292 5335 in
2323 5291 2399 5334 eo
2438 5274 2638 5353 primo
2677 5272 2858 5352 signo
2888 5273 2952 5333 in
2984 5286 3112 5350 quo
3160 5271 3326 5331 Deus

1766 5367 2079 5431 Christum
2107 5365 2326 5441 voluit,
2357 5383 2485 5428 non
2509 5370 2756 5428 tantum
2805 5365 2999 5426 voluit
3025 5363 3200 5424 illum
3256 5367 3326 5423 ut

1767 5469 1986 5540 aptum
2012 5461 2094 5523 ad
2117 5459 2490 5524 merendum
2510 5505 2532 5537 ,
2565 5459 2679 5522 sed
2705 5463 2775 5520 ut
2802 5463 2946 5520 actu
2973 5458 3326 5518 merentem

1769 5570 1883 5616 suo
1902 5559 2215 5634 tempore,
2241 5553 2562 5631 voluitque
2585 5557 2654 5612 ut
2677 5551 2874 5631 ipsius
2901 5565 3093 5629 opera
3115 5551 3324 5609 essent
