3892 6167
1337 403 1654 457 msPUTAT.
1693 403 1864 456 xxvi.
1899 404 2067 456 SECT.
2106 405 2185 456 Ν.

147 505 346 585 aliqua
369 503 625 567 infinita
651 502 888 568 sufficit
929 504 1144 585 aliqua
1173 503 1398 566 entitas
1437 503 1718 566 indivisi-

143 599 274 662 bilis
301 598 568 660 visionis
597 604 662 660 et
678 596 964 668 lumini3‚
990 598 1182 660 etiam
1197 598 1464 660 sufficiet
1479 598 1560 658 ad
1586 617 1717 659 om-

145 695 244 756 nia
271 693 378 754 illa
399 709 548 772 quae
576 693 642 752 in
657 691 870 752 Verbo
883 691 1086 752 videri
1113 695 1394 770 possunt,
1423 693 1570 770 quia
1588 709 1717 752 om-

143 788 240 849 nia
267 785 596 862 videntur,
609 785 822 847 media
851 785 1243 847 connexione
1263 802 1454 866 quam
1484 783 1718 846 habent

143 899 280 944 cum
305 879 530 941 divina
558 880 838 941 essentia
867 884 932 941 et
956 879 1257 958 potentia,
1289 895 1430 958 quoe
1456 878 1633 940 finite
1653 884 1716 939 et

145 992 254 1056 per
275 973 534 1034 finitam
565 972 879 1034 visionem
923 972 1120 1033 videri
1165 978 1396 1052 potest,
1433 972 1623 1032 etiam
1661 970 1716 1032 si

151 1067 348 1146 aliqua
393 1065 650 1128 infinita
695 1064 1032 1127 videantur
1078 1065 1141 1124 in
1196 1065 1356 1144 ipsa,
1385 1065 1534 1143 quia
1585 1082 1714 1124 non

147 1164 284 1222 sunt
311 1159 570 1220 infinita
591 1158 661 1219 in
689 1161 822 1220 tota
851 1158 1175 1220 latitudine
1200 1158 1384 1230 entia,
1411 1157 1524 1217 sed
1553 1155 1714 1218 infra

141 1253 422 1333 aliquam
451 1253 734 1332 speeiem
749 1257 860 1313 aut:
887 1269 1109 1330 genus.
1130 1251 1336 1312 Posito
1357 1255 1572 1311 autem
1593 1249 1714 1312 hoc

137 1349 586 1421 fundament0‚
640 1355 706 1410 et
753 1349 1066 1411 contrario
1097 1365 1134 1410 e
1179 1347 1388 1410 medio
1439 1346 1708 1424 sublate,

135 1449 345 1506 cessat
371 1443 714 1505 difficultas
742 1443 972 1523 posita,
1006 1449 1068 1505 et
1095 1459 1466 1523 progressus
1495 1441 1602 1522 qui
1644 1441 1712 1500 in

135 1555 212 1598 ea
239 1538 334 1599 fit.
363 1539 530 1599 Nam
559 1537 716 1598 dum
739 1537 896 1598 visio
919 1536 1272 1598 extenditur
1287 1536 1369 1598 ad
1393 1535 1575 1616 plura
1601 1534 1713 1595 ob-

123 1635 302 1714 jecta
321 1631 727 1702 secundaria,
749 1649 878 1692 non
895 1637 1164 1710 augetur
1181 1631 1404 1691 eadem
1425 1630 1579 1690 visio
1599 1647 1714 1709 per

131 1726 422 1805 aliquam
453 1725 870 1802 additionem,
900 1725 1011 1786 sed
1043 1729 1136 1786 est
1157 1724 1278 1784 alia
1303 1723 1460 1784 visio
1491 1739 1710 1784 nume-

129 1839 204 1881 ro
237 1821 562 1896 distincta,
593 1837 734 1899 quse
771 1837 848 1880 ex
881 1821 942 1880 vi
979 1837 1105 1880 suae
1153 1816 1488 1880 individuae
1529 1823 1591 1879 et
1619 1817 1714 1878 in-

125 1913 466 1976 divisibilis
485 1913 762 1974 entitatis
797 1912 987 1974 habet
1006 1931 1106 1972 om
1115 1912 1216 1972 nia
1235 1913 1343 1973 illa
1371 1929 1714 1991 repraesen·

127 2015 296 2080 tare,
327 2025 454 2069 nec
482 2013 698 2086 potest
745 2012 1204 2086 reproesentare
1241 2005 1448 2084 plura,
1501 2021 1711 2082 neque

123 2101 466 2180 pauciora,
501 2100 628 2160 nisi
653 2103 787 2161 tota
821 2100 982 2160 visio
1027 2103 1322 2161 mutetur.
1374 2099 1579 2176 Atque
1625 2098 1712 2158 ita

123 2194 340 2254 solum
397 2192 803 2254 concluditur
850 2193 1088 2254 habere
1141 2193 1415 2252 animam
1482 2190 1710 2252 Christi

123 2287 485 2367 quamdam
500 2287 808 2348 visionem
837 2286 1299 2366 perfectiorem,
1318 2286 1384 2346 in
1413 2303 1527 2346 sua
1549 2284 1712 2346 indi-

125 2381 321 2443 vidua
353 2381 647 2453 entitate,
680 2397 1080 2460 quacumque
1109 2380 1252 2451 alia,
1302 2397 1442 2458 quoe
1485 2379 1568 2439 ad
1605 2378 1710 2439 illa

134 2476 350 2536 omnia
391 2475 912 2555 repraesentanda
961 2493 1087 2536 non
1127 2479 1222 2535 est
1273 2475 1608 2534 sufficiens
1641 2475 1714 2535 Et

141 2569 492 2632 secundum
523 2570 678 2648 quid
699 2571 936 2632 habere
971 2569 1310 2648 quamdam
1341 2568 1714 2630 infinitatem

132 2664 522 2743 objectis-am
546 2710 562 2736 ,
601 2683 734 2725 non
776 2670 993 2725 tamen
1046 2663 1432 2726 extensivam
1471 2667 1531 2723 et
1583 2661 1713 2722 for-

129 2758 366 2818 malem
398 2757 467 2817 in
510 2757 772 2819 entitate
815 2775 928 2817 sua
961 2802 982 2833 ,
1027 2757 1173 2836 quia
1220 2756 1442 2816 eadem
1489 2754 1712 2816 indivi-

131 2851 300 2911 sibili
345 2851 614 2912 emitote
655 2851 907 2932 respicit
940 2857 1002 2911 et
1047 2855 1455 2930 repraesentat
1501 2849 1710 2909 omnia

135 2943 267 3004 illa.

219 3039 322 3098 11.
371 3037 666 3100 Dubium.
703 3069 786 3085 —-
828 3038 1070 3110 Quoeret
1121 3037 1344 3118 aliquis
1394 3037 1474 3098 ad
1525 3035 1710 3116 hujus

131 3133 420 3194 materiae
439 3130 1002 3211 complementum,
1026 3149 1108 3192 an
1127 3131 1262 3193 haec
1283 3131 1546 3204 infinita,
1572 3147 1710 3209 quae

131 3228 304 3288 videt
336 3227 554 3287 anima
581 3226 806 3288 Christi
858 3225 944 3304 (et
988 3225 1158 3286 idem
1184 3232 1278 3287 est
1324 3225 1403 3286 de
1449 3224 1710 3286 scientia

133 3323 242 3382 Dei
259 3321 304 3402 3,
333 3318 612 3382 dicenda
637 3321 760 3382 sint
785 3321 1290 3403 catomo-amative,
1315 3319 1412 3380 vel
1437 3325 1712 3400 syncate-

129 3415 505 3498 9oremat2‘ce
527 3412 793 3485 infinita,
830 3431 942 3474 seu
969 3419 1110 3474 actu
1141 3419 1250 3474 aut
1279 3413 1576 3492 potentia.
1604 3411 1713 3471 Vi·

133 3508 322 3570 detur
347 3508 520 3569 enim
547 3507 848 3587 primum,
879 3507 1027 3586 quia
1050 3507 1156 3567 illa
1177 3507 1387 3570 omnia
1415 3505 1600 3566 simul
1623 3505 1712 3566 vi·

130 3601 409 3678 dentur;
439 3618 622 3680 ergo,
677 3607 746 3662 ut
794 3599 906 3672 sic,
939 3606 1081 3663 actu
1113 3606 1258 3662 sunt
1303 3600 1523 3673 simul;
1559 3615 1709 3676 ergo

133 3703 275 3758 actu
309 3693 604 3767 infinita3
638 3695 756 3755 hoc
787 3693 956 3754 enim
988 3693 1198 3755 differt
1222 3692 1538 3755 infinitum
1564 3697 1704 3754 actu

18 3841 28 3848 .
131 3788 490 3850 ahinfinito
518 3788 588 3849 in
627 3787 933 3868 potentia,
963 3787 1133 3868 quod
1177 3787 1334 3849 illud
1378 3794 1474 3850 est
1505 3791 1706 3848 totum

131 3891 278 3944 actu
309 3881 531 3956 simul,
557 3881 680 3944 hoc
703 3881 934 3961 partim
959 3887 1126 3955 actu,
1147 3880 1374 3960 partim
1399 3880 1701 3962 potentia,

128 3983 198 4036 ut
227 3982 488 4038 constat
519 3993 596 4036 ex
625 3977 664 4036 3
694 3975 971 4056 physic„
997 3993 1136 4055 cap.
1187 3977 1248 4038 6.
1283 3977 1354 4036 Et
1381 3973 1708 4036 confirma·

131 4077 255 4142 tur,
281 4087 442 4132 nam
473 4069 524 4130 si
549 4068 658 4130 illa
688 4069 924 4146 omnia,
947 4086 1088 4148 quae
1110 4069 1298 4130 simul
1324 4085 1708 4149 cognoscun-

131 4169 255 4238 tur,
289 4161 490 4224 simul
519 4168 732 4224 essent
767 4163 834 4222 in
863 4181 954 4238 re,
999 4167 1166 4224 esset
1193 4159 1528 4224 multitudo
1559 4165 1711 4225 cate·

128 4255 499 4334 ammana
524 4255 808 4327 infinita3
845 4255 959 4316 sed
1001 4255 1226 4317 eadem
1260 4257 1406 4316 sunt
1446 4271 1613 4315 nunc
1644 4253 1706 4314 in

87 4352 104 4366 '
131 4348 502 4426 cognitione
517 4369 537 4423 ;
576 4365 752 4426 ergo.

215 4445 316 4504 12.
365 4443 438 4502 In
471 4442 859 4504 contrarium
882 4461 1033 4506 vero
1063 4450 1180 4518 est,
1209 4444 1380 4523 quia,
1413 4443 1558 4504 licet
1574 4459 1708 4503 om-

133 4537 236 4596 nia
264 4534 463 4596 simul
494 4535 622 4596 sint
647 4535 920 4616 cognita,
949 4540 1162 4600 tamen
1190 4556 1320 4600 non
1349 4538 1530 4600 aliter
1564 4540 1708 4597 sunt

133 4629 386 4690 infinita
417 4647 611 4708 quam
634 4630 697 4690 in
722 4648 791 4690 re
822 4647 960 4691 esse
976 4631 1237 4712 possint,
1261 4632 1408 4712 quia
1437 4630 1706 4709 cognitio

139 4722 667 4784 accommodatur
691 4723 881 4785 rebus
904 4725 1076 4805 ipsis;
1098 4725 1300 4787 sedin
1317 4743 1387 4787 re
1415 4743 1540 4786 non
1565 4743 1710 4804 pos·

139 4825 286 4879 sunt
315 4835 484 4891 esse,
501 4817 626 4878 nisi
651 4820 1253 4901 syncateqorematice
1272 4819 1536 4893 infinita,
1561 4819 1707 4896 quia

137 4929 262 4972 non
295 4916 507 4991 potest
538 4917 669 4971 tota
696 4911 802 4970 illa
832 4912 1162 4974 multitudo
1210 4913 1274 4973 in
1318 4931 1388 4973 re
1443 4912 1708 4974 existere

141 5004 348 5064 simul.
379 5002 568 5067 Unde
599 5003 760 5065 nihil
783 5003 1020 5068 referre
1043 5004 1292 5067 videtur
1318 5006 1490 5085 quod
1516 5006 1581 5065 in
1607 5023 1710 5066 eo-

144 5099 420 5176 gnitione
443 5097 572 5158 sint
595 5097 806 5168 simul,
839 5097 892 5158 si
920 5099 984 5158 in
1023 5117 1092 5160 re
1121 5105 1382 5186 tantum‘
1409 5097 1545 5160 fieri
1571 5115 1713 5176 pos-

145 5197 284 5252 sunt
307 5191 693 5264 successive,
717 5192 864 5270 quia
893 5191 1116 5254 modus
1143 5191 1564 5272 cognoscendi
1584 5209 1710 5251 nou

151 5287 334 5347 variat
361 5284 632 5346 modum
655 5285 1021 5364 quantitatis
1049 5285 1244 5366 ipsius
1289 5286 1378 5348 rei
1413 5303 1428 5359 ;
1463 5303 1580 5346 nec
1609 5301 1710 5345 res

147 5375 325 5440 habet
345 5376 856 5458 magnitudinem
879 5387 988 5440 aut
1011 5379 1472 5441 multitudinem
1502 5395 1706 5452 suam,

154 5477 322 5552 atque
351 5471 520 5535 adeo
552 5471 728 5553 quod
757 5473 836 5533 sit
867 5469 1042 5535 finita
1071 5479 1178 5535 aut
1207 5471 1448 5534 infinita
1471 5473 1592 5534 hoc
1610 5471 1708 5531 vel

157 5563 246 5626 illo
271 5567 485 5644 modo,
515 5584 598 5628 ex
628 5563 847 5628 ordine
877 5567 956 5628 ad
984 5568 1429 5648 cognitionem,
1453 5584 1592 5648 quae
1621 5566 1704 5626 illi

3282 403 3355 462 37

1801 505 2152 568 extrinseca
2184 511 2300 581 est,
2332 505 2445 567 sed
2476 505 2539 567 in
2568 503 2789 567 ordine
2816 503 2897 567 ad
2940 505 3360 584 existentiam,

1800 619 1991 681 quam
2035 601 2217 681 juxta
2264 605 2553 662 naturam
2612 619 2791 662 suam
2844 600 3079 663 habere
3132 609 3359 681 potest.

1798 697 1925 758 Nec
1954 695 2203 758 videtur
2228 701 2397 757 recte
2426 694 2549 755 dici
2576 713 2786 774 posse,
2818 694 2927 754 illa
2948 712 3087 756 esse
3114 695 3359 758 infinita

1799 793 2287 872 caceqorematice
2322 791 2387 850 iu
2426 807 2565 851 esse
2596 789 2864 866 cognito,
2900 796 2962 850 et
2995 807 3032 849 a
3060 797 3239 868 parte
3264 791 3359 852 rei

1795 899 1932 946 esse
1958 883 2198 945 infinita
2224 881 2847 964 syncateyorematioe,
2890 882 3037 961 quia
3084 901 3213 944 non
3244 884 3359 945 ha-

1795 978 1903 1040 bet
1943 997 2045 1039 res
2096 980 2285 1040 aliam
2337 979 2749 1057 quantitatem
2792 977 2859 1037 in
2902 995 3041 1039 esse
3082 979 3355 1058 cognito,

1795 1089 1987 1149 quam
2015 1091 2052 1133 a
2081 1077 2257 1151 parte
2285 1071 2398 1147 rei,
2426 1072 2581 1132 alias
2606 1089 2733 1132 non
2765 1078 2931 1132 esset
2958 1089 3107 1132 vera
3142 1071 3359 1149 cogni·

1795 1165 1902 1227 tio.
1939 1165 2011 1225 Et
2040 1164 2469 1238 confirmatur,
2499 1165 2647 1244 quia
2669 1165 2834 1225 Deus
2870 1165 3004 1242 ipse
3032 1182 3157 1226 non
3188 1163 3359 1227 videt

1794 1257 1967 1319 aliud
2005 1257 2345 1335 infinitum,
2377 1277 2568 1339 qnam
2618 1259 2695 1320 sit
2722 1257 3017 1338 possibile
3046 1258 3146 1320 vel
3189 1258 3359 1320 futu-

1793 1369 1969 1425 rum3
2004 1353 2117 1414 sed
2146 1371 2274 1415 non
2302 1359 2396 1416 est
2432 1352 2727 1432 possibile
2762 1359 2871 1414 aut
2899 1352 3177 1414 futurum
3228 1351 3363 1414 iufl-

1793 1447 1997 1508 nitum
2025 1447 2529 1524 cateqorematice,
2561 1445 2669 1508 sed
2706 1445 3312 1526 syncateyoraematicae
3330 1473 3357 1521 ,-

1795 1560 1967 1620 ergn.
2006 1539 2080 1604 D.
2114 1539 2335 1604 Thom.
2360 1541 2427 1602 in
2456 1541 2577 1603 hoc
2604 1539 2763 1602 nihil
2790 1547 3006 1619 aperte
3041 1539 3216 1617 dicit,
3266 1547 3357 1604 ta-

1791 1655 1940 1698 men
1970 1637 2105 1716 ejus
2131 1634 2417 1714 discipuli
2447 1633 2739 1696 videntur
2766 1633 3159 1713 frequentius
3186 1633 3359 1714 loqui

1793 1731 1984 1811 priori
2016 1729 2228 1791 modo·
2258 1729 2507 1792 Gabriel
2550 1735 2784 1802 autem,
2818 1727 3083 1790 Almain.
3120 1733 3183 1790 et
3226 1727 3355 1801 ulii,

1794 1825 1856 1884 in
1888 1827 1944 1894 3,
1999 1823 2273 1885 distinct.
2316 1825 2377 1898 4,
2410 1822 2613 1902 magis
2654 1821 2896 1899 eligunt
2944 1823 3359 1902 posteriorem

1795 1917 2078 1989 modum,
2113 1935 2275 1994 quos
2308 1914 2591 1996 sequitur
2626 1915 2911 1996 Viguer.,
2944 1915 3013 1977 in
3062 1915 3359 1990 Institut.‚

1795 2029 1932 2090 cap.
1967 2013 2069 2086 20,
2102 2009 2227 2090 §2
2258 2027 2419 2070 verS.
2466 2013 2523 2072 1.

1876 2105 1973 2166 13.
2010 2103 2133 2166 Sed
2154 2103 2218 2163 in
2240 2121 2309 2164 re
2334 2122 2461 2164 non
2476 2101 2725 2164 videtur
2749 2121 2887 2164 esse
2917 2121 3103 2182 posse
3126 2119 3357 2181 magna

1793 2197 2155 2272 diversitaS,
2207 2215 2359 2258 nam
2404 2213 2624 2258 omnes
2674 2197 3062 2258 conveniunt
3117 2195 3182 2256 in
3228 2195 3350 2256 his.

1795 2291 2025 2366 Primo,
2058 2289 2164 2350 illa
2200 2308 2337 2370 quae
2366 2290 2685 2366 videntur,
2724 2309 2855 2350 non
2895 2309 3033 2352 esse
3068 2290 3135 2350 in
3178 2294 3347 2352 certo

1795 2383 2006 2463 aliquo
2032 2401 2299 2445 numero
2324 2383 2524 2460 finite,
2556 2403 2675 2446 nec
2703 2401 2889 2464 posse
2929 2383 3243 2463 perveniri
3278 2381 3359 2442 ad

1795 2477 1988 2540 finem
2019 2495 2237 2538 eorum
2266 2523 2285 2553 ,
2319 2477 2713 2539 numerando
2760 2493 2957 2536 unum
2986 2482 3129 2556 post
3156 2473 3356 2536 aliud.

1797 2571 2112 2648 Secunde,
2145 2570 2250 2632 illa
2300 2573 2509 2632 omnia
2564 2569 2747 2631 simul
2801 2569 3120 2650 cognosci,
3166 2574 3228 2631 et
3269 2568 3357 2630 ita

1797 2683 1934 2726 esse
1976 2664 2164 2726 simul
2202 2665 2415 2744 aliquo
2462 2663 2675 2733 modo,
2716 2663 2973 2736 scilicet,
3018 2661 3350 2742 objective.

1791 2758 2001 2820 Tertio
2015 2804 2035 2835 ,
2068 2764 2265 2820 totam
2308 2757 2479 2820 illam
2526 2755 2961 2818 collectionem
3003 2773 3134 2817 non
3163 2771 3349 2834 posse

1793 2859 1937 2913 actu
1962 2851 2111 2932 poni
2141 2852 2205 2914 in
2232 2871 2323 2913 re.
2361 2852 2601 2926 Quibus
2632 2849 2876 2930 positis,
2904 2848 3038 2911 fere
3057 2848 3135 2910 de
3162 2847 3349 2909 modo

1791 2944 2087 3024 loquendi
2114 2945 2361 3006 videtur
2390 2943 2840 3007 controversia.

1871 3040 1969 3101 14.
2017 3039 2365 3116 Responsio.
2390 3072 2465 3083 -
2494 3037 2717 3100 Anima
2748 3035 2985 3101 Christi
3030 3055 3149 3099 non
3194 3035 3353 3100 viaet

1791 3132 2036 3212 infinita
2072 3133 2576 3214 cateyorematice.
2601 3167 2677 3178 —-
2711 3130 2859 3192 Mihi
2892 3137 3104 3192 tamen
3150 3129 3355 3208 placet

1790 3226 2105 3306 posterior
2130 3225 2355 3286 modus
2384 3224 2710 3303 loquendi,
2757 3224 2907 3304 quia
2934 3223 3043 3284 illa
3074 3223 3355 3283 multitu-

1793 3319 1898 3392 do,
1930 3317 2219 3398 quamvis
2267 3317 2447 3378 simul
2487 3317 2762 3396 cognita,
2812 3317 3001 3378 talem
3034 3303 3357 3376 ‘habitudi-

1791 3429 1937 3473 nem
1969 3411 2161 3472 habet
2189 3409 2271 3472 ad
2318 3428 2497 3470 suam
2547 3411 2974 3487 existentiam,
3020 3417 3087 3472 ut
3132 3427 3209 3472 ex
3258 3409 3355 3470 in-

1791 3505 2061 3566 trinseca
2077 3508 2301 3564 natura
2320 3523 2432 3564 sua
2454 3509 2627 3582 petat
2657 3523 2785 3566 non
2822 3521 3009 3584 posse
3040 3501 3355 3564 exhauriri

1791 3615 1936 3659 cum
1964 3597 2065 3672 fit3
2092 3595 2263 3658 unde
2294 3597 2361 3657 in
2405 3615 2518 3658 sua
2562 3597 2907 3658 intrinseca
2961 3597 3205 3657 ratione
3258 3595 3359 3657 in-

1793 3691 1988 3756 cludit
2008 3693 2171 3752 hanc
2196 3690 2389 3752 veluti
2422 3689 2971 3768 potentialitatem‚
2995 3695 3063 3749 ut
3081 3707 3355 3768 semper,

1795 3786 2047 3860 scilicet,
2101 3784 2337 3862 aliquid
2380 3785 2551 3845 illius
2599 3790 2795 3844 restet
2825 3782 3250 3843 efficiendum.
3283 3785 3357 3846 Et
3404 3821 3413 3831 =

1794 3881 1858 3942 in
1917 3881 2036 3940 hac
2088 3877 2550 3959 potentialitate
2592 3875 2876 3938 consistit
2918 3875 3082 3936 ratio
3125 3877 3356 3938 infiniti

1791 3971 2437 4054 syncategorematice
2478 3990 2493 4042 ;
2548 3969 2709 4030 sicut
2766 3967 3050 4047 quamvis
3105 3973 3355 4048 tempus

1788 4072 1990 4129 totum
2010 4064 2193 4126 simul
2216 4069 2654 4144 cognoscatur,
2677 4062 2881 4142 ipsum
2900 4069 3139 4137 tamen,
3165 4061 3350 4124 etiam

1790 4163 2137 4242 cognitum,
2180 4179 2291 4221 ens
2329 4157 2749 4220 successivum
2799 4160 2930 4234 est,
2964 4159 3109 4236 quia
3162 4157 3349 4220 talem

1790 4253 2225 4316 habitudinem
2274 4252 2466 4313 habet
2521 4251 2602 4314 ad
2651 4251 3080 4324 existentiam,
3126 4257 3351 4312 utnon

1788 4347 1989 4429 possit
2039 4353 2241 4408 totum
2298 4344 2481 4407 simul
2518 4345 2813 4422 existere,
2865 4341 2977 4404 sed
3019 4361 3165 4423 pars
3215 4355 3357 4424 post

1788 4448 2036 4522 partem
2061 4463 2078 4515 ;
2112 4439 2329 4500 similis
2350 4440 2518 4499 enim
2543 4439 2703 4499 ratio
2735 4444 2827 4498 est
2856 4437 2935 4498 de
2966 4437 3086 4497 hoc
3108 4435 3352 4496 infinito

1790 4538 1855 4598 in
1903 4535 2209 4616 potentia,
2263 4532 2526 4594 includit
2559 4532 2727 4593 enim
2780 4531 2843 4591 in
2891 4537 3193 4610 conceptu
3240 4547 3351 4590 suo

1792 4631 2253 4692 successionem
2312 4625 2649 4706 quamdam
2698 4625 2763 4685 in
2816 4623 3184 4697 existentia,
3240 4641 3350 4682 seu

1789 4723 2199 4804 productione
2228 4738 2375 4791 sua;
2424 4723 2488 4779 et
2538 4719 2659 4778 boc
2690 4717 2875 4778 modo
2911 4717 3231 4777 salvantur
3260 4713 3354 4774 fa-

1791 4817 1908 4878 cile
1937 4815 2126 4876 multa
2159 4831 2298 4892 quae
2330 4813 2582 4873 tractari
2625 4811 2829 4871 solent
2858 4810 2935 4871 de
2966 4807 3208 4870 infinito
3236 4855 3251 4882 ‚
3283 4811 3354 4867 ut

1791 4917 1887 4974 est
1931 4911 1994 4970 in
2028 4907 2385 4985 cognitione
2416 4905 2649 4966 divina.
2699 4905 2785 4964 De
2814 4903 3045 4981 quibus
3073 4901 3279 4982 agitur
3319 4905 3346 4963 1

1793 5021 1884 5084 p.‚
1920 5009 2141 5083 quaest.
2177 5003 2236 5070 7,
2272 5001 2350 5060 14
2376 5003 2437 5060 et
2465 4999 2567 5060 25.

1880 5099 1976 5158 15.
2026 5095 2364 5172 Supererat
2410 5091 2530 5152 hoe
2588 5091 2724 5151 loco
2783 5089 3214 5164 tractandum,
3270 5105 3348 5149 an

1796 5187 2022 5249 Christi
2055 5187 2267 5248 anima
2296 5185 2504 5247 videat
2533 5185 2597 5245 in
2630 5183 2833 5244 Verbo
2872 5183 3076 5244 futura
3106 5181 3356 5243 contin-

1799 5283 2012 5363 gentia
2040 5279 2490 5353 conditionata,
2534 5276 2597 5338 id
2628 5282 2742 5352 est,
2791 5294 2956 5356 quai,
2986 5275 3189 5355 posita
3244 5273 3356 5334 ali-

1792 5395 1916 5456 qua
1952 5373 2335 5446 conditione,
2364 5372 2575 5432 futura
2608 5377 2841 5446 essent,
2874 5370 3020 5430 licet
3068 5367 3146 5456 de
3186 5366 3351 5428 fanto

1791 5470 2077 5534 absolute
2118 5469 2324 5532 futura
2354 5485 2480 5527 non
2508 5465 2655 5541 sint,
2707 5465 2857 5546 quia
2896 5461 3169 5526 conditio
3219 5478 3349 5524 non

1791 5572 1888 5628 est
1907 5561 2222 5646 ponenda.
2250 5560 2373 5624 Sed
2404 5562 2534 5622 haec
2556 5558 2813 5639 quaestio
2833 5575 2962 5620 non
2992 5555 3185 5618 habet
3208 5571 3345 5640 spe-
