3892 6167
559 422 642 487 sit
671 438 838 503 aqua
867 416 1104 483 elevari
1145 416 1230 481 ad
1269 417 1535 497 gratiam
1573 414 1993 494 efficiendam,
2036 416 2126 479 vi-

559 516 748 580 detur
782 512 1190 594 impertinens
1225 511 1396 591 quod
1423 511 1504 575 sit
1526 510 1895 575 naturaliter
1924 510 2129 573 activa

557 608 914 690 frigiditatis
935 605 1033 671 vel
1063 606 1321 669 alterius
1345 604 1664 685 qualitatis
1689 602 1932 667 similis.
1967 604 2129 667 Ρη-

555 712 738 767 terea
783 704 908 765 huc
957 699 1266 765 accedunt
1305 700 1606 776 rationes,
1657 698 1888 778 quihus
1937 714 2130 777 supra

557 797 969 880 probavimus
998 812 1141 857 esse
1176 796 1242 857 in
1271 794 1574 857 creaturis
1599 792 1946 875 potentiam
1978 791 2131 855 ohe-

558 890 948 964 dientialem,
991 891 1063 949 ut
1103 886 1172 949 in
1205 886 1414 949 divina
1441 886 1857 949 instrumenta
1894 885 2129 947 assumi

555 990 628 1047 et
656 982 884 1046 elevari
910 980 1153 1060 possint
1177 998 1194 1053 ;
1233 978 1356 1042 illae
1387 978 1554 1041 enim
1583 996 1716 1043 non
1745 978 1951 1041 solum
1982 995 2129 1058 pro·-

561 1078 718 1140 hant
735 1076 818 1138 de
839 1074 936 1137 his
959 1072 1168 1147 rebus,
1199 1090 1342 1152 quoe
1361 1076 1509 1137 sunt
1531 1072 1748 1135 activae
1771 1072 2128 1153 aliquorum

563 1170 905 1234 effectuum
945 1166 1324 1231 naturalium
1343 1214 1362 1243 ,
1407 1166 1520 1229 sed
1551 1166 1620 1229 in
1650 1167 2014 1229 universum
2048 1165 2127 1227 de

563 1262 856 1325 omnibus
875 1260 1122 1325 entibus
1145 1260 1393 1335 creatis,
1423 1258 2019 1340 respectuomnium
2042 1256 2129 1319 ef-

559 1356 838 1419 fectuum
875 1356 941 1417 in
986 1354 1213 1435 quibus
1252 1352 1538 1433 specialis
1583 1351 2003 1433 repugnantia
2034 1351 2127 1413 iu·

559 1454 750 1513 venta
773 1467 904 1512 non
931 1448 1140 1511 fuerit.

640 1546 742 1608 78.
773 1544 980 1625 Atque
999 1543 1145 1605 hino
1167 1541 1428 1605 ulterius
1449 1534 1838 1621 intelligitur,
1869 1538 2125 1619 quando

559 1638 839 1720 potentia
884 1636 1252 1699 naturaliter
1298 1634 1502 1699 activa
1545 1634 1902 1713 aliquorum
1943 1633 2129 1697 effec-

562 1739 744 1795 tuum
767 1730 850 1793 ad
877 1728 1388 1811 supernaturales
1409 1746 1514 1791 res
1539 1726 1900 1791 efficiendas
1923 1726 2129 1789 eleva·

563 1830 690 1901 tur,
721 1830 898 1898 tunc,
921 1824 1068 1887 licet
1090 1840 1220 1899 res,
1249 1840 1394 1903 quae
1421 1822 1722 1897 elevatur,
1761 1820 1841 1883 sit
1869 1826 2132 1885 natura-

563 1918 638 1983 lis
684 1917 964 1999 potentia
985 1963 1006 1994 ,
1056 1922 1273 1979 tamen
1321 1922 1633 1996 quatenus
1679 1915 1926 1979 elevata
1979 1916 2127 1995 agit,

561 2028 696 2075 non
735 2028 930 2090 agere
981 2014 1049 2075 ut
1093 2008 1448 2075 naturalem
1494 2008 1864 2089 potentiam,
1907 2009 1973 2073 id
2013 2014 2127 2084 est,

559 2110 747 2185 prout
775 2110 873 2167 est
893 2104 1090 2167 virtus
1113 2104 1312 2167 activa
1339 2107 1566 2165 natura
1589 2120 1702 2165 sua
1733 2102 2021 2165 ordinata
2048 2102 2131 2167 ad

559 2198 720 2262 tales
746 2198 1035 2271 effectus;
1077 2197 1232 2261 sicut
1257 2196 1510 2276 quando
1537 2196 1820 2259 elevatur
1845 2196 2131 2259 substan-

561 2291 648 2355 tia
677 2292 758 2354 ad
787 2290 1144 2373 agendum,
1179 2290 1466 2369 quamvis
1493 2290 1578 2367 id,
1619 2289 1790 2370 quod
1824 2290 2127 2365 elevatur,

561 2386 644 2449 sit
663 2384 1018 2449 substantia
1034 2446 1038 2451 ,
1054 2384 1382 2460 naturalis,
1425 2388 1666 2461 tamen,
1685 2384 2035 2449 formaliter
2062 2400 2133 2445 ac

561 2480 816 2561 praecise
841 2478 1162 2558 loquendo
1181 2522 1202 2555 ,
1231 2494 1361 2541 non
1389 2478 1520 2558 agit
1547 2480 1618 2541 ut
1643 2476 1993 2541 substantia
2019 2494 2133 2539 na-

561 2572 804 2645 turalis,
848 2572 996 2652 quia.
1031 2576 1104 2633 ut
1149 2571 1239 2635 sic
1281 2571 1485 2633 solum
1523 2570 1674 2633 dioit
1717 2571 2004 2633 ordinem
2050 2569 2131 2633 ad

561 2666 1028 2729 subsistendum
1056 2664 1122 2729 in
1151 2684 1264 2728 suo
1297 2682 1454 2739 esse,
1501 2664 1617 2727 sed
1649 2663 1782 2742 agit
1815 2671 2132 2743 quatenus

559 2760 807 2823 elevata
849 2766 967 2836 est,
1011 2764 1074 2823 et
1114 2765 1426 2841 quatenus
1458 2759 1522 2821 in
1563 2776 1633 2821 se
1673 2756 1864 2821 habet
1907 2758 2131 2819 funda·

563 2854 906 2918 mentalem
933 2872 1048 2917 seu
1077 2850 1562 2917 obedientialem
1586 2852 1712 2913 vim
1738 2895 1756 2925 ,
1793 2856 1864 2914 ut
1895 2850 2129 2915 elevari

563 2950 784 3029 possit,
807 2947 890 3010 ad
913 2964 1110 3028 quam
1123 2947 1250 3009 vim
1279 2946 1458 3026 quasi
1484 2944 1890 3007 materialiter
1917 2962 1989 3007 se
2014 2945 2129 3005 ha-

563 3042 675 3105 het
697 3088 714 3117 ‚
756 3042 928 3122 quod
955 3041 1130 3105 sitin
1159 3040 1508 3105 substantia
1527 3084 1550 3116 ,
1597 3039 1697 3101 vel
1727 3038 1793 3099 in
1823 3038 2127 3117 qualitate

565 3136 940 3199 naturaliter
971 3136 1172 3199 activa
1193 3180 1210 3211 ,
1249 3134 1352 3197 vel
1377 3150 1507 3195 non
1537 3132 1758 3195 activa.
1799 3132 1878 3195 Et
1905 3132 2131 3195 confir-

563 3234 777 3293 matur
819 3230 942 3293 hoc
982 3229 1249 3304 illatum,
1293 3228 1445 3308 quia
1490 3226 1786 3306 praedicta
1825 3225 2129 3289 naturalis

563 3324 849 3389 activitas
875 3322 1140 3387 limitata
1167 3322 1370 3387 estad
1393 3320 1550 3383 tales
1584 3320 1884 3398 effectus;
1926 3338 2081 3401 ergo
2110 3364 2125 3393 ,

567 3418 820 3499 quando
847 3418 1012 3481 ultra
1033 3418 1168 3479 illos
1197 3422 1517 3496 operatur,
1543 3430 1672 3475 non
1701 3414 1831 3494 agit
1859 3419 1932 3475 ut
1950 3420 2130 3475 natu-

566 3514 718 3575 ralis
735 3511 826 3575 vis
847 3512 1071 3575 activa.
1105 3512 1280 3575 Patet
1299 3508 1772 3589 consequentia,
1801 3508 1951 3588 quia
1976 3512 2129 3569 tunc

563 3624 698 3669 non
725 3612 1022 3687 operatur
1047 3606 1212 3669 intra
1239 3606 1480 3667 natum
1504 3601 1732 3665 limites
1757 3621 1773 3676 ς
1823 3620 1979 3682 ergo
2006 3618 2124 3664 nec

565 3706 866 3780 operatur
885 3717 1002 3780 per
1027 3715 1400 3761 concursum
1421 3714 1536 3759 seu
1563 3695 1864 3759 auxilium
1888 3700 2129 3757 naturoe

563 3794 848 3858 debitum
903 3798 1012 3857 aut
1058 3792 1602 3874 proportionatum
1629 3834 1646 3865 ,
1688 3804 1900 3868 neque
1939 3788 2130 3856 habet

561 3886 1035 3952 connaturalem
1075 3887 1363 3951 ordinem
1399 3904 1514 3950 seu
1540 3882 2015 3947 inclinationem
2048 3879 2133 3943 ad

535 3982 758 4045 talem
787 3982 1103 4046 effectum.
1141 3980 1427 4059 Denique
1459 3976 1829 4041 naturaliter
1857 3980 1955 4037 est
1980 3975 2133 4037 sim-

565 4076 814 4156 plicite-r
839 4077 1174 4156 impotens,
1204 4088 1324 4137 >seu
1353 4072 1488 4136 sine
1517 4071 1798 4151 potentia
1825 4068 1910 4131 ad
1941 4068 2133 4131 talem

565 4169 896 4243 effeetumz
929 4186 1082 4249 ergo
1109 4186 1240 4231 non
1269 4170 1476 4247 potest
1501 4163 1626 4227 diei
1655 4163 1903 4225 efficere
1927 4162 2129 4237 illum,

569 4268 645 4325 ut
663 4264 944 4342 potentia
968 4260 1275 4325 naturalis
1304 4262 1422 4323 est.
1476 4294 1482 4305 ·

653 4359 756 4420 79.
801 4356 1004 4432 Dices,
1047 4355 1193 4417 hinc
1239 4353 1444 4417 solum
1490 4351 1668 4433 sequi
1709 4368 1839 4413 non
1883 4351 2131 4413 efficere

567 4450 762 4514 talem
794 4450 1086 4513 effectum
1123 4454 1196 4512 ut
1220 4446 1567 4527 potentiam
1593 4444 1983 4521 naturalem,
2026 4462 2133 4506 na·

567 4542 754 4607 turali
788 4543 980 4605 modo
1023 4547 1391 4621 operantem
1409 4560 1428 4616 3
1470 4538 1878 4601 nihilominus
1917 4544 2132 4601 tamen

569 4654 756 4720 posse
796 4638 975 4700 illum
1013 4636 1264 4699 efficere
1303 4640 1374 4697 ut
1402 4622 1746 4715 poteritiam
1779 4631 2131 4695 naturalem

571 4734 940 4813 operantem
967 4736 1038 4793 ut
1065 4728 1414 4804 elevatam3
1457 4728 1606 4809 quia
1644 4744 1774 4788 non
1819 4731 2133 4807 repugnat

569 4843 704 4905 nem
733 4824 1254 4905 imperfectiorem
1285 4823 1568 4903 adjutam
1594 4839 1632 4882 a
1665 4819 2022 4899 perfectiori
2049 4819 2134 4881 ei*-

571 4918 762 4983 ficere
789 4918 1028 4998 aliquid
1049 4918 1336 4999 superius
1365 4920 1428 4979 et
1453 4914 1812 4995 perfectius,
1853 4912 2027 4992 quod
2054 4928 2133 4975 ex

573 5030 647 5074 se
671 5028 798 5075 non
829 5017 1060 5092 potest.
1104 5010 1229 5075 Sed
1270 5010 1392 5074 hoc
1431 5008 1688 5089 quidem
1717 5006 1957 5069 admitti
1992 5024 2135 5087 pos-

575 5111 694 5179 set,
725 5106 778 5167 si
803 5106 911 5168 illa
933 5106 1262 5186 particula,
1293 5108 1384 5176 ut,
1413 5100 1830 5183 specificative
1860 5118 2137 5163 sumere·

573 5206 706 5275 tur,
743 5203 810 5263 et
835 5200 1196 5281 designaret
1225 5203 1470 5261 tantum
1498 5214 1632 5259 rem
1661 5213 1801 5277 quae
1827 5196 1909 5257 ad
1937 5213 2136 5277 agen-

573 5292 730 5357 dum
775 5294 1058 5359 elevatur
1080 5318 1098 5370 ς
1143 5294 1262 5357 hoc
1305 5292 1476 5353 enim
1517 5306 1708 5353 sensu
1743 5308 1967 5353 verum
2014 5294 2133 5365 ed,

575 5402 716 5449 rem
751 5388 1112 5452 inferiorem
1152 5402 1339 5467 posse
1371 5383 1604 5448 elevari
1627 5383 1714 5445 ad
1737 5382 2136 5447 efficiendam

579 5483 994 5561 superiorem,
1016 5488 1085 5545 ut
1103 5481 1456 5547 naturalem
1475 5478 1558 5547 nd
1571 5478 2136 5559 supernaturalem,

1788 316 2024 383 Quam.
2056 316 2189 371 ml.
2223 316 2429 375 Anne.
2454 318 2549 373 w.

2208 424 2275 481 et
2309 434 2678 500 corpoream
2716 416 2803 481 ad
2835 416 3243 499 spiritualem
3282 420 3719 506 producendam

2208 516 2444 587 tamen,
2476 518 2727 593 sumpta
2748 512 2858 573 illa
2884 512 3204 592 particula
3226 512 3487 577 omnino
3510 516 3724 582 formali-

2208 612 2305 674 ter
2340 626 2416 669 ac
2452 607 2903 688 reduplicative
2924 651 2943 679 ,
2980 606 3343 669 involvitur
3378 618 3725 691 repugnantia

2212 700 2279 762 in
2305 706 2703 781 argumento,
2732 718 2909 776 nam,
2940 716 3089 761 cum
3116 698 3361 761 dieitur
3380 706 3637 781 potentia
3654 727 3728 769 na-

2208 794 2429 857 turalis
2447 840 2464 871 ,
2500 800 2571 858 ut
2600 794 2745 856 talis
2774 799 2902 871 est,
2932 794 3175 857 virtute
3204 812 3326 855 sua
3356 796 3637 877 attingere
3654 821 3729 863 su-

2208 888 2523 969 perierem
2552 888 2867 965 effectum,
2912 906 3149 949 sensus
3184 892 3309 963 est,
3346 890 3515 967 quod
3542 910 3609 953 ex
3628 912 3729 972 pro-

2205 982 2345 1061 pria
2368 982 2429 1045 vi
2458 982 2763 1045 naturalis
2793 980 3133 1045 activitatis
3160 980 3381 1042 influit
3408 982 3475 1043 in
3498 984 3657 1047 talam
3674 988 3729 1048 ef·

2204 1076 2475 1145 fectum:
2508 1080 2825 1157 repugnat
2864 1080 3077 1137 autem
3108 1075 3241 1136 hoc
3274 1074 3467 1137 modo
3502 1077 3727 1151 influere,

2208 1174 2273 1231 et
2302 1169 2507 1231 solum
2544 1174 2617 1231 ut
2644 1168 2939 1231 virtutem
2969 1168 3301 1231 elevatam
3338 1168 3611 1232 influere.
3642 1174 3729 1234 lm-

2206 1262 2397 1343 plicat
2412 1264 2627 1343 itaque
2648 1262 2943 1326 effectum
2964 1280 3108 1325 esse
3127 1262 3403 1324 omnino
3430 1274 3727 1343 supernatu-

2204 1356 2425 1433 ralem,
2456 1361 2757 1419 ettamen
2780 1357 3073 1421 virtutem
3099 1356 3475 1419 natur-alem
3496 1358 3727 1437 praedicto

2206 1448 2397 1513 modo
2446 1450 2715 1514 influere
2764 1451 2833 1514 in
2879 1451 3059 1513 illum
3086 1468 3105 1526 3
3156 1467 3352 1525 nam,
3404 1448 3459 1511 si
3500 1450 3726 1529 praedicto

2204 1544 2399 1607 modo
2422 1544 2633 1609 influit
2656 1564 2733 1609 ex
2762 1550 2989 1607 natura
3012 1562 3137 1607 sua
3160 1590 3183 1623 ,
3216 1541 3479 1605 habebit
3506 1542 3727 1605 ordinem

2208 1637 2293 1701 ad
2316 1638 2511 1702 talem
2536 1640 2855 1715 effectum,
2896 1638 3127 1701 saltem
3156 1654 3285 1718 per
3312 1634 3561 1699 modum
3584 1635 3727 1697 virtu-

2212 1732 2291 1797 tis
2316 1733 2619 1812 partialis,
2664 1732 2767 1795 vel
2797 1730 3309 1795 instrumentalis
3336 1728 3723 1799 connaturalis:

2212 1844 2367 1906 ergo
2407 1824 2901 1907 comprehendet
2937 1824 3123 1887 illum
3160 1824 3459 1887 effectum
3486 1820 3594 1884 sub
3616 1820 3725 1881 ade-

2210 1926 2403 1999 quata
2439 1918 2767 1983 latitudine
2818 1936 2933 1982 seu
2979 1918 3239 1997 objecto
3290 1933 3423 1977 suae
3466 1914 3725 1975 activitatis

2212 2012 2555 2091 naturalis;
2596 2030 2725 2077 non
2756 2029 2907 2093 ergo
2936 2012 3081 2075 talis
3108 2012 3383 2075 effectus
3410 2009 3520 2073 erit
3546 2006 3723 2085 simpli·

2212 2106 2369 2171 citer
2418 2105 2919 2187 supernaturalis
2963 2110 3269 2185 respectu
3312 2102 3456 2165 talis
3500 2100 3721 2171 virtutis;

2212 2201 2373 2265 siout
2418 2200 2615 2275 calor,
2665 2200 2717 2263 si
2757 2198 3129 2263 naturaliter
3174 2204 3277 2261 est
3310 2195 3543 2259 activus
3568 2192 3722 2255 forme

2214 2292 2643 2357 substantialis
2666 2292 2834 2375 ignis
2858 2299 2920 2355 et
2942 2293 3181 2365 carnia,
3212 2287 3503 2370 quamvis
3524 2304 3635 2347 non
3648 2284 3724 2345 lm-

2210 2388 2360 2452 heat
2380 2388 2793 2450 sufficientem
2824 2384 2949 2449 vim
2983 2384 3064 2447 ad
3086 2383 3278 2447 illum
3310 2382 3590 2445 effectum
3602 2422 3621 2454 ,
3644 2394 3721 2439 aec

2210 2480 2655 2563 principalem,
2688 2478 2803 2543 aed
2828 2478 3391 2541 instrumentalem
3418 2478 3665 2545 tantam,
3682 2472 3722 2531 et

2210 2574 2503 2655 quamvis
2545 2591 2675 2636 non
2715 2574 2913 2654 possit
2937 2572 3129 2635 talem
3164 2570 3469 2633 effectum
3502 2564 3718 2631 efficere,

2210 2668 2337 2729 nisi
2378 2684 2414 2729 a
2450 2667 2757 2747 superiori
2788 2673 3015 2748 agente
3040 2666 3349 2747 juvetur,
3382 2658 3717 2725 nihilominus

2210 2762 2471 2825 effectus
2498 2767 2595 2825 eet
2622 2760 2713 2823 illi
2743 2758 3171 2825 connaturalis
3188 2804 3213 2835 ,
3257 2756 3417 2838 quia
3436 2754 3563 2834 ipse
3587 2754 3717 2811 natu-

2208 2854 2326 2919 rali
2362 2854 2449 2930 vi,
2486 2860 2557 2917 ut
2593 2854 2733 2918 talis
2772 2860 2897 2929 est,
2941 2852 3148 2915 influit
3184 2852 3255 2915 in
3284 2850 3486 2913 illum.
3524 2840 3716 2918 Quodsi

2211 2948 2405 3022 dicas,
2432 2948 2497 3011 in
2522 2948 2731 3011 calore
2750 2948 2871 3009 hoc
2890 2946 3037 3009 ideo
3064 2964 3230 3024 esse,
3262 2944 3416 3026 quia
3436 2958 3557 3005 non
3572 2936 3717 2999 solum

2207 3043 2343 3123 agit
2369 3043 2597 3105 virtute
2625 3041 2921 3117 naturali,
2947 3040 3061 3103 sed
3084 3040 3285 3103 etiam
3304 3044 3377 3099 ut
3405 3036 3719 3097 instrumen-

2209 3140 2347 3197 tum
2406 3134 2885 3197 subordinatum
2940 3132 3126 3197 alicui
3180 3130 3403 3195 virtuti
3454 3117 3719 3207 principali

2210 3229 2629 3306 connaturali,
2652 3226 3091 3309 respondetur,
3115 3227 3269 3292 licet
3290 3226 3415 3289 hoc
3436 3234 3631 3285 verum
3648 3214 3714 3285 sit,

2210 3322 2357 3385 hinc
2396 3328 2609 3385 tamen
2654 3322 2823 3385 sumi
2865 3327 3365 3401 argumentum3
3420 3314 3557 3397 quia
3598 3305 3717 3371 nulla

2207 3418 2413 3497 potest
2442 3433 2581 3479 esse
2609 3416 2807 3479 virtus
2832 3415 3139 3479 naturalis
3160 3460 3181 3491 ,
3220 3430 3391 3493 quae,
3428 3410 3476 3471 si
3506 3413 3565 3467 ut
3587 3406 3717 3465 natu·

2206 3508 2357 3571 ralis
2384 3510 2715 3588 operatur,
2756 3526 2887 3571 non
2914 3506 2996 3571 sit
3023 3506 3125 3571 vel
3150 3502 3514 3589 principalis
3538 3498 3715 3565 virtus,

2209 3601 2313 3665 vel
2343 3602 2869 3677 instrumentalis,
2904 3601 3317 3665 subordinate
3344 3594 3522 3661 alicui
3548 3584 3716 3671 princi·
3791 3666 3793 3669 y

2212 3694 2339 3775 pali
2370 3693 2655 3775 ejusdem
2692 3694 2928 3757 ordinis
2956 3710 2979 3773 3
3010 3712 3161 3757 nam
3186 3694 3329 3755 haec
3358 3689 3579 3752 dehent
3603 3681 3717 3741 inter

2212 3806 2282 3851 se
2304 3787 2777 3869 proportionem
2800 3794 2865 3851 et
2886 3786 3169 3851 debitam
3190 3781 3609 3851 habitudinem
3626 3786 3715 3835 ser-

2211 3899 2383 3944 vare.

2292 3974 2393 4037 80.
2440 3974 2565 4037 Nec
2606 3992 2755 4039 vero
2782 3975 2930 4037 satis
2958 3974 3257 4055 estquod
3283 3952 3714 4053 supernaturalis

2214 4066 2472 4131 effectus
2499 4068 2566 4129 in
2602 4068 2817 4149 aliqua
2852 4069 3151 4151 generice
3185 4067 3291 4131 vel
3331 4053 3625 4129 communi
3647 4067 3715 4111 ra·

2212 4160 2383 4223 tione
2423 4161 2755 4227 conveniat
2792 4181 2939 4225 cum
2982 4164 3209 4225 effectu
3254 4148 3643 4226 connaturali,
3657 4144 3712 4247 '¹¹²

2212 4254 2517 4317 naturalis
2534 4256 2752 4331 virtus,
2775 4262 3083 4338 quatenus
3107 4256 3251 4319 talis
3276 4260 3397 4329 est,
3420 4249 3638 4313 dicatur
3654 4250 3714 4295 ¹¹1·

2211 4349 2405 4413 fluere
2453 4350 2522 4411 in
2574 4351 3113 4431 supernaturalem
3160 4352 3449 4415 effectum
3496 4338 3601 4403 sub
3638 4326 3711 4435 {1¹³

2212 4444 2533 4507 communi
2560 4445 2824 4507 ratione.
2872 4444 3078 4506 Primo
3110 4443 3362 4523 quidem
3388 4484 3405 4515 ,
3436 4424 3714 4527 quiagahas

2212 4538 2433 4603 eadem
2468 4540 2713 4603 ratione
2754 4538 2876 4603 dici
2917 4544 3131 4618 posset
3168 4538 3427 4602 influere
3462 4520 3708 4590 inillam,

2211 4640 2284 4695 ut
2305 4634 2715 4714 principalem
2737 4633 3035 4696 virtutem
3057 4631 3409 4713 partialem,
3436 4622 3487 4690 si
3504 4619 3713 4712 ἷῡῑῐᾶβῗθ

2210 4733 2500 4807 respectu
2538 4726 2794 4791 eftectus
2822 4727 3129 4789 naturalis
3147 4772 3163 4801 ,
3202 4726 3269 4789 in
3298 4740 3419 4804 quo
3446 4713 3575 4779 talis
3591 4707 3711 4770 raho

2214 4820 2522 4899 reperitur
2544 4865 2566 4898 ,
2610 4826 2703 4882 est
2748 4818 3112 4900 principalis
3163 4818 3379 4882 virtus.
3436 4796 3709 4906 SchIJd92

2217 4916 2365 4994 quia
2392 4913 2590 4976 virtus
2626 4913 2931 4975 naturalis
2974 4930 3103 4975 non
3138 4928 3378 4991 semper
3409 4898 3629 4981 respicit
3656 4883 3710 4945 11-

2215 5006 2345 5071 lam
2386 5008 2693 5071 rationem
2730 5022 3131 5069 communem
3160 5022 3277 5085 per
3302 5020 3391 5076 se,
3422 4993 3526 5059 sed
3550 4984 3708 5081 solun]

2216 5103 2519 5167 rationem
2544 5100 3010 5181 particularem,
3050 5099 3117 5161 in
3142 5117 3269 5179 qua
3294 5097 3396 5159 illa
3418 5084 3708 5153 commum‘ss

2216 5195 2555 5259 includitur
2576 5239 2595 5270 ,
2638 5200 2709 5259 ut
2741 5194 3049 5274 frigiditas
3078 5210 3255 5272 aquae
3282 5206 3408 5253 non
3438 5186 3523 5247 est
3551 5188 3640 5255 per
3659 5178 3707 5223 ⁵⁸

2216 5290 2415 5351 virtus
2442 5288 2523 5351 ad
2548 5286 3017 5369 producendam
3047 5286 3405 5366 qualitatem
3426 5280 3491 5341 ut
3514 5252 3707 5371 sith-⁵³·d

2221 5384 2301 5447 ad
2338 5382 2805 5465 producendam
2848 5382 3011 5446 hanc
3054 5380 3409 5461 qualitatem
3438 5366 3543 5435 sihi
3577 5368 3706 5421 siml·
3795 5458 3796 5465 ἵ

2219 5478 2365 5540 lem.
2412 5476 2590 5543 Unde
2628 5494 2756 5539 non
2782 5474 2973 5539 habet
3002 5472 3351 5539 naturalem
3374 5463 3627 5535 virtutem
3646 5438 3705 5505 ad
