3892 6167
446 289 561 350 'iti

504 387 934 478 Nullicreaturae
958 390 1074 446 hec
1097 386 1292 444 christi
1333 389 1556 456 potest&
1593 393 1676 442 eet
1695 386 2011 442 communi-

505 463 865 598 gtgihlzalsiui’t
886 556 918 596 a
949 543 1128 611 primo
1165 541 1560 596 incarnationis
1595 538 1840 604 instanti,
1865 539 1942 594 ib.

629 685 944 735 punctatim,
973 685 1178 725 cuniam
1206 683 1468 724 IU'OBU'UU
1495 683 1812 724 ΠΜΕΠὌΙ.

507 785 646 850 Quid
679 786 964 851 significet,
1001 785 1246 852 quidque
1278 783 1348 839 de
1377 785 1496 852 ejus
1523 785 1780 849 essentia,
1822 783 1878 836 d.
1921 786 2005 844 4ο,

507 867 1010 1023 {ec-comminatio,
1034 951 1136 994 nee
1169 938 1374 993 coactio
1399 937 1466 991 de
1491 935 1702 990 ratione
1732 931 2008 1000 proeoepti.

511 1012 640 1153 gns
661 1090 1012 1155 transgressio
1039 1090 1125 1144 vel
1147 1090 1320 1142 libera
1341 1087 1564 1142 omissio
1593 1097 1806 1152 semper
1827 1095 2010 1150 prava,

511 1164 764 1306 &geatwa
785 1246 840 1293 et
863 1240 1182 1298 affirmativa
1203 1246 1472 1310 praecepta
1493 1238 1730 1306 qualiter
1751 1235 2017 1302 obligent,

452 1313 790 1456 Pr‘ssczp'tsn?
801 1355 812 1368 ’
829 1389 963 1456 quid
1010 1393 1374 1445 extrinsecum
1411 1396 1509 1452 est,
1537 1389 1713 1443 solum
1761 1400 1826 1440 ex
1869 1389 2021 1452 parte

515 1465 712 1529 objecti
743 1477 990 1530 movens,
1017 1468 1090 1522 ib.

516 1537 688 1594 Efficit
713 1547 894 1594 actum
931 1545 1300 1598 necessarium
1328 1542 1397 1598 ad
1427 1545 1764 1598 honestatem
1785 1549 2021 1598 morum,

518 1625 569 1670 οι
595 1617 836 1746 ῗοὴίιειηι
869 1621 1313 1686 conjunctionem
1338 1633 1464 1674 cum
1487 1619 1680 1673 ultimo
1708 1618 1837 1682 tine,
1859 1615 1916 1670 d.
1943 1617 2023 1676 ta,

519 1707 564 1746 ε.
632 1733 644 1746 .

519 1767 634 1821 Non
665 1769 824 1823 datur
856 1769 924 1825 de
951 1772 1288 1831 necessariis,
1315 1773 1368 1826 d.
1401 1775 1480 1831 37,
1505 1785 1548 1824 s.
1575 1774 1620 1822 4.

1841 288 2025 343 INDEX
2064 284 2290 340 lisslutsl.

2160 381 2403 435 cbristus
2432 380 2643 448 primus
2667 379 3097 448 praedestinatus,
3120 379 3245 436 licet
3264 391 3397 436 cum
3425 381 3553 446 ipso
3576 379 3663 434 alii

2159 455 2527 524 praedestinati
2564 455 2785 521 fuerint,
2803 462 2857 511 et
2880 455 3177 524 qumnodo,
3195 457 3248 511 d.
3274 463 3326 521 5,
3348 469 3397 511 s.
3424 459 3475 508 2.

2155 535 2236 587 An
2268 534 2471 600 peccati
2500 533 2880 601 praevisionem
2916 534 3329 601 praedestinatus
3360 534 3677 588 incarnan-

2156 609 2278 674 duS,
2298 609 2551 672 salvator.
2569 610 2889 675 justificator
2906 617 2965 664 et
2984 609 3332 677 glorificator,
3350 609 3679 676 redemptor

2156 690 2337 739 autem
2370 686 2595 740 nonnisi
2632 685 2689 740 in
2722 686 2981 753 potentia,
3002 700 3045 740 a.
3074 693 3122 738 a.

2158 759 2403 814 Admisso
2437 768 2619 814 tamen
2650 761 2801 827 quod
2826 762 2993 816 etiam
3019 762 3079 814 in
3108 767 3258 824 actu,
3294 773 3413 815 non
3438 759 3505 813 iit
3538 759 3669 813 ver·

2156 837 2313 898 bum,
2332 836 2619 892 deficiente
2636 842 2875 903 peceato.
2899 850 3011 892 non
3034 836 3464 896 incarnandum,
3479 849 3535 888 s.
3558 842 3610 888 5.

2158 913 2221 964 ln
2248 912 2427 980 primo
2458 912 2617 978 signo
2648 912 2895 976 rationis,
2916 925 3025 979 quo
3052 912 3299 968 Christus
3320 912 3675 979 «ηιμ-εὐα-

2160 989 2383 1054 tinatus,
2405 1000 2519 1041 non
2542 993 2625 1041 est
2642 987 2910 1054 completa
2932 993 3040 1044 tota
3064 989 3201 1044 ratio
3220 988 3677 1058 predestinatio-

2160 1065 2265 1124 niS,
2294 1063 2368 1116 ib.

2097 1140 2341 1194 Christus
2370 1151 2533 1194 causa
2574 1139 2901 1206 exemplaris
2928 1145 2985 1196 et
3008 1140 3193 1196 finalis
3222 1139 3675 1208 praedaefinatio-

2163 1215 2252 1269 nis
2273 1216 2525 1280 aliorum,
2546 1214 2601 1277 d,
2627 1220 2675 1280 5,
2696 1229 2741 1268 s.
2764 1220 2813 1270 a.

2672 1391 3089 1433 lemlum.

2106 1514 2613 1571 Praedestinalorum
2646 1519 2839 1571 electio
2864 1519 3141 1585 praecesslt
3178 1518 3237 1572 in
3278 1521 3395 1572 Deo
3446 1519 3685 1584 permis-

2170 1594 2383 1647 sionem
2412 1596 2715 1661 peccat1‚d.
2742 1602 2856 1661 ιε.
2883 1601 2929 1648 ³.

2101 1669 2291 1723 Nullus
2314 1670 2729 1738 praedestinatus
2752 1671 2947 1726 mereri
2972 1671 3148 1738 potuit
3166 1677 3337 1726 totam
3355 1683 3531 1726 suam
3550 1683 3693 1737 prae-

2166 1744 2607 1813 destinationem,
2630 1746 2705 1800 ib.

521 1843 666 1896 inter
703 1852 1050 1912 praeoeptum,
1087 1853 1156 1900 et·
1185 1846 1678 1921 „mdeflnffionem
1717 1843 2027 1900 differentia
2104 1820 2503 1876 praedestinatis
2530 1835 2643 1876 non
2682 1823 2843 1878 datur
2870 1823 3046 1890 gratia
3072 1831 3295 1890 propter
3316 1822 3563 1885 merite,
3596 1824 3691 1876 sed

527 1917 580 1970 in
613 1920 809 1973 ordine
840 1922 910 1974 ad
939 1917 1258 1983 libertatem,
1282 1937 1325 1974 s.
1351 1926 1397 1975 3.

525 1995 766 2048 Christus
799 1996 903 2049 fuit
933 2009 1100 2064 capax
1128 1997 1472 2065 praeeepti‚et
1497 1997 1692 2064 qualis,
1715 1996 1770 2048 d.
1803 1999 1882 2055 ta,
1907 2007 1951 2046 s.
1976 1997 2025 2046 2.

465 2071 793 2138 Praeceptum
815 2072 1023 2127 Christo
1047 2073 1360 2142 impositum
1382 2072 1658 2140 quomodo
1677 2070 1850 2138 ipsius
1866 2069 2029 2124 liber-

529 2147 622 2200 tati
651 2161 764 2202 non
793 2149 1039 2215 deroget,
1065 2149 1120 2204 d.
1149 2154 1228 2214 37,
1253 2164 1296 2202 s.
1323 2156 1374 2202 3.

466 2221 751 2275 Probabile
773 2229 852 2278 est
871 2237 982 2278 non
1007 2225 1260 2279 babuisse
1281 2226 1552 2280 Christum
1572 2223 1872 2292 potentiam
1889 2223 2027 2288 phy-

526 2298 694 2352 sicam
715 2300 1148 2366 transgrediendi
1173 2308 1444 2370 praecepta
1462 2299 1732 2367 negativa,
1745 2297 1894 2365 quod
1915 2309 2028 2352 non

527 2382 609 2426 est
637 2375 710 2427 ila
741 2375 796 2426 in
826 2373 1179 2440 aflirmativiS,
1209 2376 1282 2430 ib.

465 2449 748 2503 Probabile
768 2456 850 2503 est
875 2451 1129 2504 habuisse
1155 2460 1488 2518 praeceptum
1515 2449 1888 2504 determinans
1907 2461 2028 2502 om-

529 2537 628 2578 nes
659 2526 1110 2586 circumstantias.
1143 2528 1200 2581 ib

527 2600 580 2653 Si
617 2601 861 2654 christus
886 2601 1211 2666 voluntarie,
1237 2603 1400 2656 etiam
1429 2615 1527 2670 per
1553 2614 1745 2668 puram
1778 2600 2033 2655 omissio·

531 2689 676 2740 nem,
709 2689 820 2730 non
853 2677 1103 2743 impleret
1133 2685 1482 2747 praece1tum,
1508 2683 1770 2746 peccaret,
1803 2678 1874 2731 ib.

530 2754 644 2806 Non
684 2751 878 2807 habuit
921 2754 1164 2808 christus
1197 2761 1526 2822 praeceptum
1577 2753 1795 2809 amandi
1839 2755 2030 2815 neum,

533 2843 576 2880 s.
609 2834 657 2882 4.

533 2905 728 2960 nabuit
777 2911 956 2960 tamen
1008 2907 1316 2960 redimendi
1365 2920 1540 2973 genus
1590 2909 1889 2962 humanum
1937 2919 2035 2974 per

533 2981 842 3046 passionem
875 2988 930 3034 et
959 2989 1187 3035 mortem
1221 2997 1394 3049 suam,
1419 2997 1463 3035 s.
1492 2987 1536 3032 s.

473 3111 476 3116 .
533 3056 598 3111 Et
615 3055 776 3122 quale
804 3056 987 3124 fuerit,
1007 3057 1062 3110 d.
1091 3061 1170 3120 44,
1193 3071 1238 3112 S.
1265 3061 1310 3110 4.

709 3218 1117 3270 pacominum,
1159 3219 1546 3260 Pnffibnsrluerto
1583 3220 1789 3260 enuisti.

474 3338 694 3406 Proprie
719 3331 984 3395 'tribuitur
1014 3342 1311 3408 supposito,
1342 3339 1394 3394 d.
1428 3346 1504 3402 50,
1537 3357 1579 3394 s.
1613 3345 1658 3394 4.

538 3415 831 3482 Dupliciter
851 3416 1062 3482 aliquid
1087 3417 1462 3483 praedestinari
1493 3417 1712 3478 dicitur,
1733 3417 1787 3470 d.
1814 3421 1894 3483 49,
1918 3430 1963 3470 s.
1986 3420 2033 3468 4.

536 3491 660 3545 'l'ria
681 3491 738 3544 in
763 3493 1004 3559 cujusvis
1026 3493 1502 3561 praedestinatione
1521 3491 1934 3551 consideranda.
1958 3491 2033 3546 ib.

536 3568 682 3621 inter
704 3568 977 3636 objectum
1000 3575 1052 3623 et
1075 3568 1372 3624 terminum
1397 3567 1888 3636 praedestinationis
1911 3581 2035 3622 mu-

537 3648 661 3696 tuus
693 3650 773 3697 est
803 3645 956 3703 ordo.
987 3645 1062 3700 ib.

537 3718 804 3787 supponit
821 3721 1105 3775 seientiam
1126 3721 1432 3774 futurorum
1454 3719 1900 3786 conditionatum,
1924 3733 2035 3775 non

538 3795 859 3858 absolutam,
895 3796 949 3849 d.
978 3799 1023 3857 4,
1053 3809 1098 3849 s.
1127 3801 1206 3848 12.

541 3869 678 3933 Quid
705 3871 1104 3940 praedestinatio
1137 3872 1283 3939 apud
1308 3874 1366 3926 1).
1391 3873 1670 3936 Thomam,
1695 3871 1769 3927 ib.

481 3947 886 4002 praedestinatio
918 3955 971 4002 et
1002 3945 1322 4016 glorificatio
1359 3948 1634 4016 quomodo
1668 3947 1940 4017 pendeant
1975 3959 2037 4000 ex

540 4023 765 4082 meritis,
794 4024 848 4077 d.
879 4028 924 4082 5.
948 4038 992 4077 s.
1015 4030 1060 4077 1.

540 4097 790 4152 'versatur
821 4097 965 4153 cirea
999 4111 1085 4153 res
1127 4099 1430 4168 singulares
1461 4111 1585 4155 cum
1618 4099 2039 4154 circumstantiis

541 4187 748 4234 earum.
771 4191 812 4227 s.
846 4180 891 4228 3.

477 4250 974 4304 Praedesiinationis
995 4251 1128 4308 ordo
1153 4265 1217 4306 ex
1237 4252 1403 4308 Paulo
1427 4251 1497 4310 ad
1523 4251 1775 4308 Hebraeos
1801 4251 2041 4308 secundo

541 4325 862 4390 declaratur,
887 4341 929 4380 s,
953 4332 1000 4379 2.

541 4401 688 4454 idem
720 4402 898 4467 ipsum
927 4403 1031 4456 late
1056 4404 1372 4471 explicatur,
1396 4405 1452 4459 d.
1480 4409 1559 4468 51.
1581 4419 1624 4460 s.
1650 4408 1698 4458 4.

477 4477 885 4531 Praedestinatio
901 4479 1132 4544 qualiter
1151 4479 1253 4533 sub
1274 4481 1528 4535 meritum
1547 4479 1740 4534 cadere
1759 4478 1944 4548 possit,
1966 4481 2041 4536 ib.

542 4553 706 4606 Nemo
743 4553 890 4606 illam
925 4556 1120 4607 mereri
1165 4562 1364 4622 potest,
1393 4556 1498 4608 nisi
1533 4560 1803 4608 mereatur
1849 4567 2042 4610 omnes

543 4625 762 4682 effecius
789 4629 924 4693 ejus,
953 4629 1026 4680 ib.

544 4703 782 4756 chrislus
819 4703 873 4756 in
910 4713 1171 4770 qumilum
1208 4707 1395 4770 home,
1426 4707 1495 4762 ab
1526 4711 1729 4761 {eterno
1760 4707 2039 4776 praedesti-

547 4785 720 4833 natus.
747 4780 857 4832 imo
878 4787 928 4832 et
949 4782 1082 4832 unio
1105 4795 1228 4834 eum
1253 4785 1494 4836 humana
1514 4791 1722 4838 natura.
1745 4782 1800 4838 d.
1821 4788 1900 4846 49,
1919 4798 1965 4838 s.
1989 4788 2038 4838 4.

545 4853 784 4907 christus
837 4855 1158 4922 simpliciter
1211 4858 1322 4912 dici
1377 4865 1549 4925 potest
1598 4859 2041 4924 pioedestinatus.

543 4931 690 4994 quod
718 4929 786 4983 de
821 4929 932 4984 lilio
959 4932 1050 4984 Dei
1091 4945 1202 4985 non
1233 4931 1456 4996 dicitur,
1485 4934 1591 4986 nisi
1627 4947 1750 4988 cum
1785 4933 2045 4990 relatione

546 5005 613 5056 ad
638 5004 877 5071 aliquem
905 5008 1220 5068 terminum,
1248 5009 1301 5062 d.
1326 5015 1405 5070 50,
1431 5024 1472 5062 S.
1499 5015 1543 5062 1.

541 5079 812 5137 Christus.
858 5081 984 5134 lieet
1016 5095 1127 5136 non
1165 5083 1364 5146 faeluS,
1413 5085 1824 5154 praedestinatus
1865 5094 2043 5140 tamen

543 5154 688 5208 iilius
720 5157 812 5209 Dei
844 5158 1124 5220 naturalis
1149 5161 1451 5225 quomodo;
1480 5159 1718 5215 verbum
1747 5173 1858 5215 non
1894 5162 2040 5224 item,

542 5246 584 5281 s.
610 5237 657 5283 Ω.

479 5305 738 5362 Primario
783 5310 1194 5375 praedestinalus
1237 5313 1306 5364 ad
1338 5312 1602 5387 unionem
1631 5313 2057 5380 hypostaticam,-

541 5385 864 5517 secundario
894 5383 960 5446 :td
993 5386 1406 5446 beatitudinem.
1439 5396 1493 5443 et
1524 5389 1631 5444 alia
1658 5389 1804 5446 dona
1833 5388 2041 5458 gratiae,

542 5473 585 5516 s.
651 5500 660 5510 .

2168 1904 2228 1951 ut
2252 1898 2343 1950 illa
2366 1899 2620 1958 habeant.
2642 1899 2697 1952 d.
2720 1905 2804 1960 30,
2832 1913 2875 1953 s.
2908 1905 2957 1950 3.

2108 1971 2277 2028 Causa
2298 1973 2489 2030 salutis
2514 1973 3023 2041 praedestinatorum
3056 1975 3387 2038 incarnatio,
3410 1985 3535 2028 non
3562 1987 3689 2029 vero

2172 2048 2435 2114 medium,
2470 2050 2523 2103 d.
2551 2055 2629 2114 ts,
2652 2065 2695 2104 s.
2728 2055 2775 2102 1.

2110 2124 2467 2180 Praedicatum
2511 2125 2799 2182 includens
2850 2126 3325 2194 imperfectionem
3356 2139 3689 2194 repugnan-

2177 2205 2282 2252 tem
2315 2201 2387 2264 ei,
2422 2202 2571 2267 quod
2598 2209 2678 2255 est
2703 2214 2798 2268 per
2818 2215 2877 2256 se
2908 2201 3091 2260 talem.
3118 2215 3231 2257 non
3260 2202 3545 2270 potestne
3568 2203 3687 2268 ipso

2175 2275 2285 2329 dici
2311 2289 2407 2344 per
2430 2277 2921 2346 participationem,
2942 2278 2999 2334 d.
3023 2283 3107 2340 4ο,
3124 2293 3173 2332 s.
3194 2283 3244 2331 2.

2111 2353 2371 2420 Princeps
2416 2353 2693 2409 interdum
2731 2354 2845 2408 auis
2888 2354 3103 2421 legibus
3131 2354 3416 2421 obligatur
3433 2395 3451 2420 ,
3500 2354 3556 2408 d.
3604 2358 3679 2413 42.

2176 2443 2217 2482 S.
2256 2432 2300 2480 i.

2606 2551 2878 2602 monne,
2922 2553 2981 2592 ΒΤ
3021 2553 3162 2594 Pilius
3170 2580 3182 2594 .

2115 2652 2369 2707 Priorilas
2392 2655 2469 2708 rei
2497 2654 2581 2707 vel
2608 2655 2836 2708 rationis
2856 2654 3017 2710 latius
3048 2661 3192 2722 patet
3220 2669 3395 2724 quam
3420 2656 3673 2725 indepen-

2178 2728 2383 2792 dentia.
2417 2730 2472 2785 d.
2508 2737 2555 2793 5,
2580 2745 2626 2784 s.
2651 2737 2699 2784 1.

2114 2805 2369 2859 Prioritas
2391 2813 2617 2868 naturae.
2638 2813 2692 2860 et
2712 2819 2777 2860 ea
2804 2820 2837 2859 a
2864 2821 2975 2874 qua
3004 2808 3217 2874 aliquid
3252 2821 3373 2862 non
3402 2812 3655 2864 converti-

2179 2887 2268 2936 tur
2290 2881 2617 2938 subsistendi
2652 2882 3060 2949 consequentia,
3080 2884 3342 2949 diversae,
3368 2884 3449 2938 ib.

2752 3012 3023 3052 molinum
3033 3039 3043 3050 .

2116 3113 2249 3161 Ante
2282 3108 2549 3162 christum
2578 3107 2866 3176 plurimae‚
2908 3115 3026 3176 post
3059 3108 3240 3175 ipsum
3274 3109 3475 3175 nullae,
3500 3121 3680 3164 omnes

2178 3185 2329 3237 enim
2355 3198 2453 3252 per
2474 3185 2652 3251 ipsum
2674 3191 2729 3238 et
2754 3185 2811 3236 in
2836 3184 2954 3252 ipso
2988 3184 3245 3252 impletae,
3268 3185 3329 3238 d.
3362 3190 3415 3246 1.
3440 3199 3488 3240 s,
3514 3189 3562 3239 2.

2180 3261 2332 3328 Saepe
2367 3261 2588 3314 effectus
2616 3259 2851 3327 explicat
2882 3261 3239 3328 prophetiam,
3264 3261 3346 3314 ib.

2116 3336 2258 3399 Quid
2280 3338 2367 3402 sit,
2390 3343 2442 3390 et
2468 3337 2525 3388 in
2555 3349 2665 3402 quo
2690 3351 2723 3389 a
2750 3336 2857 3390 fide
2889 3337 3270 3404 distinguatur,
3300 3340 3359 3391 d.
3386 3343 3475 3400 21,
3492 3341 3607 3392 ad.

2118 3413 2269 3468 Unde
2296 3415 2417 3482 ejus
2448 3413 2709 3480 perfectio
2736 3413 3021 3479 sumenda,
3045 3415 3121 3468 ib.
3174 3447 3181 3452 ·

2117 3491 2381 3558 Propheta
2402 3502 2527 3543 vere
2554 3489 2660 3544 fuit
2676 3491 2938 3553 cbristus,
2972 3497 3027 3545 et
3053 3491 3176 3558 plns
3198 3505 3367 3558 quam
3396 3493 3687 3560 Propheta,

2179 3580 2222 3620 S.
2258 3571 2305 3620 2.
2822 3574 2827 3581 '

2116 3642 2313 3698 Habuit
2346 3643 2645 3710 prophetiae
2676 3642 2885 3698 donum
2918 3649 3316 3709 permanenter,
3348 3644 3429 3696 ib.

2746 3773 3036 3812 »noenu-rui.

2119 3875 2318 3942 Auriga
2350 3881 2430 3928 est
2454 3873 2687 3926 aliarum
2710 3875 2993 3938 virtutum,
3026 3873 3085 3927 in
3108 3874 3347 3941 practica
3367 3874 3689 3942 cognitione

2183 3951 2505 4013 consistens,
2526 3950 2582 4004 d.
2611 3955 2690 4012 ao,
2714 3964 2761 4004 s.
2784 3955 2831 4002 1.

2119 4027 2242 4155 mig
2286 4027 2345 4080 in
2376 4027 2561 4080 anima
2606 4026 2804 4080 christi
2851 4027 2921 4079 ab
2957 4025 3188 4080 instante
3221 4037 3339 4080 suae
3372 4025 3689 4088 creationis,

2186 4117 2199 4154 l
2245 4137 2259 4152 .

2714 4223 3074 4264 wtcnnlruoo.

2122 4289 2197 4380 nx
2224 4328 2427 4394 quibus
2452 4333 2758 4395 consurgat,
2784 4327 2840 4380 d.
2876 4333 2959 4390 ⁸⁵,
2983 4340 3026 4380 s.
3048 4329 3097 4378 Β.

2122 4407 2257 4456 Cum
2286 4402 2549 4458 modestia
2576 4404 2869 4470 conjuncta
2888 4415 3289 4470 quemcumque
3324 4401 3569 4457 maxime
3597 4415 3687 4456 or-

2119 4478 2663 4624 πιιῗῖῑρεξὲοὲῗῑέεῗὶιῗὸ
2691 4555 2857 4612 mono
2880 4556 2939 4611 in
2958 4554 3191 4621 christo,
3214 4553 3291 4609 u».

2862 4719 2929 4808 Q

2774 4909 2869 4955 om
2876 4909 3025 4947 uitta.

2125 5010 2362 5075 Qualitas
2404 5012 2557 5066 nulla
2596 5016 2773 5066 creata
2800 5023 2916 5065 esse
2955 5016 3132 5078 potest
3166 5023 3335 5066 causa
3368 5011 3679 5080 principalis

2189 5086 2601 5150 miraculorum,
2622 5087 2735 5142 imo
2754 5098 2856 5140 nec
2878 5091 3073 5140 natura
3102 5099 3203 5142 sua
3224 5087 3299 5142 ad
3324 5087 3425 5142 iila
3448 5087 3711 5142 efficiam--

2188 5163 2257 5216 da
2282 5163 2721 5227 instrumentum,
2755 5162 2809 5216 d.
2836 5167 2916 5226 81,
2936 5175 2980 5214 s.
3010 5165 3057 5214 4.
3410 5208 3417 5214 ,

2125 5236 2361 5299 Qualitas
2387 5249 2782 5306 corporeanon
2816 5241 2987 5304 potest
3008 5236 3223 5292 euicere
3244 5237 3491 5295 naturali
3520 5239 3575 5288 vi
3594 5249 3683 5288 sua

2189 5311 2390 5366 formas
2418 5312 2743 5380 spirituales,
2774 5327 2817 5366 s.
2850 5319 2897 5365 6.

2126 5390 2229 5444 Nee
2261 5389 2755 5457 spiritualisbabet
2788 5389 3093 5446 naturalem
3140 5390 3557 5456 proportionem
3596 5395 3681 5443 ant

2189 5463 2562 5522 habitudinem
2599 5463 2667 5523 acl
2700 5478 2913 5534 eorpus,
2950 5465 3025 5522 ib.
3106 5497 3111 5504 ·
