3892 6167
89 6063 278 6146 Ι
90 4401 104 6022 WQW
381 4339 389 4348 .

607 361 726 422 458
1814 373 2050 439 eumer.
2082 371 2235 426 xxu.
2272 369 2474 426 Aurio.
2510 369 2592 425 vt.

601 473 772 545 meis,
797 477 945 546 eto„
971 476 1040 532 ιιι
1067 471 1436 551 ponderavit
1466 475 1669 553 Paul„
1699 477 1781 540 ad
1808 477 1965 540 Hah.
2000 479 2075 550 ἲς
2110 483 2173 540 et

595 563 864 626 inferius
897 565 1178 626 similiter
1215 568 1552 632 introducit
1583 571 1829 634 Patrem
1855 573 2168 635 dicentem

607 659 762 720 Filio
792 675 810 719 z
845 659 952 722 Ec
983 665 1154 722 utero
1181 667 1326 724 ante
1352 664 1670 742 luciferum
1715 669 1898 746 qenai
1925 673 2003 732 ee.
2034 669 2167 729 Sta·

606 752 723 814 tim
749 771 898 815 vero
929 759 1166 816 mutale
1193 773 1489 835 persona,
1522 759 1716 822 David
1761 761 1963 840 inquit
1994 777 2009 822 ε
2046 762 2100 824 J
2100 775 2166 824 u·

605 849 772 911 ναοῦ
801 849 1120 924 Dominus,
1147 855 1206 914 et
1229 867 1346 912 non
1370 856 1682 935 poenitebit
1709 873 1864 931 eum,
1888 863 1957 918 tn
1980 873 2043 920 ee
2073 876 2173 922 sa-

607 944 812 1006 cerdos
845 945 914 1005 in
942 950 1252 1018 ceter-num,
1277 949 1596 1011 secundum
1625 951 1890 1014 ordinem
1917 951 2171 1015 Melchi-

605 1035 831 1100 sedech.
865 1037 1103 1100 Nullius
1132 1039 1302 1100 enim
1331 1057 1601 1118 regnum
1625 1043 1726 1105 vel
1752 1045 2171 1108 sacerdotium

609 1133 914 1190 {eternum
941 1147 1080 1192 esse
1109 1139 1338 1211 potest,
1361 1136 1476 1196 nisi
1506 1137 1698 1200 soline
1723 1137 1967 1200 Christi.
1995 1139 2171 1203 Unde

606 1221 786 1284 facile
814 1226 1270 1289 convincuntur
1311 1229 1576 1302 Hebraei,
1607 1231 1714 1308 qui
1741 1232 1822 1294 de
1853 1232 2171 1296 Abraham

607 1315 702 1377 vel
734 1318 930 1379 David
963 1320 1279 1381 Pselmnm
1323 1321 1492 1384 hunc
1541 1323 2035 1404 interpretantur
2052 1341 2072 1404 3
2107 1325 2171 1386 in

603 1413 900 1471 neutrum
937 1413 1102 1474 enim
1133 1429 1350 1476 eorum
1387 1417 1726 1478 convenire
1755 1424 2019 1497 possunt
2040 1435 2173 1480 om-

605 1503 732 1576 nia,
757 1521 896 1583 qnae
925 1505 1004 1567 de
1028 1507 1320 1583 Domine,
1345 1510 1426 1570 ad
1455 1525 1648 1589 quem
1677 1511 1978 1572 Dominus
2002 1512 2172 1574 locu-

605 1605 706 1658 tus
745 1605 859 1670 est,
890 1599 954 1659 in
983 1599 1105 1662 hoc
1143 1601 1385 1662 Psalmo
1431 1603 1746 1665 dicuntur.
1791 1605 2172 1670 Addendum

605 1709 756 1752 vero
785 1697 880 1753 est
907 1695 1300 1756 sacerdotem
1329 1697 1394 1757 in
1421 1715 1498 1759 eo
1528 1699 1886 1760 testimonio
1917 1701 2168 1781 proprie

605 1785 766 1846 sumi
793 1805 808 1858 ;
845 1787 1112 1849 haeretici
1145 1790 1346 1865 enim,
1380 1797 1444 1854 et
1469 1793 1756 1854 nonnulli
1785 1813 1862 1856 ex
1895 1795 2171 1858 Hehroeis

607 1880 822 1942 dicunt
867 1878 1070 1943 solum
1121 1881 1478 1964 significare
1525 1903 1745 1966 regem
1791 1893 1900 1950 aut
1947 1889 2172 1968 princi·

607 1991 782 2054 pem3
815 1991 984 2057 soepe
1015 1978 1272 2040 enimin
1303 1981 1620 2062 Scriptura
1647 1999 1766 2045 vox
1795 1983 1930 2044 haec
1958 1984 2021 2054 iu
2050 1983 2171 2047 hac

598 2069 1060 2148 significatione
1097 2073 1397 2148 eumitnr3
1437 2077 1477 2137 2
1505 2076 1750 2156 Regum
1789 2079 1852 2153 8,
1895 2077 2005 2140 filii
2048 2079 2168 2140 Da·

605 2162 732 2228 vid.
759 2165 1089 2230 sacerdotes
1117 2167 1432 2242 dicuntur,
1462 2168 1526 2230 id
1553 2177 1666 2244 est,
1691 2169 1804 2232 viri
1834 2172 2165 2253 principes),

607 2263 676 2318 nt
691 2263 936 2319 constat
963 2277 1042 2321 ex
1061 2257 1247 2322 simili
1275 2261 1436 2336 loco,
1463 2266 1492 2324 l
1523 2264 1790 2344 Paralip.
1818 2267 1931 2338 183
1956 2285 2167 2346 neque

605 2349 774 2410 onim
823 2369 962 2414 esse
1009 2359 1298 2434 poterant
1345 2359 1578 2437 proprii
1609 2360 1991 2436 sacerdotes,
2022 2379 2167 2424 cum

605 2459 734 2504 non
767 2452 980 2508 essent
1009 2447 1087 2509 de
1116 2450 1284 2511 trihu
1313 2451 1482 2513 Levi.
1505 2453 1618 2514 Vel
1644 2459 1814 2516 certe
1843 2455 2059 2518 dicunt
2087 2457 2170 2518 si-

602 2537 908 2616 gnificare
931 2542 1235 2605 cultorem
1255 2545 1392 2618 Dei,
1413 2545 1584 2624 qnod
1607 2546 1794 2610 etiam
1817 2547 2169 2628 significare

607 2631 768 2693 solet
797 2633 908 2694 illa
933 2651 1076 2708 vox,
1101 2643 1172 2698 ut
1201 2637 1398 2702 Exod.
1435 2641 1546 2702 19:
1575 2641 1786 2705 Eritis
1803 2643 1961 2706 mihi
1984 2645 2051 2709 in
2078 2661 2169 2708 re-

603 2741 787 2808 ynem
811 2727 1197 2794 sacerdotale.
1221 2732 1346 2794 Sed
1373 2731 1672 2813 imprimis
1693 2741 1915 2798 neutra
1943 2739 2171 2802 harum

605 2817 1129 2895 significationum
1157 2827 1415 2906 propria
1449 2833 1578 2904 est,
1611 2829 1724 2890 sed
1752 2831 2077 2908 translata,
2108 2837 2171 2894 et

605 2911 750 2974 ideo
793 2933 922 2977 non
971 2924 1068 2980 est
1113 2920 1194 2981 ad
1233 2919 1376 2982 illas
1403 2921 1880 2999 recurrendum,
1915 2925 2169 3004 quando

605 3007 812 3068 littera
844 3025 975 3071 non
1013 3013 1213 3091 cogit3
1247 3013 1358 3075 sed
1395 3014 1743 3095 proprietas
1773 3023 1866 3080 est
1893 3017 2169 3082 tenenda

601 3101 974 3178 verborumg
1009 3105 1164 3166 alias
1211 3108 1456 3170 nullum
1503 3115 1744 3172 certum
1799 3127 2055 3176 sensum
2102 3114 2169 3175 in

609 3195 924 3276 Scriptura
964 3198 1200 3264 habere
1237 3219 1590 3281 possemne.
1624 3203 1969 3269 Praesertim
2000 3207 2171 3286 quod

607 3289 779 3350 nulla
801 3305 1017 3356 earum
1039 3295 1562 3374 significationum
1583 3299 1849 3379 quadrat
1865 3317 2010 3362 cum
2030 3301 2168 3364 loco

605 3382 866 3446 Genesis
897 3389 1006 3464 14,
1038 3387 1118 3450 ad
1167 3407 1356 3468 quem
1391 3391 1606 3454 alludit
1651 3393 1850 3456 David
1879 3394 1949 3456 in
1990 3395 2169 3458 dictis

597 3479 829 3543 verbis.
875 3480 1054 3552 Quod
1083 3485 1252 3546 enim
1281 3485 1366 3546 ibi
1395 3505 1524 3548 non
1569 3487 1878 3566 significet
1923 3507 2164 3570 regem,

605 3580 850 3636 constat
872 3621 886 3648 ,
921 3582 1054 3638 tum
1099 3577 1248 3657 quia
1287 3578 1422 3659 jam
1463 3579 1670 3644 tuerat
1696 3580 1900 3646 dictus
1928 3601 2074 3659 rex,
2106 3590 2168 3647 et

607 3673 825 3746 postea
854 3670 1082 3734 dicitur
1106 3675 1414 3744 sacerdon
1437 3680 1582 3736 sunt
1609 3693 1760 3754 ergo
1789 3675 1914 3738 duo
1942 3677 2167 3740 distin·

609 3766 705 3822 cte
726 3779 746 3838 3
769 3768 906 3824 tum
923 3766 1110 3828 etiam
1143 3768 1289 3846 quia
1309 3785 1438 3829 non
1467 3769 1552 3831 ite
1579 3769 1910 3832 commode
1942 3773 2167 3851 exponi

609 3862 834 3934 potest,
848 3875 960 3922 retu
975 3861 1092 3924 Dei
1119 3861 1428 3939 altissimi,
1449 3863 1630 3940 sicut,
1654 3865 1931 3928 sacerdos
1941 3865 2059 3928 Dei
2082 3865 2169 3928 al-

603 3950 856 4025 tissimi,
889 3953 1006 4014 nisi
1035 3955 1418 4018 recurrendo
1453 3956 1536 4018 ad
1581 3955 1737 4018 alios
1775 3957 2165 4037 metaphori-

603 4061 712 4104 cos
739 4061 982 4120 sensus,
1007 4053 1077 4108 nt
1102 4065 1210 4110 rect
1238 4049 1354 4114 Dei
1381 4049 1647 4124 dicatur,
1671 4049 1736 4112 id
1757 4058 1874 4125 est,
1905 4069 2013 4114 rex
2037 4069 2167 4114 ma-

607 4155 792 4216 gnus,
837 4157 948 4202 rex
978 4141 1261 4222 insignis,
1307 4145 1506 4220 sicut,
1545 4143 1805 4208 Genesis
1833 4147 1934 4219 23,
1968 4145 2165 4210 Abra·

607 4231 754 4292 ham
781 4233 1006 4296 dicitur
1027 4237 1308 4318 princeps
1335 4238 1473 4302 Dei.
1507 4239 1724 4319 Neque
1756 4241 1944 4302 etiam
1974 4239 2165 4320 signi-

607 4325 796 4387 ficare
843 4335 1048 4406 potest
1080 4331 1282 4391 solum
1331 4333 1632 4394 cultorem
1681 4333 1824 4408 Dei,
1855 4334 2002 4413 quia
2032 4333 2165 4397 hoec

605 4433 736 4480 non
755 4419 972 4482 fuisset
992 4423 1306 4484 sufficiens
1329 4425 1488 4488 ratio
1508 4432 1616 4487 aut
1637 4425 1828 4488 oblati
1855 4425 2160 4503 sacrificii,

606 4517 717 4572 aut
747 4511 1202 4576 excellentioris
1229 4515 1568 4596 dignitati5‚
1593 4525 1852 4598 propter
1879 4535 2073 4598 quam
2102 4525 2165 4582 et

603 4605 918 4670 benedixit
957 4609 1222 4672 Abrahae
1242 4657 1262 4687 ,
1291 4617 1353 4674 et
1380 4611 1460 4674 ab
1490 4613 1592 4674 illo
1623 4612 1898 4676 decimas
1925 4613 2165 4694 recepit

605 4708 908 4783 tanquam
933 4706 1136 4784 major
1156 4753 1171 4778 ,
1204 4723 1348 4768 cum
1378 4711 1587 4768 tamen
1623 4707 1944 4770 Abraham
1972 4707 2163 4770 etiam

607 4804 772 4860 esset
799 4799 1062 4860 eximius
1081 4800 1284 4862 cultor
1301 4799 1436 4864 Dei.
1477 4801 1782 4866 Praeterea
1802 4803 2067 4866 verbum
2096 4801 2163 4864 il·

605 4891 714 4953 lud
724 4893 920 4954 David
939 4909 956 4954 ε
981 4893 1074 4958 Tu
1089 4911 1152 4957 es
1163 4895 1442 4959 sacerdos
1458 4897 1524 4958 in
1539 4899 1824 4960 oeternum
1845 4897 2159 4960 secundum

605 4985 866 5050 ordinem
885 4987 1334 5064 Melchisedech,
1355 4989 1504 5052 satis
1531 4995 1746 5072 aperte
1774 4989 2009 5052 indicat
2034 5009 2167 5052 ser-

603 5097 862 5142 monem
883 5099 1017 5143 esse
1038 5081 1117 5145 de
1145 5101 1296 5146 vero
1327 5101 1401 5146 ac
1433 5084 1685 5164 proprio
1715 5084 1932 5147 ordine
1958 5099 2164 5146 sacer-

605 5173 818 5237 dotali.
837 5173 1120 5256 Denique
1141 5177 1344 5252 Paul„
1367 5177 1448 5240 ad
1465 5178 1621 5240 Heb.
1641 5181 1702 5256 7,
1729 5179 1814 5240 ita
1835 5179 2160 5254 intellexit,

608 5275 671 5330 ct
699 5284 920 5330 omnes
949 5267 1162 5333 Patres
1191 5289 1383 5351 supra
1409 5272 1582 5334 citati
1609 5272 1696 5335 ita
1723 5279 2066 5354 exponunt.

688 5364 785 5426 12.
837 5363 1114 5430 Christus
1177 5367 1456 5448 quomodo
1515 5369 1788 5432 sacerdos
1849 5365 2165 5431 secundum

605 5459 874 5521 ordinem
907 5459 1354 5524 Melchisedech.
1385 5494 1465 5508 --
1491 5460 1930 5526 Melchisedech,
1963 5461 2166 5542 Μηνᾶ

611 5551 868 5628 Christi,
899 5556 1204 5635 quomodo.
1233 5587 1311 5604 ω-
1337 5555 1488 5617 Dico
1527 5555 1808 5618 secundo
1838 5574 1850 5617 :
1885 5553 2165 5618 Christus

2252 473 2479 538 dieitur
2508 475 2803 537 sacerdos
2850 473 3195 538 secundum
3228 473 3507 539 ordinem
3546 482 3739 548 Melchi·
3801 513 3802 528 ι

2252 567 2505 643 sedech,
2538 569 2605 630 in
2632 569 2881 631 ratione
2906 569 3345 648 repraesentati
3374 575 3435 631 et
3458 589 3739 653 repr-aeson-

2246 663 2459 725 tantis.
2490 661 2885 742 Explicatur:
2914 679 3043 723 non
3085 662 3259 724 enim
3308 669 3511 742 potest
3550 668 3647 731 dici
3676 691 3742 733 sa·

2253 757 2475 820 cerdos
2520 757 2869 820 secundum
2916 757 3091 820 illum
3140 757 3459 834 ordinem,
3504 763 3631 840 quia
3666 766 3743 828 ha-

2250 852 2459 914 buerit
2488 851 2909 914 saeerdotium
2934 851 3281 914 formaliter
3306 853 3577 932 ejusdem
3612 863 3742 922 ratio-

2252 947 2371 1019 ni3‚
2410 943 2533 1008 hoc
2575 947 2743 1007 enim
2790 945 3019 1006 falsum
3048 961 3208 1020 esse,
3258 963 3451 1026 snpra
3494 956 3743 1014 ostensum

2254 1046 2382 1115 est;
2426 1056 2547 1101 nec
2575 1040 2724 1118 quia
2766 1039 3189 1102 sacerdotium
3214 1039 3435 1102 Christi
3467 1041 3630 1106 tuerit
3652 1063 3744 1124 par-

2254 1133 2577 1213 ticipatum
2602 1179 2620 1209 ,
2672 1133 2771 1196 vel
2820 1131 3177 1195 institutum
3230 1151 3269 1194 a
3322 1133 3743 1216 Kolchisedech,

2254 1243 2401 1288 cum
2430 1225 2853 1288 sacerdotium
2892 1225 3115 1288 Christi
3161 1225 3357 1288 fuerit
3392 1229 3577 1290 multo
3600 1233 3745 1294 excel-

2253 1320 2507 1395 lentius,
2540 1325 2603 1382 et
2632 1320 2869 1382 altioris
2902 1320 3141 1382 ordinis
3170 1326 3233 1382 et
3262 1321 3553 1400 originie;
3584 1323 3747 1386 dicitur

2254 1431 2407 1494 ergo
2436 1415 2717 1476 Christus
2744 1413 3039 1476 sacerdos
3054 1459 3075 1490 ‚
3108 1413 3393 1494 quodam
3434 1416 3745 1480 excellentis-

2252 1507 2410 1570 simo
2440 1525 2675 1587 genere
2722 1507 3051 1570 sacerdotii
3080 1507 3297 1570 aeterni
3316 1551 3335 1581 ,
3380 1509 3551 1587 cnjus
3584 1517 3743 1589 typum

2252 1606 2317 1664 et
2360 1600 2747 1682 singularem
2792 1599 3063 1682 figuram
3092 1601 3283 1681 gessit
3326 1599 3739 1677 Melchisedech3

2254 1701 2316 1756 et
2344 1695 2463 1756 hac
2498 1697 2743 1757 ratione
2792 1693 3019 1758 dicitur
3058 1693 3339 1756 Christus
3377 1697 3643 1758 sacerdes
3680 1715 3741 1758 se-

2254 1789 2531 1850 cundum
2556 1788 2738 1849 illum
2768 1788 3075 1850 ordinem.
3103 1789 3195 1850 Ita
3224 1789 3533 1868 colligitur
3552 1809 3617 1852 ex
3636 1793 3741 1852 cita-

2250 1883 2327 1944 tis
2363 1881 2673 1958 Patribus,
2708 1888 2774 1943 et
2800 1901 2879 1944 ex
2912 1883 3129 1956 Paulo,
3162 1881 3250 1945 ed
3280 1883 3440 1945 Hel).
3469 1887 3527 1956 ’1,
3554 1883 3643 1961 qai
3662 1885 3742 1946 hae

2250 1975 2495 2039 ratione
2528 1976 2685 2038 dixit
2706 1975 3159 2040 Melchisedech
3188 1976 3387 2040 inisse
3410 1978 3739 2040 assimilatum
3801 2037 3802 2040 ,

2246 2067 2405 2132 Filio
2422 2070 2563 2145 Dei,
2590 2070 2739 2144 quia
2760 2069 2881 2132 fuit
2902 2069 3103 2150 figure
3122 2071 3297 2150 ejus:
3318 2071 3571 2149 explicat
3591 2077 3737 2132 eutem
3801 2079 3802 2088 ³

2250 2163 2482 2226 Paulus
2508 2164 2727 2238 multa,
2756 2162 2821 2225 in
2846 2164 3080 2243 quibus
3100 2163 3551 2226 Melchisedech
3569 2163 3738 2242 figma-

2248 2257 2340 2319 vit
2360 2257 2697 2320 Christum.
2726 2257 3027 2334 Primum,
3054 2258 3121 2320 in
3160 2259 3438 2320 nominis
3464 2258 3733 2332 notatione,

2248 2349 2477 2413 dicitur
2514 2351 2682 2413 enim
2710 2349 3141 2416 Melchisedech
3163 2395 3178 2426 ‚
3206 2352 3273 2414 id
3316 2358 3437 2422 est,
3466 2352 3589 2416 Rea
3602 2353 3735 2432 justi-

2248 2444 2377 2509 iioe.
2420 2443 2605 2508 Solus
2652 2445 2823 2506 enim
2870 2445 3150 2506 Christus
3192 2452 3291 2508 eet
3338 2463 3519 2506 verus
3546 2445 3733 2523 justitia

2248 2555 2381 2614 rex,
2406 2545 2469 2601 et
2497 2537 2915 2600 essentialiter
2942 2545 3009 2600 ut
3036 2539 3225 2615 Deus,
3252 2545 3321 2602 et
3348 2538 3671 2600 secundario
3690 2538 3731 2596 in

2252 2637 2559 2713 quantum
2606 2634 2823 2709 homo,
2874 2635 3021 2714 quia
3066 2635 3369 2706 iudicabit
3411 2635 3661 2716 populum
3691 2634 3735 2692 ia

2240 2727 2526 2806 Jueitia,
2546 2733 2619 2790 ut
2640 2726 2869 2789 dicitnr
2888 2726 3115 2788 Psalm.
3140 2731 3209 2790 Ἠ
3226 2774 3243 2802 ,
3268 2733 3335 2790 et
3360 2729 3501 2808 quia
3522 2745 3619 2806 per
3634 2743 3733 2786 eum

2246 2821 2413 2884 facta
2464 2826 2555 2884 est
2585 2821 2851 2901 justitia,
2894 2827 2964 2882 ut
2990 2820 3225 2886 ibidem
3264 2821 3515 2894 dicitur;
3542 2839 3609 2882 ex
3638 2835 3735 2898 per·

2249 2916 2415 2980 fecta
2460 2917 2630 2979 enim
2670 2915 2913 2998 justitia
2950 2916 3085 2980 Deo
3130 2918 3450 2982 satisfecit.
3494 2913 3731 2986 Secundo,

2252 3027 2331 3071 ex
2356 3010 2679 3074 notatione
2714 3011 2921 3080 officii.
2952 3011 3180 3073 dicitur
3214 3013 3385 3075 enim
3408 3011 3533 3076 Rem
3560 3009 3732 3082 Salas,

2250 3102 2313 3163 id
2342 3109 2459 3178 eet,
2488 3101 2621 3168 Rem
2646 3104 2859 3185 paci&
2888 3102 3164 3168 Christus
3192 3105 3367 3168 enim
3394 3111 3483 3168 est
3506 3120 3628 3166 vera
3648 3117 3733 3180 pax

2248 3202 2484 3269 nostra,
2518 3213 2665 3258 nam
2688 3215 2800 3278 per
2843 3200 3203 3280 sanquinem
3240 3215 3421 3264 suum
3454 3194 3731 3279 pacificatis

2250 3309 2384 3372 quoe
2408 3293 2479 3353 in
2506 3291 2672 3355 coelie
2708 3297 2764 3353 et
2792 3293 2863 3354 in
2892 3298 3059 3356 terra
3086 3299 3255 3368 eunt,
3288 3293 3371 3354 od
3403 3292 3607 3372 Ephes,
3626 3291 3673 3363 2,
3692 3291 3729 3345 el

2250 3383 2333 3445 ad
2358 3384 2589 3445 coloss,
2618 3385 2678 3458 1,
2718 3390 2784 3446 et
2810 3385 2947 3447 Rex
2982 3385 3258 3448 coeleetie
3292 3384 3630 3448 Jerusalem.
3654 3379 3727 3440 uhi

2250 3484 2349 3540 est
2369 3495 2521 3540 vera
2555 3491 2677 3558 pax
2696 3523 2719 3554 ,
2750 3477 2977 3542 Psalm.
3019 3482 3157 3542 147.
3193 3481 3441 3555 Tertio,
3474 3477 3601 3557 quia
3632 3473 3729 3534 tiel-

2250 3571 2586 3634 chisedech
2652 3568 3105 3645 introducitur,
3144 3573 3276 3638 eine
3320 3579 3525 3655 patre,
3560 3575 3604 3632 ei
3636 3566 3726 3629 siae

2250 3671 2465 3741 eunuc,
2500 3664 2581 3726 ed
2618 3665 3098 3745 significandum
3126 3666 3353 3730 Christi
3396 3664 3724 3730 divinitatem,

2250 3765 2315 3822 ct
2348 3758 2804 3822 humanitatem
2826 3805 2841 3834 ‚
2872 3761 3022 3840 quia
3055 3760 3120 3820 in
3148 3768 3452 3840 quantum
3474 3760 3615 3820 Deus
3634 3769 3722 3812 ma-

2252 3858 2367 3928 tre,
2408 3853 2472 3914 in
2508 3859 2814 3933 quantum
2856 3854 3045 3916 homo
3083 3871 3233 3916 vero
3255 3900 3272 3930 ,
3302 3859 3474 3938 patre
3508 3849 3724 3916 aare&ut

2250 3965 2443 4026 supra
2466 3963 2609 4009 cum
2642 3948 2959 4023 Nazianz„
2986 3949 3335 4030 chrysost„
3360 3957 3415 4010 et
3440 3947 3561 4009 aliis
3590 3939 3721 4004 Patri-

2245 4041 2365 4102 bus
2382 4041 2807 4119 exposuimus.
2828 4043 3057 4113 Quarto
3084 4043 3371 4104 similitor
3394 4035 3722 4102 introducitur
3801 4053 3802 4108 l

2245 4133 2736 4211 Melchisedech,
2780 4153 2963 4217 neque
3020 4137 3267 4200 inicium
3318 4137 3551 4206 dierum,
3592 4141 3719 4206 neq-’ue
3801 4129 3802 4144 ¹

2238 4232 2420 4310 finem
2458 4229 2600 4293 vicoe
2638 4229 2883 4304 bahem,
2928 4231 3075 4310 quia
3115 4231 3181 4291 in
3214 4229 3537 4310 Scriptura,
3570 4231 3717 4298 neque

2247 4323 2521 4396 initium,
2544 4341 2752 4402 nequo
2780 4323 2923 4385 finis
2952 4326 3091 4404 ejus
3122 4325 3713 4416 commemoratum}
3801 4367 3802 4398 ἶ

2246 4435 2373 4497 que
2402 4416 2571 4498 quod
2590 4416 2815 4496 aliquis
2841 4417 2927 4478 illi
2946 4419 3013 4480 in
3032 4419 3379 4480 sacerdotio
3405 4409 3711 4508 successerit.

2246 4531 2375 4593 quo
2400 4511 2747 4592 significata
2774 4519 2867 4576 est
2894 4513 3211 4574 aeternitas
3253 4507 3561 4576 sacerdotii
3597 4502 3711 4562 Chn-

2246 4606 2346 4681 eti,
2378 4607 2478 4666 cui
2526 4605 2700 4668 aliud
2742 4625 2871 4668 non
2920 4606 3240 4678 successit,
3278 4607 3389 4668 sed
3424 4603 3710 4686 perpetuum

2244 4705 2481 4778 manet,
2514 4706 2801 4781 utsupra
2830 4700 2995 4762 circa
3036 4699 3307 4762 litteram
3336 4699 3404 4762 D.
3434 4696 3615 4758 Thom.
3640 4699 3708 4745 ex·

2242 4795 2543 4875 plicatum
2571 4801 2686 4858 est.
2716 4794 2964 4868 Quinto,
3000 4795 3403 4856 excellentius
3428 4791 3543 4852 sore
3566 4795 3709 4844 sacer-

2244 4889 2486 4952 dotium
2514 4885 2761 4961 Christi,
2786 4904 2979 4969 quarn
3005 4889 3232 4970 legale,
3251 4889 3314 4950 in
3346 4906 3415 4949 eo
3432 4877 3703 4966 praefigura-

2247 4993 2380 5048 tum
2412 4989 2536 5062 est,
2568 4983 2739 5064 qnod
2764 4983 3225 5048 Melchisedech
3266 4975 3553 5046 benedixit
3572 4967 3705 5030 Abra-
3801 4983 3802 5010 ι

2244 5080 2343 5141 hee
2370 5095 2387 5142 z
2414 5081 2568 5144 Sine
2586 5079 2715 5142 ulla
2732 5096 2865 5143 vero
2883 5079 3365 5146 contradictione,
3386 5069 3557 5152 inquit
3578 5055 3698 5124 paul.

2242 5177 2351 5256 qui
2374 5174 2571 5237 minor
2596 5179 2707 5248 eet,
2735 5192 2773 5236 a
2797 5174 3025 5254 majori
3046 5173 3405 5238 benedicitur
3416 5195 3439 5243 ,·
3462 5183 3490 5226 e
3514 5169 3703 5260 coniter-

2244 5286 2313 5330 so
2350 5273 2561 5330 autem
2592 5267 2909 5330 Abraham
2932 5267 3157 5329 obtulit
3180 5266 3443 5328 decimas
3468 5251 3700 5319 Melebuse-

2243 5361 2400 5423 dech
2428 5367 2731 5442 tanquam
2760 5360 3088 5441 superiori,
3115 5361 3179 5421 in
3204 5359 3529 5423 Abrahamo
3548 5347 3697 5444 autes]

2242 5456 2554 5520 decimata
2580 5461 2677 5519 est
2704 5455 2903 5520 tribus
2932 5455 3103 5529 Levi,
3124 5469 3265 5534 qnoe
3290 5455 3353 5516 in
3376 5434 3696 5514 illiuslumb1³

2245 5549 2697 5616 continebatur.
