3892 6167
1327 381 1648 436 msPuTA‘r.
1683 379 1858 433 XXVI.
1891 379 2065 434 SECT.
2098 379 2185 434 1V.

139 475 410 538 animam
433 475 684 544 Christi.
703 476 852 556 quia
872 477 1086 540 omnia
1107 483 1253 540 sunt
1271 484 1525 560 propter
1550 478 1710 540 elec·

139 575 226 632 tos
240 615 262 646 ,
303 569 485 632 unde
531 570 750 632 omnia
784 572 1106 652 pertinent
1146 571 1358 654 aliquo
1395 571 1584 635 modo
1629 570 1710 632 ad

139 670 368 726 statum
405 683 672 738 eorum;
704 665 821 727 sed
861 666 1256 728 verissimum
1299 672 1396 728 est
1433 665 1712 728 animam

138 757 384 836 Christi,
417 765 484 822 et
512 758 730 822 videre
759 759 976 822 omnia
1019 777 1156 840 quse
1204 759 1320 822 sibi
1372 764 1520 822 sunt
1569 776 1710 838 pro-

139 853 308 932 pria,
364 857 432 916 et
478 858 793 932 praeterea
831 852 1048 916 videre
1079 853 1292 914 omnia
1339 851 1526 914 simul
1571 869 1710 930 qum

143 962 359 1006 omnes
410 943 520 1006 alii
571 945 834 1016 vident,
872 951 1006 1008 tum
1053 945 1201 1026 quin
1249 945 1450 1026 gratia
1485 945 1712 1008 animae

147 1037 361 1100 Christi
399 1039 422 1116 (
447 1043 517 1100 ut
547 1057 742 1118 supra
771 1039 1006 1101 dictum
1033 1042 1162 1120 est)
1195 1046 1450 1119 superat
1477 1039 1710 1122 gratias

149 1132 426 1194 omnium
465 1131 829 1208 beatorum,
867 1133 1058 1196 etiam
1084 1133 1272 1196 simul
1297 1141 1597 1214 sumptas,
1629 1135 1710 1194 si-

144 1233 242 1290 cut
269 1224 554 1306 dignitas
576 1226 808 1288 animm
831 1225 1055 1288 Christi
1083 1233 1387 1308 exuperat
1422 1227 1706 1290 omnium

139 1320 508 1399 dignitateS,
561 1321 754 1382 etiam
799 1321 856 1382 si
899 1321 966 1381 in
1019 1339 1214 1382 unum
1268 1321 1704 1394 conferantur;

139 1429 272 1476 tum
307 1411 508 1476 etiam
557 1413 706 1493 quia
751 1413 974 1478 merita
1005 1413 1223 1478 Christi
1255 1413 1494 1476 infinite
1525 1433 1710 1495 supe·

137 1514 284 1570 rant
313 1507 534 1570 omnia
553 1507 824 1569 aliorum
847 1511 1094 1583 merite,
1119 1508 1309 1570 etium
1335 1508 1522 1570 simul
1545 1527 1714 1570 sum-

137 1609 284 1682 pta3
338 1618 716 1680 quanquam
773 1601 944 1664 enim
986 1603 1141 1664 visio
1194 1620 1323 1664 non
1371 1601 1450 1664 sit
1489 1603 1714 1666 animm

139 1695 372 1756 Christi
406 1695 558 1758 data
597 1714 674 1758 ex
718 1696 981 1770 meritis,
1014 1696 1160 1758 data
1208 1703 1303 1760 est
1349 1703 1559 1760 tamen
1589 1705 1715 1760 tam

135 1787 448 1870 perfecta,
489 1806 686 1868 quam
731 1808 849 1870 per
877 1790 1100 1852 merita
1131 1789 1478 1854 secundum
1507 1791 1716 1872 legem

135 1881 540 1943 ordinariam
565 1882 922 1962 comparari
948 1889 1186 1964 posset.

215 1977 280 2038 5.
333 1975 632 2056 Objectw.
657 2011 737 2020 —
763 1977 1114 2056 Responsio.
1138 2008 1218 2024 —
1245 1977 1370 2038 Sed
1393 1976 1574 2056 objici
1607 1996 1716 2058 po-

131 2073 284 2138 test,
319 2087 476 2130 nam
527 2069 816 2150 sequitur
861 2069 1140 2132 animam
1175 2069 1395 2132 Christi
1427 2089 1716 2152 compre-

131 2161 429 2224 hendere
479 2161 812 2226 seientiam
861 2161 1118 2225 visionis
1169 2163 1276 2225 Dei
1292 2209 1314 2240 ,
1365 2184 1510 2226 cum
1561 2167 1716 2228 nihil

132 2275 284 2320 eam
311 2255 516 2318 lateat
552 2274 776 2318 eorum
804 2275 944 2335 quae
973 2258 1092 2320 sub
1137 2258 1247 2319 tali
1275 2259 1536 2322 scientia
1566 2279 1714 2323 con-

132 2351 450 2412 tinentur.
509 2351 724 2430 Aliqui
773 2351 1128 2415 concedunt
1175 2353 1502 2434 sequelam
1522 2400 1538 2428 ‚
1595 2373 1714 2416 nec

135 2451 366 2526 putant
391 2463 538 2507 esse
557 2445 1034 2512 inconveniens,
1056 2446 1204 2528 quia
1235 2465 1365 2508 non
1379 2455 1712 2527 propterea

145 2539 712 2620 comprehenditur
761 2539 950 2602 Deus.
1002 2542 1094 2602 Ita
1143 2541 1413 2603 sumitur
1474 2559 1552 2604 ex
1600 2543 1711 2604 Ca-

137 2634 375 2713 preol„
407 2635 476 2706 3,
505 2633 570 2710 d.
606 2635 706 2706 14,
739 2651 804 2712 q.
833 2637 898 2708 2,
931 2641 1046 2696 art.
1079 2637 1142 2708 3,
1175 2635 1254 2696 ed
1285 2639 1322 2696 2
1340 2651 1360 2712 ;
1393 2641 1455 2698 et
1486 2634 1708 2714 cajet„

143 2731 170 2790 1
205 2747 302 2808 p.,
338 2747 406 2808 q.
445 2731 552 2804 12,
586 2727 762 2790 artic.
787 2729 852 2803 8,
879 2728 942 2788 in
971 2727 1124 2790 fine.
1155 2727 1274 2790 Alii
1297 2736 1572 2790 renuunt
1603 2730 1722 2790 hoc

137 2822 532 2896 concedere,
553 2821 702 2901 quia
747 2821 1008 2885 scientia
1041 2823 1298 2886 visionis
1323 2831 1420 2886 est
1455 2825 1726 2904 ipsemet

137 2915 336 2988 Deus„
395 2915 572 2978 unde
611 2915 1062 2998 comprehendi
1116 2935 1246 2978 non
1299 2923 1538 2998 potest,
1585 2918 1722 2998 ipso

139 3027 278 3072 non
311 3011 806 3090 comprehenso.
853 3010 981 3072 Sed
1010 3010 1404 3072 distinctione
1449 3011 1536 3074 uti
1579 3031 1722 3094 pos·

143 3091 400 3177 sumus,
429 3122 588 3166 nam
621 3105 880 3166 scientia
904 3103 1158 3167 visionis
1187 3106 1347 3168 sumi
1377 3113 1584 3185 potest
1621 3104 1724 3167 vel

143 3215 263 3278 pro
293 3197 556 3277 objecto
602 3197 802 3277 ipsius
854 3197 1126 3260 scientiae
1151 3244 1170 3275 ‚
1202 3199 1303 3261 vel
1331 3217 1445 3278 pro
1475 3199 1720 3260 formali

145 3290 442 3366 scientia,
469 3308 616 3370 quoe
649 3296 742 3352 est
773 3291 834 3351 in
867 3293 1018 3354 Deo.
1043 3293 1280 3356 Rursus
1306 3298 1551 3372 oportet
1571 3310 1722 3354 con-

145 3383 462 3460 siderare,
483 3384 548 3444 in
579 3383 829 3464 objecto
859 3385 1130 3448 scientiae
1164 3386 1422 3448 visionis
1461 3404 1590 3448 non
1619 3405 1718 3448 so-

146 3474 282 3538 lum
329 3476 648 3540 contineri
676 3496 780 3539 res
815 3483 1092 3556 creatas,
1129 3477 1244 3542 sed
1280 3479 1470 3541 etiam
1506 3479 1717 3558 ipsum

142 3571 352 3632 Deum
379 3617 396 3640 .
446 3577 513 3632 et
551 3571 820 3633 liberam
849 3571 1236 3636 voluntatem
1281 3574 1440 3652 eius.
1493 3573 1716 3634 Anima

145 3683 302 3744 ergo
334 3663 571 3726 Christi
597 3664 722 3726 dici
751 3672 958 3745 potest
985 3667 1521 3746 comprehendere
1547 3667 1720 3728 illam

149 3758 490 3820 scientiam
531 3757 738 3819 solum
767 3765 1076 3837 quantum
1121 3760 1202 3821 ad
1235 3760 1482 3840 objecta
1509 3766 1720 3822 creata

151 3869 292 3930 quae
325 3870 449 3931 per
478 3851 656 3913 illam
685 3850 997 3926 videntur,
1025 3859 1088 3914 et
1111 3853 1254 3928 hoc,
1272 3854 1354 3915 ad
1379 3873 1716 3928 summum,

151 3946 386 4024 probat
421 3953 872 4024 argumentum
909 3946 1182 4022 fectum3
1212 3966 1342 4010 non
1367 3967 1516 4010 vero
1545 3967 1722 4012 com-

150 4037 502 4116 prehendit
527 4039 703 4101 illam
725 4039 1050 4103 scientiam
1077 4048 1382 4120 quantum
1409 4042 1490 4104 ad
1515 4043 1726 4122 objec-

149 4139 286 4194 tum
305 4133 692 4206 increatum,
711 4152 856 4195 cum
873 4153 1000 4197 non
1019 4135 1510 4215 comprehendat
1525 4138 1722 4198 Deum

152 4225 394 4306 ipsum,
421 4244 546 4288 nec
577 4227 1050 4308 generationem
1081 4236 1414 4306 oeternam‚
1450 4239 1514 4292 et
1559 4230 1722 4294 simi-

151 4317 256 4380 lia.
286 4320 478 4384 Unde
509 4320 582 4383 fit
622 4321 814 4384 etiam
863 4325 932 4384 ut
972 4341 1102 4384 non
1137 4323 1632 4404 comprehendat
1657 4324 1724 4384 il·

148 4413 280 4476 lam
315 4414 676 4488 scientiam,
695 4423 884 4495 prout
902 4421 998 4478 est
1019 4415 1296 4478 formalis
1325 4423 1500 4480 actus
1530 4418 1724 4498 ipsius

152 4507 292 4582 Dei,
327 4508 518 4588 quia,
553 4514 624 4572 ut
650 4510 764 4583 sic,
795 4515 890 4572 est
918 4509 1216 4590 perfectio
1251 4510 1613 4590 simpliciter
1635 4512 1725 4574 in·

155 4599 360 4676 finita,
383 4606 450 4664 et
479 4601 710 4664 eadem
738 4602 992 4666 omnino
1029 4621 1172 4666 eum
1203 4603 1464 4666 scientie
1490 4605 1728 4688 simpli-

157 4695 242 4756 cis
271 4693 734 4776 intelligentiae,
772 4703 835 4760 et
863 4698 1308 4780 comprehendi
1339 4717 1467 4762 non
1496 4706 1724 4782 potest,

159 4789 260 4852 illa
283 4807 422 4852 non
449 4791 934 4870 comprehense.

233 4887 295 4944 6.
347 4884 532 4944 Dices
559 4901 578 4944 ε
611 4883 908 4964 cognitio,
940 4901 1068 4964 qua
1095 4886 1388 4950 videntur
1413 4887 1625 4948 omnia
1645 4886 1730 4948 ad

161 4993 296 5054 quae
333 4994 404 5038 se
445 4977 731 5040 extendit
774 4979 1078 5057 potentia,
1109 4986 1204 5042 est
1247 4978 1726 5060 comprehensio

165 5071 320 5148 ejus,
351 5075 424 5132 ut
460 5071 536 5132 D.
570 5071 794 5132 Thom.
837 5071 940 5134 hic
980 5074 1191 5148 sumit,
1222 5080 1343 5136 art.
1369 5075 1436 5150 2,
1465 5080 1531 5136 et
1567 5079 1598 5136 1
1632 5093 1726 5156 p.,

169 5179 224 5242 q.
257 5167 356 5239 12,
393 5171 517 5226 art.
553 5165 624 5238 83
655 5170 720 5226 et
742 5163 1050 5243 Cnjetan„
1065 5165 1304 5228 eisdem
1331 5167 1514 5241 locis;
1545 5167 1730 5230 etCa·

169 5259 352 5337 preol.
387 5276 612 5340 supra,
645 5265 711 5320 et
732 5259 800 5332 4,
833 5257 898 5319 d.
939 5260 1042 5332 49,
1075 5277 1137 5339 q.
1165 5259 1312 5336 ult„
1344 5267 1406 5322 et
1447 5260 1550 5322 alii
1579 5280 1730 5324 auc-

1791 493 1916 556 qua
1945 475 2225 548 scientie,
2271 475 2843 556 comprehendetur
2870 478 3011 540 tntis
3042 482 3301 546 seientia
3330 503 3347 556 ;

1792 588 1969 651 ergo,
2000 588 2145 632 cum
2176 569 2329 632 visio
2362 570 2592 630 animae
2614 571 2841 633 Christi
2870 591 2937 634 se
2956 577 3252 638 extendat
3272 578 3355 640 ud

1793 665 2005 726 omnia
2058 681 2201 742 qum
2255 663 2489 724 cadunt
2548 665 2669 726 sub
2714 665 3047 728 scientiam
3097 668 3354 732 visionis

1793 757 1923 835 Dei,
1956 758 2443 837 comprehendet
2464 757 2656 820 illam.
2690 759 3122 838 Respondetur
3149 763 3353 840 primo

1789 869 1977 930 posse
2024 849 2334 931 assignari
2366 851 2821 929 differentiam,
2872 853 3039 932 quod
3092 855 3354 920 effectus

1790 942 2084 1004 videntur
2111 943 2175 1004 in
2208 945 2489 1024 potentia
2523 951 2590 1006 ut
2622 945 2687 1006 in
2712 963 2927 1022 causa,
2955 953 3018 1009 et
3044 954 3113 1010 ut
3133 950 3201 1010 iu
3227 967 3357 1012 me-

1791 1037 1895 1099 dio
1919 1037 2195 1116 cognito,
2228 1043 2293 1100 et
2317 1040 2567 1118 objecto
2600 1040 2941 1120 primario;
2974 1042 3223 1122 objecta
3248 1061 3358 1106 au·

1787 1133 1917 1192 tem
1945 1133 2101 1192 scite
2128 1149 2259 1192 non
2288 1131 2581 1195 videntur
2623 1134 2689 1195 in
2718 1134 2977 1196 scientia
3006 1135 3263 1198 visionis
3290 1142 3359 1200 ut

1790 1223 1912 1298 sic,
1945 1230 2251 1302 tanquam
2293 1225 2359 1286 in
2412 1226 2625 1288 medio
2673 1229 2963 1308 proprio,
3009 1230 3359 1292 secundum

1791 1335 1933 1380 eam
1962 1318 2293 1381 rationem.
2316 1319 2631 1394 Secundo,
2652 1327 2715 1383 et
2742 1322 2943 1400 magis
2960 1321 3039 1383 ud
3068 1340 3203 1384 rem
3225 1339 3360 1384 res-

1793 1411 2131 1492 pondetur,
2173 1412 2362 1474 etiam
2394 1412 2673 1476 divinam
2717 1415 3061 1494 potentiam
3108 1414 3361 1495 proprie

1794 1524 1924 1568 non
1973 1507 2445 1587 comprehendi,
2490 1515 2564 1571 ut
2600 1516 2697 1571 est
2722 1509 3093 1590 principium
3142 1511 3362 1572 talium

1795 1600 2157 1676 effectuum,
2192 1601 2363 1681 quie,
2400 1609 2471 1662 ut
2500 1603 2561 1662 in
2594 1621 2661 1664 se
2690 1603 2959 1672 videtur.
2990 1623 3119 1666 non
3154 1611 3359 1687 potest

1796 1694 2126 1774 praescindi
2162 1701 2457 1775 respectu
2516 1697 2733 1758 talium
2774 1697 3112 1760 effectuum
3134 1743 3155 1775 ,
3213 1699 3363 1778 quia

1797 1793 1893 1850 est
1915 1787 2333 1852 essentialiter
2356 1789 2579 1852 eadem
2612 1790 2679 1852 in
2724 1791 2945 1854 ordine
2984 1791 3069 1854 ed
3114 1809 3359 1867 omnes,

1798 1883 1862 1942 et
1882 1878 2026 1942 ideo
2070 1881 2121 1942 si
2150 1882 2437 1945 absolute
2472 1901 2599 1946 non
2648 1884 3225 1966 comprehenditur,
3255 1903 3367 1950 ne-

1795 1993 1920 2054 que
1951 1974 2013 2036 in
2041 1973 2263 2038 ordine
2304 1976 2385 2038 ad
2434 1977 2710 2056 aliquem
2744 1979 3033 2040 effectum
3082 1997 3367 2058 compre-

1797 2067 1989 2130 hendi
2032 2073 2261 2147 potest.
2302 2071 2505 2150 Atque
2558 2071 2726 2132 idem
2780 2091 2817 2134 a
2860 2072 3105 2134 fortiori
3147 2079 3243 2134 est
3284 2073 3367 2136 de

1797 2161 2059 2224 scientia
2093 2161 2345 2224 visionis
2375 2170 2829 2238 creaturarum,
2858 2183 3001 2244 quae
3028 2165 3093 2226 in
3124 2185 3191 2228 se
3211 2185 3365 2247 prae-

1797 2257 1926 2318 cisa
1956 2275 2083 2317 non
2134 2262 2231 2318 est
2279 2276 2318 2319 a
2365 2258 2623 2320 scientia
2670 2260 2925 2322 visionis
2962 2279 3151 2340 quam
3200 2262 3367 2324 Deus

1796 2351 1987 2412 hahet
2019 2351 2097 2412 de
2144 2350 2385 2432 seipso,
2419 2370 2624 2431 neque
2676 2373 2715 2416 a
2756 2354 3017 2417 scientia
3068 2357 3369 2434 simplicis

1795 2444 2242 2525 intelligentiae.
2286 2446 2573 2524 Denique
2610 2450 2706 2509 est
2734 2448 2971 2528 optima
2996 2449 3191 2524 ratio,
3224 2467 3367 2528 quae

1795 2539 2062 2599 sumitur
2088 2555 2167 2600 ex
2193 2539 2271 2602 D.
2302 2540 2526 2600 Thom.
2560 2541 2685 2616 hic,
2727 2548 2840 2602 art.
2876 2544 2939 2614 2,
2984 2542 3065 2602 ed
3094 2545 3157 2614 3,
3188 2544 3359 2621 quia,

1791 2631 1938 2694 licet
1985 2631 2207 2694 Christi
2262 2632 2475 2694 enims
2519 2633 3013 2714 comprehendat
3054 2636 3369 2714 objectum

1803 2725 1957 2788 illud
1976 2732 2279 2799 creatum,
2298 2727 2508 2806 quoad
2526 2747 2857 2791 numerum
2889 2729 3371 2810 scibilium,2non

1807 2832 2017 2882 tamen
2056 2821 2531 2900 comprehendit
2582 2840 2657 2884 ea
2702 2821 2981 2886 claritate
3010 2841 3136 2903 qua
3167 2823 3365 2900 Deus,

1807 2919 1870 2976 et
1910 2920 2375 2994 consequenter
2412 2933 2623 2995 neque
2660 2917 3137 2997 comprehendit
3170 2919 3371 2997 ipsam

1805 3005 2155 3070 claritatem
2178 3014 2241 3070 et
2266 3008 2677 3072 eminentiam
2692 3027 2817 3090 qua
2848 3011 3013 3072 Deus
3037 3009 3143 3070 illa
3166 3011 3371 3072 intue-

1803 3105 1941 3176 tur3
1976 3107 2041 3162 et
2064 3100 2209 3163 ideo
2247 3119 2365 3164 nec
2391 3102 2717 3164 scientium
2736 3103 2995 3164 visionis
3014 3101 3153 3178 Dei,
3184 3107 3371 3182 prout

1801 3195 1866 3256 in
1895 3195 2031 3276 ipso
2066 3197 2193 3258 Deo
2232 3201 2351 3272 est,
2382 3197 2877 3277 comprehendit.

1883 3292 1942 3350 7.
1992 3289 2272 3353 Christus
2316 3291 2475 3353 videt
2500 3291 2755 3365 infinita
2791 3291 2861 3352 in
2895 3289 3195 3356 γενύω-
3222 3291 3373 3354 Dico

1797 3383 2119 3448 secundo:
2160 3383 2383 3444 anima
2432 3384 2657 3445 Christi
2685 3383 2859 3446 videt
2908 3382 2973 3446 in
3004 3385 3212 3446 Verbo
3241 3383 3375 3447 infi-

1797 3478 1954 3540 nita.
1998 3478 2145 3538 Haec
2172 3476 2503 3540 conclusio
2533 3477 2817 3556 sequitur
2846 3493 2923 3538 ex
2964 3475 3371 3558 praecedenti,

1801 3577 1865 3634 et
1909 3571 2289 3650 explicanda
2340 3578 2438 3633 est
2486 3577 2548 3632 et
2594 3571 2920 3650 probanda
2969 3572 3159 3633 modo
3204 3573 3377 3634 dicto

1801 3665 1964 3726 circa
1994 3665 2331 3727 articulum
2346 3665 2598 3726 tertium
2622 3666 2698 3726 D.
2718 3666 2999 3738 Thomoe‚
3026 3681 3237 3745 neque
3256 3666 3370 3726 uli-

1801 3758 1955 3838 quid
1980 3757 2349 3819 addendum
2372 3757 2663 3820 occurrit.
2694 3758 2907 3819 Solum
2930 3763 3219 3837 superest
3246 3759 3373 3820 sol-

1801 3850 2079 3914 vendum
2114 3850 2597 3912 fundamentum
2638 3851 2805 3913 Scoti
2836 3855 2901 3912 et
2952 3849 3239 3912 aliorum.
3274 3851 3370 3914 Ad

1803 3945 1977 4025 quod
2002 3945 2277 4006 breviter
2320 3943 2566 4014 dicitur,
2609 3943 2749 4005 hoec
2789 3943 3034 4005 infinita
3058 3945 3367 4006 contineri

1803 4039 1969 4101 intra
1997 4038 2339 4101 terminum
2367 4037 2639 4112 finitum,
2665 4038 2813 4117 quia
2841 4039 3044 4100 solum
3075 4045 3244 4111 sunt,
3270 4039 3371 4101 vel

1803 4134 1987 4214 plura
2014 4132 2339 4194 individua
2366 4131 2485 4193 suh
2517 4129 2743 4192 eedem
2788 4132 2997 4211 specie
3022 4131 3199 4194 finita
3227 4149 3375 4194 con·

1805 4233 2001 4300 tenta,
2034 4227 2135 4289 vel
2160 4226 2373 4305 plures
2406 4225 2843 4305 cogitationes,
2874 4233 3021 4301 etc.,
3052 4225 3151 4288 vel
3202 4229 3371 4290 certe

1803 4320 2019 4400 plures
2049 4319 2291 4398 species
2320 4319 2439 4380 suh
2458 4319 2671 4397 aliquo
2696 4318 2973 4382 inferiori
3012 4337 3271 4400 genere,
3302 4327 3370 4384 ut

1805 4413 1979 4476 verbi
2008 4413 2230 4494 gratia,
2260 4414 2475 4493 plures
2500 4413 2745 4492 species
2774 4429 3108 4493 corporum
3146 4415 3368 4476 misto·

1805 4525 1971 4579 rum,
2004 4525 2145 4586 quae
2170 4525 2393 4570 omnes
2414 4525 2545 4569 non
2569 4506 3025 4568 transcendunt
3042 4505 3371 4586 perfectio·

1807 4619 1957 4663 nem
2008 4600 2173 4662 coeli.
2215 4600 2455 4663 Deinde
2502 4601 2715 4662 omnis
2764 4599 2899 4662 haec
2938 4598 3232 4662 videntur
3256 4617 3373 4680 per

1807 4713 2009 4756 unum
2036 4695 2301 4774 simplex
2318 4694 2737 4775 principium3
2764 4701 2829 4756 et
2856 4694 2999 4756 ideo
3029 4695 3245 4756 omnia
3262 4693 3371 4756 ille

1805 4789 2003 4852 videri
2036 4797 2305 4871 possunt
2328 4790 2555 4874 simul„
2572 4796 2637 4852 et
2662 4807 2776 4868 per
2804 4794 3037 4865 actum,
3068 4787 3371 4852 etlumen

1805 4881 2075 4946 finitum.
2124 4882 2307 4959 Nam,
2347 4883 2497 4944 visis
2543 4881 2987 4943 omnibusillis
3026 4881 3096 4941 in
3138 4881 3369 4956 Verbo,

1807 4975 2017 5040 adhuc
2038 4975 2289 5038 videtur
2304 4969 2589 5038 Verbum
2618 4975 2793 5036 finite
2818 4981 2883 5037 et
2918 4975 3202 5051 limitato,
3226 4991 3373 5036 cum

1807 5087 1940 5132 non
1993 5069 2565 5150 comprehendatur
2594 5075 2792 5130 totum
2823 5067 3137 5149 objectum
3178 5069 3377 5130 omni⁴

1807 5163 2103 5245 potentiae
2138 5163 2317 5244 ejus;
2346 5181 2499 5243 ergo
2522 5169 2701 5224 actus
2726 5160 3029 5224 etlumen
3058 5168 3205 5222 sunt
3232 5161 3377 5222 fini-

1809 5265 1900 5336 ta‚
1929 5260 2079 5340 quia
2109 5275 2327 5321 eorum
2352 5257 2653 5339 perfectio
2676 5271 2755 5320 ex
2780 5255 3083 5338 primario
3100 5255 3369 5335 objecto,

171 5361 324 5416 tores
353 5353 536 5418 citati
569 5359 732 5415 sect.
762 5353 1029 5432 praeced.
1059 5353 1135 5415 Et
1160 5353 1225 5416 in
1269 5359 1400 5416 toto
1438 5355 1578 5436 ejus
1605 5355 1734 5418 dis-
1815 5361 1878 5418 et
1903 5373 1979 5418 ex
2030 5353 2219 5418 modo
2266 5371 2395 5434 quo
2442 5355 2651 5434 ipsum
2704 5351 3109 5434 cognoscitur
3138 5394 3161 5427 ,
3215 5365 3377 5430 pen⁴

176 5463 340 5514 cursu
375 5467 498 5517 nos
519 5447 592 5514 id
621 5445 916 5510 videmur
949 5449 1396 5531 supposuisse;
1423 5467 1574 5530 ergo
1599 5451 1734 5530 peri
1816 5450 2015 5514 sanda
2058 5455 2177 5526 est,
2224 5448 2435 5530 potius
2486 5465 2680 5526 quam
2722 5465 2801 5510 ex
2852 5447 3099 5529 objecto
3154 5461 3379 5510 secun·

178 5543 422 5620 ratione,
448 5541 606 5606 visis
641 5539 936 5606 omnibus
961 5541 1042 5606 ad
1068 5559 1212 5624 qum
1227 5559 1296 5606 ne
1328 5542 1606 5608 extendit
1627 5542 1737 5606 ali·

1819 5543 2021 5610 derit).
