3892 6167
574 350 693 408 572

650 454 748 515 12.
794 450 871 511 Et
904 448 1051 509 hinc
1081 447 1279 508 oritur
1304 446 1509 509 altera
1530 446 1882 509 differentia
1914 446 2133 525 (quam

572 545 757 607 etiam
786 542 1012 621 colligo
1042 558 1119 601 ex
1160 542 1230 601 D.
1265 540 1486 601 Thom.
1518 542 1578 601 2.
1614 544 1675 613 2,
1732 557 1795 619 q.
1836 540 1977 608 102,
2009 546 2125 602 art.

571 644 633 714 2,
667 640 743 700 ad
778 641 864 717 3),
894 635 1065 717 quod
1092 634 1312 715 religio
1342 652 1454 715 per
1492 652 1560 695 sc
1592 640 1685 695 est
1716 634 1793 694 ad
1836 634 2126 710 alterum,

575 739 637 795 et
665 734 807 794 ideo
831 750 947 811 per
967 750 1033 791 se
1065 728 1315 807 respicit
1330 728 1433 807 jus
1456 728 1713 789 alterius
1733 734 1793 789 et
1817 727 2126 789 rationem

574 822 799 897 dehiti3
828 826 933 905 jus
986 828 1197 885 autem
1246 820 1551 893 divinum,
1583 826 1837 900 propter
1898 820 2066 898 quod
2094 838 2130 881 a

575 921 755 981 nobis
786 918 1085 979 colendus
1104 921 1199 977 est
1229 922 1291 977 et
1314 914 1695 990 adoranduS‚
1724 914 2133 976 excellentius

574 1021 669 1077 est
701 1021 761 1076 et
787 1013 1022 1074 altioris
1056 1010 1291 1073 ordinis
1322 1028 1509 1087 quam
1542 1028 1730 1071 omne
1752 1010 1858 1089 jus
1887 1016 2133 1071 creatu-

570 1126 678 1181 rae,
708 1106 856 1186 quia
906 1106 969 1166 in
1025 1103 1392 1166 excellentia
1422 1102 1665 1164 infinita
1724 1108 1786 1165 et
1838 1120 2133 1181 supremo

570 1194 847 1278 quodam
876 1197 1153 1259 dominio
1200 1195 1777 1257 incommunicabili
1826 1202 2131 1257 creaturae

570 1292 893 1366 fundatur,
932 1297 993 1352 et
1044 1289 1191 1350 ideo
1239 1290 1457 1361 virtuS,
1498 1306 1638 1368 quae
1691 1288 1812 1351 hoc
1850 1288 2131 1349 debitum

571 1386 699 1447 Deo
733 1382 1051 1463 persolvit,
1085 1381 1420 1461 singularis
1452 1388 1569 1452 est,
1612 1386 1675 1442 et
1719 1382 2009 1443 distincta
2051 1383 2130 1442 ab

572 1478 863 1541 omnibus
886 1475 1216 1537 virtutibus
1245 1494 1383 1555 quie
1400 1476 1543 1553 jura
1572 1492 1687 1535 seu
1716 1474 1928 1536 debita
1959 1493 2134 1537 crea-

580 1577 865 1632 turarum
894 1569 1261 1649 respiciunt.
1291 1568 1485 1630 Secus
1506 1584 1657 1628 vero
1684 1567 1865 1629 estin
1890 1585 2129 1643 amore,

571 1664 677 1741 qni
710 1680 829 1723 nec
884 1658 997 1743 per
1040 1679 1108 1722 se
1140 1660 1219 1721 ad
1256 1660 1524 1721 alterum
1573 1659 1795 1731 tendit,
1828 1678 2038 1739 neque
2067 1662 2128 1721 in

570 1758 634 1818 in
664 1756 771 1817 illo
792 1756 952 1818 ratio
974 1754 1169 1817 debiti
1191 1756 1644 1816 consideratur.
1672 1754 1861 1834 Cujus
1880 1754 2128 1834 signum

572 1851 760 1911 etiam
792 1854 909 1925 est,
941 1849 1089 1928 quia
1145 1854 1405 1927 propter
1448 1847 1614 1909 hanc
1670 1864 1947 1920 causam,
1981 1846 2129 1907 licet

572 1942 797 2004 eadem
829 1942 1129 2004 charitate
1160 1941 1493 2022 diligamus
1536 1959 1653 2001 nos
1678 1942 1871 2020 ipsae,
1903 1956 2128 2019 paren-

570 2044 682 2102 tes,
716 2042 779 2097 et
840 2036 994 2096 alios
1039 2035 1355 2113 proximos
1378 2080 1397 2111 ,
1428 2042 1640 2096 tamen
1681 2034 1745 2094 in
1794 2033 2012 2095 ordine
2048 2033 2132 2094 ad

568 2130 877 2190 honorem
913 2126 1337 2188 exhibendum
1372 2128 1634 2189 diversae
1663 2132 1809 2188 sunt
1839 2126 2126 2201 virtuteS,

568 2222 814 2301 pietatis
831 2221 909 2281 ad
930 2220 1661 2299 parentes,observantiae
1680 2219 1758 2280 ad
1783 2219 2126 2301 principes,

567 2315 749 2376 duliae
800 2314 1009 2375 stricte
1058 2322 1323 2391 sumptae
1358 2315 1439 2376 ad
1468 2314 1799 2391 dominos3
1832 2314 1913 2375 ad
1967 2314 2130 2394 seip-

568 2426 707 2468 sum
735 2414 948 2470 autem
994 2406 1169 2467 nulla
1214 2413 1309 2469 est
1359 2406 1555 2471 virtus
1581 2406 1891 2469 exhibens
1928 2406 2129 2468 hono-

567 2518 725 2563 rem.

656 2596 754 2657 13.
802 2594 891 2655 Ex
950 2594 1048 2655 his
1079 2612 1230 2675 ergo
1278 2595 1426 2656 satis
1462 2600 1706 2657 constat
1754 2610 1867 2654 cur
1911 2592 2132 2653 distin-

568 2688 857 2768 guendus
882 2688 959 2749 sit
984 2686 1239 2750 habitus
1270 2687 1456 2749 dutiae
1489 2689 1857 2749 Sanctorum
1886 2686 1968 2747 ab
2019 2687 2125 2746 lia-

565 2780 695 2841 bitu
723 2781 1044 2857 religionis
1058 2799 1171 2842 sen
1189 2781 1403 2853 latriae,
1422 2786 1484 2842 et
1506 2798 1617 2841 cur
1646 2782 1781 2841 haec
1810 2778 2126 2841 distinctio

567 2873 796 2933 clarior
823 2880 884 2934 et
927 2875 1157 2935 certior
1194 2874 1253 2935 in
1299 2873 1668 2935 adoratione
1722 2874 1805 2933 sit
1844 2890 2034 2953 quam
2063 2872 2125 2933 in

566 2966 1255 3029 amore.Undetandem
1274 2966 1687 3043 concluditur,
1703 2967 1873 3027 hunc
1887 2966 2124 3030 cultum

566 3060 938 3119 Sanctorum
966 3078 1093 3121 non
1126 3059 1251 3121 dici
1278 3060 1664 3139 religiosum,
1686 3059 1855 3138 quod
1896 3078 1933 3119 a
1981 3062 2128 3123 reli-

568 3150 757 3229 gione
810 3152 1053 3213 elicitus
1102 3153 1203 3227 sit,
1240 3151 1352 3213 sed
1408 3160 1665 3233 propter
1710 3153 1868 3214 alias
1908 3172 2126 3216 causas

564 3260 753 3321 supra
780 3250 1205 3306 enumeratas.

1016 3448 1473 3514 DISPUTATIO
1514 3450 1665 3525 LIII,

928 3583 984 3634 tn
1006 3580 1141 3633 duas
1165 3578 1433 3633 sectiones
1459 3578 1757 3635 distributa.

592 3730 670 3777 m:
710 3730 1091 3806 monnone
1121 3728 1373 3776 cnalsTo
1413 3728 1665 3783 mosomi
1706 3730 2096 3779 autumna-1

1217 3822 1457 3871 DEBITA.

642 4000 975 4077 Postquam
1004 3999 1083 4060 de
1120 4000 1483 4061 adoratione
1508 3998 1646 4078 Dei,
1674 4008 1737 4063 et
1762 4008 2124 4065 sanctorum

558 4092 883 4153 hominum
930 4108 1289 4154 sermonem
1330 4091 1737 4170 instituimuS,
1782 4096 1964 4158 facile
2008 4096 2126 4158 erit

566 4184 997 4247 adorationem
1028 4184 1269 4248 Christo
1298 4186 1562 4248 Domino
1602 4188 1875 4249 debitam
1926 4190 2124 4268 expli-

560 4296 725 4339 care.
766 4280 1102 4339 Possumus
1147 4285 1359 4340 antem
1400 4280 1567 4359 loqui
1606 4280 1706 4342 vel
1741 4282 1819 4343 de
1848 4280 2116 4357 Chi-istc,

558 4370 657 4431 vel
680 4371 758 4431 de
790 4370 1175 4432 humanitate
1198 4373 1356 4451 ejus.
1384 4372 1457 4433 Et
1479 4371 1557 4433 de
1574 4372 1811 4435 Christo
1838 4374 2114 4452 quidem,

559 4461 658 4522 vel
688 4462 1074 4541 simpliciter,
1101 4464 1197 4523 vel
1228 4464 1289 4524 in
1322 4472 1629 4543 quantum
1655 4472 1752 4526 est
1790 4466 2002 4527 homo.
2029 4469 2118 4528 De

558 4554 657 4615 his
687 4555 876 4635 igitur
903 4554 1217 4632 sigillatim
1257 4554 1594 4618 dicendum
1628 4564 1740 4620 est.
1774 4558 2118 4638 Explicabi-

557 4666 699 4708 mus
730 4653 939 4709 autem
972 4646 1179 4724 simul,
1214 4653 1279 4710 et
1304 4650 1611 4712 unitatem
1639 4656 1700 4713 et
1725 4652 2116 4730 qualitatem,

558 4758 670 4802 seu
704 4741 976 4821 speciem
1009 4741 1391 4804 adorationis
1424 4763 1439 4816 ;
1473 4744 1607 4805 haec
1627 4744 1793 4806 enim
1821 4746 1947 4807 duo
1979 4764 2016 4807 a
2045 4744 2115 4809 D.

450 4846 461 4865 ·
556 4834 776 4897 Thom.
804 4834 871 4897 in
905 4834 1002 4897 his
1032 4836 1309 4898 articulis
1342 4844 1606 4900 tractata
1638 4846 1803 4901 sunt.

1197 5022 1415 5077 secvlo
1448 5024 1485 5078 1.

556 5146 634 5204 An
654 5146 725 5205 Ch
734 5150 900 5207 riscus
920 5150 1067 5209 Deus
1087 5150 1249 5210 homo
1270 5152 1585 5212 adorandus
1612 5155 1685 5241 ait
1706 5156 1961 5229 perfecta
1985 5154 2122 5213 ado-

1107 5239 1325 5295 ratione
1351 5238 1553 5299 latrice.

638 5388 698 5446 1.
742 5386 809 5446 In
838 5386 955 5449 hac
1009 5388 1287 5451 sectione
1336 5390 1611 5454 breviter
1644 5391 1917 5471 jacenda
1967 5398 2117 5455 sunt

554 5477 702 5543 fidei
728 5478 1157 5560 fundamenta,
1186 5492 1252 5547 ut
1280 5493 1497 5567 postea
1527 5488 1840 5568 possimus
1860 5504 2116 5569 ea‚quae

1810 346 2044 411 QUAEST.
2082 346 2235 402 XXV.
2266 346 2469 400 Amic.
2506 348 2566 401 ΙΙ.

2211 444 2583 506 nonnullam
2621 443 3072 505 dubitationem
3125 441 3390 517 habent,
3435 441 3782 522 inquirere.

2213 537 2419 599 Primo
2449 556 2600 618 ergo
2633 544 2876 618 certum
2918 544 3014 598 est
3064 538 3234 599 hunc
3257 536 3598 599 hominem
3621 536 3784 599 chri-

2211 636 2377 691 stum
2433 630 2495 691 in
2556 631 2767 691 divina
2823 636 2887 691 et
2939 630 3220 691 humana
3265 638 3505 692 natura
3559 632 3780 691 subsis-

2212 729 2490 799 tentem,
2535 723 2931 785 adorandum
2987 740 3128 785 esse
3169 724 3274 785 illa
3324 722 3778 804 perfectissima

2213 815 2578 879 adoratione
2601 819 2821 891 latriae,
2847 818 2974 897 qua
2993 824 3120 879 tota
3139 820 3412 881 Trinitas
3437 825 3512 880 et
3526 818 3778 899 singnlae

2211 926 2496 989 personae
2525 911 2753 972 divinae
2783 911 3148 973 adorantur.
3183 914 3314 974 Hoc
3343 930 3496 974 esse
3547 910 3632 971 de
3675 912 3780 971 [ide

2211 1007 2458 1064 constat
2483 1020 2562 1065 ex
2617 1004 2976 1084 Scripturis,
3009 1004 3300 1067 Consiliis
3355 1013 3422 1067 et
3475 1004 3780 1065 Patribus.

2217 1096 2494 1159 Christus
2535 1099 2704 1159 enim
2736 1098 2816 1159 de
2851 1115 2918 1159 se
2947 1096 3214 1176 loquens
3255 1096 3432 1169 dicit,
3465 1098 3662 1159 Joan.
3713 1102 3781 1158 5:

2227 1189 2307 1253 Ut
2333 1208 2530 1254 omnes
2559 1190 2952 1267 honorificent
2977 1191 3241 1264 Filium,
3275 1194 3446 1255 sicut
3492 1192 3786 1267 honorifi-

2213 1288 2358 1345 cant
2386 1284 2659 1347 Patrem.
2685 1286 2760 1346 Et
2803 1286 3008 1358 Paul„
3040 1285 3121 1346 ad
3151 1288 3328 1347 Rom.
3361 1288 3472 1357 14,
3509 1284 3596 1346 de
3625 1282 3784 1345 Chri·

2215 1383 2312 1439 sto
2344 1379 2600 1457 exponit
2641 1376 2795 1439 illud
2849 1378 2993 1441 lsai.
3046 1382 3166 1441 45:
3210 1380 3378 1443 Mihi
3425 1379 3784 1442 curvabitur

2213 1486 2382 1534 omne
2410 1490 2586 1554 yeme,
2607 1472 2780 1550 quad
2805 1472 2884 1533 de
2902 1472 3266 1534 adoratione
3291 1474 3502 1535 latriae
3528 1473 3648 1532 soli
3670 1474 3782 1533 Deo

2215 1564 2426 1626 debita
2453 1565 2692 1629 dictum
2725 1584 2865 1627 esse
2901 1573 3166 1629 constat.
3197 1568 3271 1628 Et
3313 1566 3560 1629 eodem
3609 1586 3782 1628 sensu

2213 1658 2294 1719 ad
2333 1660 2552 1740 Philip.
2585 1664 2624 1723 2
2669 1660 2862 1723 dicit:
2900 1664 2982 1725 In
3011 1664 3244 1725 nomine
3272 1664 3441 1727 Jesu
3483 1680 3662 1723 omne
3699 1681 3786 1741 ye-

2211 1754 2601 1831 nasta-tatur.
2657 1754 2734 1816 Et
2799 1756 3097 1830 Thomas,
3153 1755 3426 1818 adorans
3477 1755 3784 1816 Christum

2210 1844 2396 1906 Joan.
2429 1848 2530 1919 20,
2565 1847 2756 1909 dixit:
2787 1848 3082 1912 Dominus
3099 1868 3284 1923 mens,
3315 1855 3374 1913 et
3397 1848 3586 1912 Deus
3605 1868 3780 1911 mens.

2213 1938 2288 1998 Et
2331 1938 2554 2000 eadem
2594 1938 2724 2009 fide
2757 1958 2962 2003 caecus
2991 1960 3029 2001 a
3069 1940 3310 2004 Christo
3361 1938 3780 2015 illuminatus.

2211 2032 2878 2111 procidenS,‘adoravit
2901 2053 3072 2109 eum,
3115 2036 3298 2099 Joan.
3343 2039 3408 2111 9,
3445 2041 3528 2097 ut
3555 2037 3782 2115 ponde·

2211 2125 2370 2186 ravit
2405 2127 2619 2207 cyrill.
2670 2128 3003 2198 Alexand„
3029 2129 3136 2193 lib.
3179 2130 3258 2191 de
3295 2132 3501 2192 Recta
3553 2128 3682 2190 fide
3707 2132 3776 2190 ad

2207 2219 2552 2296 Theodos,
2598 2222 2764 2283 circa
2819 2222 3032 2298 finem,
3089 2224 3452 2303 adjungens
3513 2222 3672 2284 illud
3707 2226 3775 2284 ad

2209 2314 2400 2375 Hebr.
2431 2317 2460 2375 1
2491 2332 2509 2377 t
2549 2316 2638 2379 m
2665 2334 2798 2379 oum
2840 2315 3062 2379 iterum
3085 2318 3423 2382 introducit
3467 2316 3776 2400 Primoye·

2208 2407 2402 2470 nitunt
2435 2408 2504 2468 in
2533 2408 2728 2470 orbem
2765 2413 2970 2484 torm,
3003 2410 3151 2473 dicit
3169 2436 3192 2471 .·
3224 2412 3318 2473 Et
3346 2412 3622 2473 adorent
3659 2430 3772 2472 eam

2209 2514 2407 2562 omnes
2435 2499 2654 2583 Anqeli
2675 2502 2924 2581 ejoes‚·et
2944 2502 3021 2564 de
3051 2503 3272 2565 eodem
3301 2504 3518 2566 cultus
3549 2520 3772 2581 genere

2211 2590 2575 2673 intelligunt
2603 2596 2820 2655 Patres
2847 2596 3278 2659 adorationem
3313 2617 3349 2658 a
3377 2598 3596 2675 Magis
3619 2598 3774 2659 Chri-

2209 2690 2304 2746 sto
2323 2686 2684 2759 exhibitam,
2708 2688 2924 2749 Matth.
2957 2692 3016 2761 2,
3053 2695 3118 2751 ut
3149 2690 3280 2751 suis
3309 2691 3608 2771 mysticis
3649 2710 3768 2751 mn-

2207 2778 2463 2839 neribus
2493 2778 2609 2858 ipsi
2631 2781 2782 2841 satis
2809 2782 3066 2859 professi
3085 2790 3251 2845 sunt.
3269 2782 3568 2862 Denique
3585 2786 3763 2863 Apoc.

2207 2874 2244 2931 5
2281 2876 2346 2932 et
2366 2874 2467 2945 22,
2499 2872 2620 2935 hoc
2649 2874 2838 2956 modo
2873 2875 3137 2939 adorant
3173 2877 3384 2939 Sancti
3411 2894 3649 2938 omnes
3673 2896 3766 2955 ag-

2209 2982 2360 3025 num
2391 2966 2690 3039 occisum,
2722 2974 2914 3046 atque
2941 2967 3030 3029 illi
3065 2976 3127 3031 et
3153 2970 3396 3031 sedenti
3437 2968 3508 3030 in
3547 2970 3766 3030 throno

2207 3056 2391 3117 simul
2417 3066 2706 3121 cantatur
2724 3060 2808 3121 ab
2835 3062 3153 3136 omnibuS‚
3185 3064 3560 3135 Benedictio,
3593 3071 3660 3126 et
3679 3064 3768 3123 ko-

2203 3168 2337 3226 nor,
2369 3156 2429 3213 et
2447 3157 2740 3230 potestas,
2761 3156 2830 3215 in
2851 3156 3052 3218 secula
3073 3154 3434 3218 seculorum.
3468 3156 3768 3218 Definitnr

2205 3246 2478 3325 denique
2507 3246 2638 3309 haec
2658 3249 2884 3309 veritas
2897 3248 2960 3309 in
2991 3250 3263 3311 Concilio
3289 3252 3642 3331 Ephesium
3678 3272 3761 3313 ca·

2205 3356 2357 3400 non.
2406 3342 2466 3411 8,
2501 3346 2565 3402 et
2593 3342 2654 3401 in
2685 3342 2948 3421 epistola
2985 3343 3174 3406 Conc.
3206 3344 3516 3407 Alexand.
3553 3346 3645 3407 ibi
3673 3366 3760 3407 rc-

2111 3485 2116 3489 ,
2205 3438 2410 3512 cepta,
2457 3440 2520 3496 et
2576 3436 2642 3495 in
2683 3436 2733 3495 V
2781 3437 3048 3516 Synod„
3081 3438 3288 3501 collat.
3341 3443 3404 3515 8,
3437 3458 3672 3502 canon.
3701 3446 3756 3513 9,

2205 3532 2268 3587 et
2319 3528 2418 3587 Vll
2467 3528 2734 3608 Synod„
2793 3540 2914 3593 act.
2975 3534 3036 3607 6,
3070 3538 3222 3594 tom.
3269 3537 3519 3611 quinto,
3547 3554 3760 3597 versus

2203 3618 2418 3695 finem,
2449 3622 2556 3683 ubi
2591 3640 2668 3684 ex
2703 3624 3074 3697 Athanasio,
3107 3626 3171 3686 in
3213 3628 3398 3707 epist.
3431 3630 3520 3691 ad
3549 3630 3762 3709 Enpsi·

2203 3713 2438 3789 chium,
2489 3716 2624 3777 hoec
2673 3717 2865 3779 verba
2917 3718 3317 3782 referuntur:
3381 3722 3568 3797 Caro,
3608 3730 3760 3803 post·

2201 3824 2380 3888 quam
2405 3812 2574 3884 facta
2622 3810 2751 3887 fuit
2798 3812 2962 3893 nqis
3007 3818 3436 3896 tequmontum,
3465 3834 3604 3878 cum
3637 3820 3758 3899 ipso

2206 3917 2345 3979 τερα
2363 3902 2626 3981 ejusdem
2658 3904 2738 3979 fit
2789 3904 3143 3984 diffamatia,
3169 3926 3518 3991 quanquam
3543 3918 3762 3971 natura

2207 4010 2326 4053 noa
2351 3996 2544 4069 suoru
2573 3996 2744 4059 talis.
2795 3998 2869 4058 Et
2895 3998 3018 4059 alia
3058 3998 3286 4061 similia
3311 4000 3678 4063 referuntur
3701 4004 3759 4061 in

2208 4085 2409 4147 edicto
2437 4086 2772 4149 Justiniani
2797 4089 3192 4170 imperatoris
3219 4094 3302 4155 ad
3327 4096 3646 4157 Joannem
3661 4096 3761 4156 Pa-

2207 4196 2352 4257 pam
2385 4180 2456 4240 ΙΙ.
2489 4180 2564 4242 Et
2605 4182 2671 4241 in
2711 4183 3119 4262 sequentibus
3163 4186 3346 4265 plura
3402 4188 3754 4249 afferemus.

2205 4272 2468 4335 Ratione
2488 4275 2813 4352 probatur,
2845 4277 2994 4357 quia
3023 4280 3294 4341 Verbum
3318 4281 3630 4354 divinum,
3653 4300 3754 4341 sen

2204 4364 2503 4439 Christus,
2549 4368 2615 4427 in
2646 4375 2951 4447 quantum
2981 4372 3174 4446 DeuS,
3225 4374 3344 4434 hac
3397 4374 3754 4435 adoratione

2203 4459 2506 4521 colendus
2537 4467 2655 4535 est,
2689 4469 2760 4523 ut
2809 4482 2996 4542 supra
3047 4468 3462 4541 ostendimus,
3493 4470 3640 4545 quia
3669 4478 3754 4529 est

2203 4570 2389 4613 verus
2419 4554 2609 4626 Deua,
2645 4561 2707 4616 et
2745 4558 3005 4635 aequalis
3045 4560 3229 4621 Patri.
3259 4560 3444 4623 Unde
3469 4560 3750 4641 Augusti·

2201 4664 2344 4721 nus„
2399 4646 2506 4707 lib.
2565 4652 2591 4708 1
2655 4648 2735 4709 de
2785 4651 3036 4723 Trinit.,
3071 4670 3125 4713 c.
3159 4656 3231 4727 6,
3265 4652 3745 4722 Athanasius,et

2201 4740 2304 4800 alii
2337 4741 2546 4802 Patres
2591 4742 2936 4805 scribentes
2975 4754 3190 4807 eontra
3216 4748 3510 4824 ArianoS,
3545 4767 3620 4809 ex
3643 4750 3744 4808 hae

2203 4832 2570 4896 adoratione
2601 4854 2794 4915 quam
2847 4856 2924 4899 ex
2955 4839 3286 4920 Scripturis
3313 4848 3562 4903 constat
3610 4841 3745 4903 Filio

2207 4926 2312 4987 Dei
2341 4925 2584 4999 deberi,
2611 4930 2790 5007 quasi
2824 4948 2860 4991 a
2891 4932 3094 5011 sign0,
3119 4952 3229 4996 sen
3255 4935 3592 5015 posteriori
3617 4954 3746 4995 con-

2203 5020 2488 5093 cludunt,
2520 5022 2730 5101 ipsum
2765 5042 2902 5086 esse
2931 5044 3148 5087 verum
3183 5028 3420 5101 Deum3
3461 5030 3574 5091 sed
3607 5030 3740 5089 Ver-

2202 5114 2354 5175 bum
2377 5116 2755 5176 assumendo
2784 5134 3038 5179 carnem
3071 5138 3200 5181 non
3226 5140 3292 5183 se
3320 5140 3436 5183 sna
3459 5122 3736 5201 dignitate

2202 5208 2502 5288 privavit:
2538 5226 2690 5288 ergo
2745 5211 2932 5272 etiam
2979 5212 3186 5273 Verbo
3242 5215 3588 5281 incarnat0.
3637 5234 3734 5277 seu

2197 5301 2435 5365 Christo
2455 5301 2694 5363 homini
2721 5305 2876 5379 Deo,
2902 5305 3121 5371 eadem
3150 5306 3442 5370 adoratio
3469 5308 3728 5377 debetur.

2197 5395 2356 5457 sicut
2383 5413 2516 5469 rex,
2543 5396 2734 5459 etiam
2759 5396 2810 5459 si
2837 5398 3159 5462 vilioribus
3183 5402 3472 5465 vestibus
3495 5402 3728 5465 indutus

2197 5488 2299 5566 sit,
2326 5488 2565 5553 honore
2589 5490 2768 5571 regio
2799 5495 3164 5559 tractandus
3187 5501 3302 5559 est.
