3892 6167
552 305 663 368 190

544 411 827 489 peccato,
856 402 1262 466 nihilominus
1301 401 1607 464 88818811
1644 401 1964 463 hominem
1993 401 2112 462 im-

543 498 954 582 peccabilem.
986 496 1225 558 Deinde
1268 497 1391 558 hoc
1434 496 1643 558 minus
1672 496 1917 558 videtur
1958 513 2110 556 con-

543 593 761 658 venire
800 592 867 654 in
906 591 1177 671 gratiam
1216 588 1503 664 unionis,
1544 589 1693 667 quia
1716 588 1855 668 ipsa
1897 606 2012 668 per
2039 604 2108 648 88

544 705 675 750 nou
704 691 800 750 est
821 684 1167 747 formaliter
1184 682 1537 762 operativa;
1563 699 1693 744 non
1720 699 1873 762 ergo
1903 684 2110 760 potest

546 797 661 860 per
706 797 774 842 se
816 777 1018 841 solam
1062 777 1399 838 immutare
1442 775 1801 838 naturalem
1850 774 2106 836 modum

546 871 848 953 operandi
872 870 1299 934 humanarum
1318 869 1567 942 virium,
1594 875 1783 947 atque
1808 866 1970 929 adeo
1989 885 2108 928 nec

545 965 813 1031 reddere
848 981 963 1044 per
992 965 1263 1044 seipsam
1302 962 1580 1024 animam
1606 959 2104 1040 impeccabilem.

546 1059 623 1122 Et
676 1057 819 1122 ideo
876 1057 1112 1134 aliquid
1168 1053 1339 1118 aliud
1395 1055 1540 1118 huic
1594 1055 1821 1116 rationi
1876 1053 2108 1116 addere

546 1156 821 1232 oportet,
877 1149 1205 1225 videlicet,
1260 1167 1407 1211 8818
1439 1148 1670 1212 dicitur
1724 1147 2110 1210 voluntatem

544 1243 897 1308 humanam
930 1242 1067 1306 fieri
1108 1242 1579 1323 impeccabilem
1608 1260 1687 1304 ex
1726 1242 1787 1302 vi
1819 1240 2106 1315 unionis,

545 1357 675 1402 non
704 1336 948 1402 excludi
986 1353 1175 1398 omne
1200 1334 1441 1398 donum
1466 1354 1583 1398 seu
1608 1353 1797 1396 omne
1824 1335 2108 1396 divinum

548 1431 873 1506 auxilium,
899 1449 1013 1493 888
1039 1429 1317 1516 divinam
1340 1429 1751 1492 directionem
1772 1433 1839 1490 et
1864 1433 2109 1507 protec-

544 1526 813 1598 tionem,
856 1543 983 1604 qua
1020 1525 1185 1586 Deus
1232 1523 1321 1584 ita
1367 1523 1679 1602 gubernat
1722 1523 2112 1584 voluntatem

544 1618 887 1683 humanam
916 1616 1035 1680 sibi
1064 1617 1303 1678 unitam
1320 1661 1340 1692 ,
1370 1618 1443 1677 ut
1476 1615 1583 1676 illa
1612 1622 1819 1678 stante
1844 1633 2108 1695 peccare

545 1710 719 1773 nullo
764 1710 951 1772 modo
998 1711 1229 1790 possit;
1283 1727 1433 1770 nam
1466 1709 1602 1770 siue
1637 1709 1849 1788 aliquo
1892 1709 2111 1788 hujus-

545 1803 717 1868 modi
736 1804 907 1869 dono
926 1802 1315 1883 impossibile
1344 1809 1439 1864 est
1457 1802 1811 1881 intelligere
1828 1819 1955 1882 quo
1978 1819 2110 1862 mo·

547 1897 629 1958 do
657 1915 771 1978 per
800 1897 1001 1961 solam
1034 1895 1330 1960 unionem
1361 1896 1503 1958 talis
1532 1895 1825 1958 voluutas
1850 1899 2112 1956 maneat

546 1990 801 2052 inbono
823 1988 1212 2063 confirmata,
1231 1995 1301 2052 ut
1318 1990 1477 2052 ratio
1496 1988 1661 2051 facta
1684 1988 2104 2064 demonstrat;

546 2083 773 2146 dieitur
814 2101 967 2162 ergo
998 2083 1291 2148 voluntas
1325 2083 1605 2146 ‚humana
1632 2081 1773 2144 fieri
1801 2082 2114 2160 impecca-

545 2177 691 2243 bitis
713 2195 827 2256 per
856 2175 1183 2248 unionem,
1214 2174 1361 2254 quia
1391 2174 1773 2255 impossihile
1796 2181 1891 2236 881
1910 2175 2109 2236 Deum

546 2272 787 2337 nonita
828 2270 1100 2349 dirigere
1128 2275 1193 2334 et
1232 2269 1544 2332 custodiro
1580 2269 1966 2332 voluntatem
1993 2267 2113 2330 sibi

548 2364 826 2438 unitam,
856 2369 927 2426 ut
968 2362 1056 2425 ad.
1085 2363 1321 2424 malum
1364 2361 1681 2426 declinare
1720 2380 1851 2424 non
1884 2361 2105 2441 possit.

545 2460 679 2522 Hoc
716 2475 865 2538 ergo
898 2463 995 2520 est
1022 2456 1190 2535 quod
1218 2456 1437 2518 ultimo
1464 2455 1859 2536 probandum
1890 2473 2110 2535 super«

548 2563 669 2629 est,
692 2551 865 2630 quod
891 2551 1000 2614 fiet
1030 2552 1095 2612 in
1126 2549 1414 2628 sequenti
1435 2550 1703 2614 ratione.

626 2646 687 2712 6.
718 2641 1925 2725 Responsio.-Consctatoer.—Secunda
1957 2657 2110 2720 ergo

547 2739 733 2810 ratio,
756 2744 818 2801 et
848 2736 915 2800 in
944 2735 1065 2801 bac
1092 2735 1357 2798 materia
1386 2735 1705 2814 principue
1728 2740 1846 2806 881,
1882 2734 2032 2813 quia
2057 2733 2108 2796 si

548 2831 824 2895 Christus
875 2835 1170 2910 peccaret
1222 2847 1337 2908 per
1389 2829 1847 2892 humanitatem
1874 2873 1891 2902 ,
1938 2829 2108 2890 Deus

548 2928 873 3004 peccaret3
916 2939 1311 3000 consequens
1343 2927 1439 2984 est
1471 2920 1881 3000 impossibile3
1928 2937 2106 3001 ergo.

550 3017 903 3098 Respondet
920 3022 1135 3081 tamen
1162 3017 1365 3094 primo
1391 3015 1621 3078 Marsil.
1634 3059 1653 3090 ,
1674 3016 1729 3076 si
1752 3016 2110 3078 humanitas

550 3111 757 3177 Verbo
792 3111 965 3173 unita
995 3115 1325 3190 peccaret,
1356 3108 1553 3172 solam
1596 3109 1801 3188 ipsam
1824 3109 2112 3172 humani—

551 3211 744 3268 tatem
794 3221 932 3269 esse
982 3219 1122 3282 quae
1170 3209 1481 3282 peccaret,
1512 3219 1643 3264 non
1672 3202 2020 3279 Christum,
2049 3205 2114 3264 et

548 3302 1013 3375 consequenter
1065 3313 1275 3374 neque
1324 3295 1521 3359 Deum
1548 3339 1567 3370 ,
1616 3301 1680 3360 et
1730 3315 1856 3360 non
1907 3297 2113 3361 reddit

548 3393 735 3456 aliam
768 3392 1101 3465 rationem,
1123 3390 1245 3452 nisi
1268 3390 1413 3470 quia
1444 3397 1774 3470 peccatum
1798 3397 2112 3472 repugnat

546 3486 699 3550 Deo.
724 3485 853 3548 Sed
874 3484 977 3546 vel
1000 3483 1233 3548 11181811.
1264 3483 1346 3546 ad
1370 3501 1503 3549 rem
1530 3499 1663 3548 non
1686 3485 1986 3565 loquitur,
2009 3486 2114 3547 vol

546 3579 985 3645 Nestor-ionum
1018 3595 1301 3640 errorem
1346 3578 1511 3656 sapit
1558 3579 1697 3684 ejus
1748 3580 2112 3660 respousim„

547 3692 694 3737 nam
724 3673 823 3734 vel
855 3671 1176 3750 loquitur
1156 3689 1227 3732 18
1256 3689 1332 3732 88
1367 3689 1546 3747 casu,
1568 3671 1639 3732 in
1666 3690 1793 3750 quo
1818 3673 2114 3734 hnmani-

546 3773 641 3830 tas
665 3766 814 3829 illa
800 3784 865 3829 ιιι
894 3765 1118 3828 eodem
1158 3762 1437 3840 instanti,
1464 3763 1528 3826 111
1558 3782 1685 3843 quo
1711 3772 1952 3844 peceat,
1976 3767 2113 3846 jam

545 3865 676 3922 11811
710 3865 805 3923 881
825 3859 1002 3922 unita
1030 3857 1262 3932 Verbo,
1284 3856 1477 3920 velia
1496 3875 1625 3936 quo
1654 3860 1829 3920 unita
1855 3865 2106 3938 peccat3

546 3954 600 4015 si
626 3952 897 4032 primum
925 3997 940 4024 ,
968 3967 1101 4014 non
1128 3956 1226 4014 est
1252 3950 1334 4012 ad
1374 3968 1533 4025 rem,
1565 3951 1713 4030 quia
1744 3969 1861 4012 nos
1903 3951 2110 4031 loqui·

544 4065 689 4108 mur
714 4045 794 4108 de
824 4045 1189 4123 operatione
1219 4043 1629 4106 humanitatis
1649 4045 1867 4117 unitae,
1896 4051 1968 4106 ut
1993 4044 2106 4120 sic,

546 4157 837 4220 quaenon
860 4145 955 4200 est
979 4143 1108 4198 tam
1125 4137 1377 4218 proprie
1400 4137 1681 4214 operatio
1700 4135 2108 4200 humanitatis

546 4249 742 4312 quam
764 4230 959 4293 divini
1000 4228 1309 4308 suppositi
1335 4247 1451 4308 per
1474 4229 1929 4292 humanitatem
1961 4247 2110 4309 ope·-

546 4324 761 4388 rantis.
789 4325 863 4385 In
887 4341 967 4386 eo
1008 4328 1221 4386 autem
1242 4340 1419 4398 casu,
1440 4340 1563 4386 nec
1592 4322 1727 4386 sola
1752 4322 2110 4386 humanitas

548 4423 878 4500 operatur,
892 4433 1013 4483 nec
1040 4415 1319 4479 divinum
1344 4416 1741 4496 suppositum
1770 4435 1885 4496 per
1908 4418 2102 4494 illam,

546 4529 687 4576 cum
704 4511 845 4591 jam
870 4525 998 4572 uon
1028 4509 1107 4570 ait
1131 4508 1220 4573 1111
1244 4509 1515 4582 unitum,
1544 4509 1655 4572 sed
1675 4509 1852 4572 >aliud
1876 4529 2106 4591 suppo·

546 4606 736 4668 situm
765 4603 1115 4684 proprium,
1138 4602 1207 4664 in
1230 4620 1355 4681 quo
1384 4619 1647 4665 8888888
1684 4608 1782 4664 881
1806 4611 1877 4666 ut
1900 4604 1970 4664 in
1999 4604 2104 4665 tali

545 4697 799 4780 inamati
818 4695 1328 4774 humanitasjam
1346 4695 1663 4758 subsistat.
1688 4696 1816 4758 Nisi
1837 4696 2104 4760 fortasse

546 4793 791 4857 dicatur
818 4792 1281 4855 humanitatem
1302 4790 1477 4852 illam
1503 4792 1677 4870 prius
1710 4799 1933 4867 natura
1959 4810 2104 4872 pec

546 4904 717 4963 care,
749 4890 813 4948 et
858 4885 1005 4948 ideo
1049 4886 1117 4947 in
1169 4883 1396 4948 eodem
1439 4885 1697 4947 instanti
1740 4886 2024 4966 separari
2067 4904 2111 4946 a

545 4979 774 5053 Verba,
800 4977 971 5059 quod
996 4979 1203 5042 statim
1229 4977 1635 5058 prohabimus
1658 4979 2106 5058 8888181118εεί-

545 5072 690 5138 bile.
720 5072 836 5135 Vel
857 5071 1160 5154 ‚intelligit
1186 5069 1425 5134 Marsil.
1450 5072 1929 5148 humanitatem,
1961 5089 2106 5135 con-

545 5175 787 5232 servata
821 5168 1056 5230 unione
1082 5166 1165 5228 ad
1192 5165 1489 5240 Verbum,
1518 5185 1703 5246 posse
1728 5185 2022 5246 peccare,
2043 5171 2106 5232 et

546 5261 959 5326 nihilominus
998 5259 1171 5322 iilam
1196 5261 1627 5340 operationem
1664 5279 1793 5322 non
1823 5279 1964 5324 8888
1989 5261 2106 5324 hu·

536 5357 647 5436 jus
674 5356 949 5418 hominio
964 5360 1041 5417 et
1068 5353 1278 5428 Verbi,
1300 5371 1495 5434 quiem
1520 5371 1781 5418 sensum
1805 5355 1945 5436 ipse
1970 5371 2106 5417 ma-

544 5452 643 5531 gis
668 5451 923 5514 indicat.
956 5449 1081 5512 Sed
1104 5455 1199 5513 est
1232 5447 1626 5525 falsissimus,
1656 5455 1717 5512 et
1754 5449 1917 5528 sapit
1944 5449 2101 5511 Nes-

1792 299 2026 364 QuAEsT.
2063 298 2170 354 XV.
2201 301 2404 356 Amic.
2440 303 2505 356 11.

2190 404 2420 466 terium
2450 422 2464 465 ε
2499 420 2646 466 nam
2674 403 2794 465 hoc
2835 407 2934 465 881
2957 402 3382 484 multiplicare
3405 410 3691 487 supposita.

2188 497 2428 558 Deinde
2459 496 2682 559 eadem
2726 497 2970 558 ratione
3007 497 3188 557 nulla
3218 498 3427 576 passio
3463 501 3554 560 vel
3585 519 3696 581 ope—

2185 589 2350 653 ratio
2395 590 2801 654 humanitatis
2847 594 3014 651 esset
3059 591 3196 652 Deo
3239 597 3354 651 aut
3395 593 3582 656 Verbo
3621 597 3698 656 tri-

2187 681 2476 761 buenda3
2506 701 2676 758 nam,
2727 701 2872 746 cum
2908 684 3044 763 ipse
3095 684 3190 744 ait
3229 688 3550 763 peccatum
3585 688 3698 751 illud

2187 793 2317 838 non
2345 777 2532 839 tribui
2560 779 2724 853 Deo,
2751 777 2900 856 quia
2929 780 3254 858 repugnat
3281 777 3422 856 ipsi,
3451 779 3541 839 vel
3565 782 3700 843 intel·

2187 869 2324 950 ligit
2349 871 2500 948 quia
2533 877 2846 952 repugnat
2873 872 3028 945 Deo,
3069 877 3140 932 ut
3181 869 3358 932 Deus
3387 877 3498 946 est,
3528 879 3583 933 et
3615 876 3699 937 hac

2187 964 2430 1026 ratione
2473 983 2598 1027 nec
2643 983 2816 1026 mors
2863 971 3031 1028 esset
3081 964 3178 1024 ini
3235 963 3585 1038 tribuenda;
3629 971 3700 1030 vel

2191 1059 2340 1137 quia
2379 1065 2690 1138 repugnat
2733 1060 2864 1121 Deo
2907 1057 2974 1119 in
3023 1064 3358 1138 assumpta
3403 1063 3622 1136 natura,
3658 1069 3701 1124 et

2189 1149 2312 1212 hoc
2355 1159 2450 1214 est
2475 1152 2685 1214 dicere
2700 1195 2722 1228 ,
2749 1155 3106 1232 repugnare
3135 1151 3264 1232 ipsi
3291 1157 3526 1214 naturae
3559 1155 3698 1216 unite

2188 1245 2346 1320 Deo,
2377 1251 2442 1306 et
2474 1246 2594 1307 hoc
2621 1245 3027 1307 intendimus,

2271 1339 2332 1398 7.
2363 1337 2576 1401 Dima
2611 1340 2804 1402 Deum
2829 1355 3093 1418 peccaro,
3123 1355 3479 1420 quacunque
3498 1359 3698 1421 promo

2187 1430 2424 1496 rabiem
2473 1433 2738 1507 dnum,
2765 1433 3283 1498 absurdissimum
3327 1440 3439 1497 est.
3463 1465 3540 1480 -·
3557 1434 3702 1516 Sepe-

2189 1526 2348 1588 n'ori
2371 1525 2716 1608 imputatur
2759 1525 2919 1605 quod
2939 1525 3214 1602 infor-ior
3257 1533 3482 1605 peceat,
3511 1529 3579 1598 ri,
3605 1546 3700 1590 eum

2186 1616 2403 1702 possit,
2432 1619 2689 1698 88911911
2715 1619 3491 1698 πωπω-0888188181·
3515 1620 3702 1680 Duran-

2189 1713 2310 1775 dus
2327 1729 2458 1772 non
2477 1718 2692 1774 censet
2707 1711 3160 1773 inconveniens
3187 1711 3536 1774 concedere
3553 1713 3696 1773 Deum

2187 1823 2476 1885 peccare,
2503 1821 2622 1884 per
2670 1804 3315 1868 communicationem
3363 1804 3698 1876 idiomatum,

2189 1899 2338 1978 quia
2377 1915 2510 1959 non
2549 1899 2796 1974 minus,
2825 1899 3058 1978 iuquit,
3090 1900 3230 1960 Deo
3275 1898 3429 1976 (qui
3459 1898 3572 1960 vita
3602 1898 3697 1977 ipsa

2191 1993 2310 2070 est)
2330 1998 2649 2072 repugnat
2657 2009 2849 2067 mors,
2866 2007 3060 2069 quam
3081 1992 3318 2053 divinae
3333 1991 3586 2052 bonitati
3604 2007 3698 2050 ma-

2189 2085 2358 2157 litim
2393 2086 2619 2162 sed,ea
2645 2086 3066 2166 repugnantia
3089 2103 3228 2147 non
3255 2085 3562 2158 obstante,
3575 2085 3698 2145 Deus

2191 2178 2418 2240 dicitur
2443 2179 2602 2240 mori
2631 2179 2698 2238 in
2725 2183 3050 2258 assumpta
3079 2178 3567 2257 natura;quidni
3587 2193 3698 2255 ergo

2191 2271 2316 2334 dici
2343 2272 2575 2352 poterit
2609 2289 2868 2352 peccare
2889 2277 2917 2335 ἲ
2945 2273 3068 2334 Sed
3096 2273 3238 2335 hoec
3261 2273 3581 2353 responsio
3601 2273 3696 2350 pias
3790 2324 3800 2347 ,

2192 2367 2474 2426 omnium
2502 2366 2964 2446 Theologorum
2985 2383 3172 2428 aures
3203 2367 3494 2428 offendit.
3519 2363 3693 2436 Primo,
3790 2350 3803 2446 lf

2191 2461 2342 2538 quia
2395 2458 2916 2522 absurdissimum
2963 2465 3190 2538 putant
3213 2459 3235 2543 (
3251 2462 3442 2522 etiam
3487 2477 3590 2540 per
3625 2475 3696 2518 so·

2189 2555 2320 2616 lam
2332 2555 2964 2616 communicationem
2988 2555 3396 2634 idiomatum)
3409 2553 3694 2617 concedere

2188 2648 2391 2709 Deum
2429 2665 2732 2727 peccare3
2762 2647 2908 2727 quia
2935 2649 3108 2728 quod
3135 2650 3446 2730 perhanc
3475 2663 3694 2709 commu-

2189 2739 2568 2802 nicationem
2617 2740 2698 2802 de
2745 2739 2880 2803 Deo
2923 2741 3169 2816 dicitur,
3203 2741 3506 2822 peculiari
3553 2737 3690 2798 modo

2190 2833 2272 2894 ab
2319 2833 2458 2913 ipso
2517 2835 2880 2910 assumitur,
2919 2842 2983 2896 et
3019 2836 3436 2915 approbatur,
3465 2839 3521 2894 et
3561 2828 3690 2910 quasi

2189 2926 2556 3000 deificatum
2595 2933 2909 3006 repugnat
2935 2934 3149 2989 autem
3205 2928 3474 2990 bonitati
3519 2924 3690 2987 divine

2189 3017 2356 3080 hanc
2383 3025 2514 3081 tam
2539 3019 2926 3099 singularem
2965 3021 3348 3101 dignitatem
3379 3020 3566 3098 culpae
3589 3033 3693 3076 con-

2189 3111 2379 3187 ferre,
2405 3129 2544 3191 quae
2575 3113 2938 3193 simpliciter
2979 3115 3146 3177 mala
3171 3122 3313 3188 881;
3343 3114 3410 3175 in
3437 3129 3552 3192 quo
3574 3108 3690 3170 mul-

2198 3211 2330 3266 tum
2381 3205 2594 3267 differt
2618 3225 2656 3266 8
2691 3207 2862 3269 malo
2908 3223 3133 3287 poenas,
3163 3208 3341 3288 quod
3392 3203 3694 3284 simpliciter

2190 3299 2430 3360 bonum
2455 3305 2572 3372 est,
2603 3307 2666 3360 et
2701 3299 2846 3362 ideo
2871 3304 3077 3379 potest
3103 3309 3278 3365 recto
3325 3299 3516 3361 amari
3541 3303 3594 3358 et
3617 3313 3688 3354 as·

2193 3391 2381 3469 sumi,
2405 3391 2563 3454 sicut
2583 3411 2624 3452 a
2648 3393 2890 3454 01111818
2905 3394 3168 3456 Domino
3187 3399 3574 3473 assumptum
3592 3389 3689 3458 fuit,

2193 3491 2256 3546 et
2271 3503 2385 3564 per
2405 3486 2898 3565 assumptionem
2917 3486 3295 3555 honoratum
3321 3495 3385 3550 et
3411 3483 3575 3566 quasi
3597 3479 3692 3541 dei·

2191 3579 2470 3640 ficetum.
2489 3579 2804 3655 Secundo,
2822 3597 2950 3642 non
2969 3581 3172 3642 solum
3191 3583 3476 3662 sequitur
3495 3593 3564 3638 ex
3587 3589 3694 3635 con·

2190 3672 2380 3734 traria
2407 3672 2718 3735 sententia
2745 3673 2945 3734 Deum
2969 3691 3086 3753 per
3113 3669 3691 3736 communicationem

2190 3765 2555 3827 idiomatum
2575 3783 2862 3845 peccare,
2891 3768 3005 3828 sed
3035 3768 3229 3830 etiam
3273 3768 3519 3848 eulpam
3544 3766 3598 3822 81
3617 3757 3694 3818 de·

2189 3858 2424 3919 fectum
2451 3859 2518 3919 in
2551 3860 2756 3938 ipsam
2789 3859 3065 3922 divinam
3089 3861 3475 3924 voluntatem
3513 3853 3692 3916 redun-

2189 3951 2384 4029 dare;
2413 3952 2562 4030 quia
2587 3953 2842 4031 quando
2871 3953 3083 4034 plures
3109 3963 3354 4016 naturae
3377 3959 3442 4014 et
3463 3949 3692 4011 volunta·

2188 4050 2284 4108 tes
2333 4045 2626 4108 eamdem
2661 4063 3003 4126 personam
3043 4053 3454 4130 componunt,
3481 4042 3554 4104 ad
3593 4035 3688 4099 offi-

2189 4140 2358 4201 cium
2385 4140 2724 4220 superioris
2747 4142 3090 4206 voluntatis
3110 4147 3360 4224 spectat
3387 4136 3690 4203 inferiorem

2188 4233 2534 4313 appetitum
2578 4251 2692 4295 seu
2718 4235 3100 4297 voluntatem
3129 4237 3194 4297 in
3231 4235 3437 4298 officio
3458 4225 3690 4292 contine-

2187 4346 2281 4403 re,
2315 4333 2506 4407 atque
2543 4327 2628 4389 ad
2665 4328 2733 4389 id
2761 4330 2932 4408 quod
2959 4331 3296 4394 honestum
3319 4335 3412 4393 est
3431 4323 3682 4401 dirigere,

2187 4422 2239 4482 si
2262 4426 2502 4500 potest,
2528 4420 2649 4483 hoc
2675 4422 2864 4502 igitur
2885 4425 3204 4505 negligere
3233 4443 3348 4488 seu
3375 4409 3688 4504 praetermit-

2184 4518 2344 4590 tere,
2371 4515 2652 4578 defectus
2673 4525 2839 4578 esset
2861 4518 3057 4598 ipsius
3081 4519 3418 4600 superioris
3447 4509 3686 4576 volunta-

2185 4609 2285 4670 tis.
2319 4609 2474 4670 Cum
2501 4625 2652 4688 ergo
2681 4617 2908 4673 natura
2929 4609 3145 4674 divina
3161 4616 3226 4675 et
3247 4614 3512 4674 humana
3539 4611 3685 4664 unam

2185 4719 2522 4783 personam
2544 4703 2770 4765 Christi
2797 4712 3202 4784 componant,
3225 4707 3310 4769 ad
3327 4705 3582 4767 divinam
3601 4706 3684 4752 vo-

2184 4795 2512 4871 laxitatem,
2544 4812 2684 4874 quse
2705 4813 3001 4876 suprema
3019 4806 3137 4875 est,
3169 4807 3233 4861 et
3253 4800 3455 4880 potest
3476 4785 3683 4852 inferio-

2185 4905 2344 4966 rem,
2365 4888 2620 4964 scilicet,
2651 4889 2996 4952 humanam
3035 4893 3119 4955 ita
3153 4893 3442 4974 dirigere,
3466 4889 3526 4945 ut
3555 4891 3682 4940 sem-

2183 4998 2300 5061 per
2339 4988 2403 5044 et
2446 4982 2586 5044 siae
2627 4981 2878 5047 defectu
2910 4985 3194 5048 honeste
3187 4989 3500 5066 operetur,
3527 4967 3680 5054 perti-

2185 5071 2299 5137 net
2317 5075 2436 5137 1188
2465 5091 2700 5139 munus
2727 5086 3045 5158 praestare,
3066 5085 3148 5142 et
3177 5082 3282 5143 ad·
3299 5069 3676 5142 rectitudinem

2186 5170 2324 5248 ejus
2367 5176 2610 5248 spectat
2633 5172 2718 5235 ita
2751 5173 3000 5252 facere3
3029 5181 3094 5236 et
3123 5174 3266 5236 ideo
3294 5175 3346 5235 si
3373 5163 3574 5248 aliquis
3599 5154 3678 5216 de·

2183 5262 2422 5324 fectus
2407 5279 2472 5324 m
2495 5263 2618 5326 hoc
2647 5267 3162 5343 committeretur,
3193 5270 3258 5330 in
3307 5267 3468 5330 illam
3493 5252 3674 5321 redun-

2185 5357 2383 5420 daret.

2262 5449 2326 5514 8
2370 5452 2554 5518 Siout
2571 5459 2811 5520 natam
2830 5454 2897 5518 in
2916 5454 3159 5523 obruto
3175 5458 3358 5522 unite
3374 5452 3522 5521 emt,
3543 5433 3672 5506 itaet
