3892 6167
589 390 708 453 134

584 498 707 564 tos,
758 487 916 553 sicut
952 492 1356 569 sensitivam,
1385 492 1562 561 verbi
1612 498 1837 577 gratia,
1867 504 1930 561 et
1969 499 2156 561 ratio-

586 582 732 645 nale
771 586 1246 668 conjunguntur
1270 590 1334 650 in
1361 590 1574 653 anima
1601 591 1883 655 humana
1933 612 2157 656 secun-

589 790 761 849 cam;
789 775 877 837 sic
903 776 1071 837 enim
1099 778 1384 840 naturale
1414 786 1477 841 et
1503 783 1983 861 supernaturale
2010 788 2156 844 sunt

588 866 716 930 duo
742 868 977 949 gradus
997 870 1234 931 entium
1253 888 1411 951 quos
1427 891 1554 937 non
1571 882 1880 957 repugnat
1894 874 2155 956 physice

591 962 889 1043 conjungi
930 964 996 1024 in
1049 964 1272 1027 eadem
1307 967 1567 1029 entitate
1595 1012 1611 1045 ,
1652 986 1761 1029 seu
1807 968 2011 1029 forma
2047 975 2155 1031 aut

589 1056 909 1137 qualitate.
931 1056 1055 1121 Sed
1078 1059 1179 1121 hic
1199 1060 1424 1122 modus
1454 1060 1702 1124 dicendi
1727 1063 1915 1125 etiam
1935 1069 2025 1125 est
2042 1063 2156 1123 im-

586 1151 923 1231 possibilis;
940 1154 1163 1235 primo,
1175 1154 1322 1235 quia
1340 1156 1622 1237 sequitur
1634 1157 1872 1219 nullam
1890 1174 2028 1219 esse
2044 1172 2153 1219 en·

586 1244 830 1309 titatem
861 1252 1135 1309 creatam
1164 1267 1339 1311 mere
1372 1249 1751 1326 naturalem,
1776 1250 1889 1313 sed
1936 1268 2155 1312 neces-

589 1339 756 1401 sario
786 1358 923 1403 esse
951 1358 1067 1423 per
1105 1359 1172 1403 se
1202 1346 1266 1404 et
1294 1342 1706 1405 essentialiter
1735 1344 2042 1406 elevatam
2074 1342 2155 1405 ad

587 1437 1131 1513 supernaturalem
1146 1434 1772 1517 ordinem,quantum
1785 1438 1864 1501 ad
1877 1440 2157 1520 aliquam

585 1526 1124 1609 participationem
1140 1530 1542 1611 porrectionis
1563 1532 1700 1613 ejus
1712 1548 1732 1608 3
1757 1550 2155 1613 consequens

585 1620 834 1683 videtur
847 1622 1031 1684 valde
1047 1622 1276 1685 falsum
1287 1626 1783 1705 ;ergo.Sequela
1796 1631 1989 1706 patet,
2005 1628 2153 1707 quia

587 1716 762 1777 nulla
788 1720 884 1779 est
900 1724 1209 1793 creatura,
1233 1719 1297 1779 in
1315 1736 1442 1799 qua
1469 1737 1596 1781 non
1620 1720 1696 1781 sit
1712 1720 1920 1803 aliqua
1933 1729 2155 1803 poten·

589 1809 677 1873 tia
709 1808 1146 1873 obedientialis
1168 1856 1184 1889 ,
1215 1812 1316 1874 vel
1347 1814 1571 1891 activa,
1607 1816 1708 1877 vel
1733 1816 2004 1897 passiva.
2044 1816 2159 1879 Mi-

591 1922 710 1965 nor
731 1908 942 1967 autem
959 1910 1224 1983 constat,
1240 1912 1372 1968 tum
1401 1924 1478 1969 ex
1502 1908 1822 1973 communi
1845 1910 2157 1973 sententia

593 1996 877 2059 omnium
905 1998 1367 2079 Theologorum
1394 2046 1412 2076 ,
1448 2006 1584 2063 tum
1615 2002 1804 2065 etiam
1835 2004 1984 2081 quia
2012 2022 2157 2083 gra·

590 2090 709 2153 dus
741 2098 982 2153 naturae
1009 2092 1266 2155 inferior
1308 2096 1402 2156 est
1448 2100 1512 2157 et
1557 2094 1796 2172 finituS,
1828 2104 1889 2159 et
1937 2116 2157 2161 conse-

590 2191 857 2265 quenter
885 2204 962 2249 ex
981 2203 1048 2247 se
1068 2186 1371 2249 limitatus
1391 2188 1473 2251 ad
1493 2190 1816 2271 proprium
1844 2190 2153 2253 ordinem.

589 2278 906 2356 Secundo,
932 2278 1078 2359 quia
1098 2298 1176 2341 ex
1192 2278 1298 2343 illa
1316 2280 1570 2344 fictione
1601 2285 1886 2364 sequitur
1916 2284 2159 2346 nullam

587 2372 859 2435 formam
899 2372 1256 2437 naturalem
1286 2375 1490 2439 solum
1525 2394 1716 2459 agere
1745 2384 1818 2442 ιιι
1852 2378 2157 2440 naturalis

591 2472 706 2543 est,
749 2465 865 2528 sed
893 2468 1080 2529 etiam
1119 2471 1190 2529 ut
1231 2473 1328 2531 est
1369 2472 1904 2551 supernaturalis;
1938 2490 2157 2534 conse-

589 2579 794 2643 quens
831 2566 927 2623 est
959 2562 1342 2638 absurdum3
1373 2582 1545 2645 ergo.
1575 2566 1844 2645 Sequela
1872 2566 2159 2629 declara·

589 2662 712 2731 tur,
739 2656 910 2735 quia,
933 2657 988 2717 si
1015 2658 1215 2733 calor,
1242 2658 1417 2719 verbi
1449 2658 1675 2739 gratia,
1703 2665 1798 2723 est
1824 2660 2155 2736 naturalis„

591 2753 904 2829 quatenus
931 2754 1028 2811 est
1069 2750 1472 2830 productivus
1499 2752 1750 2829 caloriS,
1777 2760 1839 2817 et
1875 2754 2157 2835 potentia

593 2841 1110 2923 supernaturaliS,
1140 2848 1454 2924 quatenus
1475 2852 1570 2909 est
1593 2846 1998 2927 productivus
2020 2866 2158 2929 gra-

594 2936 718 3012 tiae,
735 2954 886 3016 ergo
907 2938 1160 3016 quando
1181 2938 1468 3018 producit
1498 2940 1689 3002 alium
1707 2942 2004 3019 calorem,
2030 2960 2160 3005 non

594 3028 799 3091 solum
827 3030 1116 3113 producit
1144 3030 1208 3092 in
1241 3032 1346 3093 illo
1376 3035 1502 3094 vim
1528 3033 1920 3115 producendi
1964 3036 2159 3098 alium

595 3122 892 3203 calorem,
921 3124 1035 3187 sed
1060 3126 1248 3187 etiam
1279 3124 1407 3187 vim
1431 3126 1820 3209 producendi
1855 3132 2157 3211 gratiam;

598 3234 750 3297 ergo
781 3236 910 3280 non
937 3219 1139 3280 solum
1181 3218 1472 3299 producit
1495 3219 1564 3282 id
1592 3220 1762 3301 quod
1788 3226 1880 3285 est
1909 3227 2162 3286 natura-

597 3310 682 3389 le,
712 3312 823 3374 sed
846 3312 1034 3375 etiam
1057 3314 1120 3375 id
1150 3313 1321 3395 quod
1350 3320 1446 3379 est
1475 3318 1984 3397 supernaturale3
2010 3334 2159 3399 ergo

596 3422 724 3467 non
755 3406 957 3469 solum
995 3408 1124 3489 agit
1164 3414 1232 3471 ut
1269 3407 1649 3491 principium
1687 3412 2011 3487 naturale,
2048 3412 2161 3475 sed

597 3498 786 3561 etiam
813 3508 881 3563 ut
905 3502 1278 3583 principium
1311 3504 1828 3585 supernaturale,
1868 3505 2161 3587 quando-

596 3594 854 3675 quidem
879 3598 1008 3676 agit
1041 3598 1566 3660 communicando
1598 3599 1835 3679 aliquid
1863 3620 2161 3682 superna-

599 3690 822 3752 turale.
853 3690 1116 3755 Falsitas
1155 3698 1369 3755 autem
1421 3694 1867 3775 consequentis
1913 3696 2163 3758 videtur

601 3782 931 3847 manifesta
957 3804 972 3860 ;
1003 3803 1154 3846 nam
1175 3783 1321 3847 inde
1343 3786 1628 3867 sequitur
1654 3788 1809 3848 nihil
1833 3808 2019 3869 posse
2048 3808 2163 3852 na·

605 3882 807 3941 turam
831 3898 1020 3960 agere
1051 3900 1194 3943 cum
1222 3882 1356 3944 solo
1386 3900 1698 3945 concursu
1727 3884 1998 3945 naturali
2027 3884 2160 3945 sine

603 3972 812 4053 aliquo
841 3976 1318 4055 supernaturali,
1349 3978 1521 4057 quod
1546 3984 1639 4039 est
1659 3976 2045 4039 confundere
2067 3996 2161 4039 or-

601 4064 813 4129 dinem
843 4075 1083 4132 naturae
1114 4087 1256 4131 cum
1287 4068 1503 4133 ordine
1534 4071 1767 4150 gratioe.

681 4162 785 4225 69.
827 4162 1070 4241 Tertio,
1101 4180 1250 4225 nam
1287 4162 1538 4245 quando
1583 4164 1815 4245 gradus
1863 4182 1977 4227 seu
2008 4166 2161 4229 ordo

602 4256 1098 4335 supernaturalis
1152 4256 1377 4319 dicitur
1421 4256 1720 4337 conjungi
1767 4276 1912 4319 cum
1960 4261 2162 4341 gradu

601 4350 873 4411 naturali
913 4351 980 4412 in
1021 4350 1243 4413 eadem
1287 4350 1540 4413 entitate
1585 4350 1844 4433 physice
1888 4352 2164 4415 indivisi·

601 4440 736 4518 bili,
769 4440 1083 4523 interrogo
1115 4460 1240 4523 quo
1281 4441 1470 4504 modo
1497 4444 1600 4504 vel
1630 4462 1754 4523 qua
1787 4444 2029 4506 ratione
2059 4444 2162 4508 ille

605 4535 839 4616 gradus
869 4541 976 4597 aut
1002 4536 1228 4599 entitas
1254 4536 1358 4599 illa
1382 4536 1728 4599 secundum
1756 4554 1951 4599 unam
1977 4538 2164 4601 ratio-

602 4644 751 4691 nem
785 4630 1278 4709 supernaturalis
1306 4628 1577 4693 dicatur:
1609 4636 1717 4693 aut
1742 4631 1910 4692 enim
1937 4630 2165 4695 dicitur

599 4722 1093 4803 supernaturalis
1120 4724 1441 4802 absolute,
1478 4726 1625 4805 quia
1667 4724 1818 4786 nulli
1858 4732 2161 4789 creaturae

603 4822 696 4878 est
739 4815 1080 4897 naturalis3
1116 4824 1226 4881 aut
1273 4820 1617 4899 respective
1643 4868 1658 4895 ,
1691 4818 1965 4897 scilicet,
2014 4820 2163 4901 quia

602 4916 697 4973 est
726 4928 918 4991 supra
954 4918 1243 4974 naturam
1289 4910 1454 4973 illius
1503 4912 1780 4974 entitatis
1825 4911 1926 4973 cui
1969 4912 2155 4975 inest.

607 5000 740 5067 Hoc
769 5004 1116 5067 secundum
1139 5003 1264 5067 dici
1289 5024 1417 5068 non
1445 5010 1675 5085 potest,
1699 5004 1844 5085 quia
1872 5004 2043 5084 quod
2068 5012 2163 5070 est

607 5098 686 5161 de
717 5099 988 5163 essentia
1014 5100 1447 5181 alicujus,non
1481 5105 1684 5180 potest
1713 5098 1832 5161 dici
1861 5118 2160 5181 superna-

598 5190 804 5255 turale
833 5194 944 5257 ini.
971 5196 1127 5255 Item
1159 5192 1332 5273 quia,
1360 5192 1612 5273 quando
1641 5192 1873 5275 gradus
1898 5194 2159 5256 inferior

597 5294 661 5348 et
694 5288 980 5367 superior
1019 5287 1488 5367 conjunguntur
1529 5288 1594 5349 in
1629 5287 1853 5350 eadem
1897 5288 2155 5350 entitate

595 5378 987 5459 indivisibili,
1015 5386 1282 5461 uterque
1313 5386 1408 5443 est
1435 5379 1740 5443 naturalis
1769 5380 1858 5442 illi
1887 5380 2151 5458 entitati,

595 5482 667 5539 ut
715 5474 947 5556 gradus
991 5476 1322 5539 sensitivus
1373 5481 1434 5538 et
1483 5475 1807 5537 rationalis
1850 5476 1912 5537 in
1941 5476 2154 5537 anima

587 5566 889 5631 humana.
919 5568 994 5632 Et
1019 5566 1166 5631 hinc
1194 5587 1232 5631 a
1272 5567 1511 5633 fortiori
1541 5568 1854 5649 colligitur
1875 5586 1997 5633 nec
2025 5568 2153 5648 pri-

1819 404 2055 471 QUAEST.
2089 401 2219 460 1111.
2254 404 2453 461 Alme.
2490 404 2574 461 w.

2234 514 2411 560 mum
2446 496 2567 561 dici
2592 514 2779 579 posse
2800 546 2816 575 ,
2844 498 3013 579 quia,
3048 500 3219 579 quod
3251 502 3425 568 alicui
3450 514 3695 587 creature,

2234 596 2363 655 tam
2394 592 2723 669 accidenti,
2750 612 2939 674 quam
2967 595 3366 675 substantiae,
3406 610 3581 681 potest
3604 622 3697 667 esse

2237 687 2678 762 connaturale,
2723 706 2852 749 non
2900 694 3107 769 potest
3152 690 3274 753 dici
3317 696 3698 775 supernaturale

2236 781 2553 857 absolute3
2591 781 2742 844 illud
2791 784 2959 845 enim
2992 782 3221 847 dicitur
3256 786 3517 852 absolute
3546 808 3699 870 super·
3777 837 3783 846 .

2234 874 2547 952 naturale,
2591 874 2763 957 quod
2810 894 2940 938 non
2988 884 3233 941 tantum
3275 890 3538 961 respectu
3568 884 3699 966 hujus
3772 903 3782 980 ;

2234 970 2334 1033 vel
2373 970 2539 1033 illius
2578 974 2902 1046 creaturoe,
2934 970 3048 1033 sed
3085 972 3457 1053 simpliciter,
3484 986 3701 1058 respectu
3781 1035 3783 1048 .

2236 1064 2517 1125 omnium
2547 1062 2774 1143 quibus
2806 1062 3013 1126 inesse
3042 1070 3285 1145 potest,
3318 1072 3700 1148 supernaturale
3783 1101 3785 1156 ι

2234 1162 2350 1219 est.
2396 1158 2471 1221 Et
2516 1156 2657 1219 ideo
2688 1156 3246 1220 contradictionem
3296 1159 3529 1225 involvit
3558 1162 3701 1229 dicere
3779 1181 3785 1226 :

2234 1250 2497 1331 gradum
2530 1251 3074 1333 supernaturalem
3099 1250 3383 1316 absolute
3410 1254 3537 1317 etin
3557 1276 3703 1320 essen·
3779 1246 3790 1311 ’ἓ

2234 1344 2322 1407 tia
2370 1360 2483 1405 sua
2524 1361 2706 1424 posse
2736 1344 3018 1406 contrahi
3041 1391 3056 1420 ,
3090 1350 3154 1407 et
3189 1345 3275 1409 ita
3310 1346 3574 1431 conjungi
3609 1370 3703 1413 mm
3788 1344 3790 1380 ἐ

2234 1436 2506 1499 naturali
2537 1438 2759 1519 gradu,
2796 1444 2867 1500 ut
2896 1438 2975 1500 sit
3011 1440 3451 1517 connaturaliS,
3483 1450 3537 1505 et
3560 1463 3705 1507 essen·

2236 1532 2397 1593 tialis
2438 1532 2557 1613 ipsi
2614 1532 2851 1595 entitati
2900 1532 3196 1594 naturali.
3238 1532 3314 1595 Et
3348 1542 3575 1616 propter
3592 1538 3705 1600 hanc
3783 1574 3784 1599 ι

2236 1642 2525 1701 causam,
2558 1625 2723 1687 inter
2752 1626 2945 1701 alias,
2982 1632 3295 1706 repugnat
3336 1628 3461 1689 dari
3498 1628 3706 1691 substan·
3783 1620 3785 1661 ῗ

2235 1718 2388 1781 tiam
2417 1719 2956 1799 supernaturalem
2982 1724 3285 1783 creatam.
3310 1720 3480 1784 Dices
3514 1724 3601 1784 :in
3622 1724 3705 1785 Deo

2239 1813 2707 1895 conjunguntur
2722 1810 2845 1873 illae
2867 1813 3009 1874 duoe
3030 1812 3331 1891 rationes»,
3357 1830 3494 1875 nam
3518 1822 3595 1876 est
3612 1832 3707 1876 auc·

2238 1910 2336 1967 tor
2360 1905 2662 1967 naturalis
2694 1912 2756 1968 et
2788 1908 3309 1987 supernaturalis„
3342 1910 3400 1971 et
3422 1906 3558 1970 illud
3578 1906 3706 1969 habet

2236 2016 2353 2083 per
2374 2001 2497 2061 vim
2528 2000 2883 2061 naturalem
2906 2045 2922 2074 ,
2954 2000 3076 2063 hoc
3100 2016 3253 2063 vero
3286 2018 3396 2081 per
3428 2006 3708 2081 supernatu-
3773 1998 3783 2059 -ζ

2238 2093 2459 2155 ralem.
2494 2092 2933 2173 Respondetur
2958 2094 3165 2174 primo
3179 2140 3201 2171 ,
3250 2092 3385 2156 sine
3411 2112 3575 2157 causa
3604 2094 3709 2154 sumi

2240 2192 2681 2266 argumentum
2712 2202 2790 2248 ex
2824 2186 2955 2249 Deo
2977 2234 2993 2262 ,
3018 2186 3203 2267 cujus
3232 2188 3492 2250 essentia
3522 2204 3624 2249 non
3642 2204 3711 2265 pe

2238 2286 2363 2343 test
2389 2296 2641 2360 semper
2673 2280 2903 2342 imitari
2930 2298 2967 2343 a
2998 2286 3311 2343 creatura.
3340 2280 3583 2357 Deinde,
3604 2278 3709 2341 side

2236 2376 2368 2436 Deo
2390 2372 2735 2435 secundum
2764 2390 2833 2435 se
2860 2375 3221 2454 loquamur,
3245 2392 3459 2437 revera
3475 2372 3603 2435 nihil
3618 2388 3708 2434 esse

2236 2469 2443 2549 potest
2491 2466 2553 2527 in
2604 2465 2707 2527 illo
2758 2468 3281 2548 supernaturale3
3324 2469 3452 2549 ipsa
3482 2468 3620 2529 enim
3653 2465 3708 2524 vis

2236 2560 2625 2643 producendi
2654 2562 2939 2641 gratiam,
2962 2562 3063 2623 vel
3082 2560 3357 2625 faciendi
3376 2560 3632 2622 miracula
3652 2563 3709 2618 est

2236 2656 2325 2718 illi
2358 2658 2627 2719 maxime
2658 2657 2988 2734 naturalis,
3019 2648 3377 2738 appellatur
3402 2674 3537 2721 vero
3560 2668 3710 2735 super·

2238 2750 2545 2813 naturalis
2596 2752 2801 2813 solum
2856 2750 3373 2815 denominatione
3412 2750 3707 2813 extrinseca,
3781 2775 3788 2783 ·

2242 2845 2387 2927 quia
2416 2850 2510 2907 est
2539 2844 2903 2926 productiva
2931 2844 3197 2926 alicujus
3230 2846 3358 2924 rei,
3402 2862 3531 2925 quse
3556 2848 3628 2905 est
3648 2858 3709 2902 su·

2240 2939 2659 3023 pernaturalis
2674 2944 3013 3015 creaturae,
3036 2940 3137 3003 vel
3165 2942 3312 3022 quia
3336 2940 3470 3004 talis
3492 2936 3709 3019 perfectio

2244 3038 2339 3095 est
2374 3034 2629 3096 omnino
2670 3052 2859 3116 supra
2896 3041 3194 3097 naturam
3225 3035 3387 3098 entis
3414 3032 3609 3106 creati,
3632 3044 3710 3107 quo

2243 3144 2433 3189 sensu
2487 3129 2674 3190 etiam
2723 3130 2816 3191 vis
2868 3128 3163 3204 creandi,
3214 3126 3547 3192 secundum
3585 3138 3711 3201 quam
3781 3149 3794 3183 ι

2240 3222 2409 3283 Deus
2433 3220 2663 3284 dicitur
2684 3222 2988 3284 naturalis
3017 3227 3260 3301 auctor,
3292 3228 3384 3283 est
3404 3220 3635 3282 maxime
3650 3230 3714 3274 su-

2240 3316 2677 3395 pernaturalis,
2710 3334 2839 3377 non
2862 3318 3011 3391 De0,
3035 3316 3148 3378 sed
3181 3322 3501 3379 creaturae.
3528 3314 3638 3374 Non
3658 3312 3717 3367 est

2243 3426 2393 3489 ergo
2424 3410 2626 3471 simile
2656 3409 2824 3489 quod
2854 3408 2931 3472 de
2946 3410 3078 3472 Deo
3102 3408 3383 3486 affertur,
3418 3406 3551 3489 quia
3571 3406 3620 3465 in
3636 3402 3717 3461 Deo
3787 3394 3789 3404 ²

2242 3504 2588 3565 secundum
2622 3522 2688 3565 se
2726 3520 2859 3564 non
2914 3508 3008 3566 est
3056 3502 3373 3567 distinctio
3416 3496 3668 3564 naturalis
3684 3498 3721 3552 el

2243 3598 2735 3678 supernaturalis
2763 3598 3111 3659 secundum
3141 3598 3376 3678 gradus
3393 3643 3408 3672 ,
3432 3612 3540 3656 nec
3564 3604 3721 3653 secun·
3789 3591 3794 3605 “

2244 3692 2396 3752 dum
2435 3692 2968 3772 comparationem
3006 3689 3417 3754 intrinsecam
3460 3686 3534 3750 ad
3578 3686 3720 3764 ipsum

2246 3786 2483 3863 Deum;
2522 3786 2588 3845 in
2638 3785 2940 3847 creaturis
2990 3798 3142 3847 vero
3194 3784 3632 3865 distinguuntur
3668 3770 3721 3833 illi

2245 3877 2479 3958 gradus
2519 3884 2583 3940 et
2607 3878 2884 3956 ordineS,
2920 3885 2984 3941 et
3014 3878 3102 3942 ita
3130 3878 3265 3954 ille,
3300 3876 3405 3959 qui
3432 3867 3722 3955 supernatu-

2242 3972 2391 4033 ralis
2422 3972 2667 4045 dicitur,
2690 3972 2831 4033 talis
2862 3978 2958 4035 est
2982 3990 3099 4054 per
3124 3973 3521 4035 intrinsecam
3544 3976 3721 4039 compa·

2242 4066 2551 4128 rationem
2596 4063 2677 4127 ad
2721 4066 2989 4147 gradum
3025 4070 3307 4143 naturae,
3340 4076 3449 4127 seu
3476 4058 3719 4124 entitatem
3792 4060 3794 4063 ⁴

2242 4160 2625 4236 naturalem3
2654 4166 2716 4222 et
2736 4160 2879 4224 ideo
2908 4158 3044 4223 fieri
3074 4178 3201 4222 non
3230 4162 3435 4242 potest
3452 4156 3588 4220 utin
3607 4164 3721 4213 crea·
3792 4180 3794 4183 <

2243 4255 2395 4317 turis
2428 4252 2558 4317 haec
2602 4254 2727 4317 duo
2760 4256 3227 4337 conjungantur
3254 4260 3543 4335 tanquam
3572 4256 3723 4309 essen·

2246 4350 2411 4412 tialia
2442 4350 2647 4412 eidem
2677 4350 2939 4413 entitati.

2324 4446 2424 4507 70.
2464 4442 2719 4518 Quart0,
2748 4444 2895 4523 quia
2919 4444 3037 4505 illae
3066 4442 3206 4505 duae
3234 4443 3503 4506 rationes
3540 4449 3633 4498 seu
3662 4444 3725 4489 or·
3792 4458 3794 4527 ᾗ

2245 4534 2422 4598 dines
2452 4536 2754 4599 naturalis
2780 4542 2842 4599 et
2865 4538 3363 4618 supernaturalis
3390 4532 3618 4616 gradus,
3640 4536 3727 4585 non
3792 4540 3794 4575 ³

2242 4636 2506 4713 possunt
2542 4630 2609 4693 in
2655 4630 2945 4693 eamdem
2986 4632 3310 4693 entitatem
3345 4628 3657 4693 coalescere
3686 4620 3727 4675 et
3791 4622 3794 4667 ³

2245 4723 2577 4787 convenire
2623 4731 2926 4805 tanquam
2973 4724 3111 4786 duoe
3146 4724 3423 4787 rationes
3450 4714 3726 4793 adaequatae

2245 4821 2307 4879 et
2346 4818 2781 4879 convertibiles
2812 4818 2977 4880 inter
3014 4834 3122 4894 se3
3164 4833 3373 4899 neque
3414 4814 3587 4879 etiam
3628 4806 3727 4866 tan-

2242 4928 2429 4991 quam
2461 4910 2694 4991 gradus
2736 4910 3022 4993 superior
3056 4918 3118 4975 et
3154 4910 3409 4974 inferior
3422 4933 3440 4988 ς
3476 4892 3725 4988 quomodO

2245 5022 2393 5084 ergo
2425 5006 2922 5091 conjungentur?
2938 5004 3136 5087 Major
3155 5010 3326 5087 patet
3354 5005 3541 5087 primo
3565 4990 3727 5058 induc-

2240 5098 2437 5177 tione,
2457 5099 2604 5180 quia
2630 5099 2697 5159 in
2721 5100 3012 5162 omnibus
3042 5100 3179 5162 aliis
3208 5094 3728 5166 rationibus,qun¹1·

2241 5190 2322 5255 do
2389 5192 2619 5275 gradus
2669 5192 2929 5254 inferior
2986 5198 3049 5256 et
3109 5194 3393 5274 superior
3446 5186 3542 5251 illo
3586 5170 3726 5239 m⁰d⁰

2238 5284 2574 5363 uniuntur,
2616 5303 2779 5347 unus
2822 5292 3220 5370 comparatur
3246 5285 3326 5349 ad
3366 5284 3544 5347 alium
3570 5276 3628 5335 11t
3650 5282 3729 5349 ge·

2236 5398 2356 5443 nus
2380 5380 2461 5442 ad
2483 5378 2922 5455 differentiam,
2948 5388 3017 5443 ut
3046 5380 3337 5444 sensibile
3356 5378 3434 5440 ad
3455 5360 3725 5437 rationale,

2236 5479 2298 5537 et
2330 5474 2545 5535 vivens
2593 5474 2673 5536 ad
2713 5472 3040 5553 sensibile,
3075 5480 3233 5551 etc.;
3273 5480 3333 5536 et
3366 5472 3655 5565 nunqutss}¹
3678 5466 3726 5511 ⁵0

2234 5566 2471 5631 habent
2491 5574 2561 5630 ut
2579 5566 2717 5633 duee
2737 5566 3012 5633 rationes
3040 5570 3208 5633 inter
3228 5586 3297 5631 se
3325 5548 3721 5628 convertibsses.

3777 2480 3785 2498 .v
3771 2087 3785 2450 ,ιι--*ιιιυ
