3892 6167
1258 362 1579 421 nispms'r.
1614 362 1830 419 XXXVI.
1862 366 2033 421 SECT.
2067 370 2133 421 11.

159 496 305 545 unam
350 472 745 537 voluntatem,
790 476 913 525 nec
942 461 1081 525 duae
1116 461 1515 541 operationes
1564 460 1631 521 in

158 586 305 633 unam
351 562 747 647 operationem
774 600 791 631 ,
846 556 961 617 sed
1008 556 1264 617 omnino
1326 554 1631 617 distincta

152 668 357 726 manent
388 661 509 719 istae
538 650 975 733 proprietates,
1006 649 1164 710 sicut
1186 649 1337 727 ipsae
1362 654 1629 723 naturoe,

150 756 331 836 quihus
372 745 775 811 mediantibus
808 741 1014 803 solum
1066 741 1371 803 uniuntur
1408 741 1471 803 in
1504 758 1633 803 una

150 862 383 930 persona.
408 844 481 903 At
505 854 651 901 vero
680 843 907 898 natura
946 840 1009 897 et
1035 852 1306 915 persona
1336 832 1633 915 simplici-

148 952 219 1005 ter
240 940 505 999 uniuntur
528 933 593 993 in
620 948 748 991 uno
774 946 913 991 esse
932 972 951 1001 ,
976 928 1125 1007 quia
1150 928 1253 1007 (ut
1276 943 1445 1007 soepe
1474 925 1630 1007 dixi)

148 1031 413 1099 existentia
442 1033 533 1089 est
556 1025 694 1104 ipsa
724 1020 985 1085 actualis
1014 1022 1241 1083 entitas
1268 1020 1387 1097 rei,
1412 1019 1511 1081 vel
1534 1020 1631 1081 in-

144 1130 391 1189 trinsecus
435 1126 605 1181 actus
648 1119 817 1197 ejus3
859 1114 1027 1177 unde
1072 1131 1201 1175 non
1244 1118 1453 1193 potest
1494 1111 1635 1174 fieri

144 1222 255 1283 unio
280 1218 425 1278 inter
450 1215 617 1293 ipsas
648 1210 943 1272 entitates
968 1214 1037 1269 ut
1068 1208 1178 1281 sic,
1216 1208 1369 1287 quin
1394 1206 1505 1269 fiat
1534 1208 1637 1267 in-

143 1326 211 1379 ter
228 1316 343 1393 ipsa
368 1327 521 1383 esse,
552 1314 613 1368 et
638 1306 781 1369 ideo
804 1305 963 1365 sicut
985 1320 1063 1365 ex
1082 1304 1317 1365 unione
1347 1302 1635 1363 substau-

144 1410 239 1473 tiuli
260 1405 495 1468 resultat
520 1400 889 1481 simpliciter
914 1414 1111 1459 unum
1144 1414 1281 1471 ens,
1312 1396 1397 1458 ita
1434 1414 1633 1457 unum

141 1520 263 1573 esse,
282 1518 397 1561 non
428 1495 715 1575 simplex,
742 1492 855 1555 sed
888 1491 1323 1571 compositum.

198 1598 243 1657 5.
284 1592 423 1665 Quid
472 1590 731 1651 senserit
776 1588 858 1649 D.
914 1584 1176 1648 Thomas
1216 1586 1287 1647 da
1312 1580 1631 1649 emittentia

140 1684 474 1751 humanitatis
506 1676 857 1751 Christi,-
876 1678 1063 1741 Juxta
1091 1676 1439 1738 doctrinam
1467 1677 1631 1737 hanc

140 1780 365 1844 existimo
380 1790 561 1855 posse
585 1774 1036 1837 convenienter
1056 1771 1351 1853 explicari
1376 1776 1629 1833 senten·

140 1877 247 1936 tiam
270 1874 331 1931 D.
366 1870 615 1931 Thomas
659 1868 725 1929 in
763 1868 883 1929 hoc
912 1864 1194 1927 articulo.
1248 1862 1454 1926 Primo
1498 1862 1631 1942 qui-

140 1968 261 2037 dem,
300 1963 433 2043 quia
471 1978 802 2040 nunquam
832 1958 969 2039 ipse
998 1958 1247 2033 docuit,
1279 1956 1631 2019 humanita-

140 2068 227 2121 tem
260 2054 457 2117 Christi
486 2053 753 2115 existere
798 2070 915 2133 per
955 2052 1345 2113 existentiam
1388 2051 1631 2111 increa-

138 2162 225 2217 tam
247 2148 449 2225 Verbi,
488 2146 603 2209 sed
641 2148 843 2209 solum
893 2162 1029 2207 esse
1058 2144 1122 2205 in
1167 2144 1403 2207 Christo
1433 2160 1631 2205 unum

138 2266 231 2309 &sse
250 2239 575 2325 personale,
602 2239 778 2323 quod
795 2238 977 2319 juxta
995 2236 1341 2299 doctrinam
1362 2236 1631 2316 positam

138 2338 309 2419 iptime
328 2334 579 2415 intelligi
601 2338 835 2413 potest.
856 2330 1167 2402 Secunde,
1192 2330 1339 2411 quia
1368 2348 1443 2391 ex
1462 2329 1631 2409 prin-

138 2432 263 2511 :ipiis
288 2430 359 2491 ab
382 2428 603 2491 eodem
637 2427 707 2489 D.
740 2424 981 2489 Thoma
1008 2422 1252 2505 positis,
1284 2422 1421 2485 aliis
1448 2423 1627 2498 lociS,

139 2532 295 2604 iperte
320 2520 643 2583 intulimus
668 2524 943 2581 nostram
974 2518 1345 2579 sententiam
1371 2516 1451 2577 de
1475 2516 1630 2577 exis·

138 2618 276 2679 tentia
297 2622 491 2677 creata
520 2611 961 2673 humanitatis.
984 2610 1221 2685 Terti0,
1260 2610 1407 2689 quia
1449 2610 1631 2671 divus

138 2712 341 2771 ihomas
363 2756 377 2783 ,
406 2713 641 2787 quaest.
672 2706 753 2766 de
780 2704 1025 2768 Unione
1066 2702 1247 2765 Verbi
1290 2702 1627 2777 incarnati,

138 2812 211 2865 ut.
236 2804 421 2878 4,l1oc
439 2802 683 2863 diserte
706 2798 944 2875 docuit,
969 2802 1031 2860 et
1057 2814 1383 2877 nunquam
1412 2804 1627 2877 aperte

139 2896 437 2957 retractavit.
470 2893 739 2967 Quarto,
777 2892 925 2973 quia
956 2908 1168 2971 supra,
1198 2909 1263 2971 q.
1302 2892 1343 2953 2
1366 2934 1381 2963 ,
1416 2895 1534 2951 art.
1562 2890 1624 2963 6,

137 2990 185 3049 id
204 2992 252 3063 Ξ,
288 2988 424 3050 dicit
451 2986 921 3047 humanitatem
952 3002 1091 3046 esse
1122 2990 1511 3065 assumptam
1546 2982 1627 3045 ad

136 3100 277 3141 unum
298 3100 447 3157 esse,
472 3099 605 3141 non
636 3082 712 3141 ut
734 3085 829 3141 est
856 3096 995 3141 esse
1016 3084 1283 3153 naturae,
1308 3078 1467 3139 sicut
1492 3094 1628 3141 cor·

136 3196 215 3253 pus
234 3176 547 3235 assumitur
584 3172 667 3235 ad
704 3191 841 3233 esse
872 3172 1125 3245 animae,
1152 3171 1265 3235 sed
1312 3175 1499 3251 prout
1534 3176 1629 3233 est

136 3268 418 3345 :ypostasis
468 3264 575 3327 vel
615 3282 923 3347 persona3
966 3264 1072 3326 ubi
1110 3272 1325 3344 aperte
1354 3263 1629 3343 loquitur

136 3360 183 3421 ie
203 3380 317 3421 esse
339 3360 681 3421 existentiae
708 3366 973 3436 naturae3
996 3357 1084 3421 sic
1106 3358 1275 3421 enim
1303 3357 1529 3419 dicitur
1548 3358 1629 3421 ab

136 3454 301 3515 eodem
338 3474 559 3535 corpus
602 3454 847 3517 assumi
887 3454 971 3516 ad
998 3472 1137 3516 esse
1180 3454 1435 3529 animae,
1469 3458 1498 3515 1
1532 3472 1593 3533 p.
1605 3497 1626 3529 ,

137 3564 165 3625 1.
188 3550 272 3621 76,
297 3554 403 3611 art.
435 3552 491 3610 ¹.
524 3548 782 3623 Quinto,
810 3546 955 3627 quia
982 3548 1229 3627 quoties
1252 3548 1325 3607 D.
1356 3546 1629 3607 Thomas

140 3642 341 3717 oquitur
371 3640 444 3703 de
477 3640 603 3703 hoc
653 3658 785 3701 uno
833 3658 971 3702 esse
1010 3640 1265 3713 Christi,
1315 3638 1489 3701 addit
1516 3638 1629 3700 ali-

137 3734 265 3810 laid,
295 3752 411 3813 quo
439 3753 623 3797 suam
658 3732 1035 3795 sententiam
1061 3733 1285 3796 limitet
1324 3738 1386 3795 et
1433 3732 1630 3813 expli·

136 3832 193 3885 :et
204 3849 219 3900 ;
255 3836 315 3887 ut
344 3828 439 3888 hic
490 3846 749 3908 semper
797 3826 973 3889 addit
1006 3826 1181 3887 illam
1229 3825 1625 3907 particulam,

136 3936 215 3981 isse
240 3922 540 4001 personale
557 3944 587 3995 ;
618 3928 685 3983 et
722 3920 989 3983 similem
1016 3920 1222 3994 addit,
1254 3918 1627 3993 Quodlibeto

136 4012 167 4081 l,
191 4018 286 4075 art.
316 4018 374 4093 33
403 4014 467 4075 in
501 4016 565 4088 3,
590 4014 735 4077 dist.
768 4018 833 4088 5,
857 4032 921 4093 q.
950 4016 1020 4089 2,
1054 4019 1173 4075 art.
1206 4016 1281 4084 2;
1320 4019 1383 4074 et
1412 4030 1625 4091 supra,

137 4122 210 4165 iac
232 4108 265 4167 3
288 4126 375 4185 p.‚
404 4124 467 4187 q.
498 4110 541 4171 9
566 4152 585 4182 ,
618 4114 739 4169 art.
798 4114 857 4181 t,
904 4106 987 4169 ad
1035 4110 1074 4169 3
1100 4152 1117 4179 ‚
1146 4105 1293 4169 dicit
1332 4104 1631 4167 unionem

136 4196 307 4261 hetam
342 4220 475 4263 esse
506 4200 591 4262 ad
622 4202 743 4264 hoc
772 4220 967 4263 unum
1007 4218 1147 4263 esse
1174 4199 1529 4279 personale.
1558 4200 1635 4259 Et

140 4290 267 4367 nfra,
297 4310 352 4373 q.
388 4296 485 4369 49,
526 4300 650 4355 art.
684 4298 741 4370 1,
768 4294 851 4357 ad
879 4296 939 4371 4,
966 4292 1113 4356 dicit
1152 4311 1293 4355 esse
1318 4292 1633 4373 pertinere

136 4384 183 4443 id
207 4388 697 4450 constitutionem
729 4405 1039 4468 personae,
1066 4393 1128 4451 et
1153 4388 1299 4449 ideo
1330 4386 1633 4448 unitatem

136 4492 357 4555 >ersom
381 4481 713 4561 requirere
742 4482 1045 4543 unitatem
1073 4480 1269 4561 ipsius
1302 4497 1436 4543 esse
1466 4494 1635 4541 com-

136 4570 236 4643 >teti
258 4578 313 4633 et
332 4575 685 4653 personalis
699 4590 723 4653 3
752 4592 880 4637 non
907 4592 1056 4657 ergo
1081 4575 1216 4637 sine
1244 4590 1436 4637 causa
1456 4572 1635 4635 divus

136 4662 346 4727 [homas
371 4672 501 4729 tam
544 4674 733 4731 caute
766 4686 1017 4748 semper
1055 4668 1368 4746 loquitur,
1416 4666 1531 4728 sed
1564 4671 1636 4729 ut

140 4758 307 4820 ndicet
334 4762 451 4822 hoc
481 4780 685 4823 uuum
725 4780 861 4823 esse
892 4764 1241 4843 personale,
1270 4780 1399 4823 non
1428 4760 1634 4823 exclu-

136 4844 239 4909 iere
266 4854 655 4917 existentiam
680 4854 875 4935 ipsius
904 4863 1163 4929 naturas,
1194 4872 1333 4933 quae
1361 4854 1441 4917 ad
1471 4872 1635 4915 com·

136 4946 435 5017 ponendum
476 4948 689 5029 ipsum
741 4966 878 5011 esse
924 4948 1111 5011 totius
1152 4966 1435 5029 personis
1487 4966 1639 5009 con-

136 5038 491 5120 tum-it,.quia
521 5044 614 5105 ita
657 5043 869 5105 unitur
910 5044 1271 5123 supposito,
1308 5049 1375 5105 ut
1415 5060 1492 5103 ex
1530 5040 1635 5101 illa

136 5130 311 5193 mione
338 5136 600 5197 resultet
626 5154 823 5197 unum
867 5154 1007 5199 esse
1055 5136 1416 5215 simpliciter
1442 5134 1633 5197 totius

136 5234 363 5295 ¹Jersonce
403 5230 790 5309 compositae.
835 5226 905 5289 In
948 5247 1073 5309 quo
1114 5228 1321 5291 diflert
1346 5226 1633 5289 humani·

136 5332 197 5373 as
242 5318 313 5378 ab
358 5321 807 5397 accidentibuS,
864 5322 1013 5403 quia
1063 5322 1411 5385 accidentia
1460 5320 1633 5383 nullo

137 5408 275 5471 nudo
306 5414 622 5493 pertinent
662 5417 743 5481 ad
788 5416 1291 5481 constitutionem
1318 5430 1631 5498 personae,

136 5502 213 5563 sed
233 5504 557 5571 adveniunt
582 5508 669 5574 illi
692 5510 823 5591 jam
842 5508 1029 5591 plene
1056 5510 1437 5587 constitutoe3
1464 5508 1632 5573 unde

3150 368 3264 429 271

1712 460 1779 523 in
1826 462 1994 525 dicto
2023 461 2394 537 Quodlibeto
2425 463 2512 525 sic
2539 462 2818 543 loquitur
2843 467 2915 529 D.
2949 468 3222 531 Thomas
3251 488 3264 531 :

1711 553 1833 617 Rei
1854 554 2254 620 substantiali
2285 554 2510 638 duplam
2539 572 2667 621 esse
2693 557 2990 623 tribuitur
3012 584 3034 621 .·
3057 577 3264 636 uuum,

1710 648 2019 712 resultans
2045 667 2116 713 ea:
2139 650 2224 713 iis
2252 666 2323 711 ιω
2363 650 2582 731 quibus
2609 650 2742 729 ejus
2765 652 2976 715 unitas
3001 654 3272 734 integra-

1712 746 1841 817 tur,
1866 742 2025 823 quod
2045 748 2132 805 eet
2157 758 2282 806 osse
2307 742 2612 823 suppositi
2639 744 3072 817 substantiale
3100 746 3276 810 aliud

1711 836 2168 913 superadditum
2189 854 2303 915 per
2333 833 2603 899 accidens
2613 861 2640 909 ;
2665 838 2810 915 quia
2835 854 2972 918 erqo
3000 838 3066 901 in
3089 838 3272 903 Clari-

1710 930 1807 989 sto
1840 929 2125 1008 ponimus
2167 946 2350 993 unam
2397 946 2526 993 rem
2567 930 2980 993 subsistentem
3009 934 3265 1005 tantum,

1710 1020 1794 1081 ad
1816 1021 1994 1092 cuius
2019 1022 2432 1103 integritatem
2479 1022 2785 1087 concurrit
2829 1023 3008 1087 etiam
3057 1024 3274 1087 huma·-

1712 1115 1905 1191 m‘tas‚
1930 1115 2058 1181 ideo
2086 1122 2177 1181 ut
2201 1134 2388 1181 unum
2417 1134 2540 1181 esu
2567 1118 2962 1183 substantiale
2987 1117 3268 1194 Christi,

1716 1206 1933 1271 habens
1960 1212 2254 1274 unitatem
2276 1228 2350 1273 ece
2366 1217 2544 1293 parto
2565 1212 2892 1293 suppositi,
2919 1229 3038 1275 aon
3059 1230 3136 1275 w
3159 1230 3272 1276 nw-

1718 1304 1879 1365 tura.
1914 1302 2146 1365 Sentit.
2163 1322 2316 1383 ergo
2361 1304 2482 1365 hoc
2517 1322 2714 1364 unum
2753 1322 2892 1365 esse
2915 1305 3272 1367 coalescere

1716 1394 1927 1473 aliquo
1957 1396 2148 1457 modo
2191 1414 2270 1457 ex
2303 1414 2442 1457 esse
2475 1396 2666 1475 ipsius
2695 1402 2957 1473 naturae,
2987 1399 3274 1478 quamvis

1714 1487 2020 1549 unitatem
2055 1488 2414 1569 simpliciter
2459 1489 2692 1551 habeat
2726 1506 2804 1549 ex
2831 1489 3270 1569 conjunctione

1711 1580 1793 1641 ad
1820 1580 2237 1661 suppositum.
2278 1584 2466 1645 Sexto
2487 1626 2503 1656 ,
2537 1600 2616 1643 ex
2643 1582 2928 1644 discursu
2959 1583 3148 1663 hujus
3173 1602 3274 1645 ar·

1710 1675 1879 1739 ticuli
1929 1678 2049 1739 hoc
2097 1676 2304 1757 colligi
2332 1683 2560 1757 potest,
2606 1685 2740 1739 tum
2771 1678 2918 1755 quia
2949 1678 3014 1739 in
3040 1680 3274 1757 princi-

1709 1768 1817 1848 pio
1864 1768 2036 1846 dicit,
2087 1788 2226 1831 esse
2274 1770 2594 1850 pertinere
2637 1770 2721 1832 ad
2755 1776 3046 1835 naturam
3088 1778 3149 1832 et
3191 1770 3272 1834 ad

1712 1862 2138 1943 hypostasim3
2168 1863 2252 1925 ad
2273 1864 2686 1944 hypostasim,
2715 1868 2784 1925 nt
2821 1864 2904 1925 ad
2934 1863 3272 1927 habentem

1714 1973 1889 2031 esse;
1922 1956 2006 2017 nd
2029 1964 2324 2019 naturam
2352 1975 2502 2019 vero
2543 1964 2614 2019 ut
2639 1957 2722 2019 ad
2767 1958 2832 2019 id
2879 1976 3006 2036 quo
3035 1957 3272 2037 aliquid

1712 2049 1903 2111 habet
1932 2066 2108 2123 esse;
2139 2050 2330 2113 habet
2359 2068 2513 2131 ergo
2553 2056 2780 2113 natura
2829 2050 3040 2129 aliquo
3081 2048 3270 2113 modo

1711 2160 1899 2203 suum
1928 2160 2091 2217 esse,
2121 2160 2252 2222 quo
2277 2143 2590 2205 concurrit
2617 2144 2698 2205 ad
2727 2162 2866 2206 esse
2905 2144 3092 2205 totius
3119 2162 3274 2223 sup-

1709 2236 1917 2317 positi.
1951 2237 2168 2317 Neque
2205 2238 2372 2299 enim
2397 2236 2734 2299 verisimile
2761 2243 2858 2298 est
2889 2236 3060 2315 quod
3094 2237 3272 2317 Caje-

1710 2336 1895 2392 tanus
1936 2329 2040 2392 hic
2089 2336 2152 2391 et
2199 2329 2304 2391 alii
2346 2330 2678 2393 Themista
2713 2330 2950 2403 dicunt,
2981 2336 3274 2393 naturam

1712 2440 1847 2485 esse
1878 2440 2006 2502 quo
2043 2423 2284 2503 aliquid
2323 2430 2442 2500 est,
2475 2424 2624 2504 quia
2651 2430 2745 2487 est
2770 2424 3146 2505 principium
3175 2424 3274 2504 ip-

1712 2517 1843 2579 sius
1877 2534 2018 2579 esse
2049 2534 2064 2591 3
2095 2519 2266 2596 quia,
2297 2524 2366 2579 ut
2400 2536 2589 2599 supra
2639 2524 2958 2581 ostensum
2993 2524 3114 2593 est,
3139 2536 3272 2581 non

1711 2616 1919 2690 potest
1963 2614 2192 2672 natura
2239 2628 2380 2673 esse
2431 2612 2804 2692 principium
2858 2611 3056 2691 ipsius
3103 2628 3266 2684 esse,

1712 2704 1829 2765 nisi
1866 2705 2004 2783 ipsa
2053 2705 2300 2767 existat.
2357 2704 2536 2767 Unde
2573 2707 2780 2767 minus
2825 2705 3124 2767 credibile
3176 2710 3272 2767 est

1710 2796 1879 2875 quod
1906 2796 2246 2876 Cajetanus
2275 2798 2384 2874 ait,
2414 2804 2476 2861 et
2499 2798 2738 2861 indicat
2765 2800 3078 2878 Capreol.‚
3107 2799 3170 2860 in
3199 2800 3264 2873 3,

1708 2890 1851 2952 dist.
1882 2890 1945 2967 5,
1979 2908 2044 2969 q.
2071 2894 2134 2964 2,
2165 2896 2280 2953 art.
2318 2894 2380 2967 3,
2411 2892 2498 2953 ad
2537 2896 2576 2955 t
2605 2898 2671 2954 et
2711 2895 2751 2954 ὅ
2795 2891 3163 2971 principale,
3197 2896 3270 2955 ut

1708 2990 1933 3045 natura
1979 2985 2244 3057 existat,
2287 3002 2418 3045 non
2459 2991 2750 3064 oportere
2783 2985 2982 3065 ipsam
3029 2985 3268 3047 actuari

1708 3095 1823 3158 per
1851 3078 2244 3140 existentiam
2265 3122 2281 3152 ,
2310 3078 2422 3141 sed
2450 3080 2736 3141 sufficere
2765 3080 2936 3158 quod
2983 3079 3118 3159 ipsa
3165 3078 3264 3154 sit,

1711 3190 1835 3250 qua
1864 3170 2089 3251 aliquis
2114 3174 2354 3250 existit3
2377 3174 2666 3253 quamvis
2693 3174 2864 3235 enim
2887 3178 3112 3237 natura
3138 3190 3268 3237 non

1710 3265 1787 3325 sit
1816 3282 1931 3327 ens
1961 3265 2342 3345 completum
2362 3310 2386 3342 ,
2415 3273 2622 3329 tamen
2655 3273 2751 3329 est
2777 3284 2994 3329 verum
3033 3284 3150 3329 ens
3177 3264 3268 3327 in·

1708 3358 1977 3421 trinsece
2020 3360 2350 3421 includens
2381 3360 2702 3441 propriam
2735 3360 3059 3423 entitatem
3087 3376 3266 3421 suam

1710 3452 2054 3526 actualem3
2086 3472 2225 3533 quoe
2255 3454 2392 3515 sine
2431 3454 2766 3517 intrinseca
2809 3454 3136 3515 existentia
3165 3470 3268 3515 ve·

1708 3546 1821 3607 luti
1850 3553 2144 3609 actuante
2185 3566 2302 3608 seu
2345 3548 2760 3611 constituente
2803 3548 3006 3627 ipsam
3043 3546 3268 3611 entita-

1706 3642 1861 3717 tem,
1890 3658 2012 3701 nec
2065 3647 2279 3703 mente
2325 3642 2572 3721 concipi
2615 3648 2844 3722 potest.
2884 3642 3044 3703 Tum
3073 3640 3266 3703 etiam

1710 3733 1858 3812 quia
1886 3740 2103 3812 aperte
2127 3732 2194 3797 D.
2225 3734 2500 3797 Thomas
2531 3734 2800 3813 explicat
2827 3733 3128 3797 unitatem
3157 3734 3268 3795 hu-

1704 3826 1810 3905 jus
1857 3844 1998 3888 esse
2049 3826 2395 3907 personalis
2442 3844 2556 3907 per
2603 3826 3112 3904 conjunctionem
3153 3842 3267 3887 seu

1710 3919 2218 3981 constitutionem
2236 3920 2421 3981 unius
2441 3938 2516 3981 ex
2533 3919 2767 3995 multis3
2787 3918 2956 3979 unde
2976 3919 3040 3979 iu
3061 3936 3270 3979 exem-

1708 4014 1816 4095 plo
1846 4031 1972 4093 quo
1995 4015 2212 4087 utitur,
2251 4014 2338 4075 sic
2357 4013 2564 4091 inquit
2591 4012 2794 4075 :Esse
2821 4018 3018 4077 autem
3033 4014 3268 4092 capita-

1712 4112 1865 4179 tum,
1882 4112 1938 4170 et
1953 4123 2078 4170 osse
2095 4122 2458 4187 corporeum,
2482 4112 2540 4169 ec
2561 4122 2686 4169 eeu
2699 4104 3056 4179 animatum,
3081 4110 3270 4169 totum

1710 4202 1974 4281 pertinet
2001 4201 2082 4265 ad
2105 4216 2285 4261 unam
2307 4214 2628 4278 porsonam
2643 4196 2943 4270 Socrati-u
2971 4202 3028 4263 et
3051 4196 3176 4259 ideo
3197 4212 3272 4261 ιω

1716 4294 1993 4357 omnibus
2017 4293 2116 4357 his
2143 4308 2260 4353 non
2277 4292 2356 4368 fit
2379 4290 2505 4355 nisi
2523 4308 2712 4355 unum
2728 4306 2856 4355 cese
2896 4292 2964 4353 in
2991 4289 3271 4365 Socrate,-

1714 4392 1779 4447 et
1808 4392 2028 4467 postea
2072 4384 2331 4447 adhibet
2373 4384 2734 4464 exemplum
2777 4385 2856 4445 de
2901 4390 3078 4464 parte
3116 4384 3275 4449 inte·

1716 4487 1937 4562 grante
1956 4524 1978 4557 ,
2019 4496 2158 4559 ques
2191 4478 2444 4543 advenit
2471 4479 2790 4559 supposito
2810 4480 2944 4559 jam
2973 4479 3272 4543 constitu-

1715 4580 1780 4635 to
1798 4590 1819 4652 3
1850 4590 2044 4655 quam
2087 4572 2237 4636 dicit
2273 4590 2400 4635 non
2427 4574 2654 4635 afferre
2683 4588 2914 4637 novum
2945 4590 3121 4645 esse,
3159 4568 3274 4635 sed

1718 4668 1877 4728 trahi
1932 4666 2016 4728 ad
2063 4682 2261 4727 unum
2313 4683 2452 4729 esse
2507 4666 2849 4746 suppositi,
2877 4682 3022 4729 cum
3060 4675 3274 4729 tamen

1718 4760 2256 4823 evidentissimum
2303 4760 2611 4837 videatur,
2667 4766 2907 4839 partem
2959 4760 3276 4840 integran-

1715 4862 1845 4918 tem
1874 4856 2108 4917 habere
2135 4872 2314 4915 suam
2345 4854 2737 4917 existentiam
2760 4853 3114 4933 partialem,
3131 4852 3275 4915 licet

1718 4966 1797 5009 ex
1824 4949 2118 5011 omnibus
2147 4948 2244 5009 his
2271 4948 2556 5027 partibus
2581 4947 2769 5009 unitis
2791 4946 3052 5009 resultet
3075 4962 3274 5009 unum

1718 5058 1855 5105 esse
1892 5043 2106 5117 totius,
2151 5058 2282 5105 non
2323 5040 2590 5120 simplex
2613 5083 2630 5113 ,
2663 5038 2776 5103 sed
2828 5040 3269 5119 compositum.

1714 5136 1872 5197 Tum
1900 5134 2172 5213 denique
2201 5136 2352 5214 quia
2383 5133 2722 5207 discursus,
2749 5134 2814 5195 et
2836 5134 2994 5195 ratio
3021 5134 3090 5193 D.
3113 5133 3274 5193 Tho·

1714 5246 1833 5289 moe
1864 5245 1992 5289 non
2019 5226 2332 5289 concludit
2359 5244 2498 5287 esse
2525 5226 2590 5288 in
2615 5225 2856 5286 Christo
2886 5242 3082 5287 uuum
3106 5241 3268 5298 esse,

1714 5320 1837 5381 nisi
1862 5320 2162 5400 praedicto
2183 5320 2408 5393 modo;
2435 5336 2566 5379 non
2594 5324 2690 5381 est
2717 5336 2870 5398 ergo
2896 5336 3008 5380 cur
3033 5332 3272 5379 assera·

1712 5430 1855 5477 mus
1874 5416 1952 5477 D.
1980 5414 2204 5477 Thom.
2235 5412 2378 5495 plus
2399 5410 2746 5475 intendisse
2787 5428 2980 5493 quam
3023 5410 3268 5492 probat.

1793 5510 1853 5571 6.
1896 5508 2160 5589 objectio
2173 5504 2400 5587 mma.
2427 5536 2508 5555 «-
2527 5504 2878 5585 mouit.
2902 5532 2982 5555 -
3012 5504 3276 5585 OEeotio
