3892 6167
1359 329 1679 391 ulwurm.
1712 329 1879 390 xttV.
1914 329 2084 390 8801.
2115 331 2154 387 l.

152 435 327 497 aliter
354 432 481 496 ‹liel
514 436 737 514 potest,
770 437 835 496 et
865 429 997 496 fere
1022 429 1089 493 in
1126 430 1293 494 idem
1322 430 1510 506 redit,
1540 429 1713 496 aliud

152 545 284 587 esse
313 525 593 586 formam
620 523 945 600 iehan-ere,
970 524 1137 586 aliud
1166 524 1604 596 denominare;
1632 523 1713 585 si·

152 625 255 682 cut
282 618 651 699 philosophi
675 619 889 680 dicunt
907 664 930 695 ,
956 617 1013 678 si
1041 616 1213 678 calor
1240 617 1543 680 remissus
1567 633 1711 678 cum

152 715 393 773 intenso
434 710 673 790 frigore
720 710 1008 789 subiecto
1034 710 1219 787 insit,
1246 729 1377 772 non
1418 709 1713 772 denomi-

150 823 299 867 nare
352 804 637 868 calidum
686 811 947 887 propter
1004 803 1439 868 excellentiam
1490 805 1710 867 formai

151 899 525 976 contrariae;
558 899 645 961 sie
674 917 825 980 ergo
864 899 933 960 in
962 896 1290 978 praesenti,
1335 899 1621 977 quamvis
1648 897 1713 957 in

150 990 385 1053 Christo
434 999 511 1052 ut
564 992 817 1054 homine
864 992 1217 1072 reperiatur
1268 990 1575 1070 quidquid
1620 994 1717 1052 est

152 1085 485 1164 positivum
517 1085 588 1146 in.
612 1085 921 1148 relatione
957 1084 1271 1151 servitutis
1298 1089 1598 1147 creaturae
1630 1082 1713 1145 ad

152 1181 366 1254 Deum,
398 1178 1127 1259 nempe-dependentioe,
1156 1177 1708 1252 subordinationis,

154 1279 261 1332 etc..
286 1317 301 1342 ‚
344 1288 491 1333 esse
516 1279 729 1336 tamen
760 1273 941 1352 quasi
970 1271 1266 1336 vestitum
1304 1288 1417 1333 seu
1444 1269 1713 1350 impedi-

152 1369 279 1426 tum
324 1370 421 1426 tot
478 1365 865 1428 excellentiae
904 1372 969 1428 et
1008 1363 1357 1444 majestatis
1392 1363 1611 1438 titulis,
1642 1367 1713 1424 ut

154 1458 433 1519 absolute
462 1465 537 1520 et
566 1459 931 1538 simpliciter
965 1475 1093 1520 non
1136 1457 1335 1538 possit
1372 1456 1708 1531 Christum,

154 1551 333 1614 etiam
360 1557 438 1612 ut
462 1551 795 1614 hominem
820 1595 837 1626 ‚
877 1569 1129 1612 servum
1168 1549 1587 1612 denominari.
1622 1548 1714 1611 Si·

152 1651 251 1706 cut
276 1643 569 1706 dicemus
602 1644 885 1718 inferiuS,
906 1661 968 1724 q.
991 1647 1097 1720 23,
1123 1643 1497 1706 relationem
1526 1643 1715 1704 effec-

154 1745 249 1800 tus
271 1737 349 1798 ad
380 1753 673 1813 causam,
704 1755 845 1818 quae
872 1737 1159 1818 sequitur
1185 1742 1471 1818 respectu
1492 1735 1605 1798 Dei
1636 1753 1715 1796 ex

152 1831 466 1892 infusione
514 1831 745 1911 gratiae
800 1830 1174 1907 habitualis,
1232 1830 1527 1893 eamdem
1572 1847 1713 1892 esse

154 1923 399 2004 physice
434 1923 767 2004 loquendo
808 1923 871 1984 in
902 1924 1143 1986 Christo
1160 1967 1180 2000 ‚
1208 1941 1349 2003 qnae
1386 1929 1481 1984 est
1510 1921 1573 1983 in
1600 1940 1717 1984 οω-

162 2018 299 2078 teris
328 2016 703 2078 hominibus
724 2063 745 2094 ‚
794 2025 857 2078 et
902 2017 1313 2078 nihilominus
1360 2017 1427 2077 in
1472 2014 1712 2079 Christo

156 2127 275 2170 non
300 2109 549 2172 habere
575 2111 887 2172 rationem
913 2109 1257 2185 filiationiS,
1285 2127 1409 2171 nec
1438 2107 1719 2170 denomi-

158 2219 299 2264 nare
330 2203 565 2280 filium,
608 2204 959 2282 prasertim
986 2203 1374 2284 adoptivum,
1414 2204 1565 2282 quia
1597 2203 1721 2263 im-

160 2296 399 2376 peditur
426 2295 859 2358 excellentiori
884 2297 1211 2373 filiatione,
1232 2302 1298 2358 et
1313 2295 1515 2376 gratia
1539 2296 1719 2358 unio·

164 2390 271 2451 nis.
304 2390 485 2462 Quod
507 2389 567 2450 si
596 2390 840 2452 dicatur
868 2409 1105 2452 nomen
1130 2390 1241 2452 filii
1272 2388 1547 2469 adoptivi
1586 2407 1717 2452 non

166 2501 293 2558 esse
316 2501 493 2546 mere
523 2484 900 2564 positivum,
933 2484 1047 2546 sed
1088 2502 1166 2546 ex
1203 2489 1407 2564 parte,
1442 2489 1504 2546 et
1534 2483 1717 2563 quasi

168 2577 673 2657 praesuppositive
691 2623 711 2654 ‚
742 2595 883 2640 esse
923 2576 1297 2657 privativum
1326 2583 1437 2638 aut
1478 2577 1718 2657 negati-

166 2687 323 2745 vum,
344 2687 458 2732 cur
485 2689 625 2732 non
646 2671 819 2733 idem
846 2671 1089 2732 dicetur
1118 2668 1197 2732 de
1224 2670 1483 2732 nomine
1512 2669 1718 2732 servi?

238 2767 333 2824 27.
376 2765 513 2826 Sed
540 2765 681 2826 haec
710 2765 945 2838 omnia,
972 2763 1023 2824 si
1056 2769 1227 2826 recte
1256 2763 1713 2843 expendantur,

170 2873 283 2918 non
306 2863 618 2920 enervant
636 2857 763 2920 vim
784 2857 1181 2919 fundamenti
1206 2856 1394 2936 positi
1404 2872 1423 2933 ;
1442 2857 1533 2920 ita
1548 2856 1719 2918 enim

168 2951 635 3030 responsionem
664 2957 1023 3030 retorqueO,
1054 2950 1341 3028 q.uia‚vel
1362 2950 1495 3012 haec
1520 2951 1719 3014 deno·-

168 3045 409 3106 minatio
434 3044 609 3108 servi
632 3044 899 3124 physice
924 3041 1377 3106 consideranda
1404 3051 1525 3120 est,
1546 3051 1616 3108 ut
1636 3047 1718 3108 ab

171 3137 363 3216 aliqua
399 3139 567 3202 reali
590 3157 665 3200 ac
692 3138 957 3218 physica
979 3138 1185 3200 forma
1214 3143 1465 3217 sumpta
1481 3161 1501 3214 3
1527 3145 1589 3201 et
1629 3140 1719 3202 sic

170 3239 607 3310 argumentum
632 3231 868 3294 factum
892 3229 1184 3310 ostendit,
1210 3229 1569 3310 hujusmodi
1597 3231 1719 3294 for-

172 3342 325 3385 mam
369 3341 509 3387 esse
549 3325 617 3385 in
644 3324 885 3387 Christo
934 3331 1007 3386 ut
1044 3323 1303 3386 bomine
1329 3367 1345 3396 ,
1387 3330 1453 3386 et
1496 3343 1721 3387 conse-

172 3424 420 3496 quenter
438 3419 535 3480 ab
562 3418 673 3479 illa
700 3417 1097 3482 denominari
1126 3434 1401 3480 servum.
1442 3417 1555 3478 Vel
1584 3436 1721 3480 mo-

172 3511 367 3573 raliter
406 3511 873 3576 consideranda
904 3517 1035 3586 est;
1086 3517 1153 3574 et
1188 3510 1279 3573 sic
1310 3511 1433 3572 illae
1469 3514 1716 3574 tantum

172 3600 547 3670 conditiones
602 3613 750 3668 sunt
806 3605 890 3667 ad
934 3605 1107 3668 illam
1152 3603 1515 3684 exigendae,
1576 3623 1715 3685 qnoe

172 3701 473 3762 communi
492 3700 603 3761 vel
629 3700 957 3762 doctorum
984 3699 1085 3761 vel
1112 3699 1491 3778 prudentum
1518 3699 1713 3762 homi-

170 3807 311 3852 num
336 3793 597 3856 arbitrio
637 3792 721 3854 ad
750 3791 1108 3872 hujusmodi
1134 3791 1716 3854 denominationem

172 3888 527 3950 necessariae
560 3891 745 3959 sunt3
786 3903 937 3946 nam
960 3885 1235 3948 morales
1262 3883 1716 3946 denominatio·

174 3995 273 4038 nes
296 3997 371 4041 ex
388 3978 715 4044 communi
736 3978 1061 4040 hominum
1088 3978 1498 4041 aestimatione
1522 3977 1717 4040 maxi-

174 4089 265 4132 me
290 4074 601 4152 pendent3
639 4073 753 4134 sed
784 4073 893 4134 illa
922 4071 1175 4152 negatio
1205 4071 1715 4134 communicatio·

174 4163 257 4224 nis
281 4166 339 4227 in
366 4167 553 4230 bonis
592 4185 721 4228 non
765 4173 859 4228 est
886 4166 1193 4228 hactenus
1220 4165 1569 4228 existimata
1596 4184 1713 4228 ne-

174 4261 425 4323 cessaria
456 4261 544 4322 ad
588 4261 752 4322 hanc
794 4259 1373 4322 denominationem
1396 4307 1415 4334 ,
1445 4265 1517 4320 ut
1543 4265 1715 4339 patet

174 4364 239 4408 ex
266 4355 559 4416 omnibns
596 4351 880 4416 Patribus
910 4354 1110 4415 citatis
1124 4399 1145 4431 ,
1188 4359 1251 4415 et
1279 4353 1547 4432 amplius
1590 4359 1716 4416 sta-

174 4441 273 4504 tim
298 4445 753 4519 declarabitur3
798 4463 947 4525 ergo
974 4447 1159 4509 etiam
1202 4447 1551 4508 secundum
1578 4465 1717 4508 mo·

174 4535 351 4599 ralem
391 4539 695 4620 loquendi
724 4539 987 4601 modum
1017 4546 1111 4601 est
1138 4541 1205 4602 in
1238 4540 1483 4602 Christo
1508 4547 1577 4602 ut
1604 4541 1717 4602 ho·

174 4627 327 4692 mine
346 4633 667 4696 sufficiens
682 4632 1169 4696 fundamentum
1190 4633 1297 4712 huj
1308 4651 1381 4694 us
1398 4632 1717 4696 relationis

176 4737 277 4783 seu
300 4725 853 4791 denominationis.
883 4727 1037 4801 1m0‚
1066 4729 1119 4788 si
1148 4728 1289 4806 quis
1317 4733 1487 4790 recte
1514 4726 1718 4790 consi-

176 4812 357 4894 deret,
380 4821 647 4900 quaestio
676 4821 829 4897 haee,
846 4819 929 4883 ad
954 4822 1071 4884 hos
1091 4821 1390 4882 terminos
1414 4827 1477 4883 et
1494 4821 1579 4882 ad
1600 4821 1718 4882 hoc

174 4903 632 4976 fundamentum
655 4922 971 4990 revocata,
996 4914 1115 4976 erit
1132 4914 1338 4993 potius
1358 4913 1439 4974 de
1457 4914 1715 4976 nomine

176 5013 349 5074 quam
371 5005 575 5083 dere;
596 5023 819 5068 omnes
844 5007 1017 5068 enim
1042 5008 1108 5068 in
1132 5007 1251 5068 hoc
1281 5006 1711 5081 convenimus,

178 5095 331 5166 quod
344 5096 641 5175 Christus,
670 5100 737 5160 in
765 5105 1073 5180 quantum
1100 5099 1315 5172 home,
1338 5104 1589 5161 estnon
1618 5117 1716 5160 so·

178 5181 297 5248 lum
312 5192 443 5254 Deo
466 5194 811 5274 subiectae,
838 5194 955 5256 sed
980 5195 1173 5257 etiam
1198 5195 1281 5256 ab
1302 5212 1378 5256 eo
1404 5192 1711 5273 pendens»,

181 5283 236 5338 et
279 5284 388 5346 sub
430 5286 599 5350 illius
643 5293 955 5367 potestate
996 5289 1390 5350 constitutus.
1430 5287 1711 5363 Rursus,

180 5375 333 5445 quod
359 5378 715 5444 humanitas
754 5381 981 5444 Christi
1010 5387 1103 5444 est
1130 5382 1265 5443 Deo
1290 5378 1716 5444 substantiali·

184 5467 265 5527 ter
292 5472 479 5554 unita,
501 5482 565 5538 et
582 5493 697 5556 per
711 5494 855 5540 eam
876 5477 1173 5540 unionem
1202 5475 1556 5540 admirabili
1581 5491 1714 5537 mo·

1794 429 1877 494 do
1906 428 2290 494 sanctificata
2305 473 2328 508 ,
2359 436 2422 494 et
2457 437 2918 512 consequenter
2960 433 3131 513 quod
3177 432 3352 500 Clui-

1792 527 1925 584 stus
1953 521 2144 584 homo
2181 497 2376 586 fiabet
2417 524 2760 586 maximam
2799 525 3140 604 quamdam
3181 545 3350 590 com-

1790 615 2286 678 municationem
2309 635 2456 678 cum
2486 618 2613 678 Deo
2643 616 2710 680 in
2735 616 2922 678 bonis
2951 619 3110 698 ejus,
3139 619 3204 682 in
3235 621 3351 682 ho·-

1792 726 1974 782 nore‚
1999 708 2064 770 in
2087 708 2262 781 sede,
2295 728 2370 770 ac
2397 709 2592 774 titulis
2622 710 2972 788 majestatis
3007 717 3067 774 et
3093 713 3348 791 μοι-ἓως

1792 801 1984 878 igitur
2009 801 2214 863 solum
2240 802 2490 864 videtur
2505 802 2866 866 admodum
2893 802 3194 883 loquendi
3212 821 3352 884 per·

1792 893 2012 967 tinere,
2045 913 2128 956 an
2155 898 2412 975 propter
2439 896 2682 976 priores
2721 896 3010 959 rationes
3043 897 3352 960 dicendus

1794 986 1873 1048 sit
1910 1005 2150 1063 servus,
2185 989 2252 1050 in
2293 994 2602 1068 quantum
2629 989 2850 1064 homo;
2881 991 2982 1052 vel
3021 1007 3106 1052 an
3142 999 3352 1070 post-e-

1793 1080 1994 1143 riores
2021 1082 2299 1144 rationes
2329 1083 2494 1146 hanc
2543 1082 3118 1147 denominationem
3151 1086 3350 1164 impe-

1792 1173 1992 1235 diant.
2011 1175 2084 1236 In
2111 1176 2460 1253 quaestione
2487 1181 2702 1239 autem
2727 1176 2808 1239 de
2833 1177 3024 1240 modo
3051 1177 3351 1257 loquendi

1791 1284 1980 1328 nemo
2027 1274 2196 1330 certe
2243 1269 2515 1345 errabit,
2559 1269 2612 1332 si
2659 1287 3058 1332 communem
3091 1271 3352 1334 modum

1790 1359 2092 1440 loquendi
2129 1363 2500 1426 Sanctorum
2532 1367 2869 1442 sequutum
2907 1364 2998 1426 illi
3021 1371 3238 1428 autem
3264 1365 3352 1428 ita

1790 1453 1982 1516 locuti
2013 1459 2182 1528 sunt,
2215 1462 2278 1518 et
2303 1457 2749 1518 existimabant
2773 1475 2844 1518 se
2870 1458 3126 1538 proprie
3153 1457 3347 1536 loqui,

1794 1552 1863 1608 ut
1904 1565 1986 1608 ex
2011 1547 2412 1611 multitudine
2441 1549 2945 1612 testimoniorum
2964 1593 2986 1627 ‚
3031 1555 3094 1612 et
3131 1567 3208 1611 ex
3234 1549 3352 1612 cir-

1794 1642 2214 1717 cumstantiis,
2241 1649 2306 1704 et
2333 1641 2522 1704 modo
2563 1641 2886 1721 loquendi,
2913 1642 3102 1706 etiam
3134 1641 3198 1703 in
3229 1642 3353 1703 dis-

1792 1734 2222 1815 putationibus
2263 1741 2482 1798 contra
2529 1735 2853 1798 haereticos
2877 1779 2892 1810 ,
2926 1741 2990 1798 et
3025 1753 3104 1798 ex
3143 1734 3356 1799 multis

1793 1827 2005 1890 verbis
2033 1829 2404 1892 eorumdem
2431 1831 2806 1892 Sanctorum
2825 1873 2846 1905 ,
2884 1829 3221 1910 plusquam
3248 1847 3355 1892 ve·

1792 1921 2144 1984 risimiliter
2167 1922 2520 2002 conjectare
2555 1922 2739 1999 licet3
2785 1941 2937 2004 ergo
2977 1941 3110 1986 non
3153 1928 3357 2004 potest

1796 2015 1903 2076 illa
1930 2014 2162 2077 locutio
2199 2033 2276 2077 ex
2321 2015 2384 2076 vi
2423 2016 2772 2092 sermonis,
2799 2033 3012 2095 neque
3057 2022 3126 2078 ut
3169 2017 3351 2094 falsa,

1796 2127 2010 2189 neque
2041 2113 2111 2170 ut
2137 2109 2502 2190 impropria,
2528 2108 2728 2189 rejici.

1880 2205 1984 2266 28.
2031 2202 2316 2267 Solvitur
2361 2203 2630 2282 objectio.
2661 2233 2748 2250 --
2785 2203 2964 2266 Dices
2987 2247 3004 2277 ,
3047 2204 3236 2266 etiam
3285 2205 3353 2268 in

1801 2295 1992 2358 modo
2011 2295 2314 2375 loquendi
2330 2296 2534 2376 potius
2549 2313 2690 2358 esso
2717 2297 3108 2375 sequendam
3135 2297 3357 2360 defini-

1798 2389 2037 2450 tionem
2071 2387 2404 2464 Pontificis,
2435 2407 2626 2469 quam
2678 2389 2954 2469 plurium
2983 2392 3356 2454 Sanctorum

1798 2481 2174 2546 testimonia.
2246 2482 2706 2562 Respondetur‘
2735 2484 2854 2546 boc
2912 2491 3355 2563 argumentum

1800 2593 2180 2656 supponere,
2203 2575 2630 2638 definitionem
2678 2575 2990 2639 Pontiflois
3036 2594 3174 2639 >esse
3211 2597 3360 2640 con-

1798 2668 2056 2731 trariam
2076 2669 2336 2730 torrenti
2364 2669 2763 2746 Sanctorum,
2789 2669 2962 2748 quod
2993 2670 3358 2734 incredibile

1798 2770 1933 2841 est3
1959 2763 2240 2825 concedo
2260 2781 2413 2844 ergo
2435 2761 2868 2826 definitionem
2897 2764 3210 2826 Pontificis
3228 2783 3360 2828 om-

1798 2857 1950 2918 nino
1972 2874 2112 2918 esse
2133 2874 2350 2918 veram
2373 2874 2390 2930 ;
2415 2863 2480 2918 et
2503 2855 2556 2918 si
2584 2857 2764 2918 dictis
2790 2856 3072 2919 omnium
3103 2858 3358 2920 Sancto-

1798 2969 1939 3013 rum
1973 2955 2140 3014 esset
2161 2949 2496 3026 contraria,
2543 2949 2664 3011 illis
2689 2949 2826 3013 fore
2855 2951 3308 3030 praeferendam
3333 2971 3352 3026 ς

1796 3045 1950 3121 ime,
1971 3045 2164 3107 etiam
2187 3044 2238 3106 si
2265 3045 2542 3125 Angelus
2569 3045 2652 3107 de
2697 3045 2858 3106 coelo
2889 3045 2949 3106 ei
3007 3063 3359 3126 opponere-

1800 3143 1925 3214 tur,
1959 3139 2146 3201 etiam
2163 3144 2328 3200 esset
2346 3139 2483 3218 ejus
2503 3139 2862 3202 testimonio
2890 3139 3170 3202 definitio
3191 3141 3358 3203 Pon-

1798 3233 1981 3294 tiflcis
1995 3233 2496 3313 praeferenda,ea
2515 3233 3158 3314 exaggeratione‚qua
3180 3236 3352 3298 Paul.

1798 3326 1956 3388 dixit
1985 3345 2004 3386 ι
2033 3327 2198 3390 Dicet
2224 3342 2334 3389 noe
2359 3331 2468 3390 aut
2486 3325 2760 3406 Δαρεῖται
2785 3327 2856 3390 εἰσ
2873 3329 3039 3402 coelo,
3067 3335 3168 3390 etc
3195 3347 3214 3402 ;
3245 3347 3358 3390 ne·

1796 3437 1879 3498 go
1907 3424 2123 3480 tamen
2153 3416 2587 3482 definitionem
2615 3418 2954 3498 Pontificis,
2999 3427 3112 3484 aut
3155 3421 3354 3484 fuisse

1796 3529 2104 3591 unquam,
2148 3517 2258 3572 aut
2281 3510 2420 3574 fore
2467 3511 2806 3590 aliquando
2855 3514 3176 3576 communi
3215 3533 3356 3577 sen·-

1794 3605 2003 3668 tentiae
2047 3607 2304 3668 Petrum
2347 3607 2750 3682 contrariam,
2803 3625 2950 3669 cum
3001 3609 3352 3672 communis

1798 3700 2052 3760 Patrum
2099 3717 2448 3762 consensus
2467 3743 2485 3774 ‚
2528 3700 2874 3779 praesertim
2921 3701 3223 3764 fundatus
3283 3703 3349 3766 in

1796 3793 2136 3873 Scripturis
2161 3793 2250 3854 ita
2279 3793 2360 3854 ab
2383 3793 2480 3856 eis
2502 3794 2836 3857 intellectis
2873 3815 2950 3858 ac
2998 3797 3349 3872 declaratis,

1796 3892 2034 3949 certam
2065 3885 2261 3966 possit
2281 3887 2492 3950 facere
2510 3887 2702 3950 fidem
2730 3888 2812 3952 de
2847 3907 2924 3950 ea
2958 3889 3118 3952 rein
3161 3907 3351 3968 quam

1794 3981 2180 4059 conspirant.
2211 3980 2359 4051 Quis
2378 3985 2586 4042 autem
2637 3981 2822 4043 fuerit
2851 4000 3074 4044 sensns
3103 3983 3352 4046 Pontifi-

1796 4073 1885 4136 cis
1908 4074 2189 4148 Adriani,
2222 4075 2504 4138 dicemus
2531 4075 2832 4138 solvendo
2855 4083 3254 4157 argumenta.
3319 4123 3324 4128 .

1874 4171 1976 4232 29.
2023 4169 2367 4233 Roboratm·
2419 4171 2736 4251 proposita
2779 4173 2964 4234 ratio.
3019 4203 3100 4220 --
3143 4173 3350 4252 Urgeo

1796 4269 2008 4324 tamen
2033 4262 2302 4342 amplius
2323 4263 2684 4342 praedictam
2713 4264 3044 4338 rationem,
3079 4271 3140 4326 et
3157 4266 3352 4346 gratis

1794 4356 2080 4428 admitto,
2093 4355 2370 4434 aliquam
2390 4357 2700 4419 bonorum
2719 4359 3353 4422 communicationem

1794 4467 1976 4528 posse
2019 4449 2388 4511 relationem
2417 4468 2490 4512 ac
2531 4451 3110 4513 denominationem
3163 4453 3355 4514 servi·

1796 4543 1943 4605 tutis
1971 4541 2298 4621 impedire.
2341 4543 2666 4623 Interrogo
2715 4549 2926 4606 autem
2973 4563 3268 4623 quamam
3292 4549 3356 4608 et

1797 4640 2034 4714 quanta
2053 4635 2160 4696 illa
2187 4634 2396 4697 futura
2415 4636 2530 4708 sit;
2567 4655 2698 4698 non
2737 4637 2906 4699 enim
2934 4643 3028 4699 est
3072 4638 3194 4700 hoc
3248 4658 3354 4699 cu·

1794 4729 2023 4809 jusque
2054 4727 2304 4790 arbitrio
2333 4731 2878 4805 committendum,
2918 4737 2986 4794 et
3009 4751 3126 4812 pro
3177 4733 3352 4796 libito

1798 4822 2252 4898 definiendum,
2313 4823 2424 4885 sed
2454 4824 2664 4904 aliqua
2693 4831 2862 4888 certa
2919 4827 3142 4906 regula
3181 4827 3356 4889 adhi-

1796 4916 2008 4978 henda
2037 4921 2153 4990 est,
2184 4915 2423 4996 alioqui
2447 4918 2599 4979 nihil
2627 4918 2882 4980 firmum
2903 4920 3084 4982 statui
3127 4921 3355 5001 poterit

1796 5010 1875 5071 de
1901 5009 2024 5071 hac
2049 5009 2354 5084 relatione
2381 5017 2445 5073 et
2477 5010 2988 5076 denominatione
3015 5016 3350 5078 servitutis·

1796 5101 2052 5166 Certum
2073 5109 2168 5164 est
2195 5105 2387 5180 enim,
2417 5121 2550 5166 non
2595 5121 3041 5187 quamcunque
3071 5125 3355 5170 commu·

1796 5197 2178 5258 nicationem
2211 5215 2356 5257 cum
2383 5199 2516 5258 Deo
2561 5198 2625 5258 in
2665 5197 2848 5260 bonis
2879 5203 3016 5280 ejus
3045 5200 3353 5280 impedire

1794 5306 2010 5350 veram
2061 5308 2136 5351 ac
2188 5291 2504 5369 propriam
2559 5291 2931 5354 relationem
2985 5291 3298 5354 servitutis
3331 5309 3348 5367 ς

1794 5381 2030 5461 alioqui
2057 5383 2344 5446 homines
2362 5384 2514 5464 justi
2541 5389 2606 5446 et
2619 5385 2788 5446 beati
2815 5403 2942 5446 non
2975 5393 3180 5448 essent
3204 5403 3351 5448 vere

1794 5495 1869 5538 ac
1896 5477 2150 5556 proprie
2187 5478 2348 5540 servi
2383 5479 2517 5556 Dei,
2550 5478 2696 5559 quia
2721 5497 2864 5540 cum
2899 5480 3026 5541 Deo
3075 5495 3353 5541 commu·
