3892 6167
515 293 636 356 3⁴4
1750 287 1989 352 QuAEs‘r.
2018 290 2147 344 xlx.
2184 291 2385 347 AR'HC.
2418 295 2503 346 lii.

517 391 856 468 infinitum,
876 386 1227 471 utquilihet
1241 391 1416 453 actus
1445 386 1582 466 ejus
1611 384 1694 450 ad
1707 385 1920 448 omnia
1931 403 2091 466 prac-

515 488 666 558 mia,
721 494 850 548 tam
905 483 1160 548 divisive
1187 499 1380 562 quam
1431 479 1760 544 collective
1807 486 2085 559 sumpta,

517 581 806 656 suffici-at,
843 579 1032 643 etiam
1055 577 1106 641 si
1137 575 1354 638 inillis
1390 573 1571 654 plura
1617 574 2083 646 contineantur,

517 693 660 755 quie
685 673 1057 736 infinitatem
1085 670 1380 742 habeant,
1401 675 1466 732 et
1493 685 1636 732 cum
1669 667 1764 730 eis
1783 669 1906 730 alia
1937 685 2088 730 con-

513 770 861 849 jungantur
885 787 902 840 3
932 785 1080 830 nam
1093 766 1228 828 hoec
1257 763 1468 827 omnia
1483 763 1782 842 adaequat
1804 761 2087 828 infinitas

525 861 750 926 divinae
772 871 1138 941 personae,'a
1159 876 1286 938 qua
1313 857 1582 922 sumitur
1601 855 1886 918 infinitus
1911 855 2087 916 valor

528 956 900 1017 meritorum
949 951 1191 1015 Christi.
1223 949 1536 1024 Secundo,
1569 947 1783 1012 deficit
1829 947 1932 1011 ilie
1962 948 2091 1012 dis-

523 1065 768 1124 cursus,
785 1049 956 1126 quia,
983 1048 1126 1110 licet
1145 1044 1420 1108 Christus
1447 1043 1712 1106 meritus
1735 1041 1924 1104 fuerit
1950 1060 2091 1120 gra·

521 1141 704 1217 tiam,
739 1141 1072 1215 actualem,
1103 1157 1234 1202 non
1263 1137 1548 1216 sequitur
1573 1135 1868 1198 meritum
1899 1134 2087 1198 ctiam

521 1233 712 1300 fuisse
739 1235 1014 1299 valorem
1033 1251 1292 1296 suorum
1317 1239 1598 1307 actuum,
1630 1238 1702 1294 ιιι
1719 1229 2076 1294 declarabo.

599 1333 699 1394 14.
743 1329 1025 1394 Aliorum
1040 1328 1342 1412 placitum
1367 1327 1705 1401 refutatur.
1731 1359 1810 1372 —-
1833 1323 1954 1386 Atii
1972 1341 2082 1386 ne-

524 1433 677 1508 gant
719 1424 1026 1486 Christum
1067 1423 1364 1484 meritum
1409 1421 1600 1484 fuisse
1663 1422 1770 1482 has
1823 1420 2081 1500 gratias,

520 1519 668 1599 quia
693 1525 874 1580 erant
923 1517 1042 1580 sibi
1069 1514 1508 1580 connaturales
1558 1521 1620 1576 et
1667 1512 1918 1587 debitae,
1953 1519 2084 1578 tam

519 1614 764 1676 ratione
795 1612 1072 1688 unionis,
1101 1627 1292 1690 quam
1351 1607 1951 1670 ratione-habituum
1976 1626 2081 1670 su-

511 1705 1037 1789 pernaturalium.
1071 1704 1199 1768 Sed
1229 1704 1358 1766 baec
1406 1702 1570 1764 ratio
1601 1719 1730 1762 non
1771 1709 1866 1764 est.
1905 1699 2081 1762 suffi-

514 1801 710 1873 ciens,
739 1805 808 1860 ut
835 1817 912 1860 ex
947 1798 1127 1860 dictis
1163 1801 1443 1866 constan
1479 1796 1626 1875 quia
1651 1793 1926 1856 diximus
1969 1791 2081 1854 hos

516 1893 680 1956 duos
717 1891 948 1964 titulos,
993 1890 1250 1962 scilicet,
1283 1889 1562 1952 debitum
1597 1887 2082 1954 connaturalita-

514 1986 596 2050 tis
627 1989 692 2048 et
717 1985 948 2056 meriti,
981 2003 1110 2046 non
1129 1999 1512 2063 repugnare,
1566 1983 1617 2046 si
1663 1980 1920 2044 aliunde
1952 1997 2081 2042 nou

517 2079 861 2142 intercedat
893 2077 1436 2157 impedimentum,
1469 2076 1578 2142 vel·
1615 2075 1851 2155 aliquid
1899 2089 2085 2152 repu-

518 2192 722 2254 gnans
749 2173 996 2234 merito.
1031 2173 1184 2234 Nam
1227 2171 1416 2234 etiam
1475 2172 1542 2233 in
1598 2169 1851 2232 homine
1899 2185 2081 2245 pure,

516 2267 632 2348 qui
657 2285 770 2347 per
795 2265 1176 2328 infusionem
1201 2265 1420 2343 primae
1445 2261 2082 2343 gratiaejustificatur,

515 2360 886 2441 reperimus,
913 2360 1035 2420 hoc
1059 2360 1194 2438 ipso
1219 2357 1388 2437 quod
1419 2358 1507 2420 itti
1535 2357 1740 2436 prima
1767 2355 1973 2434 gratia
1994 2349 2095 2414 in-'

513 2453 820 2529 funditur,
853 2451 1066 2514 deberi
1099 2452 1160 2514 ei
1197 2451 1466 2529 gloriam
1515 2449 1728 2510 debito
1781 2454 2087 2510 connatu-

519 2547 796 2619 ralitatis,
817 2554 888 2608 ut
916 2546 1344 2608 meredianam
1367 2544 1530 2616 filim
1555 2549 1618 2606 et
1647 2542 2079 2614 nihilominus,

511 2642 690 2720 juxta
715 2639 1110 2719 probabilem
1135 2637 1540 2710 sententiam,
1567 2653 1710 2696 eam
1737 2634 1854 2696 sibi
1877 2651 2081 2696 mere-

513 2741 628 2796 tur·
643 2751 760 2812 per
786 2739 994 2794 actum
1023 2731 1410 2794 contritionis
1445 2730 1643 2810 gratia
1673 2727 2035 2790 formatum.

597 2830 698 2890 15.
745 2827 872 2889 Per
891 2825 1308 2890 distinctiones
1357 2824 1568 2888 variae
1615 2821 1790 2884 dubio
1813 2822 2079 2896 satisfit.

515 2951 597 2970 -·-
623 2920 1028 2982 Distinctione
1089 2918 1282 2997 igitur
1327 2917 1577 2978 videtur
1623 2913 1955 2987 utendum,
2018 2919 2083 2979 et

515 3013 824 3092 imprimis
867 3009 1244 3074 excludendi
1273 3015 1436 3080 sunt.
1465 3016 1644 3072 actus
1683 3004 1986 3083 beatifici,
2018 3013 2079 3068 ct

515 3107 730 3169 omnia
758 3106 924 3168 hona
955 3102 1456 3185 supernaturalia
1493 3101 1576 3164 ad
1625 3100 1764 3162 ilios
1790 3115 2081 3162 necessa-

515 3200 612 3262 ria
642 3200 762 3276 3de
791 3199 890 3261 hie
927 3199 1099 3260 enim
1119 3198 1256 3276 jam
1285 3196 1436 3260 satis
1483 3195 1718 3258 dicium
1771 3199 1888 3256 eet.
1922 3193 2081 3254 Nam

515 3311 657 3375 quae
686 3293 764 3355 de
801 3291 1192 3354 beatitudine
1239 3292 1464 3354 animae
1509 3288 1808 3370 diximus»,
1865 3303 2081 3366 proce·

515 3391 676 3452 dunt
700 3391 780 3453 de
803 3389 1099 3450 omnihus
1129 3388 1371 3450 actibus
1403 3385 1773 3448 necessariis
1801 3381 1880 3444 ad
1909 3381 2081 3444 illam

513 3483 998 3561 beatitudinem,
1038 3484 1168 3546 sive
1222 3483 1288 3544 iu
1318 3482 1408 3544 eis
1457 3480 1758 3542 consistat
1807 3475 2081 3553 essentia

513 3577 946 3653 beatitudiuis,
973 3578 1104 3638 sive
1129 3593 1296 3648 non3
1327 3581 1392 3635 et
1418 3572 1712 3634 sfortiori
1731 3569 2081 3650 procedunt

515 3671 594 3732 de
629 3671 910 3752 quolibet
937 3670 1042 3730 Dei
1075 3685 1384 3732 concursu
1413 3666 1496 3728 ad
1521 3666 1664 3728 illos
1692 3664 2079 3739 necessat-im

517 3781 668 3826 nam
727 3764 832 3826 iile
891 3763 1081 3825 ctiam
1138 3779 1324 3823 omne
1377 3759 1666 3822 meritum
1739 3757 2077 3820 antecedit.

515 3857 752 3920 Deinde
783 3855 1166 3918 omittendus
1213 3860 1309 3918 est
1348 3853 1588 3933 primus
1615 3857 1796 3914 actus
1831 3851 2081 3912 merito-

515 3953 650 4014 rius
677 3951 918 4024 Christi,
967 3951 1115 4028 quia
1147 3965 1224 4010 ox
1251 3947 1476 4010 iisdem
1511 3943 1860 4008 rationibus
1904 3942 2084 4006 factis

515 4050 784 4118 constat,
809 4061 1022 4123 neque
1053 4043 1242 4105 talem
1269 4047 1483 4104 actum
1507 4037 1856 4102 secundum
1884 4056 1953 4098 se
1974 4055 2081 4115 po·

517 4139 714 4202 tuisse
745 4155 881 4200 esse
905 4155 984 4199 ex
1009 4136 1260 4212 meritc,
1289 4151 1433 4196 cum
1461 4133 1756 4196 meritum
1783 4148 1914 4191 non
1937 4147 2081 4209 sup·

520 4237 740 4311 ponat,
771 4247 982 4308 neque
1015 4230 1206 4292 etiam
1233 4217 1610 4290 concursum
1652 4223 1732 4286 ad
1763 4223 1953 4286 talem
1981 4239 2081 4284 ac-

517 4333 684 4398 tum,
701 4324 802 4385 vet
823 4322 1124 4402 quicquid
1141 4321 1226 4382 ad
1241 4320 1423 4394 iilum
1441 4318 1798 4382 necessario
1817 4315 2081 4395 proeexi-

526 4417 712 4499 gitur,
747 4417 1028 4496 potuisse
1058 4433 1198 4478 esse
1224 4431 1308 4476 ex
1343 4413 1592 4486 merito,
1624 4415 1878 4490 propter
1913 4427 2081 4470 eam-

522 4511 671 4574 dem
701 4527 980 4571 causam.
1012 4506 1356 4570 Difficultas
1383 4523 1536 4584 ergo
1563 4506 1852 4582 superest
1881 4502 1962 4564 de
1982 4521 2081 4564 re·

525 4606 710 4684 liquis
739 4603 1008 4679 actibuS,
1035 4605 1147 4683 qui
1185 4611 1472 4681 tempore
1497 4600 1600 4662 vel
1627 4605 1852 4662 natura
1869 4615 2085 4660 eonsc-

527 4707 810 4780 qunntur
837 4699 1112 4780 primum
1155 4703 1365 4760 actum
1393 4693 1805 4758 meritorium.
1845 4693 1916 4754 In
1952 4693 2085 4770 qui-

522 4794 646 4854 bus
657 4793 958 4872 distingui
976 4797 1182 4873 potest
1207 4791 1296 4865 id,
1327 4789 1500 4870 quod
1521 4793 1660 4851 erat.
1681 4806 1758 4848 ex
1776 4787 1907 4848 solo
1923 4789 2081 4860 Dec,

522 4892 594 4947 ιιι
621 4887 788 4947 Deus
811 4894 930 4954 est.
963 4893 1028 4950 et
1055 4885 1228 4964 quod
1248 4890 1386 4946 erat
1411 4899 1490 4946 ex
1541 4884 1819 4945 humana
1855 4881 2080 4944 Christi

527 4979 854 5042 voluntate
880 4981 1076 5042 libere
1125 4977 1410 5040 eliciente
1459 4977 1559 5040 vel
1607 4975 1985 5055 imperante,
2014 4980 2083 5036 et

519 5073 690 5154 quod
745 5080 883 5135 erat
915 5092 994 5136 ex
1049 5072 1255 5134 Verbo
1297 5071 1529 5147 divino,
1575 5076 1645 5132 ιιι
1689 5069 2079 5148 hypostatice

524 5168 702 5230 unito
731 5166 1126 5228 humanitati.
1157 5169 1206 5228 A
1224 5167 1354 5228 Deo
1383 5164 1552 5228 enirn
1581 5169 1651 5224 ιιι
1669 5164 1800 5224 Deo
1819 5167 1955 5226 erat
1982 5179 2081 5225 ac-

517 5259 706 5322 tualis
738 5279 1082 5323 concursus
1127 5261 1367 5341 gratim,
1421 5255 2081 5336 seu-supernaturalis

518 5353 600 5415 ad
629 5353 790 5416 tales
817 5361 1022 5430 actus,
1053 5360 1115 5415 et
1143 5355 1352 5416 omnis
1380 5351 1639 5414 actualis
1693 5349 1892 5431 gratia
1919 5365 2078 5428 prm·

513 5448 1226 5526 venie1133oetendimus
1277 5449 1446 5512 enim
1505 5465 1717 5530 supra,
1763 5463 1826 5526 q.
1861 5447 1920 5518 7,
1962 5445 2077 5506 has

2172 389 2365 452 ctiam
2421 389 2653 471 gratias
2696 389 2889 452 frusse
2942 388 3263 454 interdum
3316 397 3663 476 necessarias,

2171 479 2497 546 interdum
2515 483 2699 546 valde
2722 482 2904 544 utiles
2922 483 3151 544 animm
3162 483 3411 547 Christi.
3424 489 3477 550 A
3498 491 3667 554 volun·

2170 581 2295 640 tato
2319 577 2599 640 humana
2624 577 2848 640 Christi
2876 583 3060 638 eraut
3098 577 3301 640 iidem
3352 585 3543 656 actus,
3556 602 3669 662 qua·

2168 677 2356 733 tenus
2378 671 2443 734 in
2470 690 2578 734 eos
2606 671 2907 737 influebat
2932 671 3148 734 libere.
3186 674 3240 734 A
3284 673 3669 740 Vel-boantem

2168 770 2303 826 erat
2334 764 2625 844 specialis
2656 765 2929 844 dignitas
2956 771 3021 825 et
3064 765 3390 838 sanctitas-2,
3440 784 3563 844 quae
3583 771 3671 834 iltis

2166 858 2413 921 actibus
2436 857 3045 933 communicabatur,
3066 865 3130 919 ct
3156 859 3473 938 quantitas
3500 861 3671 926 talaris

2168 950 2415 1025 infiniti,
2448 969 2641 1032 quem
2668 953 2729 1013 iu
2762 969 2997 1030 genere
3024 952 3239 1013 meriti
3272 958 3349 1014 ct
3374 953 3671 1018 satisfactio-

2171 1045 2267 1108 nis
2293 1046 2639 1108 habebant.

2254 1144 2351 1202 16.
2398 1142 2481 1202 Ut
2516 1157 2666 1220 ergo
2690 1160 2729 1202 a
2774 1140 3137 1202 clarioribus
3176 1141 3497 1221 incipiam,
3544 1149 3673 1204 actm

2166 1235 2387 1299 Chn'sti
2414 1235 2687 1306 Domini,
2710 1241 2778 1296 ut
2808 1240 2989 1296 erant
3012 1233 3095 1296 ab
3122 1233 3299 1297 iliius
3318 1235 3571 1296 humana
3592 1255 3671 1296 rc·

2166 1329 2431 1402 lentate,
2462 1347 2591 1389 non
2616 1327 2929 1390 cadebant
2954 1328 3072 1390 sub
3102 1328 3401 1390 meritum
3450 1329 3676 1407 ejusdem,

2164 1423 2409 1488 Christi.
2460 1425 2656 1496 Patet,
2698 1423 2847 1502 quia
2886 1439 3073 1483 nemo
3114 1425 3402 1482 meretur
3434 1421 3518 1496 id,
3545 1425 3675 1500 qued

2166 1524 2261 1578 est
2287 1535 2499 1592 suum,
2534 1523 2850 1596 quatenus
2882 1531 3071 1576 auum
3101 1521 3193 1576 est
3226 1535 3245 1588 ς
3280 1514 3395 1576 sed
3431 1522 3604 1592 actus,
3626 1524 3676 1577 ut

2166 1618 2311 1672 sunt
2336 1629 2371 1672 a
2400 1611 2653 1691 propria
2684 1611 3027 1684 voluntate,
3080 1616 3235 1672 sunt
3256 1609 3351 1670 ita
3378 1610 3591 1688 proprii
3608 1611 3677 1689 ip-

2165 1706 2299 1766 sius
2326 1703 2664 1784 operantis,
2700 1711 2769 1766 ut
2801 1721 2879 1766 ea
2906 1703 3151 1765 ratione
3182 1702 3438 1764 dicetur
3453 1704 3677 1764 maxime

2164 1798 2443 1878 ipsorum
2482 1797 2823 1869 domiuus;
2872 1815 3023 1876 ergo
3056 1803 3127 1858 ιιι
3180 1796 3278 1858 sic
3324 1813 3453 1857 non
3496 1796 3675 1858 cadunt

2164 1891 2281 1950 suh
2344 1891 2639 1952 meritum
2688 1891 2885 1970 ipsius
2926 1891 3274 1970 operantia.
3328 1891 3473 1951 Haec
3509 1898 3677 1950 actvm

2165 1984 2323 2044 ratio
2356 1983 2579 2044 eodem
2632 1983 2823 2044 modo
2862 1983 3149 2062 procedit
3204 1984 3273 2043 in
3318 1981 3565 2045 Christo.
3600 1984 3677 2042 Se-

2165 2076 2397 2151 cundo,
2440 2077 2587 2154 quia
2640 2096 2716 2138 ea
2746 2081 2991 2138 tantum
3039 2076 3281 2138 cadunt
3323 2075 3561 2154 'prepi-ie
3592 2076 3679 2134 suh

2166 2171 2463 2232 meritum
2492 2187 2703 2232 coram
2752 2171 2899 2241 Dec,
2932 2187 3077 2247 qnae
3133 2175 3285 2231 sunt
3328 2169 3487 2230 deria
3540 2171 3677 2246 ejus;

2168 2263 2283 2325 sed
2304 2269 2479 2326 actus
2502 2263 2707 2336 liberi,
2738 2268 2804 2324 ut
2824 2263 2935 2338 sic,
2956 2281 3087 2324 non
3104 2269 3256 2323 sunt
3274 2263 3442 2323 dona
3461 2262 3574 2330 Dei,
3592 2261 3681 2320 nisi

2172 2365 2238 2420 ut
2262 2364 2405 2418 sunt
2428 2376 2467 2418 a
2490 2357 2641 2432 Deo,
2672 2375 2799 2418 nou
2830 2374 2979 2418 vero
3010 2363 3079 2418 ut
3095 2363 3247 2418 sunt
3272 2356 3355 2418 ab
3380 2356 3509 2434 ipso
3528 2354 3679 2414 homi-

2168 2469 2249 2512 ne
2282 2457 2608 2530 operante,
2644 2449 2767 2512 nisi
2794 2456 3110 2530 quatenus
3140 2453 3319 2512 Deus
3368 2447 3507 2510 facit
3548 2447 3679 2508 illum

2168 2545 2439 2624 operari,
2470 2544 2534 2604 in
2561 2561 2685 2623 quo
2710 2545 2845 2624 jam
2892 2545 3333 2606 consideratur
3363 2544 3611 2622 operalio
3633 2549 3679 2602 ut

2164 2643 2260 2700 est
2288 2657 2325 2697 a
2354 2638 2511 2713 Deo,
2544 2643 2607 2699 et
2632 2655 2759 2698 non
2790 2639 3041 2716 pmcise
3070 2643 3139 2700 ut
3169 2645 3268 2700 est
3315 2637 3397 2698 ab
3420 2635 3669 2703 hominc;

2164 2751 2339 2811 erge,
2364 2731 2649 2793 absolute
2670 2732 2987 2810 loquendo
3012 2732 3089 2793 dc
3116 2739 3265 2794 actu
3288 2730 3405 2792 sub
3427 2731 3533 2790 hoc
3556 2745 3671 2808 prm·

2164 2827 2288 2888 cieo
2320 2829 2613 2906 respectu
2642 2831 2830 2886 otest
2872 2845 2907 2885 a
2960 2827 3287 2888 voluntate
3328 2824 3537 2896 tibet-a,
3578 2839 3673 2882 acu

2163 2924 2537 3001 potestesse
2581 2921 2909 3000 proemium
2958 2921 3359 2992 meritorum,
3390 2925 3451 2981 et
3492 2933 3671 2978 conse<

2159 3020 2427 3094 quentcr
2450 3031 2568 3076 nec
2594 3020 2795 3093 potest
2824 3013 3049 3076 cadere
3073 3013 3197 3074 sub
3222 3011 3537 3074 meritum.

2244 3109 2344 3168 17.
2396 3106 2574 3170 Addo
2602 3107 2886 3178 ulterius,
2921 3107 3038 3169 hos
3066 3113 3271 3183 actua,
3315 3111 3595 3184 quantum
3612 3101 3675 3162 ad

2162 3202 2436 3263 valorem
2467 3203 2801 3279 infinitum,
2842 3221 3029 3282 quem
3066 3202 3395 3264 habebant
3439 3218 3511 3260 cx
3554 3214 3673 3258 con-

2156 3297 2483 3376 junctione
2513 3296 2595 3359 ad
2616 3296 2915 3372 Verbum,
2946 3315 3073 3360 non
3110 3297 3416 3360 cecidisse
3442 3292 3671 3374 proxime

2164 3390 2283 3452 sub
2320 3391 2617 3452 meritum
2660 3389 2907 3465 Christi,
2950 3409 3083 3452 non
3117 3391 3273 3470 quia
3325 3386 3673 3452 exhaurirent

2161 3482 2319 3544 illud
2346 3485 2664 3556 moritum,
2716 3484 2849 3545 haec
2904 3484 3073 3548 enim
3122 3485 3291 3546 ratio
3342 3483 3433 3564 (nt
3476 3479 3669 3560 opiner)

2162 3577 2335 3658 parvi
2388 3577 2690 3638 momenti
2730 3582 2829 3639 est
2853 3595 2869 3652 ;
2895 3577 3011 3638 >sed
3038 3577 3187 3655 quia
3236 3577 3342 3640 illc
3384 3575 3545 3637 valor
3570 3587 3681 3634 nnn-

2160 3669 2399 3750 pendet
2426 3687 2505 3730 cx
2531 3687 2695 3730 nova
2736 3669 2849 3730 Dei
2906 3670 3257 3746 voluntate,
3290 3686 3493 3747 neque
3536 3663 3603 3726 ad
3624 3663 3673 3722 il-

2161 3765 2295 3825 lum
2324 3770 2420 3828 est
2448 3781 2649 3824 novus
2666 3781 3011 3826 concursus
3030 3765 3453 3840 necessarius,
3472 3763 3671 3822 imene-

2166 3875 2291 3936 que
2322 3856 2614 3936 impediri
2636 3863 2865 3937 potest,
2906 3857 3095 3920 etiam
3122 3858 3205 3921 de
3236 3857 3511 3939 potentia
3529 3852 3671 3914 abso-

2164 3952 2316 4024 luta,
2352 3947 2672 4031 supposita
2688 3951 2924 4014 unione
2942 3953 3341 4032 hypostatica
3368 3953 3431 4012 in
3448 3951 3571 4028 ipsa
3589 3961 3669 4005 m·

2166 4051 2328 4121 tura,
2352 4063 2493 4124 quae
2514 4051 2613 4106 cst
2640 4045 2780 4107 talis
2804 4047 3183 4124 operationis
3206 4045 3595 4126 principium
3622 4043 3667 4098 Βΐ

2162 4138 2309 4200 ideo
2352 4138 2481 4202 dixi
2508 4139 2795 4218 proxime
2815 4157 2945 4200 non
2974 4139 3201 4204 cadere
3242 4140 3415 4202 hunc
3436 4135 3665 4198 valorem

2160 4233 2277 4293 suh
2297 4233 2616 4308 meritum,
2648 4249 2798 4293 nam
2824 4237 3089 4307 remote,
3115 4234 3173 4294 >si
3192 4233 3338 4313 ipsa-
3362 4231 3501 4294 unio
3522 4224 3663 4289 cade·

2159 4332 2259 4387 ret
2274 4325 2393 4386 sub
2416 4326 2734 4401 meritum,
2760 4335 2974 4405 posset
2999 4326 3213 4405 aliquo
3234 4325 3427 4388 modo
3446 4323 3569 4384 talis
3590 4333 3667 4378 va⁴

2159 4417 2257 4480 lor
2286 4418 2537 4480 attribui
2572 4419 2831 4491 meritis,
2866 4437 2996 4481 non
3016 4421 3082 4480 in
3108 4438 3201 4498 se,
3232 4421 3347 4482 sed
3371 4413 3665 4484 ιιι-ιειιιιεος

2166 4512 2327 4573 sicut
2350 4527 2521 4572 nunc
2552 4510 2673 4572 dici
2701 4517 2912 4592 potest
2930 4512 3010 4574 de
3061 4515 3297 4575 unione
3326 4509 3518 4592 quoad
3552 4521 3663 4567 con·

2166 4605 2582 4666 servationem
2630 4605 2793 4684 ejus,
2832 4611 2901 4666 ut
2934 4625 3125 4686 supra
3162 4606 3405 4668 dictum·
3444 4607 3543 4664 cst.
3570 4593 3663 4660 Sed

2162 4699 2285 4760 hoc
2308 4715 2437 4760 non
2462 4700 2613 4760 satis
2632 4705 2729 4760 est
2755 4705 2825 4761 ut
2844 4699 3017 4760 valor
3040 4718 3303 4779 operum
3340 4701 3399 4760 in
3446 4715 3509 4758 se
3528 4693 3659 4755 dica-

2165 4798 2269 4853 tur
2306 4792 2535 4854 cadere
2582 4792 2702 4854 sub
2728 4793 3057 4865 meritum;
3108 4793 3265 4855 sicut
3320 4810 3479 4855 nunc
3499 4789 3660 4869 justus

2160 4891 2441 4946 meretur
2464 4891 2878 4966 augmentum
2924 4886 3159 4963 gratim,
3192 4906 3231 4948 a
3274 4905 3397 4966 quo
3442 4885 3657 4960 augetur

2163 4979 2351 5040 etiam
2372 4978 2767 5057 subsequens
2789 4981 3112 5056 meritum,
3156 4985 3219 5042 et
3248 4987 3451 5044 tamen
3468 4991 3577 5036 nou
3592 4967 3659 5029 di-

2162 5071 2322 5134 citur
2347 5073 2581 5134 mereri
2632 5073 2974 5149 posteriora
3010 5073 3260 5147 merita,
3296 5071 3455 5154 quod
3478 5059 3654 5144 maiori

2162 5165 2495 5228 rationein
2525 5165 2823 5244 priesenti
2842 5185 3061 5230 verum
3089 5175 3203 5229 est.
3286 5235 3293 5244 ,
3402 5223 3407 5228 .

2244 5262 2343 5322 18.
2410 5261 2833 5338 Argumentor
2877 5261 3063 5341 igitur
3105 5262 3175 5323 in
3214 5263 3380 5323 hunc
3422 5252 3649 5319 modum,

2161 5354 2310 5432 quia
2355 5351 2419 5414 id
2456 5352 2663 5414 solum
2708 5351 2875 5414 cadit
2924 5353 3042 5416 sub
3088 5355 3381 5417 meritum
3418 5347 3653 5427 τεερεῑτΐὶὶ

2158 5446 2290 5518 Dei,
2320 5445 2489 5526 quod
2518 5447 2680 5508 Deus
2706 5447 2838 5529 ipse
2866 5445 3151 5509 conferre
3173 5453 3391 5532 potest,
3408 5449 3463 5506 et
3485 5436 3649 5520 posset
