3892 6167
521 429 840 510 injudicio
871 431 926 490 σι
953 425 1018 488 in
1034 421 1299 504 justitia
1313 443 1337 492 ,·
1363 418 1588 499 quibus
1622 416 1854 477 ultimis
1879 416 2085 477 verbis

525 541 790 605 regnum
843 523 964 583 hoc
1019 515 1342 600 spirituale
1395 513 1532 574 fore
1587 511 1963 586 declaravit,
2018 515 2085 570 ut

526 619 722 680 sancti
765 615 1150 693 expositores
1193 609 1593 670 adnotarunt.
1637 606 1710 664 Et
1749 604 1969 665 Ezech.
2002 603 2075 665 21

501 716 622 780 ,est
643 711 948 792 optimum
973 706 1053 767 da
1079 703 1304 766 eodem
1333 718 1528 781 regno
1551 698 1975 761 testimonium
2001 697 2082 758 ab

525 807 644 868 illis
667 804 876 866 verbis
902 823 919 862 ε
949 799 1146 878 Aufer
1177 795 1457 872 cidarim,
1485 793 1627 857 tollo
1655 807 1952 866 coronam,
1980 809 2085 852 us-

527 917 651 980 que
667 898 750 960 ad
763 895 948 960 illud:
976 895 1174 957 Donec
1198 891 1425 953 veniret
1452 888 1628 969 cujus
1651 891 1738 950 est
1749 885 2081 965 judicium,

522 1001 582 1060 et
609 993 849 1058 tradam
877 989 930 1052 ei
953 1015 973 1059 ,·
1007 991 1068 1048 et
1097 1003 1150 1046 o.
1181 982 1416 1046 34:192
1444 979 1742 1046 suscitabo
1773 995 1955 1059 super
1986 995 2087 1041 eas

518 1092 826 1167 pastorem
853 1099 1061 1155 unum,
1093 1080 1198 1160 qm·
1223 1082 1438 1158 pascat
1473 1093 1596 1148 eas,
1623 1089 1859 1136 serrum
1895 1089 2087 1132 meum

525 1180 749 1250 David,
787 1177 918 1262 ipse
941 1177 1147 1256 pascet
1177 1187 1276 1234 eas
1297 1217 1311 1244 ,
1351 1177 1408 1234 ec
1435 1171 1564 1251 ipse
1591 1168 1710 1232 erit
1736 1165 1822 1228 eis
1855 1165 1918 1226 in
1943 1181 2090 1244 pas-

524 1279 711 1336 torem
729 1297 754 1345 ‚·
783 1287 886 1352 09⁰
915 1273 1112 1332 autem
1137 1267 1436 1327 Dominus
1460 1281 1556 1325 ero
1581 1263 1667 1323 eis
1693 1261 1762 1322 in
1790 1257 2008 1333 Deum,
2030 1261 2090 1321 et

523 1385 734 1431 servus
777 1381 942 1426 meus
981 1361 1188 1424 David
1231 1360 1512 1442 princeps
1543 1357 1608 1419 in
1637 1356 1828 1418 medio
1857 1370 2084 1428 eorum,

523 1479 626 1545 eqo
667 1459 963 1523 Dominus
991 1456 1226 1518 locutus
1273 1471 1428 1524 sum,
1462 1455 1518 1513 et
1562 1450 1798 1523 faciam
1835 1465 1969 1510 cvm
1996 1447 2089 1509 eis

521 1559 768 1638 pactum
820 1551 1033 1630 pacis,
1093 1555 1213 1609 etc.
1273 1545 1452 1618 Quod
1509 1543 1762 1606 tandem
1817 1557 2086 1620 regnum

526 1647 778 1728 agnovit
801 1646 983 1719 latro,
1007 1641 1260 1722 quaudo
1289 1642 1350 1700 in
1377 1655 1558 1700 cruce
1585 1635 1869 1718 pendens
1887 1633 2079 1695 dixit:

528 1743 825 1806 Memento
853 1739 993 1811 mei,
1021 1737 1298 1808 Domine,
1326 1751 1459 1797 cum
1485 1731 1716 1796 veneris
1741 1733 1810 1792 in
1835 1745 2089 1808 romaum

529 1841 724 1907 tuum,
755 1836 902 1895 Luc.
937 1833 1051 1908 233
1082 1846 1208 1890 non
1239 1825 1779 1905 enim-temporale
1813 1840 2089 1884 commo·

527 1930 702 2002 dum,
729 1926 842 1988 sed
881 1923 1200 2004 spirituale
1229 1920 1576 1983 remedium
1605 1917 1991 1999 postulabam
2024 1925 2089 1980 et

527 2022 893 2096 ideo,Joan.
921 2021 1019 2092 18,
1053 2017 1206 2079 dixit
1239 2015 1514 2076 Christus
1545 2013 1778 2076 Pilato:
1810 2013 2087 2090 Regnum

527 2135 718 2180 meum
761 2131 879 2176 non
925 2118 1014 2176 ost
1060 2113 1128 2174 de
1164 2111 1270 2173 hoo
1313 2109 1552 2180 mundo,
1587 2107 1652 2168 id
1683 2109 1799 2181 est,
1827 2125 1956 2168 non
1990 2113 2087 2170 est

530 2219 866 2280 terrenum,
893 2223 1100 2286 neque
1129 2204 1372 2266 habens
1401 2201 1718 2264 carnalem
1747 2201 2081 2280 originem,

525 2303 638 2368 sed
683 2304 962 2376 coeleste,
997 2307 1058 2362 et
1087 2318 1124 2361 a
1165 2300 1296 2360 Deo
1333 2313 1620 2368 manans,
1653 2301 1842 2374 atque
1871 2294 1949 2356 ad
1993 2295 2085 2376 ip-

525 2418 664 2462 sum
697 2397 982 2460 tendens.
1033 2397 1122 2456 De
1151 2393 1270 2454 hoc
1301 2390 1576 2470 denique
1615 2407 1811 2469 regno
1855 2389 2087 2468 passim

525 2495 596 2556 fit
624 2493 686 2555 in
715 2491 1032 2570 Scriptura
1065 2485 1334 2560 mentio,
1367 2483 1712 2564 praesertim
1755 2483 1822 2544 in
1851 2483 2081 2544 Psalm.

525 2587 627 2658 44,
653 2584 716 2646 in
750 2587 890 2660 tou,
917 2588 980 2642 et
1006 2578 1175 2660 apud
1203 2577 1346 2639 lsai.
1371 2576 1904 2655 frequentissime,
1935 2593 2087 2656 prte-

525 2679 738 2740 sertim
793 2697 848 2738 c.
881 2677 921 2738 2
957 2694 970 2738 ε
1035 2674 1238 2740 Venite
1283 2672 1672 2734 ascendamus
1720 2671 1800 2734 ad
1829 2675 2086 2732 montem

523 2771 794 2842 Domini,
827 2775 972 2842 etc.;
1004 2773 1066 2831 et
1099 2783 1152 2830 c.
1181 2769 1261 2827 49
1297 2783 1312 2825 z
1347 2765 1502 2827 Dedi
1538 2770 1594 2826 to
1631 2762 1695 2824 in
1729 2763 1918 2827 lucem
1950 2781 2089 2846 qen.-

523 2865 702 2940 tium,
735 2866 881 2936 etc.;
929 2866 993 2924 et
1023 2879 1079 2922 c.
1113 2861 1194 2922 60
1225 2878 1238 2920 ε
1281 2858 1503 2939 Suo-qe,
1531 2857 1881 2919 illuminare
1905 2857 2087 2919 Jeru-

522 2957 746 3030 salem;
777 2955 889 3018 sed
931 2953 1246 3034 praecipue
1289 2951 1756 3032 praefiguratum
1797 2957 1890 3010 est
1918 2949 2087 3030 apud

527 3051 798 3123 Daniel„
833 3067 888 3109 c.
921 3051 984 3122 2,
1015 3047 1082 3108 in
1111 3051 1317 3107 statua
1347 3045 1452 3105 illa
1479 3061 1668 3124 quam
1697 3043 1848 3107 vidit
1880 3045 2087 3106 Nabu-

526 3144 944 3214 chodonosor,
971 3147 1032 3202 et
1057 3157 1250 3221 parvo
1279 3137 1484 3218 lapide
1506 3137 1780 3200 abscisso
1803 3141 1871 3202 de
1894 3143 2089 3200 monte

524 3239 652 3300 sine
677 3235 974 3312 titanibus,
1007 3235 1114 3314 qui
1143 3239 1414 3296 statuam
1455 3231 1766 3300 contrivit.
1793 3236 1850 3296 et
1880 3235 2089 3310 sactus

523 3337 616 3394 est
655 3347 826 3394 mous
851 3345 1129 3414 magnus,
1161 3333 1218 3392 et
1266 3325 1538 3406 implevit
1579 3328 1926 3390 universam
1962 3331 2087 3390 ter-

521 3443 695 3500 mm,
727 3423 806 3484 de
849 3439 974 3502 quo
1015 3427 1235 3502 postea
1259 3419 1460 3481 subdit
1493 3437 1508 3480 z
1542 3420 1625 3484 In
1653 3419 1858 3482 diebus
1886 3425 2085 3483 autem

523 3537 836 3601 reque-rum
862 3516 1105 3578 illorum
1132 3513 1440 3577 suscitabit
1465 3513 1630 3576 Deus
1649 3513 1779 3575 coeli
1804 3529 2080 3593 requam,

523 3613 680 3693 quod
711 3611 778 3672 in
819 3615 1106 3673 aeternum
1145 3625 1264 3670 non
1291 3605 1713 3690 dissipabitur,
1745 3610 1802 3670 et
1829 3621 2083 3686 requam

522 3706 656 3784 ejus
685 3705 866 3768 alteri
899 3703 1120 3784 populo
1151 3719 1269 3764 non
1300 3701 1600 3764 tradetur,
1635 3699 1812 3761 Ratio
1843 3705 2079 3776 autem,

524 3800 605 3860 ob
637 3815 828 3878 quam
883 3796 1106 3857 merito
1159 3797 1288 3855 liaec
1333 3793 1556 3858 Christi
1602 3799 1876 3874 potestas
1909 3793 2083 3872 regia

524 3891 898 3972 appellatur,
944 3895 1038 3952 est
1073 3889 1233 3949 illius
1277 3887 1552 3970 dignitas
1597 3893 1658 3950 et
1687 3886 2081 3964 excelientia,

523 4005 664 4065 quae
696 3985 980 4066 plurimis
1008 3982 1210 4045 modis
1247 3987 1500 4063 superat
1529 3982 1811 4043 omnium
1840 3986 2085 4062 tempo·-

521 4079 744 4140 ratium
773 4095 998 4159 regum
1038 4081 1409 4156 potestatem
1437 4082 1499 4137 et
1535 4075 1924 4156 dignitatem.
1956 4075 2087 4135 Pri-

523 4191 652 4247 mo,
669 4171 735 4233 in
765 4171 892 4232 tine
923 4171 1081 4250 ejuS,
1101 4171 1210 4248 qni
1243 4170 1513 4232 coelestis
1543 4176 1638 4232 est
1668 4175 1728 4232 et
1755 4169 2084 4250 sempiter-

523 4283 675 4339 nus;
705 4264 932 4326 deinde
973 4265 1037 4324 in
1083 4263 1518 4344 amplitudine,
1551 4263 1697 4341 quia
1727 4281 1854 4323 non
1882 4261 2084 4324 solum

528 4365 757 4420 terram
791 4357 1184 4430 universam,
1218 4355 1328 4417 sed
1373 4354 1564 4416 etiam
1609 4355 1836 4418 coslum
1879 4355 2085 4437 ipsum

525 4450 941 4533 amplectitur.
993 4451 1323 4520 Praeterea,
1355 4449 1504 4528 quia
1548 4467 1676 4510 non
1723 4450 2086 4530 temporalis

527 4551 624 4608 est
669 4549 735 4606 et
759 4545 1028 4618 caduca,
1060 4542 1173 4604 sed
1207 4547 1458 4603 aeterna.
1495 4541 1588 4604 Ad
1615 4543 1774 4618 hoec,
1817 4561 1946 4604 non
1988 4561 2086 4604 so·

524 4640 657 4701 lum
685 4637 1072 4718 corporibuS,
1098 4636 1207 4697 sed
1231 4636 1415 4697 etiam
1446 4634 1670 4698 animis
1701 4637 2083 4714 dominatur,

527 4751 876 4813 eorumque
903 4733 1234 4794 utilitatem
1266 4737 1326 4792 et
1350 4731 1742 4793 sanctitatem
1771 4733 2083 4812 praecipue

526 4827 738 4902 efficit,
787 4826 951 4888 unde
991 4829 1052 4888 et
1100 4823 1181 4886 ad
1229 4823 1401 4884 hunc
1449 4821 1639 4886 finem
1688 4833 1940 4886 cst-teras
1986 4841 2087 4885 res

528 4937 746 4984 omnes
771 4921 887 4982 sibi
917 4917 1469 5000 subjectas“habet.
1495 4917 1601 4982 Est
1631 4937 1778 4999 ergo
1807 4925 2085 5000 potestas

526 5012 662 5078 haec
695 5015 892 5093 regia,
921 5021 983 5076 et
1009 5013 1309 5092 Christus,
1333 5013 1441 5094 qni
1468 5013 1638 5074 illam
1659 5013 1873 5088 hahet,
1901 5029 2087 5076 verus

528 5106 864 5189 spiritualis
883 5123 1018 5182 rex,
1041 5109 1216 5169 tanto
1237 5109 1478 5170 eaeteris
1507 5103 1758 5188 regibus
1785 5113 2086 5186 praestan·

529 5202 667 5278 tior,
709 5205 944 5280 quanto
981 5199 1071 5262 eis
1098 5199 1431 5281 prudentia
1455 5246 1470 5276 ‚
1504 5199 1768 5280 justitia,
1800 5198 2085 5264 bonitate

529 5315 602 5356 ac
631 5297 911 5376 potentia
939 5295 1275 5358 antecellit.

607 5393 666 5453 3.
706 5389 988 5455 Potestas
1029 5389 1392 5454 excellentia?
1411 5388 1668 5471 propria
1699 5387 1957 5464 Christi,
1988 5407 2091 5453 neo

531 5479 708 5549 alleri
749 5483 982 5548 omnino
1033 5481 1555 5547 communicabitis.
1587 5481 1761 5544 -Et
1811 5482 1955 5546 hinc
1998 5501 2089 5546 :e-

1736 316 1970 379 QUAEST.
2006 316 2158 370 xxu.
2193 317 2395 370 Alme.
2428 317 2512 370 vt.

2166 416 2377 495 quitur
2404 415 2707 487 secundo,
2736 414 2899 476 hanc
2939 419 3327 496 potestatem
3354 415 3739 480 excellentia)
3829 419 3830 472 1

2166 527 2305 571 esse
2346 509 2667 592 propriam
2698 516 2763 570 et
2810 509 3198 589 singularem
3228 512 3433 591 ipsius
3464 511 3739 576 christi:
3829 495 3830 504 ἵ

2164 603 2321 665 sicut
2348 603 2519 665 enim
2541 602 2957 665 sacerdotium
2990 604 3130 682 ejus
3169 605 3497 686 singulare
3530 612 3651 678 est,
3684 610 3745 665 et

2164 696 2455 758 omnibus
2496 696 2637 757 aliis
2682 698 2994 777 superius,
3034 697 3124 758 ita
3180 701 3377 760 etiam
3428 703 3741 780 potestas,

2165 807 2305 869 quas
2335 791 2489 852 illud
2514 798 2850 854 consecuta
2878 797 2997 867 est,
3030 792 3373 870 singularis
3402 797 3502 854 est
3554 799 3619 854 et
3642 810 3747 851 su·-

2164 903 2402 964 prema,
2434 889 2498 947 et
2522 885 2667 946 ideo
2694 891 2970 966 potestas
2996 887 3389 948 excellentiae
3428 883 3743 967 appellata

2168 983 2281 1040 est.
2334 978 2513 1042 Unde
2570 984 2635 1040 et
2674 985 2853 1040 actus
2904 979 3095 1058 hujus
3140 980 3482 1060 potestatis
3528 997 3569 1038 a
3620 980 3745 1039 solo

2168 1071 2411 1134 Christo
2446 1071 2582 1134 fleri
2610 1078 2953 1153 potuerunt
2980 1089 3000 1152 3
3042 1075 3217 1136 solus
3246 1076 3421 1136 enim
3449 1075 3598 1154 ipse
3640 1091 3745 1154 po·

2170 1165 2285 1228 tuit
2322 1167 2655 1228 Ecclesiam
2702 1168 2997 1244 condere,
3030 1169 3355 1231 instituere
3382 1185 3748 1229 sacramen—

2170 1265 2253 1336 ta,
2286 1266 2660 1340 potestatem
2698 1262 2853 1324 dare
2898 1261 2981 1324 ad
3010 1262 3393 1324 remittenda
3438 1267 3699 1342 peccata
3728 1307 3741 1323 .

2170 1359 2231 1414 et
2278 1354 2551 1416 tribunal
2592 1355 2859 1434 erigere,
2886 1359 2947 1416 in
2994 1373 3121 1434 quo
3174 1361 3443 1436 peccata
3494 1355 3569 1414 in
3613 1355 3743 1414 foro

2172 1447 2401 1508 animae
2433 1447 2929 1528 dijudicarentur
2942 1471 2959 1526 3
2986 1449 3155 1512 solus
3188 1451 3385 1514 etiam
3418 1447 3745 1529 potuit,eo

2166 1539 2355 1602 modo
2382 1559 2509 1621 quo
2550 1543 2759 1620 vellet,
2790 1542 3029 1623 absque
3060 1543 3247 1606 certis
3292 1542 3507 1606 verbis
3536 1543 3641 1604 vel
3668 1541 3745 1602 si·

2168 1634 2306 1714 gnis
2354 1635 2740 1700 sanctificare
2789 1637 3053 1711 animas,
3100 1643 3165 1699 et
3208 1643 3475 1716 peccata
3530 1637 3741 1696 remit·

2170 1735 2324 1806 tere,
2356 1737 2425 1792 ut
2456 1747 2666 1810 supra,
2696 1738 2912 1811 quaest.
2954 1735 3054 1803 13,
3083 1731 3207 1794 late
3252 1737 3601 1793 tractatum
3632 1735 3737 1790 est.

2168 1826 2493 1900 Quocirca,
2533 1827 2817 1904 quamvis
2848 1825 3089 1888 vicario
3144 1831 3210 1887 et
3254 1825 3573 1888 ministris
3616 1825 3747 1884 suis
3833 1881 3834 1884 ,

2168 1919 2507 1998 quamdam
2576 1919 3115 2000 participationem
3172 1919 3367 1999 hujus
3416 1918 3748 1999 potestatis

2170 2014 2445 2078 Christus
2492 2013 2835 2092 reliquerit,
2862 2014 3101 2075 nemini
3142 2019 3364 2076 tamen
3424 2014 3739 2093 aqualem

2163 2113 2537 2189 potestatem
2566 2107 3087 2185 communicavit3
3118 2109 3233 2171 sed
3262 2113 3437 2170 certa
3468 2109 3737 2174 ratione.

2166 2210 2229 2268 et
2256 2205 2445 2266 modo
2473 2204 2553 2265 ab
2574 2203 2709 2284 ipso
2728 2203 3111 2286 prascripto,
3138 2219 3331 2282 quem
3350 2201 3573 2264 nullus
3596 2221 3741 2281 prse-

2167 2305 2265 2363 ter
2294 2300 2501 2380 ipsum
2535 2303 2779 2360 mutare
2802 2303 3047 2380 potest;
3084 2297 3255 2359 unde
3288 2299 3531 2374 (πίοι-ἱ,
3567 2303 3635 2358 ut
3660 2297 3743 2357 vi-

2172 2393 2322 2456 carii
2366 2411 2479 2453 seu
2532 2391 2797 2452 ministri
2846 2391 2982 2470 ejus
3034 2397 3401 2471 operantur,
3434 2397 3507 2452 ut
3564 2390 3731 2452 Pani.
3835 2416 3836 2480 ᾗ

2168 2486 2343 2563 dixit,
2366 2485 2449 2547 ad
2468 2485 2697 2565 Ephes.
2732 2487 2802 2563 43
2832 2489 2895 2546 et
2922 2487 3059 2563 ipse
3098 2485 3415 2565 praecipue
3444 2485 3511 2546 in
3540 2486 3737 2545 omni·
3835 2520 3836 2542 1

2168 2579 2285 2644 bus
2328 2583 2643 2660 operatur,
2677 2585 2747 2640 ut
2804 2579 3191 2660 Augustinus
3234 2579 3475 2658 colligit
3528 2579 3735 2640 exilio

2166 2677 2352 2740 Joan.
2382 2692 2397 2736 :
2430 2675 2559 2738 Hic
2595 2673 2818 2755 estqui
2864 2673 3132 2754 baptizat
3156 2697 3185 2746 ,·
3233 2691 3309 2734 ac
3346 2673 3631 2752 denique
3678 2675 3733 2732 in

2167 2770 2421 2830 nomine
2474 2773 2536 2830 et
2589 2767 2815 2830 virtuto
2860 2769 2993 2846 ejus
3033 2769 3503 2832 sanctificantur
3532 2787 3736 2832 sacra-

2168 2869 2405 2934 menta,
2430 2867 2493 2924 et
2514 2861 2915 2924 remittuntur
2938 2868 3193 2942 peccata
3206 2863 3387 2944 juxta
3416 2862 3575 2923 illud
3602 2865 3629 2922 l
3660 2859 3737 2920 ad

2168 2957 2249 3017 ad
2278 2957 2464 3020 Cor.l
2506 2973 2519 3014 :
2552 2953 2870 3036 Numquid
2908 2953 2977 3018 iu
3019 2957 3255 3018 nomine
3292 2956 3492 3019 Pauli
3548 2955 3739 3036 bapti·

2167 3047 2293 3112 saci
2311 3049 2505 3111 estis?
2528 3047 2766 3126 Itaque,
2798 3047 2951 3112 sicut
2982 3049 3224 3110 nullum
3257 3053 3355 3109 est
3398 3052 3597 3128 eaput
3632 3049 3737 3109 Ec-

2170 3141 2393 3217 clesiae,
2429 3141 2631 3222 qualis
2674 3141 2949 3204 Christus
2991 3150 3105 3219 est,
3135 3144 3219 3204 ita
3264 3143 3419 3204 nulli
3458 3144 3609 3204 data
3648 3149 3737 3204 cst

2168 3243 2437 3318 potestas
2460 3236 2785 3310 intluendi‚
2806 3243 2866 3300 et
2886 3237 3145 3318 regendi
3163 3237 3507 3300 Ecclesiam
3532 3255 3739 3316 atqua·
3837 3258 3839 3266 ¹

2165 3331 2241 3392 lis
2268 3331 2553 3411 potestati
2582 3329 2822 3393 Christi.

2247 3427 2306 3486 4.
2332 3425 3055 3504 Dubium-Responsio.
3084 3423 3343 3498 —Quod
3372 3423 3429 3484 si
3454 3424 3737 3504 inquiras

2167 3537 2247 3580 an
2272 3519 2405 3580 haec
2432 3523 2709 3598 potestas
2737 3517 2957 3579 saltem
2984 3516 3437 3579 communicari
3468 3519 3737 3597 potuerit

2164 3631 2340 3694 purae
2388 3617 2714 3688 creaturae,
2746 3611 3067 3694 responsio
3102 3610 3293 3690 hujus
3338 3611 3621 3691 petenda
3650 3619 3735 3674 est

2166 3725 2241 3768 ex
2272 3704 2347 3766 iis
2376 3723 2499 3786 que
2526 3705 2605 3766 de
2636 3705 2837 3786 gmtia
2862 3705 3079 3786 capitis
3096 3705 3367 3766 diximus
3396 3727 3417 3782 3
3442 3712 3542 3766 est
3571 3705 3735 3766 enim

2168 3799 2393 3861 eadem
2424 3817 2439 3870 3
2494 3798 2700 3878 quoad
2768 3797 2907 3862 illos
2956 3817 3230 3877 namque
3283 3799 3575 3873 effectae,
3634 3797 3733 3878 qni

2166 3911 2293 3954 non
2318 3891 2643 3954 includunt
2686 3891 3021 3954 intrinsece
3072 3897 3433 3972 respectum
3466 3893 3551 3953 ad
3600 3911 3739 3974 gra-

2166 3986 2313 4046 tiam
2346 3984 2615 4059 unioniS,
2649 3985 3095 4048 communicari
3120 3985 3323 4065 potnit
3362 4003 3545 4066 purte
3566 4005 3737 4047 crea-

2166 4084 2343 4152 turae,
2380 4085 2449 4140 ut
2491 4078 2571 4141 ad
2598 4077 3117 4142 sanctificandum
3162 4079 3475 4152 homineS‚
3512 4079 3593 4140 nd
3646 4097 3733 4140 re·

2168 4171 2445 4253 gendum
2498 4171 2636 4234 illos
2657 4218 2672 4247 ‚
2724 4177 2785 4234 et
2840 4171 3220 4234 instituenda
3286 4179 3691 4234 sacramenta
3714 4218 3731 4248 ,

2167 4273 2236 4328 ut
2267 4283 2380 4327 suo
2411 4265 2548 4328 loco
2576 4265 2841 4342 dicetur,
2866 4273 2927 4328 et
2956 4265 3200 4326 similia.
3237 4267 3318 4326 At
3342 4283 3503 4327 vero
3532 4265 3733 4350 quoad

2169 4359 2415 4440 aliquos
2456 4360 2714 4423 effectus
2742 4360 3093 4440 praesertim
3145 4357 3445 4434 morales-2,
3484 4357 3591 4440 qni
3648 4377 3731 4420 re-

2168 4453 2425 4534 quirunt
2468 4453 2825 4516 necessario
2876 4471 3212 4532 personam
3268 4452 3554 4515 divinam
3596 4471 3733 4533 ope·

2168 4555 2439 4622 rantem,
2472 4553 2541 4608 ut
2568 4551 2663 4608 est
2702 4545 3095 4608 sanctificare
3112 4546 3317 4626 justos
3360 4565 3441 4608 ex
3462 4547 3729 4627 perfecta

2160 4639 2425 4720 justitia,
2454 4647 2515 4702 et
2540 4641 2621 4701 ad
2648 4639 2990 4718 perfectam
3036 4638 3463 4718 aequalitatem
3517 4657 3629 4720 pro
3672 4639 3731 4698 it·

2166 4733 2245 4794 lis
2276 4731 2654 4808 satisfacere,
2686 4733 2837 4794 item
2869 4731 3077 4811 quoad
3108 4731 3367 4793 modum
3409 4731 3727 4793 obtinendi

2166 4825 2331 4888 hanc
2375 4832 2770 4906 potestatem,
2802 4831 3103 4904 tanquam
3140 4825 3259 4888 sibi
3304 4825 3631 4906 propriam
3674 4829 3729 4884 ct

2167 4919 2665 4995 connaturalem,
2696 4937 2825 4982 non
2852 4921 3053 5000 potnit
3080 4921 3537 4982 communicari
3566 4935 3727 4999 pnrae

2169 5019 2497 5088 creaturas,
2534 5020 2604 5074 nt
2636 5029 2753 5093 per
2780 5031 2849 5075 se
2874 5017 3137 5078 constat.

2249 5109 2309 5170 5.
2342 5107 2629 5170 Dubium.
2645 5137 2729 5156 --
2744 5105 3096 5190 Responsio.
3126 5137 3209 5156 --
3236 5107 3529 5173 Potestas
3552 5107 3731 5172 eccel-

2166 5203 2371 5266 lentioe
2396 5203 2629 5282 quando
2650 5199 2903 5265 Olm'sto
2931 5201 3093 5266 data.
3114 5199 3451 5266 -mamo
3478 5201 3730 5264 interro-

2168 5313 2319 5376 gare
2338 5299 2543 5374 potest
2564 5295 2793 5376 aliquis
2810 5311 2935 5375 quo
2961 5303 3245 5376 tempore
3272 5294 3728 5358 communicata

2169 5388 2355 5452 ruerit
2384 5386 2623 5451 Christo
2668 5389 2907 5450 homini
2952 5389 3085 5450 haec
3114 5394 3416 5470 potestas.
3450 5391 3727 5472 Respon-

2170 5483 2355 5546 detur
2381 5481 2649 5544 breviter
2676 5487 3050 5563 potestatem
3081 5483 3283 5563 ipsam
3330 5499 3367 5544 a
3412 5484 3609 5564 primo
3638 5483 3723 5543 in-
