3892 6167
1345 357 1670 414 marmur.
1701 359 1871 415 xm.
1903 359 2077 416 SECT.
2111 363 2196 416 ΠΙ.

225 469 283 530 8.
325 465 574 532 Smne
624 461 852 528 morte
901 461 1232 546 mipendi.-
1260 491 1342 512 -
1379 461 1557 525 circa
1585 461 1720 542 pri-

150 581 314 627 mum
341 560 809 624 advertendum
829 565 946 633 est,
981 557 1044 620 in
1063 557 1422 638 hujusmodi
1449 557 1716 620 locutio-

151 677 226 720 ne
257 673 445 738 posse
501 670 656 717 esse
677 668 973 729 errorem,
1025 652 1126 715 vel
1156 669 1234 714 ex
1269 666 1464 732 pravo
1493 669 1708 725 sensu,

151 765 542 828 erroneoque
564 747 808 829 judicio
835 747 1002 809 circa
1027 746 1401 827 mysterium
1424 747 1714 808 incarna-

149 847 346 919 tionis,
377 845 483 906 rel
511 841 724 906 solum
748 855 824 904 ex
847 857 1058 903 errore
1089 839 1256 903 circa
1281 839 1707 920 adoptionem,

149 941 288 1023 quid
333 938 603 1020 proprie
647 937 748 1012 sit,
781 935 1010 1016 quidve
1035 935 1291 1016 proprie
1317 934 1426 996 illa
1451 949 1604 996 voce
1633 934 1712 996 si-

149 1035 494 1117 gnificetur.
533 1033 717 1094 Prior
745 1046 922 1093 error
945 1034 1042 1092 est
1081 1030 1334 1111 proprie
1380 1029 1543 1092 circa
1571 1045 1709 1092 rem

150 1129 219 1193 ad
247 1127 674 1192 Christianam
701 1125 892 1188 fidem
929 1126 1371 1207 pertinentem,
1405 1123 1714 1204 posterior

145 1243 280 1286 vero
311 1222 526 1304 potius
559 1219 832 1302 pertinet
862 1219 944 1282 ad
985 1219 1319 1282 materiam
1353 1217 1602 1281 civilem
1649 1223 1712 1280 et

145 1317 474 1399 politicam,
493 1315 834 1396 magisque
859 1318 1138 1394 spectare
1163 1313 1412 1376 videtur
1429 1311 1511 1374 ad
1533 1312 1710 1391 igno·

143 1413 400 1472 rantiam
453 1406 938 1489 significationis
961 1405 1155 1482 vocis,
1205 1423 1396 1486 quam
1426 1405 1510 1467 ad
1537 1422 1708 1467 erro-

141 1517 262 1568 rem
289 1505 352 1565 in
395 1501 648 1582 jndicio
682 1500 948 1581 alicujus
977 1501 1088 1564 rei.
1129 1499 1308 1565 Unde
1338 1499 1577 1580 primus
1607 1517 1706 1562 er-

141 1617 236 1660 ror
273 1599 363 1659 est
393 1595 536 1658 sine
567 1593 764 1657 dnbio
795 1594 984 1675 longe
1011 1595 1236 1676 major,
1271 1593 1557 1672 quamvis
1605 1611 1705 1655 se-

141 1691 393 1760 cundus,
421 1694 620 1770 prout
651 1687 880 1752 versari
907 1692 1112 1768 potest
1137 1687 1203 1749 in
1235 1685 1502 1750 materia
1527 1686 1698 1764 fidei,

141 1785 526 1866 periculosus
573 1779 660 1844 sit
705 1787 770 1844 et
813 1781 1162 1859 cavendus,
1196 1779 1343 1862 quia
1389 1799 1468 1843 ex
1495 1779 1702 1842 verbis

143 1879 483 1940 inordinate
511 1877 782 1958 prolatis
811 1875 1152 1938 incurritur
1176 1873 1456 1939 hoeresiS.
1507 1874 1699 1938 Priori

142 1973 314 2035 modo
343 1977 648 2034 errarunt
679 1971 1018 2044 Nestorius,
1047 1971 1367 2047 Photinus,
1402 1969 1610 2044 Arius,
1639 1973 1701 2032 et

143 2066 379 2142 similc3‚
405 2067 519 2146 qui
539 2063 856 2130 Christum
874 2063 1482 2145 appellaruntfilium
1507 2061 1698 2144 adop·-

143 2161 342 2234 tivum,
375 2177 454 2222 eo
478 2158 658 2242 quod
675 2159 1098 2223 existimarent
1127 2164 1238 2222 aut
1262 2159 1540 2222 Verbum
1567 2177 1698 2221 non

146 2273 270 2317 esse
309 2271 536 2317 verum
589 2257 815 2331 Deum,
850 2261 956 2316 aut
1009 2253 1342 2328 Christum,
1377 2258 1448 2317 ut
1492 2253 1698 2317 homi-

149 2367 280 2410 nem
303 2395 319 2425 ,
369 2364 512 2411 esse
566 2365 802 2430 purum
856 2346 1178 2410 hominem
1204 2394 1224 2425 ,
1281 2354 1343 2411 et
1392 2365 1520 2410 non
1575 2347 1696 2408 nisi

147 2441 612 2505 accidentaliter
641 2457 784 2504 esse
807 2443 1212 2522 conjunctum
1245 2441 1397 2504 Filio
1439 2441 1553 2504 Dei
1587 2457 1698 2503 na·

149 2535 333 2598 turali.
361 2536 704 2600 Posteriori
733 2537 924 2600 modo
967 2537 1196 2599 erravit
1232 2535 1598 2610 DurandnS,
1633 2543 1696 2599 et

146 2631 188 2690 si
221 2631 320 2710 qui
349 2631 452 2692 alii
483 2631 798 2711 Theologi
824 2637 1157 2693 senserunt
1178 2629 1488 2692 Christum
1507 2645 1692 2710 posse

143 2721 252 2784 dici
287 2723 484 2786 tilium
535 2725 924 2806 adoptivum,
973 2725 1258 2805 quamvis
1286 2725 1366 2787 sit
1393 2741 1593 2786 unum
1631 2729 1696 2786 et

139 2815 290 2878 idem
335 2818 738 2900 suppositum
767 2818 1049 2882 divinum
1097 2819 1164 2880 in
1207 2820 1436 2881 natura
1483 2817 1693 2880 divina

142 2915 198 2970 et
223 2911 492 2974 humana
517 2911 897 2985 subsistens,
927 2913 1076 2993 quia
1101 2929 1232 2975 non
1263 2913 1694 2976 existimarunt

142 3001 488 3069 filiationem
518 3005 884 3087 adoptivam
933 3005 1256 3069 includere
1293 3007 1693 3088 negationem

142 3095 440 3162 filiationis
493 3100 809 3164 naturalis
859 3101 926 3162 in
973 3102 1110 3182 ipso
1159 3099 1482 3181 supposito
1507 3147 1522 3175 ‚
1579 3097 1694 3161 sed

144 3197 366 3254 tantum
417 3195 485 3257 in
513 3201 780 3271 natura;
813 3195 914 3257 vel
961 3200 1130 3257 certe
1161 3193 1311 3274 qnia
1340 3211 1468 3255 non
1514 3199 1694 3274 puta-

145 3293 274 3348 runt
325 3289 599 3366 gratiam
637 3287 890 3351 unionis
927 3286 1332 3369 hypostaticae
1387 3286 1693 3350 contineri

147 3387 304 3441 extra
343 3381 742 3446 latitudinem
787 3401 902 3445 seu
945 3381 1374 3445 definitionem
1411 3379 1694 3460 adoptio·

145 3469 264 3548 niS,
313 3493 456 3537 cum
511 3493 690 3538 mere
735 3477 927 3557 gratis
959 3479 1022 3538 et
1074 3493 1152 3538 ex
1179 3474 1313 3537 sola
1358 3472 1691 3536 dilectione

147 3570 628 3633 communicetur
672 3569 759 3631 illi
789 3573 1055 3646 naturae,
1100 3585 1241 3651 quoe
1271 3585 1349 3633 ex
1390 3587 1458 3631 se
1488 3568 1691 3632 aliena

146 3667 266 3723 erat
307 3667 365 3726 et
406 3671 712 3727 extranea
755 3670 1047 3746 respectu
1086 3663 1242 3726 tanti
1269 3661 1594 3738 beneficii3
1629 3669 1692 3725 et

145 3751 274 3815 ideo
319 3759 706 3822 censuerunt
757 3757 930 3820 illam
984 3761 1274 3821 naturam
1326 3774 1514 3837 posse
1571 3755 1692 3819 dici

146 3845 515 3931 adoptatam,
553 3858 614 3915 et
651 3859 1114 3933 consequenter
1161 3849 1419 3915 credere
1469 3857 1696 3932 potue-

145 3947 278 4004 runt
301 3945 750 4008 subsistentem
771 3945 834 4006 in
859 3946 972 4007 tali
990 3951 1216 4007 natura
1242 3949 1312 4006 ut
1339 3945 1428 4007 sic
1458 3961 1592 4007 esse
1619 3943 1696 4006 fi-

145 4031 283 4095 lium
315 4037 706 4121 adoptivum,
740 4057 815 4102 eo
845 4039 1014 4119 quod
1045 4039 1109 4100 in
1139 4044 1362 4101 natura
1397 4039 1695 4118 adoptata

148 4127 442 4210 subsistat,
477 4133 686 4196 media
709 4133 848 4214 ejus
877 4133 1244 4214 adoptione,
1278 4135 1438 4196 sicut
1470 4132 1698 4196 dicitur

147 4219 296 4284 filius
316 4225 634 4290 humanus
653 4227 752 4290 vel
773 4229 1064 4301 hominis,
1083 4243 1161 4290 eo
1184 4227 1358 4307 quod
1373 4229 1441 4289 in
1470 4231 1695 4290 natura

151 4315 406 4384 hnmana
457 4322 796 4397 subsistat,
847 4321 1060 4386 media
1099 4323 1382 4386 humana
1427 4341 1694 4406 concep-

150 4408 326 4475 tione.

219 4505 276 4566 9.
317 4509 612 4572 Nonnulli
664 4525 815 4593 ergo
857 4513 1244 4588 existimant,
1289 4511 1691 4594 Elipandum,

151 4609 262 4657 non
289 4601 504 4680 priori,
532 4603 647 4666 sed
697 4608 938 4667 tantum
980 4603 1103 4668 hoc
1131 4603 1461 4686 posteriori
1505 4601 1694 4666 modo

153 4703 395 4757 errasse.
432 4697 615 4770 Quod
662 4697 964 4778 colligunt
999 4700 1203 4780 primo
1247 4717 1326 4762 ex
1353 4698 1560 4761 verbis
1603 4697 1700 4778 ip·

153 4780 268 4844 sius
296 4785 606 4871 Elipandi‚
629 4795 896 4875 sumptis
915 4807 995 4856 ex
1009 4793 1285 4874 quadam
1301 4795 1440 4874 ejus
1457 4791 1701 4857 confes·

153 4875 334 4954 sione,
373 4899 566 4966 quam
621 4887 885 4967 reperiri
936 4885 1157 4950 dicunt
1207 4888 1273 4949 in
1315 4887 1702 4950 Bibliotheca

154 4967 436 5039 Toletana
461 4979 528 5040 in
557 4981 833 5061 quodam
871 4980 1030 5046 libro
1061 4997 1098 5043 a
1129 4981 1323 5044 Beato
1353 4987 1416 5044 et
1443 4979 1698 5044 Haterio

159 5071 356 5130 contra
382 5071 754 5154 Elipandum
779 5075 1029 5156 scripto,
1053 5075 1120 5138 in
1150 5091 1274 5157 qua
1304 5073 1700 5137 confessione

159 5153 480 5238 Elipandus
512 5166 748 5232 fatetur
772 5214 788 5243 ,
859 5167 1144 5244 Verbum,
1184 5185 1297 5252 pro
1342 5167 1542 5234 saluto
1589 5167 1704 5232 Itu-

159 5255 312 5318 mani
329 5264 582 5338 ,qaum-is,
613 5263 852 5328 Deitatis
871 5264 1213 5340 exinanita,
1243 5263 1538 5327 hominem
1567 5263 1701 5340 sao-

162 5343 298 5422 WW,
345 5353 786 5435 circumcisum,
841 5355 1209 5441 baptizatum
1227 5401 1246 5432 ‚
1283 5361 1432 5432 etc.‚
1470 5353 1702 5436 quibus

161 5439 350 5504 verbis
375 5463 586 5512 veram
623 5447 1086 5533 hypostaticam
1105 5451 1410 5514 unionem
1448 5447 1703 5513 confite·

167 5531 276 5595 tur.
305 5537 478 5606 Unde
510 5541 768 5609 inferius
796 5545 1046 5610 disertis
1073 5545 1282 5610 verbis
1307 5561 1502 5608 unam
1525 5541 1703 5608 Chri-

1793 463 1870 525 sti
1893 480 2231 543 personam
2276 465 2509 532 fatetur
2552 466 2809 534 dicens:
2854 471 3059 538 Homo
3102 475 3365 546 interior

1792 557 1864 619 iu
1887 573 2013 621 mia
2054 561 2365 643 mamque
2407 561 2525 628 Dei
2561 569 2619 628 et
2661 563 2923 630 hominis
2963 583 3225 650 persona
3262 573 3361 638 de-

1791 651 2183 730 ,reomao-aem,
2235 662 2414 738 atque
2444 659 2655 722 camis
2692 659 3041 726 tutamento
3078 665 3351 733 inautus.

1792 743 1973 807 Unde
2026 747 2284 812 tandem
2338 751 2679 828 concludit,
2724 753 2915 818 simul
2960 771 3085 821 esse
3128 757 3250 824 Dei
3302 767 3361 825 et

1791 837 2053 903 hominis
2084 841 2311 920 filium,
2338 844 2687 927 adoptivum
2723 847 3125 927 humanitate,
3156 859 3213 916 et
3240 871 3361 920 non

1791 931 2138 1011 adoptivum
2180 937 2503 1003 divinitate
2517 965 2545 1013 ,·
2574 955 2727 1018 ergo
2776 957 2905 1004 non
2948 945 3179 1007 erravit
3232 947 3357 1008 Eli-

1788 1025 2037 1105 pandus
2072 1029 2140 1089 in
2180 1031 2478 1111 mysterio
2520 1031 2991 1113 incarnationis,
3024 1038 3141 1102 sed
3188 1041 3355 1104 male

1791 1123 2037 1183 tantum
2096 1123 2331 1186 utendo
2388 1125 2645 1188 nomine
2688 1127 3059 1210 adoptionis.
3121 1133 3357 1196 Secun-

1791 1211 1896 1290 do,
1925 1214 2001 1277 fit
2036 1213 2161 1278 hoc
2188 1217 2547 1292 verisimile,
2588 1225 2724 1283 tum
2767 1241 2845 1286 ex
2886 1223 2985 1286 his
3022 1243 3165 1306 quse
3204 1227 3355 1308 legi-

1789 1323 1932 1369 mus
1974 1309 2040 1370 in
2112 1310 2375 1391 epistola
2422 1313 2701 1390 Adriani,
2758 1323 2821 1379 et
2884 1321 3019 1380 toto
3074 1320 3349 1385 Concilio

1789 1399 2219 1480 Francoford„
2258 1406 2367 1468 ubi
2416 1408 2615 1472 multa
2658 1417 2877 1474 contra
2914 1411 3201 1494 Elipandi
3252 1433 3355 1479 er-

1787 1515 1997 1562 rorem
2040 1499 2409 1579 afferuntur,
2468 1520 2598 1565 non
2650 1502 2732 1566 ad
2781 1505 3173 1586 probandam
3208 1512 3353 1574 uni-

1787 1596 1983 1654 tatem
2038 1611 2323 1674 personae
2376 1596 2622 1674 Christi,
2656 1599 2772 1662 sed
2810 1601 3014 1680 potius
3048 1603 3131 1665 ad
3182 1603 3353 1668 colli·

1786 1686 2067 1766 gendum
2127 1705 2206 1752 ex
2260 1689 2377 1752 hac
2434 1691 2699 1768 unitate,
2748 1707 2879 1755 non
2924 1712 3107 1774 posse
3158 1697 3350 1778 adop-

1782 1777 2021 1842 tionem
2063 1779 2153 1842 illi
2202 1784 2559 1847 convenire.
2612 1785 2828 1867 Itaque
2855 1833 2871 1863 ,
2918 1789 2973 1850 si
3004 1789 3351 1870 Elipandus

1781 1871 2002 1935 fuisset
2040 1875 2468 1954 Nestorianus,
2502 1877 2865 1944 facillimum
2903 1883 3125 1946 fuisset
3172 1884 3348 1948 illum

1781 1968 2154 2032 convincere
2184 1977 2315 2034 tum
2336 1973 2612 2053 antiquis
2638 1973 3105 2040 definitionibus
3126 1983 3347 2040 contra

1779 2061 2155 2138 Nestorium,
2180 2069 2311 2126 tum
2332 2065 2666 2146 Scriptnrae
2698 2069 3093 2147 testimoniis,
3111 2071 3344 2151 quihus

1779 2153 2248 2222 demonstratur
2292 2163 2537 2224 tantum
2568 2179 2709 2226 esse
2742 2163 2807 2224 in
2858 2164 3105 2228 Christo
3148 2183 3341 2228 unam

1778 2265 2153 2328 personam3
2184 2257 2249 2314 at
2287 2271 2435 2316 vero
2475 2255 2819 2318 Concilium
2846 2275 2976 2319 non
3004 2258 3093 2320 ita
3125 2277 3345 2339 proce·

1780 2343 1892 2420 dit,
1937 2345 2050 2408 sed
2100 2347 2309 2427 potius
2356 2366 2433 2410 ex
2486 2348 2723 2412 unitate
2767 2367 3055 2430 personae
3090 2351 3339 2430 Christi,

1778 2457 1969 2520 quam
2003 2439 2347 2521 Elipandus
2373 2461 2502 2506 non
2531 2443 2825 2524 negabat,
2856 2453 2920 2509 ct
2957 2463 3035 2510 ex
3063 2447 3343 2529 proprie·

1776 2531 2009 2595 tatibus
2058 2537 2121 2596 et
2156 2553 2307 2598 vera
2356 2535 2719 2602 definitione
2748 2537 3133 2618 adoptionis,
3182 2557 3343 2621 quas

1775 2625 2117 2707 Elipandus
2130 2627 2452 2708 ignorasse
2470 2629 2735 2707 videtur,
2753 2629 2993 2713 colligit
3008 2649 3134 2696 non
3154 2651 3339 2715 posse

1775 2719 2017 2782 Christo
2038 2723 2371 2785 convenire
2392 2722 2833 2803 adoptionem3
2864 2732 2925 2790 et
2944 2726 3026 2789 ad
3055 2725 3176 2790 hoc
3198 2731 3340 2790 tan-

1773 2811 1921 2876 dem
1950 2813 2401 2879 inconveniens
2434 2817 2710 2896 deducit,
2755 2817 2927 2898 quod
2966 2819 3019 2882 si
3058 2819 3339 2884 Christus

1775 2906 2106 2987 adoptivus
2125 2915 2482 2987 censeatur,
2506 2911 2571 2972 in
2596 2910 2755 2974 dnos
2772 2912 2937 2976 filios
2960 2911 3338 2978 dividendus

1777 3001 1886 3076 sit3
1931 3005 2231 3084 supponit
2280 3023 2431 3088 ergo
2470 3005 2845 3087 Elipandnm
2895 3008 2964 3070 in
3008 3009 3335 3090 posteriori

1775 3100 2022 3158 tantum
2053 3115 2244 3162 sensu
2292 3116 2481 3164 suum
2519 3119 2799 3164 errorem
2846 3103 3215 3166 asseruisse.
3262 3103 3339 3167 Et

1776 3191 2205 3270 confirmatur,
2232 3210 2384 3257 nam
2408 3195 2459 3258 si
2486 3195 2830 3275 Elipandus
2854 3197 3079 3262 fuisset
3118 3199 3338 3261 Nesto·

1773 3285 2022 3362 rianus,
2056 3303 2187 3350 non
2226 3294 2358 3350 tam
2400 3295 2618 3369 aperte
2648 3295 2711 3352 et
2754 3297 3115 3356 constanter
3143 3309 3337 3354 ausus

1774 3377 1999 3442 fuisset
2032 3397 2311 3444 errorem
2340 3399 2527 3444 suum
2546 3371 2914 3460 defendere,
2944 3390 3019 3448 ut
3047 3385 3129 3450 ad
3153 3387 3336 3449 Caro-

1771 3472 1905 3534 lum
1931 3473 2266 3554 Magnum,
2309 3474 2661 3555 principem
2700 3475 2887 3542 valde
2928 3479 3332 3557 catholicum,

1773 3571 1838 3630 et
1865 3567 2215 3628 maximum
2242 3566 2533 3632 Ecclesiae
2564 3569 2982 3646 defensorem,
3016 3573 3339 3651 scripserit

1777 3665 1848 3722 ut
1884 3659 2227 3724 Concilium
2253 3664 2625 3745 congregari
2650 3665 2909 3741 faceret,
2940 3664 3007 3726 in
3041 3683 3167 3746 quo
3196 3667 3337 3747 ejus

1775 3753 2060 3817 doctrina
2090 3753 2569 3835 approbaretur,
2598 3763 2670 3824 ut
2709 3757 3021 3838 colligitur
3048 3775 3126 3822 ex
3162 3759 3338 3840 Epis-

1775 3845 1902 3910 tola
1932 3847 2215 3930 ejusdem
2262 3851 2465 3914 Caroli
2504 3851 2587 3916 ad
2632 3852 3011 3935 Elipandum
3070 3859 3133 3918 et
3183 3854 3339 3916 alios

1777 3943 2117 4024 Episcopos
2162 3944 2499 4026 Hispanias,
2532 3963 2675 4026 quaa
2701 3947 2766 4008 in
2799 3946 3025 4010 eodem
3062 3944 3339 4010 Concilio

1779 4035 2323 4100 Francofordiensi
2350 4037 2643 4102 refertur.
2696 4041 2852 4102 Cum
2900 4039 3070 4104 enim
3108 4041 3178 4102 in
3224 4041 3340 4102 Ec·

1779 4127 1994 4205 clesia,
2026 4131 2371 4212 praesertim
2400 4131 2643 4209 Latina,
2688 4131 2972 4196 funditus
2995 4134 3133 4214 jam
3175 4140 3340 4199 esset

1778 4239 2036 4287 eversus
2080 4225 2343 4288 Nestorii
2372 4243 2571 4304 error,
2607 4225 2927 4308 quomodo
2976 4245 3015 4291 a
3064 4227 3337 4291 Concilio

1777 4321 1843 4378 et
1885 4317 2211 4399 Episcopis
2248 4319 2481 4383 Latinis
2512 4337 2769 4403 sperare
2804 4327 3047 4403 poterat
3092 4323 3341 4403 Elipan·

1777 4409 1896 4474 dus
1923 4429 2051 4476 suas
2084 4411 2381 4476 doctrinae
2407 4413 2979 4494 confirmationem,
3030 4415 3083 4480 si
3112 4409 3341 4482 eadem

1779 4510 1945 4570 esset
1971 4521 2117 4569 cum
2144 4507 2515 4571 Nestor-iano
2537 4511 2791 4574 errore?
2907 4590 2913 4598 ἱ

1861 4605 1962 4666 10.
1982 4598 2107 4664 Sed
2132 4601 2536 4664 nihilominus
2560 4603 2941 4670 contrariam
2960 4605 3344 4672 sententiam

1781 4695 2069 4758 existimo
2098 4693 2440 4773 veriorem,
2473 4696 2769 4760 nimirum
2797 4699 3175 4780 Elipandum
3213 4713 3344 4761 non

1779 4791 2026 4852 tantum
2055 4805 2297 4852 errasse
2324 4789 2390 4852 in
2426 4807 2581 4854 voce
2612 4789 2989 4872 adoptioniS,
3018 4791 3131 4855 sed
3163 4793 3229 4854 in
3274 4807 3345 4854 re

1781 4885 1942 4965 ipsa,
1976 4888 2041 4946 et
2066 4883 2369 4964 mysterio
2401 4884 2851 4949 incarnationis
2876 4929 2893 4962 ,
2924 4893 3115 4965 atque
3156 4885 3342 4960 adeo,

1781 4977 1955 5058 quod
1979 4973 2065 5040 ad
2102 4993 2241 5040 rem
2268 4977 2509 5054 attinet,
2538 4979 2603 5040 in
2635 4995 2912 5042 errorem
2952 4979 3216 5044 Nestorii
3252 4977 3351 5040 in-

1781 5071 2009 5134 cidisse
2029 5117 2051 5148 ,
2097 5070 2387 5149 quamvis
2425 5069 2635 5134 verbis
2668 5073 2735 5136 id
2776 5090 2905 5136 non
2944 5073 3345 5150 concederet,

1781 5166 1896 5230 sed
1939 5165 2211 5229 fortasse
2260 5171 2561 5247 negaret,
2590 5167 2691 5230 vel
2720 5185 2801 5232 ex
2827 5167 3208 5250 ignorantia,
3246 5163 3352 5230 vel

1781 5267 1855 5323 ut
1886 5277 2165 5323 errorem
2195 5279 2379 5324 suum
2417 5267 2683 5341 tegeret.
2728 5263 2862 5325 Hoc
2898 5261 3099 5342 probo
3139 5261 3348 5343 primo

1783 5370 1863 5416 ex
1891 5353 2163 5434 antiquis
2190 5352 2551 5418 auctoribus
2574 5361 2639 5418 et
2665 5353 2962 5432 historiis,
2984 5369 3133 5416 nam
3153 5351 3351 5418 Jonas

1784 5447 2276 5525 Aurelianensis,
2305 5445 2598 5528 ejusdem
2616 5447 2751 5514 fere
2775 5447 3079 5530 temporis
3100 5459 3346 5527 auctor,

1783 5540 1848 5606 in
1875 5541 1989 5608 lib.
2022 5543 2053 5606 1
2080 5540 2163 5608 de
2188 5541 2372 5608 Culta
2400 5541 2771 5623 imaginum,
2796 5541 2863 5606 in
2893 5539 3227 5624 principio,
3254 5543 3348 5606 sic
