3892 6167
104 5853 114 5926 τ--
104 5759 114 5836 r——r
104 5712 112 5750 —.

568 349 692 414 268
1783 351 2019 414 QUtEST.
2054 349 2205 402 RVH.
2238 351 2439 408 Anne,
2474 353 2539 407 u.

570 453 764 530 sitisse
815 453 994 520 Verbo
1045 455 1309 526 unitam,
1357 457 1414 516 et
1463 453 1534 517 in
1579 471 1644 517 ιο
1679 454 1973 527 εωιίιὺεσ,
2023 449 2129 512 ubi

571 565 702 610 non
731 547 879 610 dicit
893 565 1004 627 per
1027 547 1206 622 illm,
1243 546 1355 608 sed
1381 546 1450 610 in
1493 545 1602 610 illo
1623 548 1922 618 astitisse,
1982 545 2130 623 quia

571 641 852 703 Verbum
893 659 1023 702 non
1079 644 1173 701 est
1227 640 1360 720 ipsa
1415 639 1744 702 existentia
1781 638 2132 700 humanita-

571 733 676 810 tis,
705 735 818 796 sed
837 734 1142 796 terminus
1165 734 1508 796 existentiae
1531 735 1692 811 ejus.

653 829 754 888 21.
800 826 895 888 Ad
919 828 1190 889 Leonem
1211 829 1443 907 Papam
1474 835 1537 890 et
1557 827 1844 905 Fulgent.
1869 843 2133 904 respon·

575 920 782 996 detur,
821 937 1074 982 sensum
1105 939 1323 982 eorum
1357 939 1498 982 esse
1523 921 1819 983 eumdem
1860 919 1972 1000 qui
2020 919 2133 981 So·

573 1015 845 1094 phronii,
877 1016 1134 1089 seilicet,
1165 1017 1229 1076 in
1251 1015 1472 1077 eodem
1505 1015 1760 1077 instanti
1781 1013 1971 1075 fuisse
1998 1013 2133 1072 uni·

573 1125 744 1168 mam
795 1125 905 1170 seu
931 1108 1388 1170 humanitatem
1444 1115 1722 1170 creatam
1785 1111 1848 1168 et
1897 1121 2134 1168 assum-

574 1207 770 1280 ptam.
801 1202 902 1264 Sic
931 1202 1098 1264 enim
1143 1202 1230 1262 ait
1270 1203 1434 1263 Leo:
1467 1203 1726 1266 Natura
1771 1205 1987 1264 nostra
2012 1215 2135 1260 non

568 1294 670 1358 sio
705 1299 1018 1376 assumpta
1043 1300 1158 1371 est,
1199 1301 1270 1358 vt
1295 1297 1476 1377 prius
1510 1300 1733 1368 wenta,
1775 1299 1983 1374 postca
2032 1309 2135 1354 as-

571 1391 929 1460 sumeretur,
961 1390 1150 1452 sedat
1176 1389 1334 1467 ipsa,
1360 1389 1424 1449 id
1447 1395 1563 1461 est,
1587 1388 1650 1448 in
1687 1389 1824 1466 ipsa
1847 1403 2131 1467 armasp-

573 1479 731 1542 tione
777 1488 1114 1552 creamur,-
1143 1481 1253 1542 ubi
1289 1480 1444 1542 illud
1482 1482 1684 1564 prius,
1715 1487 1779 1542 et
1823 1483 2131 1559 posteriue

573 1571 656 1634 ad
685 1574 980 1652 temporis
1009 1575 1464 1636 successionem
1493 1573 1824 1634 manifeste
1849 1571 2134 1634 referun-

574 1669 696 1726 tur.
727 1665 1088 1744 Fulgentius
1129 1685 1276 1728 vero
1308 1667 1393 1728 ita
1422 1683 1558 1728 rem
1591 1664 1914 1744 exposuit:
1945 1665 2133 1728 Hanc

573 1773 812 1821 carnem
841 1765 984 1822 tunc
998 1777 1068 1822 ex
1093 1777 1153 1823 se
1175 1766 1404 1824 natrcra
1442 1760 1720 1843 Virqinis
1743 1757 2135 1838 concipientis

573 1851 871 1928 exhibuit,
910 1869 1042 1915 cum
1071 1855 1136 1915 in
1155 1854 1353 1918 eadem
1380 1853 1547 1916 Deus
1571 1852 1991 1930 concipiendus
2026 1851 2130 1914 ad·

573 1946 740 2008 vonit
759 1969 786 2017 ,·
805 1963 924 2008 non
951 1951 1041 2010 est
1065 1945 1261 2027 ipit-ur
1299 1947 1548 2028 aliquod
1563 1944 1955 2008 intervallum
1976 1944 2133 2006 ewis-

575 2037 916 2101 timandum
959 2040 1120 2103 inter
1153 2037 1404 2102 initium
1453 2039 1681 2110 cmm,
1713 2041 1770 2100 et
1813 2037 2135 2100 adventum

575 2131 936 2210 majntatis.
982 2131 1140 2194 Addi
1190 2139 1412 2212 potest,
1457 2149 1574 2211 per
1621 2131 2004 2192 creationem
2057 2147 2136 2190 ex

575 2230 802 2286 natura
823 2243 936 2286 sua
965 2226 1226 2304 produci
1255 2243 1387 2287 rem
1407 2225 1869 2297 subsistentem,
1895 2229 1961 2288 et
1984 2222 2132 2284 ideo

573 2317 1042 2396 quodammodo
1053 2319 1170 2380 dici
1195 2325 1398 2398 potest
1421 2317 1653 2379 creatio
1673 2333 1802 2378 non
1829 2333 1972 2378 esse
1986 2333 2135 2378 con-

573 2417 906 2486 summata,
921 2411 1123 2475 donec
1139 2431 1240 2474 res
1255 2413 1333 2474 ad
1349 2411 1812 2474 subsistendum
1827 2409 2132 2491 perducta

569 2504 669 2565 sit.
691 2504 846 2577 Quia
873 2523 1026 2585 ergo
1053 2506 1380 2586 productio
1406 2506 1634 2567 animae
1651 2504 1751 2566 vel
1771 2502 2135 2564 humanita-

569 2597 650 2659 tis
665 2597 883 2660 Christi
903 2599 1162 2661 nonfuit
1178 2601 1511 2660 terminata
1533 2597 1616 2660 ad
1637 2597 2129 2672 subsistentiam,

569 2688 686 2750 nisi
723 2691 964 2752 ratione
993 2693 1456 2771 assumptionis,
1485 2691 1630 2752 ideo
1663 2688 2131 2770 quodammodo

569 2781 691 2844 dici
719 2788 928 2864 potest
950 2784 1086 2863 ipsa
1115 2785 1542 2864 assumptione
1571 2783 1756 2844 fuisse
1787 2788 2085 2843 creatam.

651 2877 754 2940 22.
803 2876 1064 2956 objectio
1089 2878 1367 2941 secunda.
1400 2874 1810 2948 -Secundo‚
1831 2873 2131 2954 objiciun-

569 2977 676 3032 tur
699 2970 974 3032 rationes
999 2970 1476 3050 metaphysicis.
1507 2971 1734 3044 Prima,
1777 2987 1918 3048 quse
1935 2984 2129 3048 supra

568 3064 878 3125 insinuata
910 3070 1027 3135 est,
1059 3064 1210 3142 quia
1249 3081 1387 3124 esse
1415 3063 1760 3125 existentiae
1789 3062 1854 3122 in
1883 3067 2132 3123 creatu-

567 3157 653 3220 ris
679 3157 1084 3236 distinguitur
1111 3173 1186 3218 ex
1207 3164 1432 3218 natura
1467 3157 1558 3218 rei
1587 3156 1670 3218 ab
1701 3157 2001 3227 essentia;
2032 3173 2131 3216 er-

569 3267 650 3332 go
675 3255 882 3330 potest
922 3251 1092 3312 Deus
1120 3267 1416 3329 separare
1455 3243 1792 3310 essentiam
1843 3247 1924 3309 ab
1970 3248 2133 3309 exis-

568 3345 786 3416 tentia,
821 3349 886 3406 et
927 3361 1044 3423 per
1087 3345 1404 3424 propriam·
1445 3343 1838 3404 existentiam
1885 3342 2133 3402 increa-

569 3444 696 3499 tam
731 3437 900 3498 illam
935 3436 1253 3516 supplere,
1295 3437 1460 3498 sicut
1483 3435 1564 3497 de
1589 3435 1991 3496 subsistentia
2038 3434 2133 3495 di-

568 3531 768 3593 cimus
793 3549 808 3603 ;
846 3547 996 3610 ergo
1021 3532 1106 3592 ita
1133 3531 1364 3592 factum
1387 3536 1501 3592 est.
1525 3529 1840 3600 Secunda,
1871 3528 2021 3607 quia
2034 3527 2133 3589 vel

569 3623 893 3686 existentia
915 3623 1278 3686 substantias
1295 3623 1450 3684 nihil
1475 3629 1570 3684 est
1587 3621 1758 3683 aliud
1777 3639 1969 3701 quam
1986 3619 2133 3682 sub-

569 3717 854 3780 sistentia
881 3719 1044 3798 ipsa,
1077 3719 1224 3796 quia
1265 3723 1362 3780 est
1395 3717 1722 3778 existentia
1751 3731 1868 3794 per
1896 3731 2001 3787 se:
2032 3713 2132 3776 vel

567 3811 620 3872 si
647 3810 856 3890 aliquo
903 3811 1092 3873 modo
1121 3811 1592 3890 distinguuntur
1631 3808 2033 3870 subsistentia
2066 3813 2133 3870 et

569 3904 892 3966 existentia
923 3904 1370 3980 substantialis,
1413 3915 1560 3964 sunt
1609 3903 1698 3963 ita
1725 3919 1842 3981 per
1868 3919 1936 3962 se
1966 3901 2129 3963 ordi-

565 4004 753 4070 natae,
787 4003 858 4059 ut
873 3997 1202 4060 existentia
1227 3997 1476 4077 propria
1515 3995 1870 4058 necessario
1899 4013 2130 4075 suppo-

568 4098 677 4154 nat
709 4093 1028 4172 propriam
1063 4091 1569 4162 subsistentiam3
1601 4089 1750 4168 quia
1801 4088 2129 4151 existentia

565 4191 658 4248 est
679 4186 970 4266 proprius
993 4191 1172 4248 actus
1203 4183 1529 4264 suppositi,
1557 4200 1705 4244 nam
1732 4182 1821 4257 id,
1849 4182 2019 4263 quod
2034 4188 2131 4245 est

569 4285 633 4340 et
661 4279 834 4358 quod
857 4279 960 4352 fit,
983 4284 1077 4341 est
1105 4279 1534 4358 suppositum3
1565 4293 1716 4356 ergo
1746 4283 1972 4338 neutro
1992 4293 2131 4338 mo-

567 4371 652 4434 do
680 4373 831 4452 poni
857 4378 1064 4450 potest
1091 4371 1158 4433 in
1187 4371 1414 4433 Christi
1440 4369 1832 4431 humanitate
1853 4370 2130 4432 existen-

567 4465 653 4528 tia
682 4471 913 4528 creata.
937 4465 1098 4527 Nam
1133 4464 1184 4526 si
1229 4465 1398 4544 prior
1425 4462 1674 4526 dicendi
1701 4462 1928 4524 modus
1966 4481 2132 4526 asse-

565 4567 769 4634 ratur,
797 4560 958 4621 sicut
988 4561 1052 4622 in
1080 4559 1188 4620 illa
1211 4559 1614 4620 ‘humanitate
1637 4575 1764 4621 non
1783 4564 1989 4638 potest
2010 4576 2130 4639 po-

565 4654 636 4715 ni
657 4652 1003 4715 secundnm
1039 4651 1230 4714 fidem
1281 4651 1684 4715 subsistentia
1733 4659 1942 4714 creata
1970 4697 1987 4728 ,
2042 4653 2129 4714 ita

567 4763 688 4810 nec
719 4752 928 4808 creata
971 4745 1300 4808 existentia
1348 4743 1798 4818 substantialis,
1831 4745 1981 4824 quia
2017 4762 2129 4826 po-

567 4845 806 4901 nuntur
833 4857 970 4902 esse
999 4840 1258 4900 omnino
1285 4837 1456 4900 idem
1478 4856 1494 4910 ;
1518 4836 1570 4898 si
1599 4843 1813 4900 autem
1859 4838 2130 4900 affirme-

567 4937 671 4993 tur
692 4932 1002 5011 posterior
1037 4931 1290 5004 modus,
1315 4936 1562 4992 constat
1583 4929 1647 4991 in
1676 4929 1792 5006 his,
1819 4945 1960 5010 quoe
1982 4935 2131 4992 suut

565 5041 680 5103 per
701 5039 772 5084 se
800 5023 1228 5098 subordinata,
1247 5023 1456 5084 ablato
1491 5021 1708 5101 priori,
1737 5039 2129 5102 consequen-

565 5125 666 5179 ter
702 5117 838 5178 tolli
882 5117 948 5180 id
977 5117 1143 5196 quod
1195 5116 1502 5198 posterius
1527 5123 1646 5190 est,
1703 5121 1893 5196 atque
1939 5115 2126 5191 adeo,

564 5210 774 5272 ablato
803 5211 1057 5290 proprio
1078 5211 1428 5290 susceptivo
1457 5209 1821 5282 existentiae,
1849 5208 2020 5289 quod
2036 5215 2131 5272 est

564 5305 981 5383 suppositum,
1011 5303 1248 5364 auferri
1271 5303 1686 5365 existentiam.
1715 5304 1930 5382 Neque
1960 5304 2131 5364 enim

566 5403 776 5476 potest
799 5396 1126 5461 existentia
1157 5403 1370 5460 creata
1397 5396 1595 5477 recipi
1625 5395 1691 5458 in
1737 5411 2011 5476 persona
2034 5397 2133 5456 in-

565 5496 802 5572 creata,
853 5491 953 5556 vel
999 5507 1134 5556 esse
1188 5497 1364 5555 actus
1419 5490 1598 5580 ejus3
1649 5488 1807 5554 alias
1852 5489 2129 5554 Verbum

2210 451 2507 516 existeret
2554 471 2669 534 per
2710 452 3103 516 existentiam
3148 457 3467 525 creatam,
3512 456 3571 512 et
3600 455 3719 516 exis·

2208 546 2407 606 tentia
2462 555 2673 610 creata
2730 553 2899 609 esset
2938 545 3240 626 perfectio
3317 543 3721 624 personalitatis

2210 640 2421 714 Verbi,
2452 659 2591 718 quoe
2616 641 3025 722 impossibilia
3052 646 3217 703 sunt.

2291 736 2392 796 23.
2438 735 2793 816 Responsio.
2824 767 2913 784 -·
2938 733 3227 800 Emoniia
3250 733 3333 796 ab
3362 732 3659 795 mentia
3676 734 3721 796 is

2212 829 2517 892 creaturis
2560 829 2843 908 quomodo
2882 829 3327 907 dietinyuatur.
3374 855 3461 874 ·-
3492 823 3719 904 objectis.

2208 949 2295 970 --
2312 921 2748 1004 Responsa-
2765 920 2859 982 Ad
2884 921 3153 1001 primam
3182 919 3501 980 rationem
3519 935 3724 996 respon-

2214 1013 2419 1088 detur,
2466 1015 2807 1076 essentiam
2856 1021 3185 1088 creatura,
3232 1019 3309 1073 ut
3351 1011 3637 1072 abstrahit
3668 1013 3724 1074 ah

2215 1108 2441 1168 actuali
2469 1107 2824 1182 existentia,
2854 1108 3059 1170 solum
3076 1106 3445 1186 significare
3478 1122 3601 1165 rem
3620 1122 3724 1183 pos·

2214 1199 2481 1274 sibilem,
2516 1218 2657 1282 qum
2688 1208 2759 1262 ιιι
2776 1201 2865 1263 sic
2900 1201 3057 1262 nihil
3085 1205 3229 1261 actu
3266 1205 3397 1274 est,
3436 1215 3629 1276 neque
3648 1199 3724 1258 ha-

2213 1291 2323 1354 bet
2348 1291 2672 1356 entitatem
2710 1293 3045 1370 actualem,
3076 1292 3191 1354 sed
3238 1291 3307 1352 in
3340 1291 3611 1371 potentia
3632 1295 3725 1350 tan—

2214 1391 2349 1447 tum
2378 1386 2713 1466 objective3
2738 1387 2907 1449 unde
2932 1393 3004 1448 ιιι
3028 1387 3115 1448 sic
3140 1383 3549 1464 distinguitur
3572 1382 3643 1444 ab
3656 1401 3725 1444 ac·

2214 1480 2367 1542 tuali
2394 1481 2725 1542 existentia
2748 1497 2863 1542 seu
2890 1480 3173 1552 entitate,
3206 1478 3379 1539 sicut
3414 1494 3517 1537 res
3552 1477 3609 1536 in
3644 1493 3723 1553 po·

2212 1575 2409 1642 tentia
2434 1593 2471 1634 a
2500 1591 2571 1635 re
2596 1573 2663 1634 in
2692 1579 2873 1646 actu3
2900 1578 2967 1634 at
2984 1590 3136 1633 ¹vero
3170 1571 3455 1632 essentia
3482 1575 3723 1630 creatus-e

2216 1675 2281 1730 ut
2297 1669 2429 1747 jam
2456 1667 2643 1738 facta,
2672 1685 2785 1729 seu
2816 1675 2887 1728 ut
2912 1666 3176 1728 actualis
3218 1664 3479 1740 entitas,
3516 1662 3605 1723 vel
3636 1661 3723 1722 icr-

2212 1761 2465 1822 maliter
2496 1768 2593 1823 est
2618 1761 2889 1840 ipsamet
2916 1758 3173 1822 actualis
3189 1757 3551 1828 existentia,
3570 1754 3722 1816 velita

2214 1855 2383 1916 iliam
2412 1853 2696 1929 includit,
2734 1859 2807 1914 ιιι
2830 1853 3002 1914 nulla
3044 1853 3293 1914 ratione
3328 1850 3525 1929 possit
3562 1847 3631 1908 ab
3650 1845 3723 1906 illa

2210 1948 2547 2030 praescindi
2570 1949 2671 2010 vel
2720 1947 3023 2026 separari.
3078 1948 3153 2008 Et
3202 1945 3355 2007 ideo
3396 1939 3721 2022 impossibiie

2216 2050 2310 2105 est
2354 2052 2425 2104 ut
2468 2042 2739 2104 essentia
2788 2047 2999 2102 creata
3042 2057 3159 2100 sna
3202 2036 3463 2118 propria
3514 2035 3721 2098 existes-

2213 2137 2303 2198 tia
2340 2134 2583 2216 privata
2632 2131 3079 2212 assumptibilis
3124 2135 3413 2203 maneat,
3446 2128 3585 2208 qnia
3630 2145 3716 2188 non

2214 2229 2553 2292 assumitur
2578 2245 2695 2289 ens
2738 2227 2803 2288 in
2852 2225 3159 2306 potentia,
3186 2224 3304 2286 sed
3348 2240 3465 2284 ens
3508 2221 3571 2282 in
3596 2223 3716 2289 actii,

2214 2321 2385 2384 unde
2411 2339 2540 2382 non
2568 2327 2663 2382 est
2678 2319 2907 2382 eadem
2922 2319 3083 2380 ratio
3107 2317 3191 2379 dc
3226 2315 3619 2378 subsistentia
3640 2329 3715 2374 sen

2216 2415 2657 2496 personalitate
2687 2429 2708 2492 ;
2742 2413 2893 2491 quia
2936 2409 3361 2492 personalitas
3406 2414 3601 2472 ereata
3632 2423 3715 2466 non

2214 2509 2535 2571 constituit
2556 2513 2847 2568 naturam
2882 2505 2947 2567 in
2974 2504 3217 2568 ratione
3246 2502 3520 2566 actualis
3552 2500 3716 2562 entita—

2216 2603 2314 2674 tis,
2356 2600 2471 2662 sed
2498 2600 2797 2680 supponit
2826 2600 2891 2659 iu
2920 2599 3027 2660 illa
3071 2599 3431 2674 entitatem,
3462 2603 3525 2657 et
3568 2592 3714 2656 termi-

2212 2693 2515 2756 natillam
2550 2699 2855 2772 tanquam
2882 2690 3111 2752 modus
3150 2690 3362 2766 illins;
3400 2696 3467 2752 et
3490 2687 3629 2758 ideo,
3654 2701 3715 2742 se·

2212 2794 2434 2868 parata
2472 2785 2943 2866 personalitate,
2986 2784 3365 2861 intellig-itur
3398 2789 3607 2844 natura
3627 2795 3711 2838 ma-

2216 2897 2365 2942 nere
2396 2878 2865 2958 assumptibilis‚
2893 2885 2955 2940 et
2976 2877 3403 2940 terminabilis
3441 2869 3712 2956 personali-

2212 2981 2341 3037 tate
2372 2974 2579 3035 aliena
2599 2993 2619 3050 3
2650 2979 2914 3048 atvero,
2954 2971 3167 3034 ablata
3206 2970 3559 3042 existentia,
3604 2963 3707 3026 nihil

2210 3075 2431 3130 manet
2454 3069 2521 3128 in
2548 3085 2619 3130 re
2641 3065 2815 3145 quod
2850 3066 3087 3127 assumi
3127 3065 3353 3146 possit.
3412 3064 3581 3126 Dices
3616 3073 3709 3120 esse

2210 3179 2451 3233 verum,
2474 3162 2523 3222 si
2554 3179 2657 3222 res
2680 3161 3031 3240 privaretur
3058 3159 3229 3220 omni
3256 3156 3599 3226 existentis,
3622 3168 3707 3212 non

2210 3273 2362 3320 vero
2414 3257 2464 3316 si
2524 3254 2737 3316 ablata·
2780 3254 3035 3334 propria
3090 3256 3451 3315 assumatur
3504 3247 3575 3310 ad
3610 3245 3709 3306 alie-

2211 3367 2361 3410 nam
2392 3347 2519 3420 ;sic
2550 3347 2719 3408 enim
2756 3346 2855 3416 id,
2892 3346 3061 3423 quod
3094 3343 3463 3419 assumitur,
3504 3340 3604 3404 erit
3632 3336 3707 3396 ali-

2212 3440 2365 3520 quid
2392 3441 2459 3500 in
2486 3444 2629 3501 actu
2652 3439 2873 3501 saltem
2900 3455 3015 3517 per
3052 3438 3325 3501 alienam
3356 3431 3705 3500 existentiam.

2212 3532 2337 3594 Sed
2357 3533 2477 3594 hoc
2496 3533 2625 3610 jam
2654 3532 2959 3612 rejectum
2984 3537 3107 3610 est;
3123 3539 3453 3594 ostensum
3468 3523 3703 3592 ostentm,

2212 3625 2301 3698 id,
2342 3624 2513 3704 quod
2536 3625 2901 3699 assumitur,
2944 3623 3176 3686 debere
3222 3642 3368 3686 esse
3424 3615 3630 3699 aliquid
3662 3614 3705 3672 in

2212 3726 2379 3794 actu,
2420 3725 2490 3779 ut
2524 3719 2896 3798 supponitur
2942 3718 3401 3798 assumptioni;
3451 3721 3703 3778 ostensum

2212 3821 2309 3874 est
2338 3810 2528 3874 etiam
2574 3811 2815 3873 nullam
2848 3811 3173 3874 entitatem
3220 3809 3527 3874 actualem
3572 3815 3703 3884 posse

2208 3904 2503 3966 constitui
2522 3904 2589 3965 in
2610 3922 2752 3966 esse
2784 3903 2925 3966 talis
2952 3902 3229 3968 cantatis
3248 3922 3367 3983 per
3380 3894 3699 3966 existentiam

2208 4006 2320 4062 aut
2350 3997 2676 4060 entitatem
2702 3983 3002 4060 alienam.

2288 4095 2391 4156 24.
2438 4093 2801 4157 Eminentia
2830 4111 2871 4156 a
2892 4091 3291 4158 subsistentia
3340 4088 3598 4175 quomodo
3614 4083 3699 4148 &¹⁸-

2212 4186 2555 4268 stupeatur.
2572 4217 2655 4234 --
2670 4186 2771 4248 Ad
2798 4186 3143 4249 secundam
3170 4187 3481 4250 rationem
3512 4192 3701 4258 respon·

2204 4279 2398 4342 detur
2440 4279 2524 4340 ad
2570 4279 2843 4359 priorem
2876 4284 3145 4358 partem,
3194 4276 3628 4350 subsistentiam
3648 4283 3698 4328 cx

2210 4379 2437 4435 natura
2474 4372 2567 4434 rei
2596 4371 2895 4452 distingui
2918 4373 3003 4434 ab
3022 4374 3347 4436 existentia
3378 4357 3697 4436 substantiali

2214 4471 2452 4528 naturai
2480 4471 2703 4529 creatoe
2732 4488 2753 4543 ;
2785 4483 2956 4538 nam,
2990 4467 3138 4530 licet
3164 4467 3269 4528 illa
3309 4460 3605 4529 existentia
3634 4451 3695 4516 di-

2207 4566 2391 4622 catur
2414 4577 2553 4621 esse
2576 4571 2692 4639 per
2716 4577 2813 4635 se,
2842 4565 2913 4620 ut
2936 4559 3343 4639 distinguitur
3382 4563 3577 4623 contra
3600 4561 3693 4612 88⁵0

2208 4653 2276 4716 in
2306 4651 2429 4713 alio
2458 4668 2575 4731 per
2601 4653 2861 4714 modum
2888 4653 3250 4727 accidentis,
3290 4655 3441 4734 qnia
3468 4667 3535 4714 ex
3570 4647 3694 4706 new·

2208 4765 2282 4810 ra
2318 4763 2433 4807 sua
2454 4751 2551 4806 est
2580 4751 2729 4826 apta
2756 4751 2827 4810 ut
2868 4747 3239 4810 terminetur
3282 4765 3403 4826 per
3432 4741 3691 4808 subasten-

2208 4840 2385 4914 tiam,
2418 4845 2628 4900 tamen
2654 4839 2725 4901 in
2754 4855 2869 4901 suo
2902 4839 3153 4904 formali
3180 4845 3487 4920 conceptu
3516 4848 3613 4896 11⁰ss
3630 4826 3691 4888 5¹¹·

2208 4932 2404 4996 cludit
2444 4933 2757 4994 actualem
2808 4933 3071 4996 modum
3118 4952 3236 5014 per
3280 4952 3349 4997 se
3392 4923 3621 4996 essendi,
3648 4917 3689 4975 5¹¹

2208 5040 2339 5105 quo
2364 5023 2761 5088 subsistentia
2790 5026 3093 5088 consistit.
3137 5029 3211 5090 Et
3242 5026 3365 5090 hoc
3408 5035 3573 5088 seusu
3592 5009 3689 5074 Sub·

2209 5119 2495 5180 sistentia
2524 5124 2621 5181 est
2654 5118 2883 5180 modus
2922 5119 3287 5194 existentiae,
3333 5123 3404 5183 ut
3440 5118 3579 5182 recte
3608 5105 3686 5168 Da-

2211 5227 2541 5272 mascenus
2560 5209 2712 5272 dixit
2723 5227 2745 5289 3
2768 5211 3001 5274 sicutin
3024 5211 3473 5287 accidentibus,
3490 5204 3686 5268 existen·

2210 5304 2301 5366 tia
2344 5302 2753 5366 accidentalis
2780 5308 2983 5382 potest
3027 5304 3149 5368 dici
3178 5323 3321 5368 esse
3346 5305 3417 5368 in
3442 5301 3575 5369 alio.
3596 5301 3681 5350 Μ

2210 5397 2363 5478 quia
2386 5396 2649 5460 actualis
2664 5397 3033 5460 inhaerentia
3056 5397 3137 5460 sit
3163 5397 3243 5462 de
3268 5396 3549 5474 conceptu
3572 5384 3677 5461 ⁸1⁰³,

2213 5489 2327 5556 sed
2366 5488 2511 5570 quia
2562 5496 2785 5558 natura
2824 5509 2939 5554 sua
2995 5497 3139 5574 apta
3188 5497 3283 5556 est
3306 5507 3417 5572 per
3442 5484 3677 5552 inaniter-
