3892 6167
1349 387 1667 446 ntsrtJTAT.
1704 387 1875 440 XXVl.
1919 388 2091 442 sssc'r.
2127 389 2211 442 nt.

163 490 388 568 plures
418 491 744 549 creaturas
773 484 838 545 in
877 485 1009 548 Deo
1037 485 1370 563 videndas,
1403 486 1518 550 sed
1551 505 1736 566 opor-

163 582 326 644 tebit
356 581 616 642 omnino
643 579 956 642 visionem
985 581 1235 654 mutari,
1255 585 1342 656 et,
1375 578 1584 640 ablata
1622 579 1738 638 im-

161 675 558 754 perfectiori,
589 671 1034 752 perfectiorem
1063 671 1219 748 dari,
1243 674 1298 734 si
1324 673 1549 734 beatus
1575 689 1738 734 cres-

161 786 316 828 cere
347 766 538 828 debet
567 766 632 826 in
666 764 910 828 visione
951 772 1380 826 creaturarum
1413 765 1474 825 in
1501 763 1730 826 Verbo.

161 859 352 921 Ratio
381 863 480 921 est
509 859 680 920 clara
719 876 799 919 ex
827 857 1032 930 dictis,
1066 857 1212 938 quia
1250 876 1352 919 res
1389 856 1736 918 indivisibi-

161 953 264 1024 lis,
293 959 366 1014 ut
393 952 537 1013 talis
559 958 678 1027 est,
721 969 855 1013 non
895 951 1118 1032 recipit
1148 955 1560 1030 augmentum
1579 966 1602 1028 3
1623 949 1736 1012 sed

161 1047 327 1107 visio
359 1047 590 1107 eadem
631 1043 1092 1108 indivisibiliter
1137 1046 1390 1126 attingit
1431 1047 1626 1108 Deum
1677 1049 1739 1106 et

163 1145 500 1202 creaturas
528 1139 590 1199 in
613 1141 778 1210 Deo;
812 1155 964 1218 ergo
995 1139 1338 1200 secundum
1375 1157 1514 1200 eam
1548 1137 1737 1200 ratio·

161 1251 316 1294 nem
351 1249 484 1293 non
514 1237 724 1312 potest
761 1231 1016 1310 augeri;
1051 1229 1162 1293 sed
1213 1249 1476 1294 necesse
1526 1234 1620 1292 est
1670 1235 1740 1291 ut

165 1327 266 1388 vel
326 1327 586 1388 easdem
628 1343 732 1385 res
791 1343 1046 1405 semper
1097 1324 1478 1397 manifestet,
1521 1323 1645 1400 vel,
1685 1323 1736 1384 si

161 1420 388 1500 plures
437 1418 916 1480 manifestandae
975 1425 1158 1490 sunt,
1209 1424 1486 1480 mutetur
1551 1416 1734 1478 visin.

163 1513 620 1586 confirmatur,
667 1511 816 1592 quia
865 1512 918 1572 si
973 1512 1126 1572 visio
1169 1511 1393 1574 eadem
1447 1509 1738 1590 augenda

163 1613 366 1681 esset,
404 1606 493 1667 illi
523 1605 815 1666 addenda
848 1611 1013 1666 esset
1061 1605 1268 1684 aliqua
1319 1605 1547 1668 entitas
1601 1621 1740 1684 par·

163 1702 368 1776 fiatis,
405 1701 558 1780 quia
605 1698 728 1760 alio
759 1697 948 1760 modo
1000 1700 1220 1780 nequit
1271 1697 1534 1778 intelligi
1590 1715 1740 1776 aug-

167 1801 486 1867 mentum,
514 1791 864 1874 praesertim
899 1793 1324 1864 extensivum;
1351 1791 1738 1854 ostendimus

165 1895 392 1948 autem
425 1889 617 1948 talem
649 1883 978 1946 entitatem
1008 1903 1136 1946 non
1191 1903 1377 1966 posse
1419 1883 1589 1956 addi,
1631 1901 1740 1944 ne-

165 1999 298 2062 que
328 1979 500 2042 uniri
529 1977 726 2059 pri-Jri
751 1977 1030 2049 entitati;
1066 1996 1216 2058 ergo
1267 1981 1578 2058 repugnat
1614 1975 1736 2037 tale

167 2079 613 2153 augmentum.

251 2174 356 2231 21.
405 2169 628 2232 Illatio
656 2188 732 2232 ex
757 2171 959 2234 dae‘ctt's.
984 2201 1064 2216 -—
1087 2170 1288 2248 Atque
1311 2167 1458 2230 hinc
1488 2167 1740 2230 tandem

167 2263 490 2343 colligitur
527 2263 592 2324 id
629 2263 799 2344 quod
845 2265 909 2325 in
955 2265 1074 2324 hoc
1104 2261 1390 2322 discursu
1432 2263 1740 2322 intentum

169 2365 287 2431 est,
311 2357 398 2418 ad
429 2355 912 2437 intelligendam
940 2355 1248 2417 visionem
1277 2361 1556 2416 creatam
1599 2353 1734 2429 Dei,

173 2469 294 2530 qua
317 2450 655 2510 videantur
707 2451 770 2510 in
817 2450 954 2529 ipso
985 2449 1196 2510 omnia
1235 2447 1576 2528 possibilia,
1611 2464 1739 2508 non

178 2552 464 2624 oportere
499 2543 569 2605 in
606 2545 712 2604 illa
747 2544 987 2606 visione
1038 2543 1368 2622 concipere
1422 2541 1740 2602 infinitum

173 2644 590 2716 augmentum
620 2637 810 2699 entita
823 2638 898 2698 tis
946 2637 1086 2700 talis
1115 2635 1396 2711 visioniS,
1431 2634 1610 2712 quasi
1637 2651 1740 2693 ex-

173 2731 488 2792 tensivum
529 2751 604 2794 ex
650 2738 829 2812 parte
873 2730 1144 2808 obiecti,
1201 2749 1316 2810 per
1348 2728 1738 2789 additionem

172 2825 452 2904 partialis
490 2825 790 2899 entitatiS,
821 2823 902 2885 ad
933 2843 1080 2886 eum
1107 2824 1368 2886 modum
1423 2839 1550 2900 quo
1597 2838 1740 2882 cen-

174 2925 314 2978 sent
359 2917 540 2978 multi
591 2919 811 2998 augeri
871 2917 1176 2991 habitum,
1223 2934 1365 2978 oum
1395 2915 1478 2975 ad
1528 2914 1738 2994 plures

173 3011 614 3071 conclusiones
643 3030 758 3072 seu
787 3017 964 3072 actus
991 3009 1382 3080 extenditur;
1411 3009 1544 3088 jam
1567 3005 1739 3068 enim

177 3111 502 3166 ostensum
527 3111 622 3167 est
653 3105 772 3166 hoe
803 3123 1002 3184 genus
1031 3103 1357 3186 augmenti
1399 3120 1527 3162 non
1557 3118 1741 3179 repe-

175 3197 282 3258 riri
313 3199 378 3257 in
409 3199 652 3260 visione
676 3197 862 3260 beata
893 3218 908 3269 ;
943 3198 1094 3259 satis
1123 3215 1276 3274 ergo
1317 3203 1480 3257 esset
1511 3193 1741 3255 intelli-

177 3309 326 3368 gere
357 3290 665 3352 visionem
708 3291 1174 3364 indivisibilem,
1215 3289 1554 3352 habentem
1599 3306 1739 3366 per·

177 3384 582 3446 rectissimam
621 3384 952 3446 entitatem
983 3385 1049 3445 in
1073 3383 1176 3444 illa
1213 3383 1424 3462 specie
1454 3381 1734 3454 visionis,

177 3495 318 3556 quae
351 3495 478 3538 una
503 3477 900 3552 habitudine,
932 3484 1001 3540 ut
1047 3478 1136 3539 sic
1179 3477 1408 3551 dicam,
1440 3494 1554 3538 seu
1613 3493 1740 3536 una

178 3571 722 3650 repraesentatione
753 3569 1116 3632 indivisibili
1145 3572 1483 3652 attingeret
1513 3569 1735 3644 Deum,

181 3671 244 3724 ct
261 3671 749 3744 repraesentaret
779 3665 992 3724 omnia
1023 3681 1160 3742 quse
1189 3663 1254 3724 in
1283 3663 1420 3742 ipso
1447 3667 1593 3722 sunt
1615 3663 1742 3722 t'or·

182 3757 448 3830 maliter,
484 3758 582 3817 vel
633 3758 1010 3831 eminenter,
1063 3756 1222 3816 sicut
1261 3757 1400 3836 ipsa
1454 3754 1610 3816 visio
1649 3753 1740 3814 in·

183 3856 392 3912 creata
456 3851 566 3912 Dei
631 3849 1100 3912 indivisibiliter
1168 3851 1304 3910 haec
1375 3847 1586 3910 omnia
1647 3867 1741 3909 re·

181 3951 518 4024 praesentat
583 3963 664 4004 ex
725 3945 785 4004 vi
865 3943 1154 4024 perfectae
1229 3941 1740 4026 repraesentatio·

183 4040 276 4098 nis
337 4037 538 4117 ipsius
580 4037 868 4099 essentiae
925 4035 1092 4113 Dei3
1149 4037 1238 4097 sic
1287 4036 1456 4097 euim
1503 4035 1607 4095 illa
1652 4035 1742 4094 vi·

183 4133 272 4192 sio
343 4137 556 4192 creata
629 4135 794 4192 esset
859 4129 1254 4210 participatio
1316 4129 1574 4190 visionis
1648 4128 1743 4188 in·

183 4230 428 4298 creatoe,
473 4229 536 4286 et
588 4224 776 4284 modo
816 4224 1092 4304 quodam
1148 4221 1511 4284 indivisibili
1553 4223 1742 4302 parti-

181 4321 416 4398 ciparet
478 4317 652 4378 illam
713 4317 1162 4396 perfectionem
1187 4361 1209 4391 ‚
1269 4333 1413 4378 cum
1471 4313 1743 4394 quadam

181 4411 537 4493 :equalitate
585 4413 904 4472 extensiva
955 4429 1033 4472 ex
1088 4415 1268 4491 parte
1320 4407 1742 4488 objecti‚non

181 4515 392 4568 tamen
450 4525 596 4567 cum
629 4506 984 4584 {equalitate
1031 4503 1417 4584 simpliciter,
1460 4501 1608 4583 quia
1635 4503 1744 4564 ha-

182 4603 356 4663 beret
409 4602 722 4661 minorem
778 4599 1126 4661 claritatem
1175 4605 1236 4660 et
1289 4597 1740 4678 perfectionem

181 4693 586 4770 intensivam,
619 4699 684 4754 et
720 4711 858 4756 csse
885 4693 1352 4772 participatum.
1397 4691 1568 4753 Sicut
1618 4691 1744 4750 An-

181 4788 356 4868 gelus
386 4785 472 4846 ab
492 4791 732 4847 aeterno
751 4785 1093 4864 productus
1115 4785 1380 4846 haberet
1404 4781 1742 4862 quamdam

181 4879 610 4960 aequalitatem
662 4879 840 4958 quasi
890 4879 1274 4942 extensivam
1329 4895 1474 4938 cum
1516 4877 1645 4936 Deo
1680 4877 1743 4938 iu

181 4973 538 5049 duratione,
568 4971 716 5051 quia
741 4990 992 5052 semper
1019 4991 1161 5033 cum
1191 4971 1298 5032 illo
1339 4970 1744 5046 coextitisset,

181 5086 306 5128 non
335 5069 554 5128 tamen
577 5065 844 5127 haberet
887 5065 1306 5144 aequalitatem
1357 5061 1742 5142 simpliciter,

183 5161 326 5240 quia
347 5161 488 5239 ejus
520 5155 768 5219 duratio
800 5163 965 5219 esset
994 5159 1300 5218 intensive
1325 5155 1546 5234 :minus
1596 5173 1747 5234 per-

183 5253 364 5328 fecta,
393 5261 456 5314 et
483 5271 614 5313 non
636 5252 992 5313 necessaria
1006 5269 1081 5312 ex
1099 5271 1190 5326 se,
1215 5249 1330 5312 sed
1356 5248 1742 5329 dependens·

185 5347 374 5430 Igitur
403 5366 484 5408 ex
513 5346 634 5407 hac
661 5343 966 5406 infinitate
990 5345 1310 5406 extensive
1341 5361 1468 5404 non
1502 5340 1748 5402 videtur

188 5461 362 5520 posse
390 5440 752 5502 immediate
778 5438 1086 5517 concludi,
1103 5439 1270 5501 hanc
1288 5437 1592 5500 visionem
1607 5453 1744 5500 esse

193 5533 662 5618 impossibilem.

3292 389 3370 454 29

1895 491 1997 550 22.
2032 488 2104 552 1⁷2·
2107 489 2197 550 sio
2226 491 2453 562 creatu,
2480 487 2807 567 possibilia
2830 489 3031 554 omnia
3056 493 3376 560 coniuent&-

1819 579 1884 642 ἐπ
1897 581 2023 644 Deo
2042 585 2315 644 contenta
2338 582 2663 662 uniamus,
2682 599 2801 644 nou
2822 586 3154 650 necessario
3178 588 3372 650 inton-

1816 673 1946 739 sive
1996 673 2267 750 infinita.
2298 705 2379 720 -
2409 673 2497 734 Ex
2546 673 2641 734 his
2683 693 2835 755 ergo
2888 675 3072 740 facile
3128 679 3376 744 videtur

1820 765 2236 826 demonstrari
2270 784 2479 846 posse,
2508 766 2747 828 nullam
2772 769 2961 830 etiam
3002 771 3375 836 intinitatem

1819 859 2190 920 intensivam
2232 859 2586 922 necessario
2619 861 2797 938 sequi
2830 861 2895 922 in
2922 863 3159 927 visione
3188 865 3375 928 beata

1819 959 2145 1026 creaturae,
2180 970 2257 1014 ex
2281 952 2400 1014 hoc
2420 953 2673 1034 praecise
2694 956 2865 1032 quod
2887 957 3222 1038 attingeret
3244 977 3375 1024 om-

1819 1046 1926 1106 nia
1950 1045 2295 1124 possibilia,
2339 1063 2481 1124 quae
2510 1045 2579 1108 in
2625 1047 2755 1110 Deo
2785 1048 3139 1114 eminenter
3176 1053 3376 1116 conti-

1817 1145 2069 1200 nentur.
2098 1139 2403 1200 Probatur
2430 1157 2507 1200 ex
2535 1138 2735 1216 dictis,
2764 1141 2908 1220 quia
2933 1143 3103 1222 quod
3132 1163 3257 1206 una
3287 1147 3375 1206 vi-

1819 1231 1910 1292 sio
1939 1231 2127 1293 beata
2184 1239 2593 1312 reproesentet
2646 1234 2859 1314 plures
2897 1235 2996 1298 vel
3047 1239 3375 1318 pauciores

1817 1332 2141 1388 creaturas
2169 1327 2233 1388 in
2259 1328 2411 1402 Deo,
2442 1345 2569 1390 non
2599 1331 2885 1408 provenit
2914 1349 2991 1392 ex
3021 1332 3375 1396 intensione

1817 1419 2093 1494 visioniS,
2155 1419 2266 1481 sed
2328 1439 2405 1482 ex
2456 1421 2808 1500 perfectiori
2856 1425 3113 1488 entitate
3152 1425 3375 1488 indivi-

1820 1512 1991 1574 duali
2015 1513 2209 1592 ipsius
2241 1513 2535 1584 visionis:
2568 1533 2747 1596 ergo,
2768 1517 2939 1596 quod
2970 1524 3378 1597 repraesentet

1820 1623 2067 1682 omnes„
2098 1625 2225 1668 non
2255 1607 2581 1688 proveniet
2601 1626 2681 1670 ex
2710 1607 2953 1672 infinita
2986 1609 3371 1686 intensione;

1819 1717 2029 1779 neque
2056 1699 2137 1759 ad
2162 1699 2332 1761 hunc
2355 1701 2645 1764 effectum
2672 1703 2791 1764 erit
2819 1721 3017 1782 perse
3058 1703 3375 1786 loquendo

1818 1791 1926 1853 illa
1958 1793 2229 1856 intensio
2264 1795 2636 1856 necessaria.
2688 1795 3107 1873 Antecedens,
3154 1805 3379 1879 proeter

1821 1905 1894 1948 ea
1923 1905 2063 1966 quae
2092 1887 2259 1950 dicta
2299 1893 2467 1961 sunt,
2520 1887 2877 1952 declaratur
2922 1891 3149 1970 primo,
3200 1894 3373 1972 quia,

1820 1981 1874 2040 si
1898 1980 2054 2040 visio
2078 1980 2182 2041 Dei
2207 1981 2287 2042 sit
2319 1983 2389 2042 ut
2416 1999 2636 2056 unum,
2660 1987 2723 2044 et
2750 1999 2867 2062 per
2895 1983 3067 2046 illam
3093 1986 3379 2050 videatur

1819 2073 1882 2134 in
1913 2073 2041 2134 Deo
2066 2073 2309 2153 species
2352 2075 2650 2148 humana,
2674 2075 2851 2138 verbi
2880 2079 3101 2156 gratia,
3132 2079 3374 2142 etiamsi

1821 2167 2205 2243 intendatur,
2238 2175 2299 2230 et
2319 2169 2517 2236 fiatut
2545 2169 2695 2242 due,
2734 2187 2863 2230 non
2894 2173 3263 2235 extendetur
3296 2172 3379 2236 ad

1819 2259 2035 2340 plures
2051 2265 2391 2336 creaturae,
2424 2261 2533 2324 sed
2563 2280 2678 2341 per
2702 2263 2873 2324 illam
2887 2263 3199 2327 videbitur
3216 2269 3378 2328 Deus

1821 2354 2076 2428 clariuS,
2103 2361 2167 2416 et
2195 2355 2480 2418 similiter
2504 2355 2783 2418 humana
2818 2359 3059 2438 species
3087 2359 3150 2420 in
3194 2361 3321 2422 Deo
3354 2380 3372 2434 ;

1821 2465 1973 2526 ergo
2005 2448 2287 2510 extensio
2323 2447 2587 2510 visionis
2627 2449 2709 2510 ad
2764 2449 2945 2529 plura
3001 2451 3247 2531 objecta
3276 2471 3380 2514 se-

1819 2541 2120 2602 cundaria
2144 2559 2273 2604 non
2308 2542 2599 2624 provenit
2646 2561 2723 2604 ex
2775 2544 3151 2608 intensione.
3184 2549 3378 2608 Ante·

1820 2634 2055 2696 cedens
2084 2642 2279 2716 patet,
2314 2635 2485 2715 quia,
2514 2637 2563 2696 si
2588 2637 2695 2698 illa
2732 2636 2886 2700 visio
2908 2657 3055 2702 vere
3101 2639 3377 2702 intendi-

1819 2737 1944 2804 tur,
1980 2727 2067 2789 illi
2101 2729 2333 2809 gradus
2360 2729 2733 2792 intensionis
2762 2734 2907 2792 sunt
2928 2749 3041 2812 per
3062 2749 3131 2794 se
3160 2733 3381 2796 subor-

1819 2821 2038 2894 dinati,
2072 2821 2157 2884 ita
2187 2829 2255 2884 ut
2284 2823 2597 2884 secundus
2632 2830 2857 2885 natura
2885 2842 2999 2886 sua
3026 2833 3223 2905 ponat
3246 2828 3382 2906 pri-

1819 2933 2019 2987 mum,
2039 2921 2099 2976 et
2122 2915 2343 2978 tertius
2366 2918 2715 2980 secundum
2728 2940 2746 2991 ,·
2768 2923 2831 2978 at
2859 2936 3009 2980 vero
3032 2937 3382 3000 reproesen-

1823 3010 1971 3071 tatio
2004 3008 2234 3088 speciei
2266 3007 2557 3070 humanae
2584 3009 2679 3071 vel
2702 3009 2960 3072 alterius
2988 3029 3115 3072 non
3146 3011 3381 3076 habeut

1819 3101 1984 3164 inter
2005 3121 2073 3164 se
2102 3119 2241 3162 eam
2275 3101 2880 3176 subordinationem,
2922 3109 2991 3164 ut
3020 3122 3133 3184 per
3167 3123 3235 3168 se
3264 3123 3381 3167 no-

1821 3203 1955 3258 tum
1977 3203 2103 3274 est3
2144 3214 2294 3276 ergo
2326 3215 2405 3258 ex
2430 3197 2490 3256 vi
2536 3196 2906 3258 intensionis
2948 3198 3208 3276 praecise
3248 3217 3379 3262 non

1819 3296 2029 3368 potest
2072 3287 2210 3350 fieri
2252 3288 2356 3350 illa
2388 3294 2671 3350 extensio
2710 3290 2793 3350 ad
2840 3292 3380 3370 reproesentandas

1819 3379 1974 3440 alias
2001 3381 2261 3459 species.
2288 3381 2603 3456 Secundo,
2650 3381 2799 3462 quia
2846 3391 3259 3462 augmentum
3284 3385 3381 3447 in-

1819 3473 2159 3548 tensivum,
2194 3481 2262 3536 ut
2292 3475 2405 3550 sic,
2430 3481 2631 3536 totum
2652 3479 2747 3538 est
2774 3495 2851 3538 ex
2882 3483 3059 3555 parte
3088 3476 3377 3558 subjecti,

1819 3586 1935 3646 per
1992 3568 2297 3646 majorem
2341 3575 2639 3630 conatum
2690 3571 3010 3648 potentiae,
3058 3577 3121 3632 et
3160 3589 3380 3634 conse-

1821 3667 2090 3740 quenter
2120 3679 2237 3740 per
2260 3663 2564 3740 majorem
2612 3662 3063 3724 radicationem
3092 3665 3379 3744 ejusdem

1821 3762 2000 3816 actus
2024 3754 2084 3813 in
2109 3753 2329 3814 eodem
2348 3754 2629 3834 subjecto
2660 3755 2821 3816 circa
2840 3755 3009 3818 idem
3035 3755 3345 3836 objectum
3356 3781 3375 3836 3

1821 3865 1974 3928 ergo
2000 3865 2259 3908 necesse
2310 3853 2404 3908 est
2432 3853 2629 3908 totam
2668 3849 3091 3910 intensionem
3145 3851 3381 3912 versari

1821 3941 1985 4002 circa
2016 3939 2269 4001 easdem
2294 3958 2395 4000 res
2418 3939 2621 4012 visas;
2654 3959 2826 4016 nam,
2872 3941 2923 4000 si
2977 3950 3237 4004 conatus
3270 3961 3379 4022 po-

1822 4037 2031 4098 tentiae
2068 4034 2510 4096 extenderetur
2533 4033 2615 4094 ad
2656 4052 2813 4094 nova
2859 4033 3131 4112 objecta,
3190 4036 3379 4098 etiam

1823 4127 2217 4202 secundaria,
2254 4145 2379 4188 non
2411 4125 2768 4187 necessario
2826 4133 3141 4188 cresceret
3180 4126 3247 4190 in
3291 4127 3381 4188 in-

1823 4225 2113 4284 tensione
2145 4227 2207 4282 et
2232 4219 2511 4282 claritate
2539 4219 2698 4280 circa
2738 4219 3008 4298 primum
3064 4220 3379 4299 objectum

1827 4321 1896 4377 ut
1932 4316 2017 4376 sic
2044 4337 2061 4390 3
2090 4332 2241 4393 ergo
2270 4315 2404 4374 haec
2444 4313 2569 4374 duo
2617 4319 2954 4394 augmenta
2987 4319 3131 4376 sunt
3172 4315 3382 4376 diver-

1827 4427 2041 4472 sarum
2076 4409 2415 4480 rationum,
2447 4425 2565 4468 nec
2590 4425 2787 4467 unum
2818 4423 2896 4468 ex
2936 4407 3059 4468 alio
3096 4427 3380 4470 necessa-

1824 4503 1918 4564 rio
1952 4501 2379 4580 consequitur,
2409 4519 2621 4580 neque
2654 4519 2688 4564 e
2718 4518 3043 4563 converso.
3068 4501 3201 4576 Quo
3218 4501 3288 4564 fit
3312 4507 3383 4564 ut

1826 4595 2049 4658 eadem
2067 4612 2331 4654 numero
2360 4593 2543 4668 visin,
2571 4611 2709 4670 quae
2729 4599 3133 4672 repraesentat
3154 4596 3379 4670 Deum,

1827 4699 1890 4750 et
1930 4689 2150 4750 decem
2209 4693 2527 4749 creaturas
2569 4688 2633 4747 in
2684 4686 2846 4768 ipso,
2900 4687 3099 4767 possit
3154 4706 3292 4750 esse
3322 4695 3383 4749 et

1824 4783 2073 4844 intensa
2130 4791 2193 4842 et
2238 4779 2524 4852 remissa,
2586 4779 2723 4840 illas
2788 4778 3009 4842 decem
3064 4787 3383 4844 creaturas

1827 4875 2057 4937 clarius
2109 4874 2213 4935 vel
2258 4874 2468 4935 minus
2509 4873 2675 4935 clare
2731 4875 3263 4954 repraesentandO,
3322 4883 3387 4938 et

1827 4987 1956 5030 non
2013 4967 2225 5048 plures
2280 4985 2486 5048 neque
2532 4967 2900 5046 pauciores;
2946 4973 3007 5029 et
3062 4987 3097 5030 e
3140 4975 3387 5031 coutra-

1825 5061 1918 5122 rio
1954 5107 1970 5134 ,
2028 5059 2163 5121 fieri
2244 5066 2449 5140 potest
2506 5057 2677 5138 quod
2743 5057 2884 5120 duoe
2938 5059 3213 5124 visiones
3264 5063 3387 5123 sint

1827 5155 2166 5233 inaequales
2205 5153 2271 5213 in
2312 5151 2817 5232 repraesentando
2844 5152 3055 5234 plures
3103 5156 3200 5216 vel
3234 5174 3389 5234 pau-

1827 5247 2031 5308 ciores
2082 5255 2401 5307 creaturas
2422 5291 2438 5320 ,
2499 5251 2562 5306 et
2617 5252 2825 5307 tamen
2901 5247 3071 5325 quod
3118 5247 3182 5309 in
3241 5267 3387 5327 gra-

1827 5339 2013 5401 dibus
2062 5339 2433 5401 intensionis
2514 5340 2638 5400 sint
2698 5339 2995 5418 aequales.
3066 5341 3156 5401 Ac
3222 5339 3391 5402 deni·

1827 5452 1952 5513 que
1978 5452 2104 5494 non
2136 5439 2447 5514 repugnat
2482 5432 2813 5509 visionem,
2864 5451 3003 5516 quae
3058 5432 3140 5494 ad
3167 5433 3389 5512 ‘plures

1829 5533 2149 5590 creaturas
2208 5525 2581 5599 extenditur,
2645 5543 2783 5588 esse
2836 5525 2898 5586 in
2948 5526 3297 5587 intensione
3329 5531 3385 5587 ct
