3892 6167
1351 379 1669 436 DiSPUTAT.
1707 379 1831 432 xm.
1865 379 2034 434 SBCT.
2071 381 2152 432 lv.
3233 374 3350 436 357

96 485 299 540 retur
324 495 613 558 poenam.
634 479 865 560 ipsam,
898 477 1007 538 sed
1042 477 1233 540 eliam
1272 483 1338 538 ut
1367 478 1535 540 Deus
1569 477 1715 538 velit
1794 477 1873 540 do
1914 477 2080 540 facto
2109 477 2390 541 Christus
2417 477 2602 540 nobis
2639 478 2943 540 meruerit
2979 477 3352 542 electionem

100 572 293 634 illam
326 572 669 648 conferre,
683 571 833 651 quia
862 572 1027 632 Deus
1051 588 1126 631 ex
1144 588 1211 632 se
1240 571 1555 634 neminem
1583 569 1713 633 vult
1794 578 1853 634 et
1877 573 2522 650 praedestinationem,
2553 571 2618 634 id
2647 578 2768 646 est,
2791 589 2874 634 an
2902 572 3066 634 Deus
3092 571 3159 633 in
3180 577 3354 634 aeter·

100 665 359 746 perire,
413 666 537 728 sed
589 666 793 728 solum
843 663 925 726 ob
966 662 1243 726 hominis
1292 663 1710 738 demeritum,
1791 665 1988 728 nitate
2042 683 2156 726 sua
2212 684 2330 728 nos
2376 665 2638 745 elegerit
2693 664 2945 728 intuens
2995 665 3080 727 ad
3130 666 3356 727 merita

93 759 293 841 juxta
332 757 549 822 illud:
582 760 748 824 Dm
772 773 889 819 non
913 757 1043 822 vult
1070 761 1319 820 mortem
1352 755 1710 837 peccatoris,
1792 757 2020 822 Christi
2040 759 2272 832 futura,
2297 759 2434 840 jam
2470 759 2721 840 provisa
2749 763 2812 822 et
2834 758 3238 841 praecognita.
3282 761 3354 824 In

102 869 276 916 seu:
308 853 494 916 Dm
528 857 783 916 mortem
816 867 935 912 uon
958 851 1118 926 fecit.
1167 850 1347 914 Unde
1398 852 1708 928 Damaso„
1794 869 1919 932 qua
1942 871 2014 916 re
2043 854 2184 916 duoe
2227 857 2374 916 sunt
2403 855 2768 918 sententise:
2808 854 2981 933 prior
3007 860 3198 933 negat
3224 871 3356 916 me·

1795 947 1999 1010 ruisse
2037 945 2353 1012 Christum
2402 946 2584 1012 nobis
2632 953 2932 1012 aeternam
2981 947 3356 1010 electionem

1796 1045 1907 1102 aut
1922 1041 2554 1121 praedestinationem.
2583 1041 2675 1104 lta
2705 1045 2880 1106 tenet
2918 1056 3214 1121 expresse
3238 1041 3357 1104 So·

1794 1134 1962 1209 nius,
1986 1135 2098 1196 lib.
2117 1137 2156 1196 3
2180 1133 2258 1196 de
2275 1135 2819 1196 Demonstrationis
2846 1133 3164 1214 religionis
3185 1132 3358 1198 Chri·

1795 1227 2038 1303 stianat,
2089 1233 2264 1292 tract.
2299 1229 2363 1302 3,
2397 1245 2536 1306 cap.
2581 1229 2685 1301 193
2733 1232 2800 1292 ει
2837 1227 3139 1302 Αᾶιιιιιιιε,
3168 1245 3358 1308 expo·

1794 1339 1954 1384 nens
1981 1320 2046 1384 id
2057 1321 2142 1386 ad
2153 1321 2460 1402 Ephesios
2476 1325 2507 1386 1
2528 1340 2542 1382 ε
2573 1321 2792 1403 Eleyic
2811 1339 2922 1385 m
2939 1321 3006 1384 in
3028 1319 3186 1402 ipso,
3203 1323 3324 1384 etc.
3331 1333 3354 1397 3

1798 1415 2088 1480 eamdem
2121 1415 2494 1478 sententiam
2521 1415 2797 1478 doceant
2819 1432 3080 1476 neccsse
3109 1417 3226 1487 est,
3249 1413 3355 1492 qul

1796 1515 2032 1591 negant
2058 1508 2362 1572 meruisse
2411 1507 2594 1573 nobis
2637 1507 2944 1570 Christum
2980 1525 3204 1572 >omnes
3232 1507 3360 1570 dis·-

1794 1601 2142 1684 positiones
2169 1607 2446 1665 remotas
2471 1600 2554 1662 ad
2579 1601 2846 1679 gratiam
2867 1599 3312 1679 justificantem
3333 1619 3352 1673 ;

1796 1713 1945 1760 nam
1973 1696 2120 1758 inde
2145 1694 2219 1759 fit
2243 1714 2368 1758 non
2393 1695 2696 1758 meruisse
2725 1695 2906 1758 nobis
2931 1713 3152 1758 omnes
3177 1695 3360 1758 effec-

1797 1794 1898 1853 tus
1919 1789 2488 1872 praedestinationis
2509 1797 2765 1866 nostrae,
2807 1795 2872 1852 et
2897 1795 3360 1870 consequenter

1796 1902 1915 1946 nec
1933 1883 2546 1964 praedestinationem
2564 1883 2790 1963 ipsam,
2811 1901 2932 1946 nec
2961 1883 3358 1958 electionem,

1800 1995 1939 2058 qum
1969 1976 2058 2060 (ut
2105 1978 2540 2056 supponimus)
2569 1977 2846 2040 anterior
2888 1983 2983 2040 est
3009 1977 3362 2040 seeundum

1802 2073 2138 2148 rationem,
2153 2080 2222 2135 et
2237 2072 2416 2136 radix
2440 2072 2632 2134 totius
2641 2072 3206 2152 praedostinationis
3223 2089 3362 2136 om·-

1801 2167 2106 2245 niumque
2163 2165 2500 2230 effectuum
2555 2165 2716 2244 ejus.
2761 2165 3222 2228 Praetlestinatio
3251 2182 3364 2228 au-

1802 2266 1958 2330 tem,
1984 2263 2055 2321 ιιι
2078 2259 2430 2335 minimum,
2461 2257 2726 2320 includit
2753 2259 3060 2320 rationem
3081 2258 3362 2322 omnium

1802 2351 2152 2414 mediorum
2169 2351 2660 2431 particularium,
2679 2369 2790 2414 seu
2812 2350 3227 2431 propriorum,
3249 2369 3364 2432 per

1804 2462 1943 2524 quoe
1977 2441 2216 2507 electus
2259 2443 2673 2508 infallibiliter
2713 2444 3076 2525 producitur
3117 2445 3200 2508 ad
3255 2463 3363 2508 re·-

1806 2556 2002 2618 gnum
2028 2538 2370 2612 coelorum;
2405 2537 2676 2617 ideoque
2699 2555 2886 2601 nemo
2904 2543 3109 2618 potest
3135 2537 3362 2602 mereri

1806 2639 2002 2698 totam
2029 2633 2664 2714 praedestinationem,
2703 2632 2828 2697 nisi
2871 2633 2986 2696 hos
3019 2650 3240 2696 omnes
3275 2632 3366 2696 et*-

1800 2725 2006 2788 fectus
2037 2744 2153 2790 seu
2187 2725 2396 2790 media
2442 2732 2794 2803 mercatui-3
2823 2732 2888 2790 et
2917 2725 3066 2806 quia.
3095 2743 3212 2790 nos
3235 2743 3368 2800 non

1802 2838 2125 2882 meremur
2153 2820 2286 2882 hoec
2334 2820 2546 2884 omnia
2589 2819 2918 2893 beneficia,
2975 2819 3117 2882 ideo
3156 2837 3366 2899 nequo

1804 2919 2088 2976 nostram
2133 2913 2750 2995 praedestinationem
2793 2931 3111 2976 meremur
3121 2927 3142 2991 3
3196 2913 3368 2977 idem

1805 3027 1958 3088 ergo
1987 3025 2248 3070 necesse
2275 3015 2371 3070 est
2411 3007 2491 3072 de
2517 3007 2760 3070 Christo
2786 3007 3080 3082 sentiant,
3117 3007 3228 3085 qui
3273 3006 3370 3085 ip·

1804 3118 1947 3164 sum
1972 3099 2106 3162 haee
2129 3101 2339 3164 omnia
2363 3100 2532 3164 bona
2561 3101 2743 3165 nobis
2769 3099 3077 3163 meruisse
3105 3104 3362 3180 negant.

1804 3194 2068 3270 Rursus,
2097 3193 2206 3272 qui
2246 3198 2470 3274 putant
2496 3193 2827 3256 hominum
2869 3191 3242 3254 electionem
3269 3209 3368 3254 se·

1802 3287 2084 3350 cundum
2116 3288 2426 3350 rationem
2461 3286 2873 3350 antecessisse
2905 3285 3368 3366 praescientiam

1806 3380 2130 3461 originalis
2153 3379 2418 3460 peccati,
2449 3380 2680 3444 Christi
2698 3398 2846 3444 vero
2867 3378 3370 3459 praedestinatio·

1805 3491 1956 3536 nem
1989 3472 2399 3554 posteriorem
2435 3472 2656 3548 fuisse,
2687 3489 2946 3537 necesse
2977 3478 3074 3535 est
3101 3473 3372 3537 doceant

1804 3568 2132 3630 hominum
2159 3566 2532 3630 electionem
2569 3583 2696 3628 non
2731 3566 2932 3630 fuisse
2965 3565 3194 3630 intuitu
3238 3583 3372 3628 me-

102 945 219 1006 lib.
252 947 325 1020 2,
374 964 531 1026 cap.
567 947 651 1008 29
687 950 751 1006 et
790 946 895 1018 30,
936 947 1111 1006 reete
1150 942 1509 1024 distinguit,
1547 961 1715 1024 >quae-

102 1039 263 1100 dam
302 1039 525 1100 Deum
562 1037 725 1100 velle
752 1056 837 1100 ex
860 1053 929 1098 se
958 1036 1119 1110 solo,
1145 1037 1433 1117 quaedam
1460 1055 1609 1100 vero
1635 1054 1713 1100 ex

104 1132 331 1207 nobiS,
386 1150 522 1196 seu
552 1131 787 1192 nostris
812 1129 1055 1194 actibus
1092 1135 1155 1194 ει
1186 1130 1427 1194 meritis
1453 1131 1713 1192 inclina-

108 1233 275 1291 tum.
310 1227 469 1290 Non
510 1231 613 1290 est
662 1242 815 1306 ergo
842 1223 1105 1287 dubium
1152 1225 1307 1304 quin
1354 1223 1549 1304 possit
1578 1223 1714 1286 dari

106 1320 438 1384 meritum·
478 1318 723 1383 divinas
763 1317 1135 1394 voluntatis,
1166 1323 1241 1380 ιιι
1274 1317 1475 1381 libere
1502 1317 1715 1380 termi-

108 1419 283 1474 natae
333 1411 429 1473 ad
463 1427 862 1490 creaturam3
906 1428 1055 1472 nam
1106 1411 1403 1474 meritum
1452 1429 1579 1474 non
1621 1415 1717 1474 est

108 1523 309 1570 causa
355 1507 639 1589 propria
684 1524 759 1568 ac
801 1505 1085 1586 physica,
1122 1503 1234 1566 sed
1266 1507 1511 1567 tantum
1556 1501 1714 1564 ratio

108 1601 393 1674 motiva,
426 1617 587 1680 quae
620 1600 870 1680 cognita
900 1618 939 1663 a
968 1599 1099 1660 Deo
1136 1597 1317 1660 illum
1343 1599 1554 1658 movet
1581 1613 1715 1656 me-

112 1693 487 1774 taphorice,
516 1711 643 1759 seu
668 1691 928 1754 inclinat
950 1691 1033 1753 ad
1053 1692 1173 1754 hoc
1198 1690 1301 1754 vel
1328 1689 1484 1752 illud
1508 1690 1717 1752 volen-

108 1786 295 1850 dum.
330 1788 577 1866 Neque
619 1787 691 1848 D.
741 1784 1012 1848 Thomas
1039 1784 1105 1846 in
1146 1784 1265 1845 hoc
1304 1801 1497 1846 sensu
1524 1789 1717 1864 negat

110 1881 253 1945 dari
290 1897 585 1962 causam
622 1879 846 1942 divinae
882 1879 1205 1942 electionis
1234 1896 1313 1940 ex
1338 1884 1513 1957 parte
1542 1883 1717 1940 actus

112 1973 341 2047 divini,
397 1971 533 2036 sed
564 1973 843 2052 loquitur
885 1973 1191 2052 imprimis
1216 1971 1297 2034 de
1328 1989 1521 2034 causa
1572 1989 1720 2052 pro·

112 2065 253 2148 prie
286 2071 359 2128 ει
382 2067 459 2130 in
490 2066 712 2146 rigore
742 2071 1013 2146 sumpta,
1054 2083 1179 2146 quo
1210 2083 1401 2128 sensu
1428 2063 1719 2145 impossi-

112 2161 241 2222 hile
287 2166 400 2222 est.
455 2159 609 2222 dari
638 2176 893 2222 causam
930 2157 1159 2220 diviua>
1196 2157 1562 2233 voluntatis,
1614 2161 1721 2218 aut

115 2261 299 2336 aetus
327 2255 513 2334 ejuS,
532 2252 647 2334 qui
671 2251 1017 2316 secundum
1042 2270 1110 2315 se
1133 2252 1389 2314 omnino
1404 2253 1721 2314 increatus

118 2354 215 2410 est
246 2355 315 2409 et
342 2347 833 2428 improductus;
855 2352 925 2408 ιιι
952 2365 1099 2408 vero
1122 2346 1321 2408 libere
1350 2346 1721 2408 terminatur

118 2442 205 2504 ad
232 2442 584 2522 obJectum
613 2448 920 2516 creatum,
959 2439 1115 2502 nihil
1160 2440 1331 2504 reale
1362 2440 1613 2502 additur
1636 2437 1719 2514 ei,

120 2537 297 2616 quod
334 2536 685 2620 propriam
736 2553 993 2598 causam
1048 2534 1285 2598 habere
1340 2533 1557 2614 possit,
1613 2531 1723 2594 sed

123 2631 451 2692 eminenti
482 2648 565 2694 ac
588 2628 862 2692 mirabili
884 2628 1073 2692 modo
1094 2629 1232 2690 sine
1256 2627 1379 2690 ulla
1408 2626 1724 2688 additione

122 2725 220 2786 vel
248 2724 631 2789 mutatione
652 2722 831 2798 reali,
852 2727 1042 2802 atque
1070 2720 1229 2784 adeo
1258 2720 1395 2782 sine
1422 2719 1549 2782 ulla
1572 2736 1721 2780 vera

125 2817 545 2888 causalitate,
577 2815 663 2878 ad
690 2816 821 2878 haec
844 2815 942 2878 vel
970 2815 1077 2876 illa
1105 2815 1353 2894 objecta
1380 2813 1575 2874 libere
1603 2817 1723 2874 ter-

124 2913 445 2974 minatur.
486 2907 733 2970 Deinde
774 2908 1051 2990 loquitur
1078 2907 1157 2970 de
1192 2914 1339 2968 actu
1365 2905 1577 2968 divino
1622 2922 1726 2966 se·

126 3003 427 3066 cundum
456 3021 559 3078 se,
588 3008 649 3064 ει
679 3001 760 3064 ab
786 3019 862 3064 εο
890 3000 1159 3064 excludit
1182 3000 1357 3063 illam
1384 2998 1725 3064 causalita-

126 3101 285 3174 tem,
318 3115 477 3178 quae
506 3096 579 3158 in
602 3095 789 3158 nohis
815 3113 953 3160 esse
969 3094 1129 3157 solet
1158 3095 1321 3158 inter
1344 3095 1519 3176 ipsos
1544 3101 1723 3158 actus

128 3191 525 3266 voluntatis,
573 3195 883 3268 quatenus
910 3206 1079 3252 unus
1116 3187 1199 3250 ab
1222 3187 1367 3250 'alio
1398 3188 1619 3264 oritur,
1653 3191 1725 3250 ut

129 3286 372 3348 electio
406 3285 495 3346 ab
524 3283 873 3346 intentione
886 3305 907 3359 3
934 3282 1106 3346 etsie
1132 3286 1325 3362 negat
1348 3283 1424 3343 D.
1450 3283 1723 3345 Thomas

132 3383 341 3442 Deum
374 3377 553 3442 velle
593 3395 810 3447 unum,
848 3375 997 3456 quia
1020 3377 1155 3439 vult
1182 3376 1376 3454 aliud,
1409 3376 1559 3456 quia
1590 3377 1725 3438 hoec

131 3475 383 3537 locutio
402 3473 471 3534 in
492 3473 701 3551 rigore
722 3470 959 3531 indicat
988 3470 1421 3532 causalitatem
1444 3469 1603 3530 inter
1632 3469 1724 3548 ip·

134 3587 241 3632 sos
274 3573 507 3642 actus3
540 3583 671 3626 non
695 3571 909 3628 tamen
928 3569 1121 3646 negat
1148 3565 1218 3626 D.
1255 3563 1529 3630 Thomas
1570 3561 1724 3642 quin

137 3669 333 3726 actus
362 3661 603 3724 divinae
643 3658 1004 3733 voluntatis,
1034 3665 1103 3723 ut
1130 3657 1329 3722 libere
1374 3656 1727 3722 terminatoe

138 3757 219 3818 ad
272 3760 633 3828 creaturas,
668 3753 869 3834 possit
894 3751 1028 3815 dari
1061 3751 1275 3832 aliqua
1314 3751 1493 3825 ratio,
1530 3749 1727 3812 inter·

140 3852 308 3912 dum
337 3868 423 3912 ex
460 3853 641 3928 parte
681 3846 871 3928 ipsius
914 3844 1049 3918 Dei,
1094 3844 1411 3908 interdum
1449 3860 1598 3906 vero
1648 3860 1729 3904 ex

138 3951 336 4026 parte
373 3948 719 4014 creaturae;
752 3947 815 4004 ct
842 3941 909 4004 in
937 3940 1104 4004 dicto
1126 3939 1239 4004 lib.
1268 3943 1298 4001 1
1328 3946 1545 4004 contra
1567 3938 1728 4000 Gen-

144 4047 271 4114 teS‚
314 4045 663 4124 utrumque
690 4035 840 4098 satis
884 4041 1103 4116 aperte
1134 4034 1338 4108 docet,
1391 4052 1541 4096 nam
1586 4050 1727 4114 cap.

144 4137 223 4196 86
254 4130 560 4194 coneedit
589 4129 721 4192 dari
754 4129 1085 4206 rationem,
1114 4147 1255 4208 cap.
1288 4146 1440 4192 vero
1460 4130 1537 4190 87
1569 4133 1631 4190 et
1652 4127 1732 4190 88

148 4231 363 4306 negat
398 4223 540 4286 dari
594 4241 849 4286 causam
895 4221 1235 4286 voluntatis
1285 4221 1511 4285 divinae
1527 4238 1551 4300 3
1604 4239 1733 4282 una

146 4338 313 4384 vero
358 4337 441 4382 ex
468 4316 843 4381 ,rationibus
872 4316 1099 4378 divium
1142 4305 1497 4380 ‘voluntatis
1524 4319 1733 4395 potest

152 4433 306 4478 esse
336 4411 661 4486 meritum,
692 4417 761 4474 ut
789 4409 938 4472 satis
960 4408 1351 4474 declaratum
1375 4413 1492 4482 est,
1521 4413 1583 4470 et
1618 4425 1733 4490 per

155 4526 225 4570 se
248 4507 507 4570 videtur
538 4511 785 4576 notum,
814 4504 961 4585 quia
998 4521 1127 4565 non
1165 4508 1262 4566 est
1294 4501 1511 4582 major.
1547 4519 1731 4582 repu-

154 4602 431 4682 gnantia
468 4600 537 4662 in
574 4598 697 4662 hac
725 4598 967 4661 ratione
1006 4615 1197 4678 quam
1242 4596 1305 4657 in
1354 4595 1613 4659 caeteris.
1660 4595 1734 4659 Et

158 4693 527 4759 hincetiam
547 4691 621 4757 fit
644 4698 735 4762 ut.
754 4689 901 4754 licet
920 4691 1269 4754 secundum
1283 4709 1422 4753 rem
1441 4706 1571 4752 non
1590 4707 1735 4768 pos-

160 4792 243 4852 sit
270 4805 443 4852 unus
462 4790 641 4850 actus
674 4785 903 4848 divinoe
934 4784 1266 4848 voluntatis
1294 4801 1447 4846 esse.
1478 4782 1733 4844 alterius

162 4901 384 4958 causa,
401 4879 749 4954 secundum
772 4878 1082 4942 rationem
1100 4881 1341 4953 tamen,
1358 4877 1521 4940 sicut
1537 4894 1735 4940 unum

164 4973 851 5045 attributumestratio
880 4971 1163 5048 alterius,
1192 4971 1369 5034 verbi
1390 4971 1613 5052 gratia,
1643 4973 1739 5032 in·

166 5070 463 5133 tellecta-s
489 5067 845 5139 voluntatis,
878 5073 939 5128 et
966 5064 1459 5133 immaterialitas
1487 5065 1740 5128 immor·

166 5165 457 5238 talitatis,
486 5163 575 5231 ita
602 5167 781 5225 actus
807 5157 1142 5222 voluntatis
1169 5157 1421 5235 (livinae,
1442 5165 1511 5220 ut
1535 5159 1741 5222 ieiuni·¹

169 5267 359 5322 natus
384 5259 469 5320 ad
488 5275 689 5320 unum
712 5256 1053 5335 objectum,
1087 5260 1183 5318 est
1200 5255 1498 5316 ratiocur
1527 5254 1741 5318 termi-

172 5362 364 5416 netur
390 5353 702 5416 adalind.

252 5453 317 5512 6.
364 5450 499 5514 Hac
523 5465 681 5530 ergo
702 5446 962 5510 veritate
980 5445 1303 5527 supposita
1321 5444 1401 5507 de
1431 5442 1736 5523 possibili,

177 5547 464 5623 superest
487 5540 747 5620 quaestio
768 5540 1083 5620 praecipue
1107 5558 1145 5602 a
1164 5539 1346 5602 nobis
1368 5537 1633 5611 intenta,
1657 5553 1740 5598 an

1803 3662 2074 3725 ritorum
2102 3659 2354 3736 Christi,
2390 3659 2504 3722 sed
2533 3677 2612 3722 ex
2641 3659 2776 3722 sola
2794 3659 3114 3722 voluntate
3131 3658 3366 3736 divina,

1806 3755 1958 3834 quia
1999 3753 2066 3816 in
2097 3772 2172 3816 eo
2219 3755 2424 3834 signo,
2455 3753 2520 3816 in
2569 3769 2698 3834 quo
2731 3759 2978 3832 ponunt
3005 3753 3206 3816 Deum
3242 3753 3374 3814 ele·

1806 3849 1974 3928 gisse
2015 3848 2514 3928 praedestinatos,
2575 3847 2858 3908 nondum
2907 3846 3268 3927 intelligunt
3303 3852 3376 3908 ιιι

1809 3941 2146 4005 habentem
2191 3942 2260 4002 in
2301 3959 2418 4004 sua
2444 3940 2827 4020 praescientia
2877 3938 3104 4002 merita
3147 3938 3374 4004 Clu-isti

1810 4036 2170 4115 praesentia.
2222 4037 2424 4114 Atque
2478 4035 2562 4096 ita
2617 4033 2807 4098 sentit
2847 4033 3165 4114 Capi-eol„
3202 4033 3269 4098 in
3307 4035 3370 4108 3,

1813 4131 1956 4192 dist.
2006 4133 2066 4202 1,
2113 4147 2174 4208 q.
2224 4129 2447 4204 unica,
2509 4133 2624 4190 art.
2669 4130 2748 4204 3,
2794 4127 2876 4190 ad
2925 4131 2966 4190 2
3018 4133 3082 4188 ει
3123 4130 3163 4190 3
3207 4125 3374 4190 Secti

1814 4229 1982 4287 cont.
2003 4228 2034 4286 1
2067 4223 2372 4294 conclus..
2403 4221 2510 4302 qui
2535 4220 2966 4286 indifferenter
2989 4220 3271 4299 loquitur
3292 4220 3374 4284 do

1812 4317 2118 4380 electione
2151 4324 2216 4380 et
2261 4315 2810 4396 praedestinatione
2857 4320 3098 4392 nostra,
3128 4314 3375 4394 potissi·

1812 4429 1987 4472 mum
2034 4417 2249 4472 tamen
2288 4409 2535 4472 videtur
2585 4407 3031 4488 intelligendus
3081 4405 3164 4470 de
3215 4406 3378 4474 elec·

1814 4504 1986 4566 tione
2001 4518 2024 4579 ;
2067 4521 2216 4566 nam
2248 4500 2744 4582 praedestinatio,
2775 4517 2922 4562 cum
2947 4501 3030 4566 sit
3053 4500 3212 4564 ratio
3243 4519 3382 4564 me·

1815 4595 2084 4672 diorum,
2123 4614 2252 4657 non
2282 4594 2485 4676 potuit
2513 4599 2658 4654 ante
2698 4593 3026 4672 praevisum
3072 4592 3378 4672 originale

1815 4694 2148 4768 peccatum
2199 4687 2525 4768 compleri,
2573 4687 2722 4748 licet
2747 4685 3034 4748 inchoari
3079 4685 3375 4766 potuerit,

1816 4789 1887 4846 ut
1910 4801 2088 4844 more
2107 4787 2324 4846 nostro
2355 4782 2708 4861 loquamur.
2743 4779 3028 4860 Denique
3053 4780 3216 4842 hanc
3241 4797 3380 4840 sen·

1816 4875 2080 4940 tentiam
2109 4879 2286 4940 tenet
2311 4877 2554 4950 Scotus,
2577 4875 2645 4936 in
2669 4878 2728 4949 3,
2768 4874 2910 4937 dist.
2946 4875 3046 4948 19,
3071 4891 3136 4952 q.
3167 4872 3378 4949 unica,

1818 4969 1903 5031 ad
1938 4968 2259 5048 quoddam
2311 4974 2779 5049 argumentum,
2809 4973 2956 5030 ante
3001 4966 3382 5031 solutionem

1818 5063 2260 5144 principalium
2308 5068 2850 5144 argumentorum.
2892 5062 2974 5122 Ει
3010 5059 3264 5124 fundari
3311 5059 3380 5120 iu

1822 5175 1897 5220 eo
1932 5155 2202 5230 videtur,
2241 5157 2412 5234 quod
2441 5155 2661 5220 electio
2689 5153 3272 5232 praedestinatorum
3303 5151 3380 5214 si-

1822 5250 1953 5314 mul
1991 5269 2136 5312 cum
2175 5249 2402 5314 Christi
2458 5247 3004 5328 praedestinatione
3049 5245 3384 5310 antecessit

1822 5345 2128 5424 originale
2153 5351 2482 5425 peccatum
2496 5358 2518 5420 ;
2549 5341 2829 5406 Christus
2853 5347 3066 5404 autem
3115 5358 3244 5404 non
3283 5345 3383 5402 est

1821 5439 2148 5502 ordinatus
2181 5439 2264 5502 ad
2289 5435 2662 5502 merendum
2705 5435 2914 5510 nohis,
2941 5434 3144 5498 donee
3165 5434 3384 5516 lapsus

1822 5532 2013 5615 primi
2043 5533 2316 5597 hominis
2344 5531 2648 5612 prrevisus
2680 5535 2794 5592 est.
3007 5557 3014 5564 ·
