3892 6167
1358 343 1677 398 nlst‘tmtr.
1711 338 1881 394 xuv,
1914 339 2086 394 sm‘r.
2123 339 2162 392 Ι.
3239 343 3364 406 425

80 439 471 507 minatione
509 431 873 521 naumain
916 446 1161 506 nauum
1210 441 1273 506 ei
1316 443 1713 508 attribuatur.

167 535 285 597 57.
302 533 418 596 Ad.
428 533 753 598 nltimam
768 536 1715 619 rationem-eoncedoimpiimis‚

84 629 171 691 ad
214 629 589 709 prumiam
630 629 997 694 servitutem
1032 649 1164 694 non
1192 633 1481 698 sufficere
1516 635 1717 698 solam

86 721 503 786 obedientioe
536 723 1007 804 abjectionem
1032 771 1051 798 ,
1088 728 1377 807 quamvis
1402 735 1575 792 certe
1603 729 1711 790 Isi·

86 817 225 879 dor.
248 861 271 892 ,
318 816 451 880 lib.
496 821 551 880 2
598 817 689 880 de
714 818 931 899 Propr.
960 837 1113 894 ser..
1134 838 1203 882 n.
1239 827 1281 886 5
1297 865 1318 896 ,
1346 821 1711 884 servitutem

86 911 247 972 nibil
277 912 481 975 uliud
520 930 677 976 esse
698 912 872 992 dicit,
902 931 1097 994 quam
1116 915 1561 980 necessitatem
1582 933 1711 978 ser·

88 1006 355 1080 viendiz
408 1007 705 1070 obedire
730 1015 945 1070 antem
961 1053 983 1085 ,
1012 1012 1247 1074 servire
1286 1017 1421 1085 est3
1466 1011 1517 1072 si
1559 1027 1709 1090 ergo

90 1097 487 1166 obedientia.
516 1119 617 1164 ex
650 1103 1026 1166 necessitate
1064 1109 1363 1167 nascatur
1383 1149 1400 1177 ‚
1448 1104 1715 1166 servitus

94 1196 217 1258 diei
248 1199 509 1274 potest,
562 1203 685 1260 aut
716 1201 889 1258 oerte
918 1197 1282 1260 servitutem
1310 1215 1709 1276 supponere3

94 1288 391 1350 Christus
444 1294 685 1352 autem
726 1295 799 1351 ut
833 1287 1025 1352 homo
1064 1307 1145 1354 ex
1184 1290 1556 1354 necessitate
1598 1309 1713 1353 seu

98 1382 323 1444 debito
372 1381 673 1446 obedire
716 1383 975 1456 debniu
1022 1391 1233 1464 potest
1270 1401 1423 1465 ergo
1456 1385 1561 1446 illa
1590 1384 1711 1448 dici

96 1476 402 1556 quaedam
432 1479 767 1552 ser-vitun
796 1479 979 1541 etita
1008 1477 1259 1544 videtur
1284 1480 1461 1558 loqui
1490 1481 1563 1542 D.
1594 1482 1709 1544 Th.

102 1571 222 1631 hic.
262 1569 401 1636 Sed
427 1615 447 1644 ‚
490 1575 653 1635 osto
680 1569 921 1652 aliquid
946 1573 1221 1654 amplius
1244 1573 1329 1636 ad
1352 1573 1713 1638 servitutem

100 1663 483 1740 requiratur
506 1709 527 1736 ‚
576 1663 739 1726 iilud
762 1671 935 1728 uerte
964 1683 1095 1729 non
1126 1673 1223 1730 est
1248 1665 1503 1746 negatio
1532 1681 1713 1728 eom-

102 1757 581 1820 municationis
610 1758 681 1820 in
706 1757 911 1835 bonis,
952 1760 1019 1822 in
1048 1776 1177 1838 qua
1197 1753 1367 1823 totus
1394 1759 1713 1822 discursus

102 1849 375 1911 rationis
398 1849 595 1912 iltius
615 1850 941 1927 fundatur,
972 1854 1083 1934 qui
1108 1873 1149 1915 a
1170 1853 1357 1916 nobis
1379 1853 1531 1914 satis
1551 1852 1713 1916 refu·

108 1950 273 2005 tatus
328 1951 462 2016 est,
522 1945 687 2025 quia
737 1947 1225 2010 communicatio
1272 1963 1402 2006 non
1451 1945 1713 2026 impedit

108 2036 523 2113 servitutem,
580 2039 703 2100 nisi
754 2039 837 2102 ad
880 2041 1313 2120 {equalitatem
1358 2039 1709 2119 perveniat,

112 2145 252 2208 quoe
272 2129 345 2190 in
370 2131 649 2193 Christo
675 2133 933 2210 quidem
967 2132 1331 2212 simpliciter
1356 2132 1668 2212 reperitur
1688 2175 1707 2204 ‚

115 2239 241 2282 non
268 2228 501 2285 tamen
529 2223 607 2287 in
630 2222 874 2288 Christo
904 2232 975 2288 ut
998 2226 1275 2300 homine,
1322 2231 1393 2287 ut
1416 2225 1567 2287 satis
1599 2225 1711 2288 de·-

118 2315 426 2378 elaratum
472 2322 603 2380 est.
656 2318 835 2382 Unde
880 2319 1229 2399 retorqueri
1272 2323 1481 2398 potest
1522 2334 1709 2397 argu·

118 2413 405 2470 mentum
431 2455 457 2487 ‚
510 2411 675 2491 quia
700 2407 981 2476 Ciu-istus
1006 2418 1079 2474 ut
1106 2413 1296 2474 homo
1325 2427 1457 2474 non
1486 2414 1583 2473 est
1608 2427 1709 2472 su-

118 2518 375 2580 premiis
396 2503 745 2582 dominus,
774 2505 878 2568 vel
900 2506 1168 2568 aliarum
1192 2521 1431 2580 rerum,
1456 2501 1557 2564 vel
1576 2519 1709 2564 suoe

128 2595 543 2664 humanitatis
564 2643 589 2674 ,
630 2593 735 2660 vel
760 2615 1021 2660 enarum
1046 2597 1371 2659 actionum
1398 2615 1417 2670 ;
1459 2613 1613 2676 ergo
1640 2601 1711 2658 ut

128 2687 211 2746 sie
234 2694 330 2750 est
360 2689 491 2751 sub
517 2709 831 2770 supremo
858 2691 1119 2754 domino
1142 2713 1165 2766 3
1199 2696 1391 2769 atque
1419 2688 1585 2750 adeo
1612 2695 1711 2752 est

132 2797 343 2842 servus
371 2783 549 2862 εξιιε.
590 2785 666 2847 Si
688 2784 845 2864 qnid
877 2801 1029 2866 ergo
1068 2784 1283 2846 stricta
1310 2782 1583 2845 servitus
1614 2781 1712 2842 ul·-

130 2877 221 2932 tra
256 2875 733 2955 subjectionem
768 2876 978 2953 addit,
1022 2877 1231 2939 solum
1256 2874 1551 2956 estquod
1579 2893 1709 2937 non

135 2965 571 3049 solum·is,qui
594 2987 817 3034 servus
830 2970 1087 3046 dieitur,
1101 2969 1282 3032 alteri
1308 2977 1379 3032 ut
1400 2969 1710 3050 superiori

132 3073 351 3136 parere
374 3067 669 3140 tenetur,
701 3064 817 3126 sed
840 3064 1035 3126 etiam
1059 3063 1365 3143 quidquid
1388 3069 1485 3126 est
1512 3069 1577 3126 et
1598 3064 1710 3125 ha-

138 3151 237 3216 bet
259 3198 275 3227 ,
320 3156 455 3218 sub·
480 3157 663 3220 illiue
698 3157 979 3220 dominio
1019 3163 1083 3220 et
1114 3163 1427 3238 potestate
1454 3157 1707 3234 existit3

138 3243 401 3326 ideoque
444 3268 605 3312 eum
640 3257 712 3314 ut
746 3251 1079 3314 dominum
1102 3250 1381 3313 revereri
1400 3268 1475 3312 ao
1504 3251 1709 3314 colere

146 3343 417 3416 tenetur-3
466 3343 795 3424 loquimur
836 3345 1011 3406 enim
1050 3343 1131 3406 de
1174 3344 1463 3406 rationali
1500 3362 1705 3407 servo.

142 3429 275 3492 Hoeo
298 3439 521 3498 autem
554 3437 831 3500 conditio
860 3453 1007 3499 vere
1046 3437 1341 3500 convenit
1366 3435 1609 3499 Christo
1642 3443 1710 3500 ut

144 3521 398 3605 homini,
429 3536 507 3592 ιιι
526 3547 649 3610 per
666 3547 733 3592 se
762 3536 1027 3606 constat,
1060 3535 1125 3592 et
1148 3530 1305 3591 nihil
1332 3529 1593 3609 derogat
1617 3530 1711 3591 di-

146 3616 375 3682 vinitati
404 3625 571 3702 ejus,-
594 3623 801 3704 magis
824 3641 1021 3704 quam
1050 3622 1245 3704 quod,
1276 3629 1344 3686 ut
1370 3623 1561 3687 homo
1582 3671 1605 3700 ,
1634 3627 1713 3688 sit

150 3725 185 3766 a
212 3709 333 3774 Deo
354 3716 679 3793 conditus,
706 3721 770 3778 et
794 3734 833 3778 a
856 3717 989 3778 Deo
1010 3717 1289 3796 pendeat
1306 3717 1373 3779 in
1394 3719 1709 3796 omnibus,

150 3805 265 3862 tam
292 3807 559 3884 physice
588 3826 786 3888 quam
808 3809 1153 3884 moraliter,
1183 3816 1253 3872 ιιι
1276 3811 1367 3873 sie
1396 3810 1628 3877 dicam.

222 3895 317 3960 58.
358 3899 457 3962 Ad
484 3900 789 3982 replicem
814 3907 1031 3964 autem
1060 3903 1127 3964 in
1156 3901 1265 3964 illa
1294 3904 1537 3968 ratione
1565 3906 1715 3968 insi·-

152 3993 427 4066 nuatam’,
458 3993 699 4056 seilicet
721 4039 738 4066 ‚
774 3994 949 4074 quod
978 3995 1115 4056 hoee
1144 3996 1421 4059 conditio
1448 3999 1713 4078 reperiri

154 4087 347 4154 potest
370 4085 436 4146 in
466 4085 723 4150 subdito
750 4105 881 4150 non
905 4106 1087 4150 servo
1110 4133 1131 4164 ,
1172 4095 1443 4169 negatur
1472 4109 1713 4154 assum·

158 4175 341 4249 ptum,
377 4180 555 4256 quia,
586 4179 709 4242 boe
732 4180 867 4260 ipso
894 4180 1067 4260 quod
1088 4181 1321 4262 aliquis
1339 4189 1435 4246 est
1457 4183 1711 4246 omnino

160 4266 267 4328 sub
292 4270 577 4336 dominio
598 4279 663 4336 et
684 4281 995 4355 potestate
1014 4277 1301 4354 alterins,
1334 4277 1486 4340 etin
1511 4279 1710 4340 omni·

161 4353 269 4420 hus
302 4367 545 4430 tenetm
588 4367 676 4430 ini
719 4386 981 4447 parere,
1026 4375 1091 4433 et
1130 4370 1427 4433 dominus
1468 4371 1577 4433 illo
1620 4372 1709 4434 uti

162 4459 351 4525 potest
378 4477 495 4538 pro
522 4478 641 4522 suo
672 4461 929 4525 arbitrio
958 4463 1025 4525 in
1052 4481 1307 4526 omnem
1340 4483 1523 4528 usum
1552 4509 1569 4538 ,
1614 4469 1709 4526 est

164 4558 297 4608 vere
314 4567 389 4614 ac
419 4553 673 4634 proprie
708 4572 947 4618 servus.
984 4555 1163 4619 Unde
1180 4603 1201 4634 ,
1232 4556 1287 4618 si
1314 4557 1480 4618 inter
1508 4555 1709 4618 homi·

164 4650 265 4696 nes
298 4640 609 4726 fingamus
653 4654 897 4726 patrem
928 4648 1169 4711 babere
1206 4665 1458 4711 omnem
1488 4649 1707 4731 hujus·

168 4732 319 4794 modi
341 4743 712 4814 potestatem
738 4746 803 4804 et
831 4741 1185 4804 dominium
1201 4741 1273 4804 in
1298 4741 1500 4805 filium
1528 4749 1707 4806 natu·

168 4822 368 4902 Palem,
412 4831 523 4896 ille
544 4843 715 4898 esset
743 4853 1005 4909 servus3
1052 4837 1293 4913 tamen,
1342 4836 1505 4899 siout
1528 4840 1709 4918 pater

174 4927 281 4978 non
322 4921 577 4991 haberet
600 4928 773 4990 illam
798 4932 1175 5008 potestatem
1205 4949 1244 4990 a
1276 4936 1505 4993 natura
1528 4976 1549 5005 ‚
1595 4931 1707 4992 sed

172 5023 245 5068 ΒΧ
268 5013 467 5095 aliquo
494 5028 677 5100 paeto
704 5021 807 5083 vel
827 5023 973 5102 jin-e
1000 5023 1267 5102 positivo
1290 5069 1310 5100 ‚
1348 5024 1437 5086 ita
1460 5023 1603 5086 talis
1628 5023 1709 5086 fi-

177 5095 281 5163 lius
300 5124 421 5171 non
444 5120 613 5176 esset
630 5132 851 5177 servus
874 5117 1069 5196 patris
1088 5116 1359 5178 naturali
1386 5118 1705 5191 servitute,

178 5193 277 5254 fied
311 5197 581 5268 humana
620 5207 722 5268 vel
763 5208 947 5284 civili,
992 5226 1133 5288 qnae
1182 5209 1537 5272 introductu
1572 5211 1706 5290 qui-

182 5281 309 5350 dem
332 5311 457 5360 non
476 5307 571 5362 est
588 5345 611 5376 ,
640 5317 771 5363 non
792 5308 1105 5382 repugnat
1130 5308 1343 5364 tamen
1368 5302 1705 5384 excogitari

182 5387 275 5442 &ut
314 5386 617 5455 inu-oduei
636 5416 657 5471 3
696 5411 903 5476 neque
944 5395 1131 5457 etiam
1181 5402 1493 5477 repugnat
1530 5413 1707 5458 eum-

186 5467 309 5536 dem
350 5497 477 5548 esse
518 5487 871 5552 naturalem
909 5485 1108 5552 filium
1156 5497 1219 5553 et
1254 5507 1509 5552 serrum
1559 5489 1703 5552 eivi-

1796 437 1921 502 lem
1956 455 1976 512 ς
2007 444 2164 502 tune
2187 445 2422 516 autem,
2454 441 2740 521 quamvis
2769 441 2836 504 in
2862 442 2968 506 illo
2995 445 3126 508 filio
3149 463 3366 512 mane·

1794 539 1897 594 ret
1922 533 2197 596 radicale
2219 534 2350 614 jus,
2377 535 2564 598 nisio
2587 534 2815 609 dicam,
2843 536 2928 598 ad
2947 538 3118 601 bona
3145 542 3362 620 patrie,

1796 626 1895 688 vel
1917 627 2126 705 potius
2143 626 2650 704 fundamentum,
2669 628 2840 708 quod
2865 647 2906 691 a
2929 639 3160 694 natura
3175 634 3369 698 habet

1797 726 1867 783 ut
1896 720 2060 800 patri
2081 721 2380 784 succedat
2399 721 2468 784 in
2495 722 2702 799 bonis,
2727 724 2780 784 si
2809 724 3064 787 aliunde
3091 743 3222 788 non
3249 727 3367 788 im·

1791 813 2082 893 pedietur
2099 859 2120 890 ,
2149 820 2366 878 tamen
2385 815 2668 896 proxime
2689 835 2816 879 non
2839 818 3105 880 haberet
3127 819 3364 882 morale

1790 906 1974 970 civile
1991 907 2100 987 jus
2123 907 2211 970 ad
2235 909 2660 974 hereditatem
2685 916 3014 989 paternam
3038 952 3062 986 ‚
3101 913 3254 992 quia
3287 931 3365 976 ex

1790 1001 1851 1063 vi
1874 1002 2192 1064 servitutis
2229 1009 2446 1082 posset
2484 1003 2605 1065 hoe
2637 1004 2782 1083 jure
2813 1005 3084 1083 privari3
3120 1010 3362 1083 tamen,

1794 1094 1950 1173 quia
1973 1095 2094 1156 boe
2117 1113 2246 1158 non
2275 1103 2372 1159 est
2391 1101 2886 1160 consentaneum
2913 1097 3190 1162 naturali
3208 1100 3363 1178 juri,

1797 1205 1917 1250 nec
1962 1188 2054 1249 illi
2091 1189 2522 1268 conjunctioni
2557 1196 2624 1253 et
2662 1190 3003 1270 &qualitati
3031 1198 3274 1255 naturai
3303 1201 3367 1256 et

1796 1280 2080 1360 originis,
2111 1298 2254 1361 quae
2279 1289 2374 1346 est
2397 1283 2566 1346 inter
2585 1289 2832 1364 patrem
2863 1289 2928 1346 et
2952 1283 3154 1348 fllium
3181 1291 3366 1348 natu-

1792 1373 2018 1449 ralem,
2049 1373 2194 1436 ideo
2223 1375 2364 1436 talis
2387 1376 2702 1438 servitutis
2723 1377 2952 1440 modus
2977 1395 3108 1442 non
3137 1386 3235 1443 est
3259 1397 3365 1460 po·

1796 1466 1980 1530 sitive
2001 1467 2148 1547 jure
2175 1468 2596 1546 introductus,
2633 1489 2842 1550 neque
2875 1474 3240 1552 permissus.

1873 1564 1976 1624 59.
2029 1562 2259 1628 Tacitoe
2311 1563 2628 1645 objectioni
2695 1567 2955 1644 satisfit.
2985 1599 3066 1618 -
3091 1569 3170 1630 Et
3218 1566 3364 1630 bine

1792 1655 2162 1736 responderi
2203 1663 2408 1738 potest
2441 1658 2526 1720 ad
2553 1658 3000 1738 objectionem,
3021 1661 3074 1722 si
3103 1662 3168 1724 in
3197 1662 3365 1724 hune

1795 1749 2058 1810 modum
2073 1748 2220 1812 fiat:
2244 1751 2404 1812 Nam
2420 1769 2602 1814 servo
2627 1759 2942 1832 repugnat
2965 1753 3202 1817 hahere
3221 1773 3366 1818 eon·

1794 1841 2084 1902 naturale
2113 1848 2177 1904 et
2201 1842 2610 1906 intrinsecum
2632 1845 2742 1923 jus
2769 1844 2854 1906 ad
2889 1845 3058 1908 bona
3079 1853 3148 1908 et
3169 1847 3366 1909 haere-

1794 1933 2054 1998 ditatem
2097 1934 2357 2010 domini,
2383 1944 2642 2016 propter
2669 1937 2865 2017 quod,
2895 1947 2964 2000 ut
2987 1957 3177 2020 supra
3196 1939 3366 2002 dioe-

1792 2027 1968 2104 bam,
2000 2028 2187 2090 etiam
2205 2029 2350 2108 jure
2381 2029 2568 2104 civili,
2601 2031 2811 2093 statim
2837 2049 2912 2094 ae
2937 2049 3162 2094 servus
3213 2031 3365 2095 ado-

1791 2127 2004 2200 ptatur
2031 2120 2094 2183 in
2115 2119 2336 2198 filium,
2371 2121 2602 2186 desinit
2629 2141 2770 2184 esse
2799 2142 3043 2201 servus,
3069 2125 3218 2204 quia
3262 2126 3364 2188 in-

1792 2211 1940 2292 cipit
1968 2211 2204 2276 habere
2221 2213 2328 2292 jus
2369 2213 2452 2276 ad
2496 2214 2950 2291 haereditatem,
2978 2217 3150 2297 quod
3173 2235 3363 2298 repu-

1792 2312 1945 2388 gnat
1981 2307 2300 2386 servituti3
2337 2309 2452 2372 sed
2477 2309 2782 2388 Christus,
2811 2317 2882 2373 ut
2933 2311 3142 2387 homo,
3173 2313 3364 2377 habet

1792 2401 2204 2464 intrinsecum
2234 2409 2299 2465 et
2327 2403 2616 2466 naturale
2638 2405 2746 2484 jus
2795 2405 2882 2468 ad
2917 2403 3199 2468 divinam
3228 2407 3360 2470 11ae-

1790 2493 2159 2571 reditatem3
2189 2511 2343 2576 ergo
2371 2514 2500 2558 non
2525 2502 2732 2576 potest
2753 2504 2824 2560 ιιι
2843 2497 2934 2560 sie
2949 2517 3092 2560 esse
3117 2517 3356 2562 servus.

1792 2586 1974 2650 Unde
2001 2586 2191 2650 etiam
2218 2587 2402 2651 Joan.
2435 2589 2474 2652 8
2498 2589 2766 2652 dieitur:
2815 2589 3048 2656 Smne
3073 2609 3192 2654 non
3229 2609 3362 2656 ma·

1792 2685 1893 2744 not
1920 2681 1990 2744 in
2036 2681 2204 2744 domo
2229 2681 2299 2744 in
2329 2687 2642 2749 oeternum.
2685 2684 2812 2746 Sed
2834 2683 2918 2746 ad
2943 2684 3064 2746 boo
3084 2683 3360 2747 testimo·

1792 2773 1968 2836 nium
2019 2773 2152 2853 jam
2193 2791 2384 2856 supra
2413 2774 2686 2838 diximus
2719 2776 2804 2838 ibi
2834 2794 2975 2840 esse
3001 2794 3360 2840 sennonem

1790 2867 1873 2930 de
1902 2869 2199 2932 servitute
2251 2869 2511 2949 peceati.
2541 2869 2636 2932 Ad
2685 2876 3132 2951 argumentum
3181 2887 3356 2946 vero,

1792 2961 2066 3042 primum
2096 2961 2163 3024 in
2197 2977 2430 3042 genere
2460 2961 2581 3026 dici
2611 2970 2837 3043 potest,
2869 2963 3108 3026 habere
3139 2964 3248 3044 jus
3279 2961 3361 3026 ad

1788 3055 1960 3120 bona
2010 3055 2272 3134 domini,
2307 3074 2450 3136 quae
2509 3057 2634 3120 sint
2673 3057 2929 3120 omnino
2989 3057 3213 3120 eadem
3265 3058 3364 3119 vel

1790 3149 2056 3230 aequalia
2085 3167 2230 3212 oum
2257 3149 2358 3212 his
2385 3151 2614 3232 quihus
2637 3151 2932 3214 dominus
2957 3153 3208 3228 fruitur,
3233 3151 3359 3214 for-

1792 3252 1960 3307 tasse
1989 3262 2348 3324 repugnare
2376 3245 2658 3308 servituti
2685 3263 2705 3324 ;
2751 3247 2990 3309 habere
3017 3254 3230 3310 tamen
3251 3246 3360 3326 jus

1793 3339 1875 3400 ad
1900 3337 2244 3418 quamdam
2285 3338 2824 3420 participationem
2869 3339 3120 3402 illorum
3161 3341 3361 3403 bono·

1788 3449 1956 3504 rum,
1991 3449 2136 3493 cum
2165 3430 2440 3512 quadam
2479 3432 2991 3495 subordinatione
3034 3439 3096 3496 et
3125 3432 3361 3514 depen-

1792 3523 2006 3587 dentia
2036 3542 2074 3584 a
2098 3523 2378 3598 domino,
2408 3543 2538 3588 non
2557 3543 2918 3606 repugnare
2941 3526 3228 3590 servituti
3245 3545 3360 3588 na·

1796 3617 2002 3680 turali.
2046 3617 2178 3680 Hac
2233 3617 2400 3680 enim
2441 3619 2710 3694 ratione,
2745 3620 2906 3682 inter
2925 3620 3105 3696 alias,
3143 3637 3359 3700 quam·

1792 3711 1885 3774 vis
1913 3710 2194 3776 humana
2217 3713 2486 3775 servitus
2511 3731 2626 3793 per
2649 3713 3052 3792 adoptionem
3081 3712 3358 3788 tollatur,

1794 3805 2007 3868 divina
2037 3823 2188 3868 vero
2217 3823 2346 3867 non
2375 3805 2613 3868 tollitur
2631 3825 2747 3887 per
2779 3807 3056 3870 divinam
3077 3807 3361 3887 adoptio-

1792 3917 1968 3974 nem,
1995 3905 2068 3960 ut
2095 3916 2284 3978 supra
2310 3897 2440 3962 dixi
2469 3919 2488 3973 ς
2534 3899 2708 3978 quia,
2735 3901 3056 3976 nimirum,
3085 3899 3196 3963 filii
3246 3900 3357 3963 Dei

1794 3992 2094 4072 adoptivi,
2125 3993 2270 4054 licet
2301 3992 2605 4072 recipiant
2647 3994 2752 4074 J‘us
2799 3993 2880 4056 ad
2927 3993 3358 4057 haereditatem

1792 4085 1927 4162 Dei,
1961 4103 2090 4147 non
2129 4091 2344 4148 tamen
2378 4103 2524 4148 oum
2551 4086 2932 4166 aequalitate,
2959 4103 3167 4168 neque
3195 4088 3356 4152 utin

1792 4197 1869 4244 ea
1896 4179 2020 4241 sint
2043 4178 2382 4259 aliquando
2421 4181 2701 4260 supremi
2723 4179 2962 4244 domini
2992 4227 3015 4258 ,
3043 4181 3203 4245 sicut
3241 4199 3357 4245 suo

1792 4271 1982 4334 modo
2037 4270 2204 4334 filius
2257 4273 2588 4352 adoptivus
2641 4273 2912 4336 hominis
2961 4275 3208 4337 futurus
3249 4275 3359 4337 ali·

1790 4365 2047 4446 quando
2071 4371 2172 4428 est
2200 4365 2268 4428 in
2295 4367 2657 4432 haereditate
2687 4367 2904 4447 patris.
2943 4367 3220 4432 Christus
3248 4388 3357 4431 au·

1792 4465 1943 4534 tem,
1975 4459 2040 4520 in
2069 4467 2374 4540 quantum
2404 4461 2614 4535 homo,
2647 4461 2795 4526 licet
2820 4461 3052 4524 habeat
3070 4463 3176 4543 jus
3214 4481 3358 4528 eon-

1790 4553 2078 4616 naturale
2115 4553 2198 4616 ad
2243 4553 2696 4629 haereditatem,
2729 4573 2855 4617 non
2885 4561 3100 4619 tamen
3129 4575 3358 4620 seeun-

1790 4647 1945 4710 dum
1993 4647 2443 4728 aequalitatem,
2477 4649 2592 4712 sed
2633 4649 2978 4714 secundum
3027 4651 3360 4732 participa-

1787 4742 2028 4804 tionem
2059 4759 2202 4804 enm
2229 4740 2742 4806 subordinatione
2775 4750 2838 4807 et
2857 4743 3282 4824 dependentia
3320 4761 3356 4804 a

1790 4836 1972 4898 Patre
2003 4840 2067 4898 et
2111 4835 2390 4898 domino.
2437 4836 2748 4901 Addenda
2784 4837 3016 4900 deinde
3055 4839 3150 4899 est
3182 4835 3358 4900 diffe-

1790 4928 1990 4991 rentia
2015 4929 2182 4992 inter
2201 4928 2562 4991 servitutem
2587 4929 2932 4992 humanam
2964 4937 3027 4993 et
3053 4929 3353 5002 divinam

1788 5039 1937 5084 nam
1967 5029 2252 5102 respectu
2279 5022 2388 5084 Dei
2417 5024 2684 5085 servitus
2707 5040 2846 5101 quae
2874 5024 3132 5104 praecise
3160 5025 3358 5086 oritur

1792 5131 1870 5178 ex
1901 5121 2208 5196 potestate
2237 5132 2430 5194 quam
2458 5117 2627 5178 Deus
2645 5114 2840 5178 habet
2865 5117 2932 5177 in
2960 5134 3142 5180 suam
3181 5135 3356 5178 crea·-

1794 5215 2020 5282 turam‚
2047 5215 2142 5271 est
2169 5207 2502 5270 intrinseca
2531 5214 2598 5269 et
2619 5208 3041 5272 connaturalis
3069 5227 3086 5284 ;
3121 5225 3197 5270 ex
3229 5224 3355 5288 quo

1786 5300 1859 5364 fit
1884 5301 2192 5382 imprimis
2222 5307 2292 5363 ut
2331 5302 2608 5380 separari
2663 5319 2790 5364 non
2839 5302 3038 5380 possit
3063 5321 3080 5372 ;
3128 5300 3356 5364 deinde

1788 5397 1980 5460 etiam
2007 5394 2078 5457 fit
2103 5401 2174 5458 ut
2199 5393 2434 5456 nullam
2481 5393 2668 5457 vilem
2700 5395 3144 5469 conditionem,
3173 5401 3242 5456 ιιι
3269 5395 3358 5458 sio

1787 5489 2022 5566 diuam,
2053 5488 2114 5550 in
2149 5491 2434 5550 creatura
2463 5487 2764 5568 requirat,
2802 5493 3032 5568 praeter
3067 5487 3358 5552 intrinse-
