3892 6167
1315 348 1634 407 ntsrurafr.
1670 347 1842 411 ΧΧΧΙ.
1874 348 2047 403 SEGT.
2084 351 2164 403 Vl.

169 451 347 509 autem
367 441 572 523 quoad
618 442 872 513 modum
895 442 1218 524 loquendi,
1249 448 1388 526 quis
1411 455 1674 521 conten·

169 541 256 603 dat
275 536 796 603 denominationes
845 538 1050 601 vitalis
1081 546 1142 601 et
1189 540 1366 605 liberi
1411 543 1570 605 sumi
1597 560 1674 605 ex

169 631 490 694 habitudine
514 630 596 691 ad
609 632 952 711 potentiam
970 640 1270 712 tanquam
1289 653 1328 695 a
1349 636 1672 717 principali

169 726 333 785 forma
358 722 820 798 denominatam,
855 724 1036 787 facile
1065 727 1128 787 id
1153 735 1358 806 potest
1385 730 1670 805 concedi,

169 817 328 881 etiam
343 817 390 876 si
415 816 691 905 influxus
717 819 1004 897 potentiae
1049 820 1540 885 instrumentalis
1568 823 1670 896 sit,

165 913 218 975 in
237 910 452 973 ratione
483 911 748 973 actionis
778 930 890 975 seu
930 913 1112 975 activi
1140 915 1426 995 principii
1443 940 1462 993 ;
1525 935 1676 979 nam

163 1007 227 1067 ab
252 1006 650 1067 instrumento
677 1012 738 1067 et
759 1006 842 1067 ab
869 1008 1116 1071 actione
1145 1010 1284 1089 ejus
1324 1016 1532 1089 potest
1561 1012 1677 1073 ali-

165 1116 262 1179 qua
287 1098 706 1161 denominatio
731 1100 1156 1179 principaliter
1185 1105 1386 1182 sumi3
1417 1112 1490 1165 ut
1531 1124 1676 1185 pro-

166 1192 332 1255 ductio
361 1192 597 1271 gratim,
649 1200 962 1272 quatenus
989 1196 1154 1257 actio
1205 1199 1676 1261 sacramentalis

166 1285 580 1361 denominatur,
599 1287 1026 1367 principaliter
1052 1290 1275 1369 recipit
1291 1291 1456 1353 hanc
1481 1292 1677 1355 deno·

163 1380 523 1443 minationem
547 1380 1060 1463 exdependentia
1085 1401 1276 1464 quam
1305 1384 1498 1447 habet
1522 1404 1676 1449 asa-

163 1478 434 1537 eramento
457 1488 479 1551 ;
505 1478 572 1535 et
600 1475 860 1537 nutritio
885 1482 956 1537 ut
992 1476 1080 1539 sic
1126 1478 1436 1558 praecipue
1485 1479 1676 1541 deno·

163 1568 388 1627 minatur
407 1584 446 1625 a
467 1565 898 1645 dependentia
929 1587 1122 1649 quam
1153 1570 1342 1635 habet
1370 1590 1410 1633 a
1457 1578 1676 1653 poten·

161 1661 226 1723 tia
249 1658 540 1731 nutritiva,
585 1663 882 1739 quamvis
905 1663 1038 1725 haec
1088 1664 1293 1727 solum
1344 1671 1676 1729 concurrat

163 1762 216 1817 ut
237 1772 516 1832 organum
541 1762 608 1815 et
625 1755 1114 1821 instrumentum
1141 1759 1366 1821 animae
1396 1758 1480 1821 ad
1507 1760 1675 1821 illam

162 1848 420 1909 actionem
447 1866 464 1920 3
505 1848 602 1911 sic
631 1867 790 1927 ergo
828 1850 888 1911 in
919 1853 1236 1929 praesenti,
1269 1853 1556 1931 quamvis
1574 1872 1679 1915 ac-

163 1948 238 2003 tus
259 1942 444 2003 vitalis
469 1949 538 2003 ut
575 1943 678 2007 sic
705 1943 1286 2017 denominationem
1329 1946 1492 2009 hanc
1519 1946 1678 2009 reci·

159 2034 262 2115 piat
283 2035 354 2097 ab
376 2036 618 2099 influxu
647 2037 754 2101 vel
780 2038 1150 2102 habitudine
1193 2038 1275 2101 ad
1331 2042 1674 2119 potentiam

165 2130 358 2201 animis,
379 2128 584 2193 adhuc
609 2135 905 2211 superest
955 2132 1240 2211 queastio,
1277 2150 1358 2195 an
1397 2134 1674 2197 influxus

163 2220 240 2281 ille
273 2240 393 2283 esse
423 2222 662 2287 debeat
695 2243 898 2287 causae
937 2226 1316 2307 principalis,
1367 2228 1465 2289 vel
1501 2228 1674 2291 suffi-

159 2314 254 2375 ciat
273 2316 658 2382 instrumenti
687 2318 1160 2399 proportionati.

217 2410 298 2468 94.
341 2407 574 2483 Quarta
615 2412 826 2491 opinio
854 2412 1265 2489 insufficiens.
1289 2447 1372 2463 -—
1397 2415 1520 2479 Alii
1549 2414 1675 2477 dis-

163 2502 400 2581 tinguunt
423 2502 634 2579 aliter,
659 2504 812 2585 quia
839 2504 939 2567 vel
965 2512 1144 2567 actus
1179 2508 1674 2589 supernaturalis

167 2593 262 2657 fita
285 2596 402 2657 sola
427 2599 718 2677 potentia
749 2617 894 2663 cum
931 2600 1164 2663 auxilio
1205 2603 1577 2677 extrinsece,
1611 2608 1674 2665 et

169 2694 278 2751 tnnc
310 2690 370 2752 fit
415 2711 456 2755 a
511 2694 804 2773 potentia
845 2700 916 2757 ut
961 2694 1411 2771 instrument03
1445 2697 1676 2759 sivero

161 2782 244 2843 fiat
265 2802 296 2845 a
317 2787 588 2863 potentia
615 2786 960 2849 informata
985 2788 1202 2851 habitu
1229 2796 1676 2871 supernatura-

159 2874 208 2947 li,
231 2875 290 2936 fit
319 2878 392 2942 ab
418 2896 490 2941 ea
526 2883 600 2942 ut
639 2898 684 2941 a
733 2898 926 2943 causa
980 2882 1328 2963 principali.
1363 2883 1486 2945 Sed
1541 2885 1676 2945 hoec

162 2970 310 3029 etiam
333 2970 648 3037 distinctio
701 2990 830 3035 non
879 2974 1146 3055 explicat
1191 2994 1351 3049 rem,
1392 2978 1676 3056 quamvis

159 3062 372 3127 tortasse
404 3066 466 3127 in
493 3067 694 3129 modo
717 3066 1020 3147 loquendi
1039 3070 1236 3151 possit
1253 3068 1464 3147 aliquo
1487 3070 1676 3131 modo

161 3156 375 3219 admitti.
391 3159 566 3231 Quod
589 3162 686 3223 ita
697 3160 1124 3235 declar0,nam
1155 3162 1458 3243 imprimis
1473 3163 1538 3225 in
1557 3166 1676 3225 hac

158 3249 504 3315 distinctione
521 3262 750 3317 manet
767 3254 894 3316 inte
902 3274 1012 3335 ¹,gra
1035 3256 1140 3317 illa
1159 3256 1676 3337 difficultaS,quo-

157 3343 306 3404 modo
337 3345 836 3409 instrumentalis
859 3348 1022 3409 actio
1053 3348 1324 3411 sufficiat
1347 3352 1430 3409 ad
1463 3358 1672 3413 actum

159 3436 365 3499 vitalem
396 3447 454 3503 et
483 3438 786 3501 liberum.
817 3440 1060 3503 Deinde
1101 3443 1292 3503 etiam
1333 3450 1548 3504 manet
1576 3444 1673 3503 in-

156 3534 298 3609 tegra
314 3532 670 3611 difficultas,
701 3533 1016 3613 quomodo
1041 3536 1344 3617 potentia,
1369 3536 1560 3597 ctiam
1575 3537 1673 3599 in·

159 3620 376 3689 formata
401 3627 654 3705 babitu,
673 3628 870 3713 possit
897 3628 1162 3691 influere
1188 3636 1258 3691 ut
1283 3648 1472 3691 causa
1503 3631 1672 3709 prin-

168 3714 356 3793 cipalis;
383 3722 671 3783 rationes
695 3721 886 3795 enim,
919 3739 1057 3802 qnae
1080 3724 1428 3802 procedunt
1458 3723 1535 3786 de
1563 3742 1673 3805 po-

171 3810 315 3871 tentia
332 3812 458 3875 sine
481 3814 734 3885 habitu,
763 3815 988 3878 eodem
1011 3816 1196 3877 modo
1221 3822 1446 3899 urgent
1465 3817 1528 3877 in
1559 3836 1668 3895 po·

167 3904 310 3964 tentia
333 3908 548 3969 affecta
573 3907 818 3970 habitu.
849 3908 1175 3984 Probatur,
1204 3910 1374 3988 quia,
1411 3909 1668 3989 quando

157 4000 386 4073 potentia
405 4001 603 4065 habet
625 4000 934 4077 habitum,
967 4020 1092 4063 non
1115 4020 1228 4083 per
1257 4003 1460 4065 solum
1489 4002 1670 4063 illum

162 4088 330 4167 efficit,
348 4094 454 4157 sed
481 4095 680 4159 etiam
709 4092 822 4175 p'er
859 4112 1044 4155 suam
1093 4096 1440 4165 entitatem,
1469 4101 1532 4157 et
1558 4114 1671 4175 per

159 4178 294 4243 illam
317 4188 694 4251 nativitatem
746 4186 1086 4249 radicalem
1127 4204 1314 4265 quam
1361 4187 1671 4249 habetin-

155 4282 330 4337 natam
353 4287 494 4343 ante
529 4280 844 4355 habitum,
877 4286 939 4343 ct
965 4280 1046 4341 ab
1089 4280 1194 4341 illa
1237 4280 1429 4341 habet
1465 4286 1664 4357 actae,

155 4370 292 4445 quod
311 4372 642 4449 sitvitalis;
675 4391 826 4453 ergo
865 4376 1052 4435 etiam
1097 4379 1244 4437 tunc
1276 4374 1532 4435 adhibet
1559 4392 1668 4453 po·

159 4464 312 4524 tentia
323 4469 643 4547 proprium
665 4469 972 4529 influxum
999 4486 1113 4549 per
1141 4468 1430 4531 eamdem
1459 4468 1671 4530 activi·

157 4556 314 4619 tatem
360 4560 866 4637 obedientialem‚
893 4580 1010 4641 per
1041 4579 1234 4641 quam
1275 4561 1451 4622 illum
1495 4558 1669 4621 adhi-

153 4644 256 4721 bet·
281 4654 524 4731 quando
555 4661 854 4734 operatur
897 4656 1034 4719 sine
1081 4655 1332 4731 habitu3
1378 4672 1528 4734 crgo
1561 4671 1669 4715 co-

153 4736 272 4803 dem
328 4747 510 4809 modo
560 4757 860 4829 operatur
910 4755 976 4811 ut
1034 4750 1544 4811 instrumentum.
1595 4748 1671 4809 Et

158 4834 522 4901 confirmatur
549 4858 624 4903 ac
662 4842 1004 4923 explicatur
1042 4842 1344 4923 amplius:
1395 4859 1566 4915 nam,
1599 4838 1668 4901 li·

159 4933 236 4987 cet
257 4928 516 5006 habitus,
542 4942 846 5017 quantum
877 4937 960 4998 ad
987 4936 1054 4999 id
1087 4935 1257 5017 quod
1286 4935 1550 5009 confert,
1591 4933 1669 4995 sit

159 5034 312 5083 causa
356 5027 734 5111 principalis,
763 5036 975 5092 tamen
1013 5049 1142 5091 non
1183 5028 1426 5111 confert
1471 5030 1668 5091 totam

160 5112 260 5175 vim
296 5121 544 5199 agendi,
571 5124 686 5185 sed
718 5126 1014 5205 supponit
1049 5125 1404 5187 inchoatam
1451 5127 1512 5183 et
1552 5121 1669 5182 im-

163 5208 484 5289 perfectam,
511 5235 584 5279 ac
605 5219 879 5299 complet
927 5225 988 5281 et
1032 5218 1238 5281 elevat
1266 5217 1475 5291 illam;
1511 5233 1664 5295 ergo

165 5314 374 5380 semper
395 5306 499 5369 illa
529 5310 744 5385 virtue,
779 5328 920 5391 quae
959 5330 1026 5375 se
1053 5317 1228 5373 tenet
1256 5329 1330 5373 ex
1359 5316 1534 5391 parte
1561 5327 1668 5389 po-

166 5394 362 5474 tentiis,
391 5407 484 5463 est
513 5404 794 5481 ejusdem
844 5404 1080 5470 ordinis
1115 5412 1176 5467 et
1205 5402 1486 5475 rationiS‚
1520 5401 1666 5481 quia

167 5485 330 5551 virtus
355 5497 748 5573 superaddita
775 5517 902 5561 non
933 5502 1134 5561 mutat
1160 5498 1332 5559 illam
1371 5496 1665 5559 intrinse-

448 5614 614 5665 nm.

1755 466 1851 522 ce,
1895 447 2009 509 sed
2042 453 2286 511 tantum
2316 464 2433 527 per
2457 446 2849 511 additionem
2886 448 3192 527 compton
3229 472 3323 513 cr-

1755 558 1858 619 g0,
1891 541 1940 601 si
1980 548 2171 603 antea
2218 546 2353 603 erat
2385 541 2575 601 virtus
2608 540 3121 615 instrumentaliS,
3151 561 3321 603 sem-

1753 651 1870 713 per
1903 638 2121 695 manet
2154 634 2441 711 ejusdem
2494 634 2777 697 rationis.
2834 633 2981 705 Quae
3032 636 3187 696 ratio
3218 640 3319 713 (ut

1755 727 1912 790 mihi
1943 728 2199 807 quidem
2228 727 2499 807 videtur)
2528 728 2917 791 demonstrat
2946 730 3315 807 potentiam,

1757 828 2063 902 quantum
2102 821 2182 884 ad
2236 822 2299 884 id
2350 824 2521 900 quod
2572 822 2649 885 de
2680 840 2749 884 se
2779 821 3055 893 adhibet,
3090 823 3317 885 codem

1755 914 1944 977 modo
1976 933 2226 995 semper
2254 914 2541 987 influere,
2574 915 2743 995 quod
2790 915 2865 975 ad
2922 934 3057 975 rem
3116 915 3316 994 ipsam

1753 1012 2027 1089 spectat;
2062 1009 2389 1069 nihilomin
2400 1028 2471 1069 us
2490 1015 2705 1072 tamen
2726 1008 2937 1087 quoad
2956 1009 3293 1071 denomina
3308 1042 3321 1055 ·

1759 1102 2018 1174 tionem,
2058 1107 2123 1161 et
2170 1102 2427 1163 modum
2472 1100 2795 1179 loquendi,
2822 1100 3076 1181 quando
3130 1100 3319 1163 infor·

1755 1201 1964 1257 matur
1990 1194 2231 1269 habitu,
2264 1194 2607 1275 potest-dici
2638 1194 2887 1273 speciali
2914 1193 3097 1255 titulo
3126 1212 3317 1257 causa

1757 1287 2141 1368 principalis,
2168 1287 2269 1349 vel
2298 1287 2791 1363 denominative,
2819 1294 2881 1351 et
2906 1288 3087 1366 quasi
3114 1293 3283 1350 mate

1757 1379 2014 1453 rialiter,
2040 1381 2191 1459 quia
2222 1387 2531 1443 sustentat
2560 1380 2865 1455 habitum,
2898 1382 3003 1458 qui
3038 1386 3131 1441 cst
3170 1398 3315 1441 cau-

1757 1490 1826 1535 sa
1855 1472 2243 1551 principaliS,
2278 1474 2379 1533 vel
2429 1474 2579 1551 quia
2624 1474 2870 1535 ratione
2928 1472 3173 1535 habitus
3224 1473 3320 1535 in-

1755 1565 2057 1627 hoerentis
2078 1564 2329 1627 debitus
2356 1572 2451 1627 est
2494 1565 2600 1627 tali
2630 1564 2923 1647 potentias
2948 1570 3320 1645 supernatu-

1757 1659 1906 1721 ralis
1927 1677 2271 1721 concursus
2298 1676 2423 1741 quo
2454 1660 2647 1738 possit
2673 1678 2787 1739 per
2814 1659 3003 1721 talem
3033 1659 3319 1721 habitum

1759 1754 2030 1834 operari,
2064 1758 2127 1816 et
2156 1752 2277 1815 hoc
2306 1753 2493 1813 modo
2538 1752 2765 1815 dicitur
2792 1752 3069 1831 potentia
3100 1752 3320 1813 intrin-

1759 1866 1904 1911 sece
1933 1846 2163 1909 elevari
2212 1864 2327 1925 per
2376 1846 2679 1920 habitum,
2721 1846 2871 1926 quia
2918 1845 3215 1926 nimirum
3244 1863 3321 1907 ex

1758 1947 2029 2019 utroque
2056 1939 2453 2019 componitur
2477 1938 2795 2019 quoddam
2817 1938 3132 2017 integrum
3156 1938 3321 2015 prin·

1757 2032 2015 2113 cipinm,
2045 2032 2145 2096 cui
2194 2032 2559 2111 simpliciter
2605 2030 3011 2094 connaturale
3060 2037 3177 2105 est,
3218 2030 3323 2091 tali

1755 2126 1969 2199 mode,
1989 2132 2052 2187 et
2080 2144 2221 2187 cum
2252 2126 2358 2189 tali
2390 2144 2699 2187 concursu
2728 2124 2997 2205 operari,
3030 2122 3319 2203 quamvis

1753 2222 1876 2284 hoc
1909 2221 2115 2283 solum
2144 2220 2389 2282 ratione
2424 2220 2657 2281 ultimae
2708 2224 2773 2279 et
2826 2214 3321 2299 supernaturalis

1753 2316 1973 2379 formoe
2000 2316 2091 2377 illi
2122 2314 2473 2389 conveniat,
2506 2312 2823 2393 quomodo
2854 2313 2974 2375 dici
3004 2312 3183 2385 solet,
3220 2310 3323 2373 in-

1755 2410 2036 2491 tellectui
2066 2409 2399 2472 informato
2426 2407 2664 2469 lumine
2698 2405 2909 2487 gloriae
2936 2411 3323 2467 connatura-

1753 2504 1876 2569 lem
1907 2523 2047 2567 esse
2073 2503 2375 2567 visionem
2404 2502 2675 2563 beatam.
2712 2500 2835 2563 Sed
2885 2500 3025 2571 hoc,
3060 2503 3127 2557 ut
3156 2496 3310 2570 dixi,

1755 2598 1838 2661 nd
1893 2598 2153 2659 modum
2197 2595 2499 2677 loquendi
2544 2600 2817 2673 spectat3
2848 2591 3179 2653 difficultas
3208 2610 3321 2652 au-

1755 2700 1908 2763 tem,
1943 2709 2083 2771 quae
2104 2690 2173 2751 in
2202 2708 2271 2751 re
2300 2690 2439 2769 ipsa
2468 2694 2775 2758 versatur,
2802 2686 3007 2747 adhuc
3030 2690 3319 2765 superest

1759 2787 2153 2867 explicanda.

1837 2885 1938 2947 95.
1982 2881 2269 2955 Quintam
2304 2877 2635 2957 opinionem
2664 2876 3073 2957 repuynantia
3104 2873 3317 2951 dicore,

1759 2973 2460 3040 ostenditur.—Dicunt
2491 2989 2640 3051 ergo
2680 2970 2783 3031 alii
2808 2987 2935 3031 non
2964 2986 3319 3049 repugnare

1757 3068 1864 3131 illa
1900 3067 2052 3143 due,
2112 3066 2371 3137 scilicet,
2408 3064 2581 3145 quod
2629 3064 2724 3123 hae
2772 3063 3067 3143 potentiis
3126 3066 3319 3139 agant

1758 3168 1999 3224 tantum
2030 3160 2253 3221 virtute
2294 3156 2720 3231 obedientiali,
2753 3162 2815 3218 et
2868 3154 3035 3235 quod
3094 3152 3315 3213 nihilo-

1755 3255 1964 3317 minus
1994 3260 2183 3332 agant
2206 3258 2273 3314 ut
2298 3250 2665 3331 principalia
2692 3248 3017 3330 principia.
3051 3246 3225 3321 Quod
3263 3244 3315 3309 si

1755 3348 2035 3426 objiciaS,
2068 3348 2213 3407 hinc
2244 3344 2423 3421 sequi
2454 3350 2712 3405 caeteras
2748 3349 3088 3413 creaturas,
3120 3360 3319 3421 quan-

1753 3442 1835 3502 do
1865 3442 2191 3501 elevantur
2208 3438 2287 3499 ad
2310 3436 2627 3517 agendum
2662 3454 2778 3515 per
2806 3435 3151 3515 potentiam
3176 3433 3323 3495 obc-

1754 3533 2139 3603 dientialem‚
2170 3549 2362 3609 agere
2418 3531 2607 3591 etiam
2640 3534 2706 3589 ut
2748 3527 3118 3609 principalia
3150 3526 3320 3606 priu-

1755 3628 1938 3709 cipia,
1977 3624 2357 3705 respondent
2414 3622 2712 3701 negando
2768 3622 3314 3699 consequentium,

1753 3722 1900 3801 quia
1919 3720 2215 3799 potentiae
2248 3717 2469 3779 vitales
2499 3716 2823 3777 elevantur
2856 3713 2937 3775 ad
2993 3712 3312 3793 agendum

1751 3816 1914 3878 intra
1941 3814 2107 3875 idem
2140 3830 2341 3891 genus
2369 3809 2540 3890 quod
2569 3810 2877 3887 attingere
2906 3814 3169 3886 possunt
3206 3824 3314 3865 na-

1753 3909 1939 3973 turali
1963 3908 2212 3981 virtute,
2236 3905 2523 3985 quamvis
2546 3902 2869 3965 eleventur
2891 3900 2969 3963 ad
2995 3900 3311 3979 agendum

1752 4005 1812 4065 in
1847 4004 2053 4065 altiori
2107 4001 2315 4081 specie
2346 4017 2537 4079 quam
2568 3998 2811 4078 possint
2849 3994 3097 4057 efficere
3128 4001 3312 4056 natu-

1749 4098 1868 4159 rali
1885 4098 2135 4169 virtute3
2155 4094 2507 4156 intellectus
2526 4090 2691 4153 enim
2718 4088 3084 4150 naturaliter
3109 4092 3319 4167 potest

1751 4190 1999 4251 efficere
2019 4187 2510 4249 intellectionem
2524 4200 2637 4245 seu
2652 4180 3199 4261 cognitionem‚ele
3210 4198 3309 4239 va-

1751 4287 2079 4344 turautem
2117 4280 2199 4341 ad
2228 4277 2596 4340 eliciendam
2627 4273 3055 4355 cognitionem
3095 4291 3312 4351 super-

1747 4373 2136 4450 naturalem3
2172 4378 2233 4433 et
2275 4372 2419 4433 ideo
2456 4386 2707 4448 semper
2750 4368 2977 4429 retinet
3013 4364 3305 4427 eumdem

1751 4469 2006 4529 modum
2022 4466 2252 4547 agendi
2268 4481 2476 4529 causac
2504 4458 3060 4542 principalis,quod
3078 4460 3307 4519 nonita

1749 4561 1975 4626 accidit
2002 4561 2062 4621 in
2090 4559 2225 4621 aliis
2252 4559 2467 4629 rebus,
2486 4574 2625 4635 quae
2647 4554 2727 4615 ad
2748 4552 3309 4635 supernaturaliter

1749 4654 2069 4737 agendum
2106 4654 2453 4725 elevantur.
2494 4648 2621 4711 Scd
2670 4654 2911 4721 contra,
2959 4646 3128 4725 quia,
3170 4646 3315 4707 licet

1749 4767 1879 4811 non
1908 4748 1973 4809 in
2002 4746 2294 4813 omnibus
2321 4745 2459 4805 aliis
2486 4742 2677 4803 rebus
2720 4759 2855 4819 seu,
2878 4738 3310 4801 instrumentis

1749 4842 2106 4903 inanimatis
2144 4844 2427 4901 servetur
2453 4837 2559 4897 illa
2609 4832 2927 4915 proportio
2955 4878 2975 4907 ,
3002 4839 3213 4893 tamen
3243 4832 3304 4891 in

1749 4934 1964 4997 multis
1992 4933 2236 4995 videtur
2288 4929 2584 5010 reperiri;
2621 4944 2787 5008 aqua
2819 4923 2989 4989 enim
3024 4925 3306 4987 elevatur

1749 5028 1832 5089 ad
1861 5026 2338 5108 producendam
2368 5023 2654 5104 gratiam,
2698 5039 2835 5099 quoe
2864 5018 3220 5103 continetur
3242 5019 3305 5079 iu

1749 5139 1981 5203 genere
2024 5119 2339 5199 qualitatis
2386 5115 2485 5179 vel
2530 5111 2975 5195 dispositionis»,
3025 5113 3142 5175 sub
3180 5130 3305 5191 quo

1748 5233 1983 5294 genere
2016 5218 2223 5293 potest
2260 5228 2424 5291 aqua
2467 5207 2703 5287 aliquid
2754 5204 3100 5287 producere
3130 5211 3309 5265 natu-

1747 5294 2205 5376 raliter,'verbi
2267 5304 2495 5385 gratia,
2544 5298 2980 5381 frigiditatem3
3027 5297 3311 5357 elevatur

1749 5419 1900 5483 ergo
1917 5400 2141 5463 eodem
2161 5398 2347 5461 modo
2364 5417 2477 5459 seu
2494 5394 2921 5477 proportione,
2946 5389 3201 5461 scilicet,
3233 5388 3313 5449 ad

1749 5495 2091 5577 quamdam
2137 5494 2414 5557 altiorem
2456 5491 2731 5573 speciem
2762 5486 2879 5549 sub
2932 5485 3037 5545 illo
3074 5500 3306 5565 genere
