3892 6167
626 338 743 398 596

1854 332 2089 397 QUAEST.
2125 336 2230 387 XV.
2263 336 2462 390 Amic.
2503 340 2586 391 ut.

621 440 817 504 nnlla‘
849 440 928 503 de
976 438 1147 501 cultu
1202 436 1341 499 aliis
1388 436 1583 517 signis
1634 440 1698 497 et
1737 435 1928 496 rebus
1987 435 2181 497 sacris
2263 437 3712 525 erroriiconomachorumadhaesit.Antequosom.

624 534 857 597 debito.

1264 704 1485 761 sueno
1518 705 1555 757 1.

672 834 861 892 Utrum
902 836 1072 891 liceat
1118 841 1170 889 et
1212 830 1471 905 expediat
1516 828 1810 899 Ecclesiae,
1850 826 2056 885 Christi
2094 832 2148 883 et

840 918 1165 975 Sanctorum
1189 916 1475 973 hominum
1498 912 1831 985 imayinibus
1851 914 1953 969 uti.

622 1146 627 1153 .
708 1100 763 1160 1.
811 1098 1149 1161 Iconomac.
1196 1092 1567 1159 haeresis.-
1594 1093 1827 1155 Omnes
1877 1089 2009 1152 fere
2039 1090 2174 1152 infl-

621 1194 814 1264 deles‚
838 1190 1059 1257 Christi
1110 1188 1451 1251 Ecclesiam
1482 1184 1840 1247 calumniati
1892 1190 2062 1260 sunt,
2097 1199 2172 1245 eo

618 1286 789 1369 quod
814 1286 1145 1346 hominum
1172 1281 1556 1360 imaginibus
1580 1285 1817 1352 utatur,
1836 1284 1895 1337 et
1914 1294 2172 1356 praeser-

615 1380 728 1443 tim
754 1378 923 1458 quod
966 1376 1044 1437 ad
1073 1382 1366 1437 ornatum
1402 1372 1779 1452 templorum
1830 1370 1930 1431 vel
1959 1386 2173 1431 rerum

616 1490 961 1545 sacrarum,
998 1475 1065 1531 ut
1089 1468 1376 1541 vestium,
1406 1482 1723 1536 vasorum,
1760 1470 1824 1525 et
1850 1462 2170 1536 similium,

616 1584 724 1629 eas
752 1564 888 1627 fieri
918 1582 1031 1625 seu
1060 1561 1312 1641 depingi
1334 1558 1671 1638 permittat.
1716 1558 1861 1618 Haec
1885 1556 1998 1617 snit
2021 1572 2172 1617 con-

616 1658 882 1721 suetudo
909 1674 1037 1717 non
1068 1661 1311 1717 tantum
1342 1652 1801 1725 haereticorum,
1833 1650 1947 1711 sed
1973 1650 2165 1711 etiam

613 1754 1022 1816 Hebraeorum
1052 1756 1115 1811 et
1138 1750 1617 1822 Saracenorum,
1648 1752 1715 1807 ut
1744 1745 2056 1825 colligitur
2087 1762 2166 1804 ex

614 1845 853 1920 multi5‚
889 1860 1029 1923 quae
1066 1843 1128 1903 in
1153 1842 1261 1902 vn
1290 1840 1554 1919 Synod.,
1595 1844 1715 1899 act.
1748 1840 1787 1899 4
1816 1844 1880 1899 et
1918 1840 1980 1908 5,
2011 1836 2175 1899 rese-

613 1945 844 2000 runtur
870 1955 885 2009 ;
914 1934 1305 2014 Nicephorus
1338 1945 1572 2004 tamen,
1600 1931 1641 1992 1.
1674 1932 1751 1993 16
1778 1932 1962 2003 nist„
1983 1948 2038 1991 c.
2066 1932 2167 2000 27,

613 2030 953 2112 quemdam
982 2027 1366 2100 haereticum,
1398 2030 1690 2086 vocatum
1718 2022 2048 2097 Renaiam,
2080 2020 2174 2083 di·

612 2126 697 2189 cit
722 2125 915 2186 fuisse
950 2122 1248 2202 primum,
1276 2120 1382 2199 qui
1416 2136 1638 2180 vocem
1666 2118 1839 2179 illam
1868 2115 2169 2190 evomuit,

610 2218 853 2289 Christi,
886 2223 948 2277 et
982 2232 1201 2277 eorum
1253 2213 1359 2293 qui
1381 2211 1467 2272 illi
1512 2212 1832 2291 placuere,
1861 2208 2172 2288 imagines

609 2310 1005 2374 venerandas
1024 2326 1153 2369 non
1179 2324 1342 2369 esse.
1374 2309 1464 2369 Ex
1506 2304 2020 2385 imperatoribuS,
2047 2302 2174 2380 pri-

608 2423 751 2467 mus
808 2402 1089 2465 omnium
1143 2399 1523 2480 Philippicas
1556 2398 1863 2477 imagines
1910 2398 2170 2459 Sancto-

611 2516 752 2560 rum
784 2516 819 2560 e
861 2494 1207 2576 parietibus
1264 2499 1497 2555 sanctae
1526 2492 1773 2572 Sophiae
1810 2490 2170 2571 ignominiae

612 2610 803 2653 causa
848 2587 1066 2651 abradi
1106 2586 1333 2667 jussit,
1395 2586 1495 2648 cui
1548 2584 1992 2649 Constantinus
2043 2602 2172 2647 res·

612 2684 733 2746 titit
760 2686 850 2761 (ut
875 2682 1115 2744 platina
1158 2678 1395 2760 refert);
1430 2679 1543 2741 sed
1576 2679 1679 2741 ille
1704 2698 1835 2741 non
1887 2686 2011 2741 tam
2071 2696 2170 2739 er-

603 2776 841 2838 ravitin
865 2775 1144 2837 doctrina
1165 2773 1245 2836 de
1269 2772 1675 2852 imaginibus,
1698 2788 1888 2851 quam
1930 2771 1998 2833 in
2031 2769 2167 2831 aliis

605 2868 1004 2949 dogmatibus
1024 2866 1202 2938 fidei:
1230 2884 1347 2928 nec
1364 2875 1493 2927 tam
1526 2883 1601 2929 ex
1622 2884 1835 2927 errore
1870 2884 2064 2944 quam
2089 2884 2166 2927 ex

607 2962 775 3034 odio,
804 2962 1113 3037 imagines
1142 2978 1269 3021 non
1314 2961 1595 3021 omnium
1624 2960 2018 3037 Sanctorum,
2049 2959 2162 3022 sed

606 3056 857 3116 illorum
912 3054 1160 3115 Patrum
1205 3055 1312 3133 qui
1348 3056 1537 3115 sextae
1570 3052 1825 3131 Synodo
1866 3053 2164 3115 interfue-

605 3154 792 3222 rant,
831 3147 1078 3209 delevit.
1132 3147 1403 3227 Legatur
1446 3146 1617 3209 Paul.
1666 3146 1970 3207 diaconus
1997 3191 2013 3218 ,
2049 3146 2158 3207 lib.

608 3244 709 3313 18,
736 3242 801 3302 in
831 3238 1025 3301 addit.
1064 3240 1367 3319 Eutropii,
1418 3246 1478 3301 et
1518 3240 1625 3300 lib.
1670 3240 1857 3301 etiam
1884 3241 1988 3300 21.
2019 3239 2161 3301 Jam

606 3352 756 3394 vero
782 3334 905 3395 Leo
936 3332 1037 3407 111,
1068 3331 1270 3393 dictus
1301 3334 1573 3405 Isauras,
1598 3350 1635 3391 a
1661 3331 2040 3409 quibusdam
2055 3333 2088 3393 J
2097 3350 2168 3391 u-

608 3425 761 3487 daeis
791 3425 1115 3505 deceptus,
1163 3442 1438 3487 errorem
1468 3425 2022 3487 vehementissime
2057 3444 2167 3485 au-

607 3522 718 3593 xit,
744 3536 892 3579 nam
924 3526 987 3579 et
1010 3518 1316 3596 imagines
1342 3536 1377 3579 e
1398 3518 1647 3597 templis
1665 3518 1897 3597 deponi
1925 3525 2037 3579 aut
2057 3518 2168 3579 de·

606 3612 722 3674 leri
751 3612 1072 3693 praecepit,
1106 3618 1169 3671 et
1203 3610 1331 3689 igni
1362 3610 1545 3685 tradi,
1570 3616 1635 3671 et
1684 3609 1927 3687 fideleS,
1969 3610 2076 3689 qui
2111 3610 2165 3671 ei

608 3705 1037 3767 contradicere
1052 3704 1187 3765 ausi
1214 3710 1384 3788 sunt,
1420 3704 1752 3779 interfecit,
1792 3710 1862 3765 ut
1888 3703 2171 3765 referunt

610 3796 839 3860 Paulus
863 3798 1187 3870 diaconuS,
1222 3802 1283 3857 et
1324 3796 1599 3857 Zonaras
1621 3797 1687 3856 in
1702 3797 1827 3857 vita
1856 3796 2072 3875 ipsiuS‚
2107 3800 2171 3857 et

610 3891 932 3955 Cedrenus
975 3891 1043 3951 in
1089 3888 1462 3967 compendio
1494 3888 1787 3958 historiae,
1814 3894 1875 3949 et
1926 3887 2168 3949 Sande-

608 4004 740 4057 ruS,
798 3986 834 4046 7
880 3984 923 4046 1.
958 3983 1037 4046 de
1090 3981 1279 4044 Visib.
1328 3982 1569 4045 Monar.
1594 4028 1609 4055 ‚
1640 3982 1868 4043 haercsi
1902 3984 2023 4045 130
2044 3996 2064 4058 3
2104 3986 2169 4042 et

609 4079 795 4153 Plau,
826 4078 890 4138 in
918 4077 1175 4156 Gregor.
1208 4076 1282 4149 II,
1316 4075 1509 4137 refert
1545 4075 1717 4135 illum
1764 4075 1960 4137 Leoni
1987 4075 2168 4137 resti-

608 4172 785 4243 tisse,
832 4175 895 4232 et
928 4170 1112 4247 Greg.
1141 4169 1217 4228 ΠΙ
1258 4167 1435 4229 illum
1463 4168 2066 4241 excommunicasse,
2107 4174 2167 4229 et

610 4262 874 4343 imperio
901 4262 1177 4341 privasse
1210 4280 1225 4334 3
1258 4267 1319 4321 et
1352 4260 1515 4320 hanc
1548 4259 1739 4320 fuisse
1770 4261 2039 4338 primam
2066 4280 2169 4322 oc·-

613 4356 929 4419 casioncm
964 4360 1218 4433 propter
1248 4369 1437 4430 quam
1471 4372 1507 4412 a
1526 4352 1755 4413 Groecis
1776 4353 2168 4433 imperatori-

610 4448 730 4509 bus
760 4448 976 4508 Latina
1011 4444 1287 4507 Ecclesia
1318 4445 1565 4505 defecit.
1595 4446 1663 4505 ln
1700 4444 1926 4507 eodem
1955 4464 2167 4508 errore

610 4539 880 4621 perstitit
914 4538 1351 4602 Constantinus
1382 4536 1459 4611 V,
1491 4538 1692 4597 dictus
1711 4538 2162 4619 copronymus,

609 4634 833 4695 Leonis
876 4630 1062 4704 filius,
1095 4631 1199 4710 qui
1241 4632 1429 4692 etiam
1460 4632 1865 4693 Nestorianus
1918 4632 2062 4705 fuit,
2099 4638 2166 4694 ut

608 4744 683 4789 ex
712 4726 947 4789 eisdem
964 4724 1237 4786 historiis
1257 4731 1520 4799 constat,
1548 4725 1657 4804 qui
1679 4726 2162 4787 conciliabulum

604 4818 1357 4899 Constantinopolitanum
1417 4822 1635 4880 contra
1672 4818 1982 4898 imagines
2014 4839 2163 4883 con·

606 4912 908 4992 gregavit.
951 4910 1227 4974 Retinuit
1273 4915 1494 4990 postea
1544 4910 1838 4973 eumdem
1883 4930 2162 4975 errorem

602 5004 727 5065 Leo
756 5005 1004 5084 1v‚quo
1034 5011 1305 5076 mortuo,
1324 5004 1529 5073 Irene,
1553 5022 1713 5064 uxor
1742 5005 1974 5083 ejus,et
2007 5007 2162 5068 Con·

600 5097 913 5157 stantinns
932 5097 1035 5170 VI,
1054 5098 1191 5175 ejus
1208 5096 1397 5170 filius,
1418 5094 1801 5157 Catholicam
1821 5098 2158 5161 Ecclesiam

2263 548 2378 591 nes
2439 532 2855 610 imperatores
2907 532 3192 597 Julianus
3236 536 3510 613 Apostata
3557 542 3712 623 ixaagi.

2261 641 2406 686 nem
2475 626 2696 687 Christi
2739 626 3068 702 confregit,
3107 633 3171 688 et
3219 627 3568 707 Christianis,
3597 646 3710 717 quod

2261 716 2569 794 imagines
2603 725 2673 780 ut
2713 719 2876 781 idola
2901 719 3261 793 adorarent,
3293 722 3524 801 obiecit,
3547 736 3604 791 ut
3635 732 3710 795 cv.

2261 808 2360 871 ra.
2416 810 2848 888 Alexandria„
2893 812 3001 874 nh.
3043 814 3084 875 c
3123 820 3338 877 contra
3385 816 3538 883 inum
3562 866 3576 893 ,
3601 844 3708 891 cum

2259 902 2460 978 med„
2493 912 2555 966 et
2595 902 2948 980 Sozomen„
2985 906 3096 969 lib.
3128 910 3166 969 5
3207 908 3453 983 Histor„
3487 930 3601 993 cap.
3643 924 3711 993 20,

2261 1000 2589 1058 testantur.
2637 999 2860 1059 Postea
2887 1016 3036 1061 vero
3065 998 3232 1061 hunc
3253 1018 3512 1067 errorem
3533 1020 3712 1073 secutus

2255 1095 2352 1149 est
2394 1088 2589 1163 Felix,
2624 1097 2695 1151 ut
2731 1090 2917 1153 docet
2949 1092 3290 1155 Concilium
3319 1096 3710 1175 Senonen.,De-

2255 1188 2408 1242 eret.
2435 1181 2607 1257 fidei,
2645 1201 2784 1263 cap.
2821 1186 2916 1257 Μ,
2953 1191 3018 1246 et
3071 1188 3211 1267 ejus
3236 1187 3554 1268 discipulus
3591 1196 3714 1262 Clau·

2255 1274 2419 1350 dius,
2450 1276 2852 1339 Taurinensis
2879 1278 3253 1359 Episcopus,
3286 1288 3356 1343 ut
3394 1284 3560 1345 refert
3579 1288 3713 1351 Jonas

2253 1368 2604 1443 Aurelian„
2659 1369 2835 1431 libris
2891 1370 2972 1433 de
3031 1372 3204 1435 cultu
3253 1374 3582 1454 imaginum,
3609 1399 3716 1459 qnos

2255 1469 2476 1523 contra
2499 1463 2678 1524 illum
2709 1465 2978 1545 scripsit.
3015 1467 3239 1529 Postea
3257 1469 3493 1531 Wicleff
3503 1476 3712 1537 eumdem

2254 1573 2532 1619 errorem
2561 1558 2896 1637 amplexus
2919 1566 3035 1633 est,
3072 1566 3142 1621 ut
3168 1559 3296 1623 late
3322 1560 3580 1627 Walden.
3610 1575 3716 1632 trac-

2251 1655 2364 1723 tat,
2401 1656 2554 1720 tom.
2579 1654 2617 1715 3
2645 1651 2724 1713 de
2755 1652 3244 1727 Sacramental.‚
3273 1670 3328 1715 c.
3347 1656 3422 1717 50
3445 1661 3499 1716 et
3525 1675 3716 1738 sequen-

2251 1742 2439 1816 tibus,
2474 1745 2671 1823 quiin
2699 1746 2974 1807 Concilio
3005 1746 3480 1822 constantiensi,
3505 1769 3626 1813 sess.
3649 1760 3713 1821 15.

2253 1836 2588 1901 damnatus
2623 1846 2740 1899 est.
2791 1840 3078 1917 Denique
3123 1840 3448 1914 Lutheru8‚
3483 1844 3713 1922 Calvinus,

2255 1930 2595 2010 Zuinglius‚
2625 1930 3068 2007 CarolstadiuS‚
3099 1939 3165 1995 et
3187 1934 3410 2013 reliqui
3437 1936 3594 2016 hujus
3616 1948 3718 2003 tem·

2229 2024 2428 2103 ,poris
2471 2026 2742 2087 baeretici
2799 2027 3214 2089 vehementer
3243 2035 3448 2091 eontra
3486 2030 3714 2111 imagines

2254 2118 2675 2195 invehuntur,
2733 2125 2800 2181 ut
2853 2120 3134 2183 referunt
3177 2122 3340 2182 Prat.
3369 2170 3384 2191 .
3421 2124 3525 2183 sub
3563 2144 3711 2189 eorum

2254 2210 2650 2283 nominibns3
2688 2213 3024 2285 Lindanns,
3053 2215 3120 2275 in
3153 2233 3272 2276 suo
3306 2216 3520 2292 Dubia,
3541 2219 3709 2294 dial.2;

2255 2302 2596 2379 CoclilaenS‚
2623 2306 2688 2367 in
2741 2306 2896 2368 actis
2951 2307 3206 2369 Lutheri
3239 2327 3256 2380 ;
3289 2314 3351 2369 et
3394 2310 3662 2385 Suadet-115,
3683 2316 3708 2375 l.

2251 2395 2332 2458 de
2363 2398 2600 2477 Typica
2627 2397 2974 2477 imaginum
2991 2399 3382 2463 adoratione.
3407 2400 3710 2467 Fundamen—

2251 2495 2316 2551 ta
2351 2488 2542 2571 hujus
2587 2493 2820 2553 erroris
2848 2499 3070 2572 postea
3115 2512 3542 2573 proponemus,
3575 2504 3622 2559 et
3643 2518 3710 2559 va-

2251 2582 2379 2645 rios
2409 2583 2649 2657 modos,
2675 2585 2906 2664 quibus
2951 2586 3052 2648 hic
3083 2604 3261 2647 error
3287 2589 3557 2667 explicari
3593 2600 3636 2653 et
3655 2592 3709 2653 ai·

2251 2674 2489 2738 firmari
2509 2684 2736 2755 potest,
2769 2678 3253 2741 declarabimus.

2327 2772 2388 2831 Ξ.
2439 2771 2910 2835 Advertendum
2955 2780 3050 2835 est
3085 2791 3240 2853 ergo
3287 2774 3562 2854 imagines
3583 2781 3706 2839 varia

2246 2863 2451 2925 modis
2507 2870 2569 2925 et
2619 2872 2874 2944 propter
2931 2864 3215 2927 diversas
3279 2886 3484 2929 causas
3531 2870 3707 2949 depingi

2247 2974 2476 3034 posse:
2514 2958 2737 3037 primo,
2789 2949 3048 3039 propter
3087 2959 3433 3036 historiam,
3465 2969 3540 3035 ut,
3563 2964 3708 3023 videli-

2245 3056 2370 3123 cet,
2403 3048 2563 3112 sicut
2588 3050 2792 3113 verbis
2823 3052 2918 3113 vel
2942 3053 3188 3133 scriptis
3217 3052 3380 3115 facta
3397 3055 3708 3133 antiquorum

2243 3143 2308 3203 in
2337 3144 2704 3205 memoriam
2729 3154 3128 3220 revocantur,
3153 3147 3244 3209 ita
3271 3147 3454 3209 etiam
3495 3167 3586 3228 per
3604 3150 3708 3209 ima-

2245 3233 2426 3313 gines
2454 3253 2564 3295 seu
2589 3238 2864 3315 picturas
2892 3238 3090 3299 oculis
3111 3239 3296 3318 quasi
3323 3242 3598 3301 cernenda
3617 3260 3706 3320 pro·

2249 3336 2584 3407 ponantur.
2623 3331 2912 3393 Secundo
2941 3340 3210 3412 possunt
3251 3334 3537 3413 imagines
3558 3336 3706 3413 depin-

2251 3421 2336 3500 gi,
2371 3440 2510 3499 quae
2555 3424 2918 3504 simpliciter
2972 3444 3282 3505 personas
3311 3429 3534 3505 aliquas
3555 3448 3708 3508 repra-

2249 3522 2522 3590 sentent‚
2556 3516 2746 3597 idque
2777 3518 2875 3581 vel
2911 3528 3174 3600 propter
3227 3528 3500 3585 ornatum
3520 3530 3705 3593 tantum,

2251 3610 2349 3671 vel
2389 3616 2648 3689 propter
2689 3610 3076 3691 voluptatem
3103 3658 3126 3690 ‚
3179 3614 3338 3677 sicut
3384 3614 3710 3695 depinguntur

2248 3700 2464 3783 figurae
2493 3703 2876 3781 animalium,
2920 3707 3020 3768 vel
3077 3708 3352 3769 aliarum
3405 3728 3581 3771 rerum
3607 3709 3706 3769 infe-

2247 3797 2510 3871 riorum,
2543 3799 2640 3859 vel
2689 3805 2943 3879 propter
2968 3802 3483 3875 recordationem,
3511 3807 3562 3863 et
3591 3820 3706 3861 amo-

2247 3908 2384 3951 rem
2414 3892 2508 3953 rei
2557 3900 3056 3970 repraesentatae,
3070 3896 3174 3956 vcl
3227 3896 3488 3976 denique
3528 3903 3704 3976 propter

2249 3983 2524 4061 aliquem
2551 3985 2788 4047 cultum
2817 3989 2880 4048 et
2907 3990 3400 4053 venerationem.

2332 4080 2390 4139 3.
2431 4080 2781 4161 [mammam
2835 4097 2985 4144 usus
3021 4083 3324 4147 honestus.
3345 4082 3704 4146 -Sazoatoris

2247 4172 2570 4251 imayines.
2601 4206 2684 4221 —
2713 4174 2864 4235 Dico
2895 4175 3084 4252 igitur
3113 4178 3343 4255 primo,
3363 4194 3521 4239 usum
3555 4176 3706 4251 imagi·

2249 4283 2404 4327 num
2427 4284 2556 4327 non
2576 4284 2716 4328 esse
2743 4269 3158 4347 prohibitum,
3181 4270 3292 4332 sed
3313 4272 3518 4350 potius,
3547 4288 3632 4349 per
3660 4286 3704 4329 se

2249 4358 2591 4437 loquendo,
2620 4359 2858 4422 licitum
2885 4380 3024 4424 esse
3065 4370 3130 4425 et
3175 4364 3512 4436 honestum,
3538 4368 3587 4423 et
3609 4361 3703 4421 ideo

2248 4453 2472 4513 merito
2489 4452 2600 4515 inC
2614 4454 2882 4517 atholica
2910 4457 3190 4519 Ecclesia
3201 4456 3462 4519 retineri.
3481 4456 3596 4517 Haec
3605 4471 3703 4513 con·

2249 4545 2444 4605 clusio
2487 4551 2583 4607 est
2619 4546 2697 4608 de
2725 4546 2874 4624 fide,
2917 4556 2980 4611 et
3005 4550 3470 4613 fundamentum
3495 4547 3697 4609 habetiu

2245 4637 2566 4700 nonnullis
2598 4656 2790 4700 sacrae
2819 4642 3151 4721 Scriptura?
3179 4644 3354 4714 locis,
3379 4660 3520 4723 qnos
3543 4638 3692 4701 melius

2243 4731 2523 4792 sectione
2567 4734 2855 4812 sequenti
2882 4736 3310 4798 tractabimus.
3332 4738 3490 4797 Nunc
3525 4730 3692 4812 potissi-

2243 4840 2417 4884 mum
2447 4824 2748 4902 probatur
2788 4846 2904 4889 usu
2956 4834 3020 4891 et
3066 4830 3396 4891 traditione
3434 4824 3690 4893 Ecclesia,

2243 4933 2434 4994 quam
2467 4917 2706 4998 abipso
2745 4921 2990 4983 Christo
3029 4922 3296 4985 Domino
3331 4922 3590 5002 originem
3617 4915 3692 4975 du·

2239 5009 2404 5071 xisse
2451 5018 2718 5073 constat.
2771 5014 2976 5075 Primo
3033 5016 3202 5076 enim
3245 5016 3376 5095 ipse
3417 5031 3526 5074 suae
3567 5005 3690 5068 &ttici

2240 5101 2580 5181 imaginem
2607 5106 2800 5167 linteo
2819 5106 3188 5187 impressam
3217 5108 3472 5187 reliquit,
3493 5121 3599 5183 quae
3615 5102 3690 5161 Ro·

599 5188 1037 5259 defenderunt,
1071 5194 1133 5250 et
1183 5207 1403 5250 eorum
1442 5199 1725 5267 tempore
1775 5189 2087 5251 Adrianus
2127 5191 2154 5251 1
2237 5212 2355 5255 mse
2404 5196 2611 5259 adbuc
2649 5206 2933 5261 servatur
2971 5214 3033 5262 et
3071 5201 3425 5273 ostenditur,
3469 5207 3526 5259 ut
3559 5192 3688 5255 habet

596 5282 1003 5363 congregavit
1038 5282 1139 5342 vll
1178 5282 1526 5361 Synodum,
1558 5282 1613 5342 11
1666 5284 2004 5355 Nicaenam,
2036 5302 2149 5363 pro
2233 5289 2488 5369 antiqua
2534 5290 2807 5353 traditio·
2863 5293 3174 5370 Secundo,
3213 5295 3478 5357 simfliter
3511 5285 3688 5364 reliquit

594 5376 945 5459 imaginum
976 5374 1363 5437 detonsione.
1398 5375 1509 5437 Ille
1528 5394 1678 5437 vero
1708 5373 2150 5439 Constantinus
2231 5382 2326 5443 sui
2373 5384 2651 5465 corporis
2695 5385 3158 5451 delineamenta
3185 5389 3466 5471 impressa
3487 5386 3542 5447 in
3573 5396 3676 5459 εἴη·

595 5469 890 5548 grandior
944 5468 1162 5541 factus,
1199 5467 1523 5546 repudiata
1566 5468 1811 5529 Nicsena
1864 5470 2141 5549 Synodo,
2229 5474 2412 5551 done,
2439 5476 2498 5536 in
2531 5495 2656 5557 qua
2687 5479 2998 5543 involutus
3013 5482 3207 5560 jacuit
3237 5482 3296 5542 in
3325 5479 3614 5559 sepulchro,
3635 5480 3678 5531 et
