3892 6167
553 424 856 490 miraculo
881 430 945 485 et
957 421 1419 502 supernaturali
1434 417 1721 501 potestati
1743 417 1862 481 hoc
1881 419 2115 480 tribua-

553 529 677 582 tur.
699 519 1006 597 Denique,
1019 517 1170 595 quia
1189 515 1403 596 urgeri
1421 521 1626 594 potest
1644 520 2113 594 argumentum,

555 619 628 676 ut
641 613 832 674 etiam
851 616 1026 673 actus
1041 610 1176 690 ipse
1195 607 1720 688 inindividuoper
1733 600 2115 687 prae'ceptum

557 706 747 768 fuerit
781 704 1178 785 praescriptus
1197 717 1218 780 ;
1261 707 1468 782 potest
1507 701 1676 763 enim
1705 701 1872 762 Deus
1901 699 1994 778 (ut
2022 704 2118 761 est

557 797 940 880 probabilior
969 797 1297 876 sententia)
1339 794 1626 857 absoluta
1653 801 1716 856 et
1745 793 1984 856 efficaci
2011 809 2119 854 vo-

557 893 798 956 luntate
821 909 936 954 sua
958 889 1350 971 praedefinire
1371 891 1581 950 actum
1609 887 1874 950 liberum
1899 887 2117 948 volun-

561 985 707 1050 tatis
734 991 962 1048 creatas
989 985 1053 1045 in
1081 981 1483 1064 particulari,
1533 989 1598 1044 et
1639 999 1782 1043 cum
1822 981 2117 1044 omnibus

560 1081 883 1144 circumsta
893 1079 1076 1156 ntiis3
1106 1083 1168 1140 et
1191 1077 1586 1139 verisimilius
1611 1084 1704 1139 est
1731 1077 1818 1137 ita
1839 1073 2119 1156 praedefi·

559 1175 812 1248 nivisse,
839 1177 902 1236 et
928 1169 1406 1252 proeordinasse,
1433 1170 1536 1232 vel
1563 1187 1780 1232 omnes
1809 1175 1983 1230 actus
2010 1187 2121 1229 vo·

557 1267 813 1330 luntatis
849 1263 1115 1339 Christi,
1154 1264 1254 1325 vel
1291 1263 1510 1326 saltem
1541 1262 1714 1323 illum
1755 1277 1878 1340 quo
1909 1261 2119 1323 statim

557 1361 622 1422 iu
652 1360 856 1439 primo
885 1357 1146 1422 instanti
1179 1355 1604 1437 conceptionis
1637 1373 1768 1418 suae
1797 1373 1866 1417 se
1895 1355 2121 1415 obtulit

555 1454 746 1516 morti
773 1471 888 1533 pro
911 1450 1296 1514 hominibus.
1343 1451 1502 1512 Nam
1533 1449 1636 1512 hic
1663 1455 1760 1512 est
1783 1448 2121 1529 providen-

555 1547 656 1610 tise
687 1548 914 1610 modus
943 1545 1126 1608 altior
1147 1551 1208 1608 et
1233 1543 1591 1625 perfectior,
1621 1551 1686 1607 et
1707 1544 1888 1606 illum
1915 1543 2121 1622 magis

557 1641 890 1721 Scripturas
909 1640 1210 1716 indicant,
1238 1645 1299 1700 ct
1321 1643 1415 1702 est
1434 1638 1636 1718 magis
1660 1642 2121 1700 consentaneus

557 1741 784 1798 nostrae
809 1733 1246 1814 redemptioni,
1279 1747 1422 1810 quae
1451 1747 1820 1811 supremum
1847 1748 2005 1810 opus
2028 1734 2121 1791 est

557 1829 788 1892 divinae
815 1827 1255 1909 providentias,
1289 1831 1358 1886 ut
1385 1843 1574 1906 supra
1601 1823 2112 1905 argumentabor.

558 1923 622 1986 Si
671 1939 822 2003 ergo
867 1923 1032 1982 Deus
1074 1917 1490 2000 praedefinivit
1533 1917 1654 1980 hoc
1694 1917 1884 1979 modo
1925 1916 2118 1978 talem

557 2024 788 2092 actum,
819 2015 1020 2097 potuit
1043 2015 1232 2076 etiam
1261 2011 1625 2094 principare,
1657 2011 1806 2089 quia
1830 2027 1962 2072 non
1988 2027 2119 2071 ma-

555 2111 652 2192 gis
699 2127 896 2172 unum
949 2113 1262 2188 repugnat
1305 2107 1577 2169 libertati
1605 2155 1622 2182 ,
1677 2121 1866 2184 quam
1921 2103 2113 2166 aliud.

555 2203 704 2277 Quae
735 2205 894 2266 ratio
924 2201 1112 2265 etiam
1137 2200 1387 2281 probat,
1418 2199 1902 2264 conditionalem
1929 2215 2119 2278 supra

553 2299 826 2380 positam
871 2315 998 2358 non
1048 2313 1186 2358 esse
1229 2312 1487 2368 veram,
1531 2310 1740 2373 neque
1785 2291 2117 2354 admitten-

555 2393 728 2468 dam,
761 2391 983 2454 saltem
1011 2396 1318 2469 quantum
1339 2393 1432 2451 est
1457 2407 1536 2450 ex
1559 2388 1620 2448 vi
1643 2386 1833 2467 hujus
1860 2385 2119 2448 difficul-

552 2486 720 2560 tatis,
767 2485 836 2546 in
863 2501 990 2564 qua
1018 2499 1188 2545 nnnc
1215 2497 1564 2558 versamur,
1605 2487 1870 2561 sumptae
1899 2497 1977 2542 ex
2002 2480 2121 2540 im-

552 2579 984 2661 peccabilitate
1013 2577 1259 2640 Christi.

637 2676 736 2736 11.
781 2672 1114 2754 Responsio
1141 2671 1383 2735 ultima.
1413 2705 1492 2716 ·-
1523 2671 1608 2734 Ut
1634 2669 1969 2750 suppositio
1998 2669 2117 2734 tol·

553 2767 650 2831 lat
673 2767 1032 2842 libertatern,
1059 2765 1206 2846 quid
1226 2763 1598 2846 requiratur.
1623 2793 1704 2810 -
1725 2763 1969 2826 Duobus
1982 2767 2117 2828 tan-

554 2865 684 2924 tum
709 2861 902 2924 modis
917 2863 1112 2938 potest
1131 2855 1412 2922 voluntas
1423 2856 2113 2920 manatura—Ultimo

557 2972 710 3034 ergo
733 2951 1109 3032 responde0,
1136 2947 1540 3013 concedendo
1567 2957 1708 3029 post
1736 2957 2113 3030 praeceptum

555 3045 917 3127 impositum
937 3043 1242 3106 voluntati
1258 3041 1504 3116 Christi,
1519 3041 1840 3104 infallibilc
1857 3059 1997 3105 esse
2009 3063 2115 3105 vo·

552 3141 857 3202 luntatem
875 3139 1046 3198 illam
1065 3138 1315 3199 efficere
1331 3135 1504 3216 quod
1527 3142 1910 3216 praeceptum
1928 3143 2115 3214 est,et

555 3232 939 3312 impossibile
959 3247 1095 3294 esse
1125 3230 1618 3311 suppositionem
1631 3230 1800 3292 illam
1819 3232 2113 3311 praecepti

555 3325 869 3405 componi,
893 3343 1008 3387 sen
1037 3325 1236 3386 simul-
1249 3325 1399 3404 poni
1437 3341 1582 3385 cum
1612 3324 1950 3386 omissione
1976 3325 2117 3386 talis

553 3425 752 3481 actus.
779 3419 854 3480 Et
883 3418 1288 3480 nihilominus
1344 3435 1532 3498 nego,
1567 3435 1646 3480 ex
1681 3419 1788 3480 illa
1831 3419 2117 3498 supposi-

553 3513 725 3576 tione
749 3511 951 3594 sequi,
981 3513 1367 3575 voluntatem
1395 3513 1621 3574 Christi
1639 3512 1997 3575 necessario
2022 3513 2115 3574 et*-

555 3605 746 3669 ficere
771 3607 963 3668 talem
992 3612 1223 3680 actum,
1259 3604 1380 3668 hoc
1423 3605 1556 3666 solo
1603 3606 1776 3685 quod
1803 3605 2113 3687 impecca-

556 3699 698 3762 bilis
723 3707 838 3762 est.
868 3700 944 3762 Et
963 3699 1124 3762 ratio
1153 3703 1269 3772 est,
1302 3697 1560 3778 quia,ut
1589 3699 1838 3761 tollatur
1856 3699 2113 3760 libertas

557 3810 638 3855 ex
669 3793 881 3872 aliqua
910 3791 1362 3873 suppositione,
1399 3809 1528 3853 non
1577 3793 1727 3853 satis
1759 3798 1853 3854 est
1881 3795 1951 3853 ut
1977 3793 2112 3872 ipsa

556 3887 900 3968 suppositio
945 3883 1277 3948 antecedat
1320 3885 1661 3947 voluntatis
1709 3901 2107 3962 consensum,

556 3985 622 4043 et
674 3981 755 4042 ab
793 3979 897 4040 illo
937 3997 1063 4040 non
1119 3977 1419 4059 pendeat,
1475 3979 1742 4055 etiamsi,
1801 3977 1913 4040 tali
1965 3995 2111 4058 sup·

554 4073 860 4154 positione
905 4073 1110 4152 posita
1140 4117 1155 4145 ‚
1217 4071 1620 4134 infallibiliter
1669 4077 1971 4151 sequatur
2018 4079 2109 4133 ta-

553 4166 632 4228 lis
687 4173 905 4244 actus3
947 4165 1064 4226 sed
1089 4169 1395 4244 praeterea
1435 4165 1860 4227 necessarium
1903 4171 2000 4226 est
2038 4171 2108 4226 ut

557 4259 643 4332 id,
687 4257 857 4337 quod
901 4274 1016 4336 per
1055 4257 1248 4319 talem
1293 4258 1787 4336 suppositionem
1831 4259 2106 4338 ponitur,

558 4351 768 4430 aliquo
813 4350 1050 4412 efficaci
1103 4355 1166 4410 et
1203 4349 1399 4410 veluti
1451 4349 1710 4430 physico
1767 4352 1957 4412 modo
2002 4353 2115 4414 de·-

557 4443 853 4506 terminet
895 4443 1280 4504 voluntatem
1327 4441 1408 4502 ad
1437 4441 1627 4504 talem
1680 4449 1912 4521 actum,
1962 4463 2113 4508 nam

558 4533 682 4597 ho’c
722 4543 818 4598 cst
864 4535 1115 4616 proprie
1167 4535 1609 4598 necessitatem
1663 4537 1916 4599 inferre.
1952 4539 2111 4612 Quo-

557 4630 730 4690 niam
786 4628 836 4689 si
892 4629 980 4705 id,
1027 4630 1198 4708 quod
1252 4629 1624 4709 supponitur
1643 4673 1658 4702 ,
1715 4647 1844 4691 non
1879 4631 2112 4694 habeat

555 4721 920 4803 hujusmodi
967 4721 1096 4784 vim
1137 4728 1201 4785 et
1245 4723 1702 4799 efficacitatem,
1731 4741 1858 4784 non
1906 4729 2111 4804 potest

555 4822 802 4877 mutare
847 4815 1322 4877 connaturalem
1373 4815 1628 4878 modum
1661 4818 1963 4896 operandi
2004 4835 2113 4880 vo-

555 4909 851 4986 luntatis3
878 4927 1030 4987 ergo
1058 4927 1176 4971 nec
1203 4909 1378 4972 tollet
1399 4909 1751 4973 libertatem
1771 4913 1934 4991 ejus,
1962 4931 2111 4975 nam

555 5002 622 5062 in
647 5021 724 5063 ea
752 5002 1032 5063 consistit
1073 5003 1497 5064 connaturalis
1525 5005 1750 5065 modus
1801 5006 2111 5085 operandi

555 5093 740 5156 illius.
802 5095 1190 5173 Praeceptum
1239 5103 1473 5163 autem,
1525 5095 1695 5174 quod
1725 5099 1789 5168 in
1817 5101 2111 5178 praesenti

556 5187 922 5248 difficultate
949 5189 1340 5267 supponitur,
1373 5189 1662 5267 quamvis
1689 5191 1766 5251 sit
1791 5191 1933 5252 talis
1970 5209 2111 5272 sup-

557 5280 810 5361 positio,
831 5285 903 5342 ut
939 5280 1322 5342 avoluntate
1375 5299 1506 5343 uon
1556 5283 1851 5362 pendeat,
1887 5289 1954 5347 et
2006 5287 2110 5348 illa

555 5375 783 5454 posita,
815 5371 1225 5436 infallibiliter
1245 5380 1548 5456 sequatur
1573 5376 1953 5453 obedientia,
1980 5397 2109 5443 non

559 5473 770 5530 tamen
797 5472 890 5530 est
919 5465 1058 5530 talis
1091 5483 1230 5548 quae
1279 5467 1506 5532 habeat
1535 5471 1598 5532 in
1639 5468 1843 5552 ipsam
1887 5471 2111 5538 Christi

1755 319 1991 383 QUAEST.
2026 319 2209 374 xvia.-
2232 318 2435 376 Anne.
2468 321 2553 376 lv.

2195 419 2585 484 voluntatem
2602 421 2966 496 efficaciam,
2992 424 3064 481 ut
3090 418 3347 501 physice
3374 421 3663 489 determinet

2196 514 2365 576 illam
2393 531 2409 587 ;
2440 533 2589 578 nam
2609 521 2995 596 praeceptum
3014 519 3110 576 est
3130 513 3287 592 quid
3310 517 3663 596 extrinsecum,
3774 507 3777 546 ³

2198 613 2262 670 et
2277 608 2484 688 potius
2512 614 2722 671 movet
2748 627 2827 671 ex
2856 613 3035 689 parte
3052 607 3283 688 objecti
3299 625 3477 686 quam
3495 627 3557 671 ex
3572 629 3665 690 par-
3774 601 3777 640 2

2194 705 2261 763 te
2288 702 2487 782 ipsius
2526 703 2819 783 potentias
2852 719 2868 775 3
2902 717 3015 782 per
3042 717 3109 762 se
3157 705 3505 762 autemnon
3550 705 3667 782 ponit
3774 695 3777 734 ²

2198 795 2261 856 in
2292 795 2537 876 objecto
2566 796 2805 878 aliquid
2832 813 2958 875 quo
2978 795 3173 875 possit
3202 796 3595 857 necessitatem
3610 801 3669 859 in·
3774 791 3777 830 ²

2196 889 2361 952 ferre
2388 890 2717 954 voluntati.
2736 891 2811 952 Et
2828 889 2998 952 idem
3018 887 3359 951 dicendum
3384 897 3471 950 est
3494 887 3559 950 de
3574 909 3657 969 prae

2198 983 2593 1060 definitione,
2646 1003 2758 1047 seu
2810 983 3063 1045 decreto
3110 982 3343 1044 divinae
3384 983 3670 1062 voluntate,
3774 977 3777 1018 ἕ

2200 1077 2372 1158 quod
2397 1077 2741 1140 humanam
2770 1077 3153 1139 voluntatem
3189 1075 3514 1151 antecedit,
3536 1078 3673 1139 stillo
3774 1075 3776 1110 ³

2200 1171 2403 1252 posito
2448 1171 2771 1234 infallibile
2826 1177 2921 1234 est
2962 1171 3316 1232 humanam
3368 1170 3672 1231 voluntatem

2202 1281 2341 1327 esse
2370 1281 2824 1329 consensuram
2854 1264 2955 1327 vel
2984 1269 3390 1344 operaturam
3414 1281 3427 1337 ;
3458 1281 3580 1323 nam
3603 1265 3677 1324 hu-

2194 1359 2471 1438 jusmodi
2486 1360 2804 1423 decretum
2818 1358 3017 1420 solum
3040 1354 3579 1438 praeintelligiturin
3590 1359 3673 1420 Deo
3774 1353 3777 1392 ²

2198 1469 2316 1535 per
2336 1454 2596 1516 modum
2622 1453 3010 1529 intentionis,
3036 1469 3169 1515 non
3198 1468 3319 1533 per
3344 1451 3573 1513 modum
3584 1471 3677 1514 exe-

2202 1547 2491 1624 cutionis,
2520 1554 2585 1610 et
2610 1545 2755 1608 ideo
2790 1565 2920 1609 non
2946 1545 3325 1626 intelligitur
3348 1545 3503 1608 Deus
3532 1563 3619 1626 per
3634 1547 3679 1608 il-

2200 1639 2335 1716 lud,
2368 1647 2436 1702 ut
2464 1643 2577 1716 sic,
2608 1657 2797 1722 agere
2826 1640 2893 1702 in
2920 1641 3341 1715 voluntatem,
3366 1657 3477 1701 nec
3494 1639 3681 1719 physice

2200 1733 2621 1796 determinare
2675 1733 2844 1796 illam
2899 1733 2981 1796 ad
3032 1733 3449 1815 operandum,
3494 1741 3547 1795 et
3586 1733 3681 1795 ideo
3774 1727 3777 1768 ¹

2198 1835 2368 1890 recte
2392 1827 2761 1909 intelligitur
2787 1845 2919 1890 non
2958 1828 3181 1890 tollere
3233 1827 3582 1889 libertatem.
3616 1827 3682 1887 ni-

2198 1940 2307 1984 ces
2335 1943 2351 1983 :
2384 1922 2638 2001 quando
2672 1922 3019 2002 suppositio
3050 1920 3171 1983 erit
3206 1919 3568 2001 hujusmodi,
3592 1937 3679 2000 quae
3774 1933 3777 1954 ¹

2198 2017 2321 2078 hoc
2340 2017 2529 2077 modo
2558 2015 2818 2098 physico
2854 2015 3235 2078 determinet
3260 2013 3623 2090 voluntatem,
3644 2021 3679 2074 et
3774 2007 3777 2046 1

2198 2110 2553 2174 libertatem
2579 2110 2797 2172 tollat?
2844 2108 3310 2189 Respondetur,
3346 2107 3567 2170 duobus
3590 2111 3680 2168 tan·
3774 2099 3777 2140 ³

2199 2209 2332 2264 tum
2357 2201 2560 2265 modis
2589 2203 2875 2266 accidere
2890 2219 3099 2284 posse.
3138 2201 3390 2264 Primus
3418 2207 3521 2276 est,
3548 2215 3680 2278 quan·
3774 2197 3777 2253 l

2199 2297 2304 2374 do,
2340 2298 2659 2380 proposito
2680 2297 3061 2359 sufficienter
3088 2296 3367 2376 objectu,
3402 2313 3473 2358 ex
3499 2293 3549 2356 vi
3572 2293 3679 2356 illius
3774 2315 3777 2328 ⁴

2200 2399 2266 2454 et
2292 2409 2369 2452 ex
2394 2391 2734 2452 intrinseca
2762 2391 3183 2474 propensione
3228 2391 3427 2470 ipsius
3474 2389 3681 2449 volunta·
3774 2399 3777 2420 ⁸

2198 2485 2275 2548 tis
2304 2485 2501 2546 oritur
2522 2485 2861 2546 necessitas
2889 2484 3031 2546 talis
3064 2489 3272 2572 actus,
3311 2481 3594 2562 quomodo
3624 2483 3685 2541 est
3774 2475 3777 2515 l

2199 2581 2598 2642 necessarius
2638 2597 2817 2642 amor
2836 2579 2947 2642 Dei
2974 2579 3041 2640 in
3064 2579 3480 2642 beatitudine.
3517 2579 3681 2639 Secun-

2196 2673 2317 2735 dus
2372 2673 2599 2735 modus
2658 2679 2753 2736 est
2800 2673 2883 2735 ab
2926 2673 3310 2748 extrinseco,
3360 2687 3533 2754 quem
3570 2670 3680 2732 solus
3775 2689 3776 2700 ¹

2194 2767 2363 2828 Deus
2406 2767 2655 2830 efficere
2710 2772 2951 2847 potest,
3008 2765 3327 2828 movendo
3374 2767 3679 2827 voluntatem
3774 2757 3777 2796 ²

2194 2861 2417 2942 ipsam,
2464 2865 2528 2923 et
2576 2868 2707 2922 tam
2764 2859 3097 2922 efficaciter
3142 2855 3677 2940 praedeterminando

2195 2955 2369 3018 illam
2393 2973 2507 3036 per
2526 2955 2861 3030 actionem,
2893 2959 2957 3016 et
2982 2953 3295 3015 inssuxum
3320 2954 3626 3035 physicum,
3642 2955 3680 3008 et
3774 2959 3776 2980 ¹

2196 3067 2570 3111 concursum
2586 3047 2671 3110 ita
2682 3047 3167 3110 determinatum
3189 3047 3279 3109 ad
3302 3063 3492 3109 unum
3513 3052 3677 3106 auum.

2198 3147 2266 3204 ut
2292 3161 2410 3204 nec
2432 3143 2721 3205 voluntas
2750 3141 2947 3221 possit
2972 3141 3292 3218 resistere,
3324 3159 3519 3218 neque
3567 3135 3680 3198 aliud
3775 3218 3776 3236 χ

2198 3236 2441 3316 operari
2470 3255 2487 3308 ς
2523 3235 2643 3297 hoc
2675 3235 2843 3297 enim
2870 3233 3083 3311 mode,
3112 3241 3173 3297 et
3210 3253 3347 3296 non
3376 3234 3509 3306 alio,
3538 3233 3681 3311 potest
3775 3245 3776 3258 ¹

2194 3329 2365 3390 Deus
2396 3329 2625 3390 inferre
2654 3329 3096 3390 necessitatem
3123 3327 3453 3389 voluntati.
3489 3321 3679 3396 Quando
3774 3315 3776 3352 ³

2195 3425 2408 3482 autem
2434 3421 2725 3484 voluntas
2760 3421 2957 3484 altero
2988 3437 3065 3482 ex
3110 3419 3211 3482 his
3255 3419 3497 3481 duobus
3540 3413 3681 3478 modis
3774 3431 3777 3506 j

2192 3529 2322 3575 non
2350 3519 2658 3590 movetur,
2704 3511 3141 3577 necessitatem
3190 3531 3326 3576 non
3377 3511 3596 3594 patitur,
3640 3513 3681 3566 ut

2194 3611 2517 3669 ostensum
2545 3615 2664 3670 est.

2274 3701 2373 3762 12.
2422 3701 2700 3781 Objeotio.
2722 3735 2802 3750 -—
2824 3701 3174 3784 Responsio.
3208 3735 3298 3749 —
3322 3701 3528 3766 Posito
3551 3699 3679 3762 soien-

2196 3795 2287 3858 tia
2316 3793 2809 3859 conditionalium
2856 3796 2921 3858 in
2957 3795 3079 3859 Deo
3097 3841 3116 3871 ,
3146 3797 3371 3878 optime
3392 3793 3680 3870 conciliatur

2192 3887 2617 3970 indifferentia
2652 3905 2785 3952 oum
2826 3887 3309 3967 infallibilitate.
3334 3919 3415 3936 --
3450 3885 3677 3964 Superest

2192 3985 2403 4041 tamen
2459 3980 2527 4042 in
2584 3980 2995 4062 responsione
3060 3981 3497 4063 explicandum
3520 4023 3537 4054 ,
3576 3993 3680 4054 quo·

2189 4073 2381 4135 modo
2440 4073 2579 4137 fieri
2635 4075 2833 4156 possit
2881 4081 2951 4138 ut
3002 4083 3177 4139 actus
3202 4075 3528 4138 voluntatis
3556 4067 3678 4131 infal-

2188 4167 2445 4230 libiliter
2495 4176 2795 4250 sequatur
2854 4169 3065 4250 aliqua
3132 4169 3545 4251 suppositione
3602 4179 3678 4240 po·

2196 4262 2313 4324 sita
2339 4309 2353 4338 ,
2396 4267 2459 4324 et
2488 4267 2704 4324 tamen
2721 4263 2890 4344 quod
2935 4263 3075 4326 sine
3120 4265 3489 4326 necessitate
3516 4273 3677 4334 sequa-

2192 4361 2316 4432 tur,
2350 4360 2413 4417 et
2438 4355 2569 4418 sine
2592 4357 2853 4438 physica
2878 4355 3402 4420 determinatione
3428 4353 3502 4418 ad
3536 4363 3677 4413 unum

2190 4449 2354 4512 facta
2386 4467 2461 4511 ex
2488 4449 2547 4511 vi
2579 4449 2721 4513 talis
2770 4451 3237 4530 suppositionis.
3278 4453 3435 4516 Nam
3470 4449 3535 4520 si,
3560 4447 3673 4508 facta

2191 4545 2637 4624 suppositione,
2668 4547 2958 4607 voluntas
2980 4565 3108 4608 non
3136 4551 3354 4610 manet
3376 4541 3674 4608 determina-

2190 4643 2277 4714 ta,
2308 4655 2458 4718 ergo
2486 4643 2701 4700 manet
2738 4635 3103 4703 indifferens
3132 4657 3148 4714 ;
3192 4657 3345 4722 ergo
3372 4643 3553 4722 potest
3576 4649 3673 4714 ope·

2190 4732 2314 4792 rari
2364 4739 2426 4793 et
2454 4750 2582 4793 non
2622 4735 2913 4812 operari;
2955 4735 3271 4816 quomodo
3303 4751 3448 4816 ergo
3490 4729 3585 4793 erit
3610 4725 3671 4786 in-

2190 4823 2469 4898 fallibile,
2518 4825 2903 4889 voluntatem
2945 4845 3085 4889 esse
3133 4815 3670 4908 operaturamtvob

2193 4917 2247 4978 si
2280 4917 2423 4978 talis
2449 4924 2623 4980 actus
2648 4919 2840 4980 habet
2866 4919 3254 4982 infallibilem
3292 4916 3673 4984 connexionem

2192 5027 2337 5072 cum
2371 5011 2481 5072 tali
2512 5013 2963 5092 suppositione,
3003 5015 3247 5076 ratione
3296 5015 3451 5076 illius
3488 5009 3673 5072 eritvo-

2190 5103 2397 5164 luntas
2438 5103 2853 5167 determinata
2869 5105 2950 5169 ad
3012 5125 3235 5170 unum.
3290 5103 3668 5190 Respondemu-

2190 5195 2328 5258 haec
2374 5197 2499 5259 duo
2554 5197 2999 5280 conjungenda
3031 5219 3171 5263 esse
3225 5207 3287 5264 et
3334 5189 3667 5264 concilianda.-

2190 5291 2512 5372 supposita
2540 5291 2783 5354 infinita
2812 5293 3209 5374 praescientia
3234 5295 3418 5357 divini
3457 5287 3666 5353 intellec-

2190 5387 2317 5459 tuS,
2346 5402 2473 5465 qua
2498 5383 2579 5448 de
2606 5385 2900 5450 omnibus
2930 5389 3158 5452 creatis
3192 5385 3577 5452 voluntatibus
3598 5393 3667 5437 οῦ·

2194 5476 2458 5557 gnoscit,
2486 5497 2613 5541 non
2636 5479 2842 5543 solum
2886 5482 3036 5562 quid
3065 5485 3302 5565 possint
3332 5477 3563 5564 operari,
3589 5471 3663 5533 aut
