3892 6167
582 468 759 525 actus
792 461 895 523 ille
924 461 1163 543 primus
1204 464 1409 540 potest
1446 458 1763 523 interdum
1802 458 2018 529 reduci
2060 460 2142 521 ad

585 561 793 617 actum
825 552 1173 617 secundum
1195 598 1216 627 ,
1267 552 1485 613 saltem
1534 555 1880 617 successive
1911 571 2142 633 eogno-

584 647 815 710 scendo
838 666 1003 709 nunc
1028 646 1145 706 has
1168 651 1484 707 creaturas
1505 646 1567 706 in
1591 648 1743 721 De0,
1762 666 1930 711 nunc
1953 647 2105 709 alias
2117 658 2140 724 3

582 742 683 803 vel
714 758 1043 821 nunquam
1088 744 1292 819 potest
1340 740 1593 801 omnino
1644 739 1889 802 variare
1930 746 2141 801 actum

583 836 972 897 secundum:
1027 833 1081 893 si
1135 833 1252 893 hoc
1296 832 1603 912 posterius
1633 832 1912 907 dicatur,
1950 832 2141 914 gratis

581 928 845 1009 fingitur
870 926 1009 989 talis
1039 931 1215 988 actus
1242 926 1515 1005 primm,
1563 933 1624 989 et
1664 927 1842 989 reddi
1870 944 1998 989 non
2034 944 2140 1005 po·

580 1027 703 1085 test
736 1022 895 1083 ratio
934 1040 1047 1083 cur
1072 1019 1428 1081 intellectus
1454 1018 1698 1081 habens
1723 1020 2136 1081 sufficientem

582 1121 789 1177 actum
828 1114 1134 1195 primum,
1184 1130 1311 1172 non
1350 1111 1548 1191 possit
1591 1131 1705 1192 per
1748 1113 2136 1175 voluntatem

582 1208 878 1288 applicari
926 1205 1005 1267 ad
1048 1211 1255 1267 actum
1305 1203 1685 1281 secundum,
1718 1205 1836 1267 nisi
1870 1205 2136 1267 fortasse

580 1300 661 1362 ab
688 1300 1033 1363 extrinseco
1058 1318 1093 1359 a
1116 1299 1241 1360 Deo
1267 1297 1645 1378 impediatur
1670 1318 1688 1370 ς
1719 1298 1888 1377 quod
1918 1299 1968 1360 si
1997 1316 2137 1377 per-

576 1402 768 1475 petuo
801 1391 1235 1473 impediendus
1267 1398 1398 1453 erat
1417 1438 1439 1469 ,
1471 1393 1788 1472 superflue
1816 1392 1906 1453 illi
1950 1391 2134 1453 datus

578 1495 743 1551 esset
771 1488 907 1550 talis
952 1487 1191 1567 primus
1219 1493 1415 1548 actus,
1466 1487 1527 1549 Si
1557 1506 1704 1548 vero
1738 1487 1982 1550 dicatur
2009 1486 2134 1565 pri·

576 1599 784 1655 mum,
823 1580 1103 1659 sequitur
1131 1579 1195 1639 in
1229 1580 1363 1659 ipsa
1392 1578 1629 1641 visione
1662 1585 1723 1643 et
1746 1579 2133 1642 beatitudine

576 1675 800 1737 animae
833 1672 1079 1748 Christi,
1114 1691 1252 1734 esse
1279 1691 1464 1753 posse
1496 1674 1864 1737 varietatem
1891 1718 1907 1749 ‚
1938 1672 2024 1733 ita
2065 1678 2134 1733 ut

574 1786 746 1830 nunc
782 1768 859 1828 sit
898 1766 1144 1827 heatior
1166 1814 1179 1841 ‚
1232 1772 1451 1845 postea
1480 1767 1689 1835 minus
1722 1766 1938 1844 beata,
1969 1765 2067 1829 vel
2097 1783 2132 1827 e

574 1860 911 1925 contrario.

654 1957 755 2018 29.
805 1956 1021 2033 Neque
1069 1954 1233 2016 enim
1264 1952 1380 2015 dici
1413 1958 1618 2033 potest
1666 1954 1828 2015 hanc
1866 1953 2136 2016 varieta-

574 2056 702 2111 tem
734 2066 871 2109 esse
901 2048 963 2107 in
1008 2047 1139 2108 solo
1184 2046 1427 2125 objecto
1472 2047 1844 2108 secundario
1867 2092 1883 2119 ,
1914 2045 2134 2107 nonin

576 2142 893 2223 primariO,
937 2140 1107 2219 quia,
1138 2156 1279 2200 cum
1314 2146 1613 2212 creatura}
1646 2159 1769 2200 non
1802 2140 2135 2201 videantur

578 2235 684 2296 illa
714 2234 953 2295 visione
974 2278 989 2307 ,
1024 2230 1141 2293 nisi
1182 2233 1247 2293 iu
1276 2232 1402 2294 Deo
1432 2232 1569 2313 ipso
1588 2279 1609 2308 ,
1639 2252 1765 2293 non
1796 2240 2000 2311 potest
2025 2251 2134 2294 va-

576 2327 721 2388 riari
739 2328 897 2387 circa
919 2332 1240 2388 creaturas
1264 2327 1411 2405 quin
1433 2326 1709 2387 varietur
1732 2326 1891 2388 circa
1910 2328 2128 2387 Deum.

574 2422 790 2499 Neque
824 2418 1011 2481 etiam
1042 2419 1253 2489 refert,
1281 2419 1332 2479 si
1364 2419 1604 2481 dicatur
1631 2420 1855 2479 variari
1877 2420 2134 2497 quidem

572 2514 736 2575 circa
765 2514 987 2585 Deum,
1022 2530 1275 2592 semper
1312 2520 1525 2573 tamen
1564 2531 1707 2575 cum
1736 2512 1963 2591 aequali
1989 2530 2135 2593 per-

570 2608 863 2681 sectione,
888 2606 1176 2686 quamvis
1206 2606 1267 2667 in
1300 2607 1517 2667 ordine
1548 2606 1630 2667 ad
1658 2606 1934 2667 diversas
1959 2625 2136 2668 crea-

574 2707 747 2761 turas
771 2748 785 2772 ,
812 2708 947 2761 tum
979 2699 1129 2777 quia
1168 2700 1291 2759 hoc
1324 2700 1526 2779 ipsum
1560 2705 1728 2761 esset
1754 2716 1985 2776 magna
2016 2699 2132 2759 im-

574 2792 870 2872 perfectio
894 2792 960 2851 in
989 2790 1101 2851 tali
1128 2790 1368 2853 visione
1393 2814 1409 2863 ;
1440 2797 1573 2853 tum
1597 2792 1783 2853 etiam
1806 2792 1977 2870 quia,
2007 2810 2130 2871 qua

570 2886 814 2947 ratione
842 2890 1051 2964 posset
1067 2884 1189 2945 hoc
1214 2884 1401 2945 modo
1430 2884 1677 2955 variari,
1706 2892 1918 2965 posset
1942 2884 2128 2945 etiam

571 2977 813 3040 intendi
863 2986 926 3039 et
970 2976 1237 3050 remitti;
1288 2996 1398 3037 cur
1446 2977 1613 3037 enim
1671 2976 1881 3055 quoad
1931 2995 2126 3037 unum

572 3071 989 3149 subjiceretur
1014 3070 1319 3131 voluntati
1348 3069 1639 3143 videntiS,
1667 3076 1731 3130 et
1756 3087 1886 3129 non
1914 3070 2127 3149 quoad

572 3163 782 3225 ahud?

630 3261 728 3321 30.
746 3256 923 3331 Quod
940 3275 1085 3317 vero
1104 3256 1357 3336 quidam
1377 3255 1613 3330 dicunt,
1628 3274 1805 3335 posse
1820 3254 2124 3318 visionem

570 3351 740 3412 illam
777 3348 1128 3410 successive
1156 3349 1381 3409 variari
1413 3369 1489 3410 ex
1522 3358 1697 3428 parte
1729 3350 1980 3429 objecti,
2015 3368 2128 3410 seu

568 3450 997 3505 ereaturarum
1020 3442 1434 3521 cognitarum,
1450 3440 1617 3502 nulla
1646 3441 1807 3503 facta
1833 3442 2127 3504 mutatio-

568 3556 646 3599 ne
678 3538 738 3597 in
769 3536 925 3615 ipsa,
951 3536 1211 3614 intelligi
1242 3555 1369 3596 non
1394 3538 1621 3615 potest,
1646 3535 1816 3615 quia,
1840 3541 1910 3598 ut
1936 3536 2124 3599 variae

566 3636 864 3693 creaturoe
893 3634 1380 3709 cognoscantur,
1427 3630 1781 3690 necessaria
1812 3636 1907 3690 est
1946 3630 2118 3691 varia

563 3725 1058 3805 repraesentatio,
1076 3722 1287 3783 varius
1316 3720 1573 3783 effectus
1601 3721 1903 3799 formalis,
1927 3730 2116 3803 atque

564 3818 723 3880 adeo
769 3817 941 3877 varia
969 3815 1266 3895 perfectio
1296 3815 1666 3893 cognitionis
1694 3862 1707 3889 ‚
1737 3834 1810 3876 ac
1842 3816 2116 3896 denique

562 3912 708 3993 quia
738 3911 871 3972 sine
901 3908 1244 3969 mutatione
1273 3908 1536 3989 alicujus
1565 3910 1823 3970 extremi
1854 3930 1981 3971 non
2010 3931 2118 3991 po-

561 4011 681 4067 test
714 4004 973 4082 intelligi
1008 4003 1179 4062 varia
1208 4001 1510 4062 habitudo
1542 4008 1603 4063 et
1633 4003 1931 4081 cognitio·
1968 4004 2116 4066 Ulti-

563 4117 665 4159 mo
692 4096 1119 4165 confirmatur,
1164 4094 1311 4173 quia
1340 4093 1441 4155 hic
1469 4101 1645 4155 actus
1674 4096 1934 4175 primns,
1989 4116 2114 4176 quo

562 4191 771 4252 anima
800 4189 1018 4251 Christi
1049 4188 1275 4250 dicitur
1308 4206 1688 4269 cognoscere
1736 4192 1968 4267 omnia,
2012 4192 2114 4253 vel

562 4291 655 4346 est
685 4284 818 4363 ipsa
846 4283 1001 4342 visio
1029 4280 1129 4360 (ut
1154 4280 1400 4342 dicebat
1419 4283 1699 4358 Scotus)‚
1724 4289 1786 4343 et
1808 4282 1929 4363 hoc
1961 4303 2109 4359 non,

562 4384 630 4438 ut
676 4376 1007 4437 efficaciter
1060 4372 1305 4434 videtur
1358 4373 1690 4453 probatum
1711 4420 1728 4447 ,
1782 4376 2113 4438 referendo

561 4470 697 4550 ejus
740 4466 1104 4549 opinionem
1125 4510 1146 4541 ‚
1177 4465 1325 4545 quia
1358 4465 1507 4527 visio
1536 4468 1671 4545 ipsa
1700 4468 2115 4531 essentialiter

559 4569 653 4624 est
708 4568 883 4622 actus
940 4558 1291 4631 secundus3
1344 4559 1513 4620 unde
1563 4561 1863 4640 quamdiu
1892 4558 2111 4624 eadem

561 4654 817 4715 omnino
849 4652 1175 4713 immutata
1226 4655 1461 4727 manet,
1496 4651 1719 4715 eodem
1746 4654 1935 4715 modo
1967 4674 2113 4716 con·

560 4748 754 4810 stituit
780 4746 1100 4807 videntem
1128 4746 1192 4805 in
1222 4750 1364 4806 actu
1396 4746 1694 4823 secundo,
1734 4754 1795 4808 et
1824 4756 2108 4827 respectu

557 4840 837 4921 ejusdem
864 4858 879 4914 3
916 4838 1084 4917 quod
1124 4838 1177 4898 si
1204 4836 1439 4917 aliquid
1468 4856 1580 4919 per
1618 4859 1758 4900 cam
1790 4840 1994 4902 denno
2022 4843 2111 4903 vi-

556 4934 833 4995 dendum
865 4938 979 5007 est,
1005 4930 1234 5009 aliquid
1260 4930 1319 4990 ei
1349 4930 1497 4991 addi
1525 4939 1791 5011 oportet,
1816 4941 1884 4996 ut
1910 4955 2111 5015 nuper

557 5029 891 5106 probatum
921 5030 1035 5086 est.
1062 5022 1172 5082 Vel
1200 5022 1299 5083 hio
1326 5027 1499 5084 actus
1529 5026 1768 5103 primus
1790 5032 1883 5088 est
1904 5028 2107 5107 ipsum

553 5120 771 5180 lumen
802 5120 1034 5198 glories,
1062 5119 1123 5176 et
1152 5114 1271 5178 hoc
1298 5123 1502 5195 potest
1527 5116 1857 5197 dupliciter
1880 5120 2106 5182 intelli·

551 5212 638 5291 gi.
674 5212 904 5285 Prima,
938 5207 1103 5290 quod
1131 5209 1346 5269 lumen
1376 5209 1587 5290 gloriae
1615 5212 1695 5272 sit
1724 5230 1801 5272 ex
1839 5230 1905 5273 se
1930 5214 2106 5273 suffi-

550 5306 722 5369 ciens
746 5304 829 5365 ad
847 5302 1110 5365 videnda
1135 5301 1319 5363 simul
1339 5304 1550 5363 omnia
1573 5322 1711 5383 quae
1736 5306 1937 5365 inDeo
1961 5325 2106 5368 con·

551 5398 827 5461 tinentur
850 5445 863 5469 ‚
896 5396 1037 5456 licet
1074 5413 1205 5455 non
1246 5394 1480 5457 habeat
1524 5397 1589 5457 in
1644 5400 1854 5459 anima
1884 5399 2104 5463 Christi

552 5498 756 5553 actum
794 5488 1217 5566 adaequatum.
1257 5488 1331 5549 Et
1360 5488 1459 5550 hic
1489 5508 1712 5551 sensus
1744 5500 1835 5554 est
1868 5494 2060 5555 falsus
2085 5542 2100 5567 ,

1754 404 1763 411 .
1849 362 2084 427 Quaesr.
2101 338 2176 415 iz.
2209 363 2408 416 Anne.
2441 364 2521 417 tv.

2225 465 2355 522 tum
2381 462 2525 540 quia
2554 462 2838 541 sequitur
2865 449 3018 525 illud
3038 460 3272 524 lumen
3295 474 3441 519 esse
3467 459 3754 545 infinitum,

2223 558 2291 615 ut
2319 554 2560 615 ostendi
2587 576 2602 628 ς
2643 560 2774 617 tum
2819 554 3010 617 etiam
3059 553 3218 634 quia
3269 550 3560 630 sequitur
3584 555 3753 624 lumen

2222 646 2376 708 illud
2422 666 2558 709 esse
2605 646 2924 711 sufficiens
2984 647 3064 709 ad
3115 646 3754 727 comprehendendum

2221 741 2442 817 Deum,
2490 743 2711 802 saltem
2753 740 3108 813 extensive;
3152 746 3304 801 tum
3347 738 3617 819 denique
3641 750 3754 823 quia

2222 834 2504 914 sequitur
2529 852 2656 895 non
2697 834 2935 895 habere
2966 841 3182 897 actum
3227 832 3632 913 adaequatum
3661 856 3756 903 suae

2218 928 2427 991 virtuti
2463 934 2756 1008 respectu
2785 928 3041 989 visionis
3085 928 3202 989 Dei
3231 972 3250 1001 ‚
3285 928 3578 1005 quamvis
3620 930 3754 994 illum

2219 1021 2451 1083 habere
2486 1021 2682 1101 possit
2697 1037 2718 1097 3
2743 1020 2914 1099 quod
2941 1021 3076 1083 sine
3103 1020 3541 1082 fundamento
3568 1020 3758 1087 dicere-

2219 1119 2342 1188 tur,
2373 1133 2518 1175 cum
2545 1114 2628 1175 ad
2663 1114 3114 1194 perfectionem
3137 1131 3282 1175 non
3307 1112 3639 1194 pertineat,
3673 1119 3755 1179 sed

2217 1207 2426 1287 potius
2464 1207 2546 1268 ad
2587 1206 2903 1270 defectum
2945 1205 3390 1287 perfectionis
3429 1206 3566 1267 Alio
3605 1210 3753 1273 modo

2218 1298 2282 1359 id
2311 1299 2566 1379 intelligi
2599 1307 2827 1380 potest,
2848 1300 2994 1380 quia
3025 1298 3395 1363 successive
3437 1306 3632 1379 potest
3649 1306 3752 1364 ani-

2216 1408 2318 1452 ma
2345 1391 2564 1454 Christi
2603 1393 2829 1457 eodem
2853 1394 3090 1457 lumine
3120 1392 3246 1455 has
3278 1392 3384 1455 vel
3413 1392 3557 1453 illas
3591 1412 3677 1455 res
3707 1398 3752 1457 iu

2214 1485 2422 1547 Verbo
2451 1486 2699 1561 viclere3
2737 1494 2800 1551 et
2821 1486 2942 1549 hoc
2971 1506 3100 1549 non
3123 1486 3286 1549 satis
3312 1491 3438 1559 est,
3465 1486 3628 1565 quia,
3645 1486 3752 1552 licet

2214 1578 2456 1655 demus,
2480 1580 2706 1643 eodem
2727 1580 2968 1643 lumine
2990 1580 3202 1661 gloriae
3233 1598 3370 1661 quo
3393 1580 3602 1640 anima
3621 1580 3753 1643 Chri·

2215 1670 2292 1733 sti
2321 1692 2488 1736 nuuc
2517 1673 2686 1736 videt
2712 1674 2954 1755 aliquas
2997 1676 3335 1737 creaturas
3381 1672 3450 1733 in
3497 1672 3634 1749 Dee,
3663 1694 3750 1755 po-

2215 1764 2404 1827 tuisse
2434 1766 2645 1831 videre
2675 1768 2850 1842 alias,
2871 1774 2934 1830 et
2967 1787 3092 1830 non
3123 1768 3310 1841 istae,
3343 1772 3410 1829 et
3441 1764 3530 1827 sic
3556 1767 3614 1827 in
3643 1768 3752 1830 infi-

2216 1860 2416 1921 nitum
2459 1860 2551 1942 (id
2597 1860 2768 1939 quod
2817 1862 3005 1924 etiam
3032 1862 3358 1923 incertum
3416 1866 3544 1933 est,
3573 1864 3628 1921 et
3660 1860 3749 1921 sub

2215 1952 2572 2032 opinione),
2602 1962 2814 2017 tamen
2863 1957 2983 2017 hoc
3029 1972 3240 2034 neque
3275 1954 3494 2033 arguit
3519 1953 3752 2034 singula·

2214 2063 2350 2106 rem
2391 2046 2839 2125 perfectionem
2880 2048 2941 2109 in
2991 2048 3093 2109 illa
3127 2046 3404 2109 scientia
3427 2092 3444 2119 ,
3478 2044 3586 2107 sed
3613 2066 3748 2107 eom-

2214 2158 2406 2201 mune
2429 2140 2560 2201 fere
2584 2147 2676 2203 est
2704 2140 2993 2202 omnibus
3017 2140 3246 2215 beatiS,
3275 2158 3495 2219 neque
3525 2140 3660 2200 satis
3679 2148 3748 2201 est

2215 2240 2284 2295 ut
2299 2233 2540 2295 dicatur
2557 2235 2763 2295 omnia
2782 2235 2939 2296 scire
2957 2234 3018 2295 in
3037 2239 3182 2295 actu
3197 2234 3440 2314 prium,
3455 2232 3626 2307 sicut,
3639 2232 3745 2295 lieet

2217 2325 2437 2389 eodem
2485 2327 2726 2388 lumine
2766 2325 3175 2389 intellectuali
3199 2326 3410 2407 possit.
3433 2324 3572 2405 quis
3593 2344 3749 2405 quas-

2217 2437 2486 2498 cumque
2518 2438 2620 2482 res
2648 2438 3030 2502 cognoscere
3052 2468 3066 2495 ,
3121 2440 3251 2482 non
3305 2427 3526 2483 tamen
3569 2437 3747 2481 omnes

2216 2514 2332 2577 scit
2359 2515 2422 2575 in
2452 2521 2594 2577 actu
2627 2514 2827 2595 primo
2849 2561 2866 2591 ,
2897 2516 3047 2595 quia
3087 2534 3216 2577 nou
3275 2513 3566 2575 omnium
3595 2512 3748 2574 hahet

2215 2608 2479 2686 species,
2523 2626 2733 2689 neque
2786 2615 2881 2670 est
2931 2609 2991 2671 in
3047 2608 3336 2689 potentia
3377 2606 3669 2689 proxima,
3697 2612 3741 2667 ut

2213 2702 2429 2781 possit,
2458 2720 2602 2763 cum
2632 2701 2800 2775 velit,
2821 2702 2938 2763 has
2961 2702 3060 2763 vel
3088 2702 3227 2763 illas
3257 2721 3368 2765 res
3395 2700 3744 2780 contempla-

2211 2791 2300 2865 ri;
2325 2799 2386 2853 at
2415 2812 2562 2856 vero
2579 2792 2933 2856 intellectus
2957 2794 3182 2857 animae
3203 2794 3464 2867 Christi,
3489 2792 3742 2855 informa-

2213 2892 2312 2948 tus
2341 2886 2460 2947 hoc
2487 2885 2749 2961 lumine,
2780 2905 2908 2948 non
2939 2894 3034 2949 est
3071 2887 3156 2948 ita
3189 2889 3486 2968 proxime
3521 2885 3741 2965 disposi-

2211 2984 2312 3039 tus
2339 2978 2421 3039 ad
2448 2980 2957 3059 cognoscendum
2989 2980 3050 3040 in
3075 2986 3220 3042 actu
3251 2977 3538 3041 secundo
3568 2979 3738 3039 omnia

2207 3070 2556 3150 possibilia,
2597 3072 2784 3133 etiam
2821 3073 3199 3149 successive,
3232 3073 3388 3153 quia
3434 3071 3737 3133 nonhabet

2205 3164 2454 3243 propi-le
2498 3165 2738 3243 species
2785 3183 2996 3226 rerum
3030 3166 3313 3226 omnium
3347 3166 3416 3225 in
3445 3164 3651 3227 ordine
3676 3160 3736 3221 ad

2204 3255 2368 3317 hanc
2389 3256 2734 3330 scientiam,
2755 3276 2962 3337 neque
2991 3259 3332 3320 essentiam
3364 3257 3630 3319 divinam
3650 3273 3736 3335 per

2209 3350 2468 3412 modum
2497 3350 2730 3431 speciei
2757 3346 2996 3413 unitam
3020 3398 3036 3427 ‚
3069 3352 3187 3413 nisi
3215 3352 3280 3412 in
3312 3350 3535 3411 ordine
3573 3348 3646 3409 ad
3669 3354 3736 3408 ta-

2206 3440 2334 3503 lem
2361 3443 2618 3504 modum
2663 3444 2918 3506 videndi
2947 3445 3183 3525 ipsam;
3218 3444 3391 3505 unde
3423 3461 3539 3503 nec
3565 3444 3733 3520 potest

2207 3553 2319 3598 suo
2351 3536 2602 3597 arbitrio
2631 3556 2733 3600 res
2761 3538 2917 3598 alias
2944 3557 3059 3617 per
3080 3538 3257 3598 illam
3287 3536 3592 3598 visionem
3613 3550 3732 3593 con-

2205 3630 2494 3709 templari
2513 3647 2533 3707 3
2572 3649 2745 3712 erge.

2279 3726 2380 3785 31.
2408 3722 2556 3785 Dico
2583 3725 2761 3787 tertio
2787 3744 2801 3787 :
2834 3725 3046 3787 anima
3071 3722 3300 3787 Christi
3323 3722 3498 3786 videt
3521 3722 3584 3783 in
3611 3719 3730 3778 Ver·

2200 3813 2279 3876 bo
2309 3815 2516 3895 aliqua
2544 3836 2618 3877 ex
2634 3818 2820 3879 rebus
2841 3818 3242 3899 possibilibus
3262 3836 3408 3898 quse
3438 3828 3727 3893 nunquam

2201 3914 2402 3970 erunt.
2428 3908 2686 3971 Videtur
2715 3916 2881 3972 certa
2915 3914 2977 3972 et
3006 3914 3358 3974 communis
3407 3906 3725 3975 conclusi0;

2198 4008 2255 4063 et
2288 4020 2428 4063 eam
2462 4022 2752 4083 expresse
2779 4006 3047 4067 affirmat
3077 4008 3146 4066 D.
3179 4006 3457 4067 Thomas
3486 4004 3602 4067 hic,
3631 4004 3724 4059 art·

2196 4097 2258 4170 2,
2283 4102 2343 4156 et
2363 4101 2567 4175 potest
2589 4096 2799 4177 aliquo
2819 4098 3007 4159 modo
3028 4098 3279 4179 probari
3306 4118 3384 4160 ex
3412 4097 3518 4159 illo
3537 4092 3724 4156 Matth.

2197 4192 2296 4265 11,
2332 4196 2393 4250 et
2430 4190 2576 4253 Luc.
2613 4195 2689 4253 10
2720 4213 2734 4251 :
2782 4190 2862 4257 Sa·
2892 4193 2959 4255 in
2999 4192 3164 4273 Tyro
3207 4198 3262 4255 et
3315 4192 3540 4257 Sidone
3570 4192 3728 4267 faccee

2195 4288 2386 4346 essent
2412 4286 2693 4359 virtutes,
2725 4291 2841 4347 etc.
2870 4308 2889 4362 3
2921 4285 3028 4347 ubi
3077 4286 3354 4348 Christus
3385 4284 3615 4347 revelat
3641 4278 3728 4341 ali-

2195 4374 2343 4454 quid
2372 4376 2686 4453 possibile,
2715 4378 2886 4457 quod
2915 4378 3133 4440 fuisset
3151 4380 3434 4440 futurum
3455 4378 3520 4437 in
3547 4392 3616 4436 eo
3643 4390 3725 4433 ca-

2195 4486 2292 4545 su,
2317 4469 2486 4547 quod
2535 4476 2744 4533 tamen
2796 4472 3079 4535 absolute
3106 4473 3388 4535 futurum
3431 4482 3724 4547 nunquam

2192 4561 2335 4635 fuit3
2375 4562 2519 4624 facit
2547 4564 2701 4625 illud
2719 4564 2936 4627 Matth.
2964 4568 3080 4629 26:
3107 4568 3360 4631 Possum
3388 4582 3600 4647 roffam
3622 4560 3722 4621 Pa-

2193 4660 2365 4729 trem,
2392 4662 2510 4718 etc.
2545 4658 2635 4718 Ex
2676 4658 2903 4737 quibus
2929 4659 3082 4721 locis
3111 4662 3442 4741 colligitur,
3476 4658 3722 4720 animam

2193 4748 2411 4810 Christi
2429 4750 2561 4810 haec
2573 4752 2894 4829 possibilia
2911 4756 3303 4832 cognovisse,
3323 4755 3434 4816 sed
3451 4770 3570 4813 non
3599 4763 3722 4807 con-

2193 4842 2457 4905 vincitur
2492 4843 2725 4905 vidisse
2763 4844 2869 4905 illa
2904 4847 2967 4906 in
2987 4846 3217 4923 VerbO,
3245 4849 3544 4928 potuisset
3575 4839 3719 4902 enim

2191 4938 2296 4998 illa
2325 4941 2484 5001 scire
2512 4940 2772 5002 scientia
2802 4942 3004 5003 infusa
3029 4963 3045 5016 ;
3076 4944 3144 5004 fit
3170 4951 3383 5006 tamen
3411 4936 3718 5025 probabilis

2189 5033 2574 5111 conjectura,
2607 5036 2794 5095 etiam
2827 5036 3084 5097 scientia
3113 5038 3317 5111 beata,
3338 5055 3477 5117 quae
3505 5032 3717 5115 perfec-

2186 5123 2422 5185 tissima
2449 5131 2567 5200 est,
2596 5124 2699 5187 illa
2729 5129 3119 5208 cognovisse.
3154 5130 3242 5190 Ex
3269 5128 3523 5193 articulo
3551 5124 3713 5189 etiam

2190 5218 2569 5307 secundo-D.
2601 5220 2821 5282 Thom.
2881 5223 3148 5283 sumitur
3199 5224 3334 5285 haec
3384 5221 3557 5293 ratio,
3587 5214 3710 5297 quia

2187 5311 2386 5373 multa
2409 5318 2673 5391 possunt
2699 5313 2834 5375 fieri
2862 5334 2898 5375 a
2919 5322 3227 5390 creatura,
3251 5336 3389 5397 quse
3417 5326 3708 5392 nunquam

2190 5404 2376 5477 fient3
2413 5406 2525 5467 sed
2551 5406 2761 5469 anima
2790 5408 3012 5473 Christi
3033 5410 3278 5472 videbat
3303 5410 3365 5471 in
3381 5408 3572 5471 Verbo
3595 5420 3708 5466 om·

2185 5498 2288 5557 nia
2317 5516 2453 5577 quac
2479 5506 2623 5563 sunt
2650 5500 2712 5591 in
2741 5506 3020 5583 potentia
3045 5508 3364 5581 creaturae,
3396 5502 3535 5582 quia
3563 5512 3707 5559 eom-
