3892 6167
1523 324 1715 381 INDEX
1743 324 1976 383 mnu.

96 430 309 485 Gratia
322 428 536 496 capitis
554 431 637 480 est
648 424 985 493 principium
1000 424 1247 479 merendi
1262 424 1405 490 aliia,
1420 424 1475 478 (1.
1498 428 1579 485 28,
1599 438 1642 477 s.
1664 428 1711 475 2.

100 506 308 559 Gratia
343 503 589 559 unionis
619 508 673 555 et
700 502 872 567 gratia
895 502 1187 555 habitualis
1202 507 1374 568 potest
1398 501 1509 555 dici
1536 499 1715 565 gratia

170 581 428 648 capitis,
453 580 549 635 sed
568 579 783 633 diversa
816 578 1043 643 ratione,
1075 577 1148 631 ib.

105 658 312 711 Gratia
339 656 550 723 capitis
582 653 791 708 Christo
814 654 889 706 ita
922 654 1140 720 propria
1161 658 1259 718 est,
1283 657 1343 707 ut
1364 666 1487 707 cum
1520 653 1711 707 eadem

174 732 551 799 perfectione
566 730 705 785 nulli
716 740 868 797 purte
887 734 1145 783 creaturae
1168 728 1561 793 communicari
1584 742 1711 791 pos—

180 809 279 872 sit,
322 808 414 861 ib.

112 884 311 937 Gratia
336 896 459 950 qua
478 883 688 937 ratione
709 881 1013 948 specialiter
1034 881 1377 949 participatio
1393 880 1597 935 divinae
1612 892 1712 932 na-

182 966 341 1012 turae
377 959 618 1022 dicatur,
650 958 707 1011 d.
733 962 816 1021 27,
849 971 893 1009 S.
919 962 969 1009 1.

116 1036 331 1089 Gratiae
355 1047 557 1089 omnes
579 1040 633 1087 et
662 1034 1099 1101 supernaturalia
1114 1034 1277 1097 dona,
1303 1042 1427 1099 quae
1452 1031 1509 1085 in
1530 1030 1717 1085 Eccle-

184 1113 277 1165 sia
296 1112 805 1177 conferuntur-‚sper
824 1110 1021 1165 christi
1048 1110 1439 1165 humanitatem
1458 1114 1717 1173 tanquam

186 1201 296 1254 per
321 1188 757 1241 instrumentum
790 1186 1049 1251 conferri,
1072 1185 1205 1241 satis
1231 1185 1321 1253 pie
1342 1190 1396 1239 et
1418 1182 1719 1251 probabili-

188 1272 279 1319 ter
300 1265 469 1319 credi
504 1268 692 1331 potest,
716 1264 773 1317 (1.
794 1268 875 1327 31,
898 1276 941 1315 s.
973 1268 1029 1313 3.

123 1341 335 1393 Gratiae
360 1341 521 1395 solus
546 1342 687 1393 Deus
728 1343 901 1407 potest
939 1351 1055 1393 csse
1086 1350 1249 1393 causa
1277 1337 1617 1405 principalis,
1665 1342 1719 1389 et

194 1430 405 1483 quare,
426 1417 482 1470 d.
510 1422 591 1479 30,
625 1431 668 1469 S.
694 1422 744 1469 2.

136 1494 321 1547 Gratia
371 1493 667 1553 hominum
712 1493 987 1560 quomodo
1038 1492 1109 1546 sit
1158 1491 1501 1559 participatio
1530 1490 1717 1558 gratiae

196 1570 434 1635 Christi,
460 1570 516 1623 d.
555 1574 637 1634 31,
658 1584 703 1625 s.
736 1572 785 1623 ⁴.

130 1646 319 1699 Gratia
360 1648 583 1700 Patrum
616 1646 969 1713 antiquorum
996 1660 1067 1699 an
1088 1660 1123 1699 a
1152 1644 1350 1701 christi
1384 1645 1718 1701 humanitate

192 1723 527 1789 dependere
556 1724 805 1791 coeperit,
830 1724 1128 1788 dubitatur,
1159 1728 1215 1778 et
1240 1722 1529 1777 resolvitur
1550 1734 1719 1788 nega-

196 1799 337 1863 tive,
379 1814 421 1851 S.
458 1804 505 1851 8.

132 1874 327 1929 Gratia
368 1876 595 1929 unionis
620 1877 761 1930 sicut
792 1890 891 1943 per
917 1889 1083 1943 opera
1110 1889 1223 1930 non
1253 1880 1614 1941 comparatur,
1642 1874 1719 1927 ita

198 1964 311 2005 nec
341 1952 626 2018 corrumpi
655 1958 831 2019 potest
846 1954 987 2006 sicut
1006 1952 1180 2018 gratia
1205 1950 1517 2013 habitualis,
1548 1950 1622 2003 ib.

134 2030 211 2081 Ex
237 2029 429 2095 gratia
464 2028 727 2083 habituali
752 2042 921 2097 opera
946 2030 1141 2083 Christi
1170 2029 1411 2083 valorem
1440 2034 1496 2081 et
1521 2027 1719 2082 condi-

200 2106 481 2171 gnitatem
502 2106 813 2161 habuerunt
838 2108 909 2161 ad
936 2107 1211 2170 meritum,
1240 2108 1297 2159 (1.
1320 2112 1399 2169 39,
1424 2120 1466 2158 S.
1492 2110 1541 2157 1.
1576 2126 1583 2133 ·

139 2182 391 2235 Gratiam
410 2182 743 2237 habitualem
764 2183 1007 2237 Christus
1020 2182 1223 2244 ‚mereri
1244 2182 1523 2249 potuisset,
1539 2182 1585 2235 si
1600 2192 1719 2234 eam

206 2260 409 2326 aliquo
435 2266 679 2325 tempore
703 2271 817 2312 non
838 2259 1131 2323 habuisset,
1156 2259 1195 2311 (1
1246 2264 1327 2324 41),
1363 2273 1405 2312 S.
1432 2263 1479 2311 1.

144 2337 337 2390 Gratia
358 2340 441 2389 est
461 2336 521 2388 in
556 2335 789 2389 msentia
817 2336 1036 2398 animae,
1062 2340 1115 2387 et
1131 2340 1477 2401 comparatur
1496 2334 1567 2387 ad
1586 2334 1725 2387 alios

214 2412 443 2466 habitus
478 2412 709 2477 infusos,
732 2418 795 2466 ut
820 2411 997 2465 forma
1018 2411 1345 2479 principalis
1377 2412 1449 2467 ad
1470 2424 1597 2465 suas
1624 2422 1725 2476 po-

219 2489 443 2550 tentiaS,
470 2503 513 2541 S.
536 2495 591 2541 2.

153 2565 343 2618 Gratia
374 2565 719 2619 sanctificans
740 2570 987 2633 respectu
1018 2563 1189 2619 nostri
1213 2564 1375 2619 datur
1390 2564 1574 2629 gratis,
1610 2576 1728 2617 res·

221 2646 383 2705 peetu
410 2641 608 2695 Christi
638 2641 793 2695 datur
825 2641 986 2695 nobis
1010 2639 1242 2706 justitia,
1263 2640 1321 2692 d.
1350 2642 1431 2703 41,
1458 2654 1503 2693 s.
1522 2644 1569 2692 1.

160 2715 357 2769 Gratiae
376 2724 733 2783 augmentum
748 2722 803 2771 et
822 2716 1027 2783 gloriae,
1052 2720 1107 2769 et
1130 2728 1323 2771 omnes
1348 2720 1499 2769 actus
1528 2716 1731 2782 quibus

226 2792 381 2845 illam
412 2806 705 2857 meremur,
730 2797 859 2847 sunt
886 2806 955 2845 ex
973 2792 1183 2845 meritis
1205 2792 1422 2857 Christi,
1452 2806 1495 2845 S.
1522 2797 1571 2844 3.

158 2868 341 2921 Gratia
368 2882 479 2935 qua
516 2872 657 2924 Deus
682 2869 799 2923 vuit
836 2869 983 2923 dona
1008 2881 1109 2922 sua
1140 2881 1257 2922 esse
1295 2868 1493 2921 merita
1527 2876 1727 2933 nostra,

232 2951 453 3011 propter
476 2946 669 2999 merita
694 2944 893 2999 Christi
918 2945 1083 3000 nobis
1113 2945 1409 3008 confertur,
1440 2944 1518 2997 ib.

168 3021 352 3075 Gratia
371 3022 663 3077 habitualis
688 3034 803 3077 non
824 3028 1002 3090 potest
1030 3022 1183 3075 uniri
1215 3022 1405 3076 divino
1434 3023 1731 3113 supposito,

239 3097 347 3148 nisi
370 3098 551 3151 media
566 3098 917 3158 humanitate,
944 3098 997 3151 d.
1027 3102 1107 3161 19,
1136 3110 1179 3151 s.
1204 3104 1253 3149 2.

180 3170 359 3225 Gratia
378 3173 599 3227 unionis
614 3174 1016 3228 communicata
1032 3174 1243 3228 Christo
1264 3173 1486 3227 alterius
1506 3173 1735 3226 rationis

242 3254 320 3301 est
350 3260 380 3300 a
408 3249 579 3315 gratia
604 3250 843 3305 filiorum
878 3250 1277 3317 adoptivorum,
1310 3248 1387 3301 ib.

240 3324 371 3377 Vide
402 3326 643 3380 Meritum
667 3368 680 3392 ,
714 3326 969 3381 Liberum
1012 3324 1299 3381 arbitrium
1319 3363 1333 3389 ,
1374 3323 1733 3377 Praedcstina-

238 3401 327 3453 110.

548 3741 766 3781 (πωπω.
808 3742 1013 3781 (ιω-(τε
1046 3742 1097 3780 m
1129 3740 1351 3780 cantero.

177 3857 397 3912 Habitus
422 3857 813 3912 intellectuales
834 3857 971 3924 quid
990 3856 1103 3910 sint
1124 3856 1181 3909 in
1194 3854 1423 3919 christo,
1444 3854 1499 3908 d.
1514 3857 1595 3915 at,
1620 3868 1665 3907 s.
1686 3858 1735 3908 t.

176 3935 398 3990 Habitus
429 3935 673 3989 scientiae
691 3936 802 3989 duo
822 3933 1075 3997 includit,
1098 3938 1285 3999 etquae
1306 3936 1435 3985 sunt
1450 3931 1563 3997 illa,
1580 3931 1634 3985 (1.
1652 3936 1731 3998 38,

244 4026 285 4063 S.
317 4018 363 4075 a,

181 4089 323 4142 inter
342 4089 589 4143 habiturn
609 4093 663 4143 et
682 4088 871 4142 lumen
901 4086 1145 4140 infusum
1168 4084 1322 4138 nulla
1348 4088 1427 4137 cst
1460 4083 1737 4139 distinctio

249 4164 303 4215 in
334 4164 565 4217 scientia
590 4164 790 4227 infusa,
812 4165 869 4217 d.
897 4167 979 4227 29,
998 4177 1043 4216 s.
1067 4167 1117 4215 2.

185 4240 403 4292 Habitus
432 4240 559 4293 fidei
585 4253 696 4293 non
717 4239 945 4307 requirit
963 4240 1147 4292 lumen
1168 4250 1226 4290 se
1250 4237 1587 4299 distinctum,
1612 4238 1687 4289 ib.

188 4316 403 4369 Habitus
422 4329 521 4383 per
541 4328 599 4369 se
628 4317 839 4370 infusus
859 4316 1021 4369 datus
1046 4320 1127 4367 est
1150 4313 1381 4377 Christo,
1406 4313 1627 4366 elevans
1650 4314 1739 4366 in·-

250 4392 517 4447 telleetum
548 4395 667 4459 ejus
698 4394 768 4447 ad
800 4399 951 4448 actus
976 4392 1219 4447 scientiae
1241 4390 1455 4453 infusae,
1482 4389 1553 4442 ib.

191 4469 407 4522 Habitus
428 4481 539 4523 non
570 4475 651 4522 est
671 4470 1007 4523 necessarius
1024 4468 1229 4536 Angelo
1244 4468 1314 4521 ad
1334 4470 1487 4521 actus
1504 4466 1744 4520 scientiae

255 4550 440 4609 praeter
458 4546 683 4611 specieS,
712 4545 787 4598 ib.

190 4622 405 4674 Habitus
438 4634 551 4675 non
578 4626 707 4675 sunt
725 4626 801 4675 tot
823 4626 955 4686 quot
980 4619 1191 4685 species
1209 4616 1599 4683 intelligibiles,
1636 4616 1710 4669 ib.

192 4697 407 4750 Habitus
427 4697 737 4764 operativus
765 4708 880 4749 non
900 4701 980 4748 est
1006 4694 1357 4762 productivus
1388 4694 1629 4758 alteriuS,
1651 4693 1747 4747 sed

254 4772 472 4839 activuS,
502 4774 555 4828 d.
584 4778 663 4839 31,
692 4787 736 4826 s.
770 4776 815 4823 t.

194 4850 333 4903 Inter
352 4816 571 4904 habitus
590 4849 817 4903 vitiosos
848 4854 900 4901 et
926 4850 1136 4899 reatum
1156 4856 1335 4911 poenae
1359 4856 1482 4912 qnae
1499 4844 1571 4898 sit
1590 4842 1750 4897 diffe-

256 4926 423 4979 rentia
453 4926 525 4980 ob
562 4938 729 4992 quam
762 4924 1024 4977 indecens
1062 4921 1227 4975 fuerit
1264 4923 1433 4974 Deum
1466 4930 1741 4973 assumere

255 5008 496 5056 naturam
525 5002 637 5055 illis
662 5000 976 5057 obnoxiam,
1012 5003 1068 5050 et
1092 5009 1205 5050 non
1233 4998 1381 5061 huic,
1414 4996 1469 5049 (1.
1506 5000 1587 5061 33,
1621 5009 1665 5048 s.
1690 5001 1740 5049 2.

194 5079 405 5131 Habitus
417 5091 517 5132 cur
528 5078 963 5145 possintiuterse
980 5073 1215 5125 univoce
1224 5072 1539 5135 convenire,
1556 5084 1748 5136 quam-

254 5154 337 5207 vis
362 5155 571 5219 objecta
590 5155 833 5220 ipsorum
860 5149 948 5205 vel
974 5152 1193 5202 actuum
1224 5147 1505 5213 analogice
1538 5151 1746 5199 tantum

258 5231 597 5294 conveniant,
628 5231 682 5284 d.
710 5235 793 5293 St,
829 5242 873 5281 S.
906 5232 953 5278 3.

198 5308 417 5359 Hoeresis
440 5320 507 5360 ex
546 5307 731 5361 verbis
752 5304 1063 5360 inordinate
1094 5299 1318 5367 prolatis
1352 5299 1669 5363 incurritur,
1692 5298 1747 5351 (1.

263 5387 335 5443 35,
362 5396 405 5435 S.
434 5388 479 5435 k.

260 5460 331 5509 ne
360 5457 655 5521 haereticiS,
688 5458 815 5512 vide
848 5458 905 5511 in
940 5452 1181 5522 propriis
1216 5452 1471 5519 ipsorum
1505 5449 1749 5504 nomini·

264 5532 373 5586 buS.

3237 331 3354 393 699

2420 475 2731 514 annonam.

1794 574 2154 703 Hebdomades
2174 575 2399 630 nomine
2412 578 2468 631 in
2481 578 2755 646 Scriptura
2773 579 2909 647 quid
2921 580 3353 648 intelligendum,

1898 656 1985 715 .1,
2012 664 2053 703 s.
2092 657 2141 704 2.

1790 725 2172 792 Hebdomadae,
2199 727 2268 780 (10
2299 728 2503 794 quibus
2542 730 2732 783 Daniel
2765 730 3021 797 loquitur,
3061 744 3358 797 compone-

1856 803 2057 856 bantur
2081 816 2146 855 ex
2169 804 2334 857 annis
2351 805 2621 860 solaribus
2644 819 2758 859 non
2793 808 3096 873 lunaribus,
3125 807 3197 860 ib.

1857 878 2109 943 AEquales
2133 884 2187 932 et
2209 880 2486 935 continuae
2511 881 2752 948 fuerunt,
2780 884 2856 937 ib.

1859 957 2084 1019 Quando
2121 959 2340 1013 initium
2370 961 2680 1027 habuerint,
2717 962 2792 1015 ib.

1858 1034 1923 1087 Et
1949 1034 2171 1100 quando
2191 1036 2378 1101 finem,
2417 1037 2489 1088 ib.

2457 1180 2704 1220 uitulus,

1798 1293 2032 1347 Hilarius
2060 1306 2170 1349 non
2193 1294 2401 1361 putavit
2422 1296 2482 1349 in
2503 1292 2711 1349 christo
2735 1294 2948 1349 nullum
2969 1296 3209 1351 dolorem
3229 1297 3360 1351 fuis-

1859 1370 2217 1513 ἓῗιρῧέιῗῖιιῗ·
2233 1377 2354 1515 gius
2367 1448 2529 1513 dicta,
2551 1446 2753 1515 quibus
2779 1447 2870 1501 ille
2891 1448 3107 1503 videtur
3129 1449 3184 1502 in
3203 1450 3358 1503 Chri-

1861 1529 1944 1576 sto
1975 1522 2219 1577 dolorem
2249 1536 2466 1591 negare,
2491 1524 2563 1576 ib.

1860 1600 1977 1654 Non
2007 1606 2166 1669 negat
2188 1602 2245 1653 in
2276 1601 2485 1655 Christo
2510 1600 2676 1653 fuisse
2699 1600 2961 1666 dolorem,
3000 1604 3095 1655 sed
3117 1610 3362 1657 naturam

1862 1676 2086 1745 doloris,
2119 1678 2175 1731 id
2205 1684 2304 1742 est,
2328 1677 2504 1732 dolori
2541 1689 2640 1730 suo
2673 1677 2868 1732 merito
2892 1678 3205 1745 subjectam,
3230 1678 3304 1732 ib.

2313 1844 2468 1884 110110.
2499 1844 2638 1885 nouo
2673 1845 2847 1885 ruam.

1797 1958 1873 2011 Ex
1906 1958 2148 2011 hominis
2171 1958 2328 2026 lapsu
2358 1965 2477 2014 orta
2509 1962 2747 2015 maxima
2779 1963 3072 2017 necessitas
3107 1964 3366 2018 incarna-

1864 2034 2050 2096 tioniS,
2085 2035 2139 2087 (1.
2176 2040 2225 2097 3,
2247 2048 2291 2087 s.
2327 2041 2374 2087 3.

1800 2111 1970 2165 Homo
1989 2124 2176 2178 purus,
2205 2112 2558 2177 quantumvis
2577 2118 2814 2179 sanctuS,
2835 2126 2948 2167 non
2978 2114 3239 2181 potuisset
3257 2117 3368 2183 ple-

1867 2200 1937 2240 ne
1962 2193 2014 2243 et
2036 2187 2276 2255 perfecte
2293 2202 2394 2255 pro
2417 2188 2662 2242 hominis
2689 2195 2908 2255 peccato
2927 2191 3254 2257 satisfacere,
3291 2194 3367 2247 ib.

1802 2264 2050 2318 Hominis
2077 2265 2377 2331 redemptio
2397 2265 2634 2317 liberum
2661 2270 2744 2317 est
2773 2266 2867 2318 Dei
2891 2279 3046 2333 opus,
3069 2266 3120 2321 (1.
3147 2272 3194 2333 t,
3219 2281 3264 2323 s.
3286 2274 3335 2323 1.

1805 2340 2095 2394 Hominem
2130 2340 2326 2394 redimi
2361 2346 2572 2395 servato
2610 2340 2836 2407 justitiae
2868 2342 3077 2407 rigore,
3113 2354 3226 2397 non
3270 2344 3374 2397 fuit

1871 2417 2256 2479 necessarium,
2291 2417 2388 2469 sed
2421 2416 3019 2478 convenientissimum,
3053 2431 3098 2469 s·
3129 2423 3179 2468 2.

1806 2492 1976 2545 Homo
2009 2504 2106 2557 per
2137 2498 2416 2558 peccatum
2446 2492 2600 2557 quasi
2625 2491 2884 2545 venditus
2909 2498 3006 2555 est,
3038 2498 3096 2546 >et
3121 2494 3224 2547 sub
3257 2494 3374 2546 dae-

1872 2567 2056 2619 monis
2087 2570 2344 2633 potestate
2363 2568 2704 2629 constitutae,
2727 2580 2771 2629 s,
2795 2572 2842 2620 3.

1807 2642 2068 2695 Homines
2101 2644 2286 2709 plures
2317 2656 2434 2696 esse
2465 2642 2754 2697 salvandos
2783 2642 2843 2696 in
2871 2648 3013 2697 statu
3049 2646 3256 2696 naturoe
3289 2644 3372 2697 ia·

1872 2732 2008 2785 psae,
2038 2733 2204 2785 quam
2229 2720 2288 2773 in
2317 2724 2456 2773 statu
2487 2718 2816 2773 innocentiae
2851 2719 3139 2781 incertum,
3161 2734 3206 2772 S.
3234 2724 3281 2773 4.

1811 2794 1923 2857 Qua
1953 2794 2045 2849 via
2077 2796 2246 2861 possit
2276 2794 2532 2849 sustineri
2565 2795 2887 2857 declaratur,
2927 2794 3000 2848 ib.

1810 2870 2171 2935 ProbabiliuS,
2192 2877 2270 2926 tot
2289 2872 2405 2925 fore
2427 2872 2716 2925 salvendos
2739 2870 2799 2923 in
2821 2876 2964 2926 Statu
2985 2877 3194 2925 naturae
3213 2871 3376 2937 lapsoe

1875 2952 2011 3013 quot
2042 2948 2102 3001 in
2135 2954 2274 3001 statu
2301 2947 2653 3010 innocentiae,
2679 2946 2753 3000 ib.

1814 3024 1984 3077 Homo
2017 3024 2370 3089 quantumvis
2393 3023 2624 3077 naturali
2652 3023 2908 3077 servitute
2939 3024 3012 3077 sit
3041 3024 3136 3078 Dei
3169 3037 3372 3091 servuS,

1879 3106 2162 3153 esttamen
2183 3113 2349 3167 capax
2367 3100 2576 3168 proprii
2601 3099 2856 3163 dominii,
2881 3112 2924 3152 s.
2947 3104 2996 3150 5.

1814 3178 2126 3233 Humanum
2159 3190 2362 3243 genus3
2397 3178 2540 3231 sicut
2571 3177 2800 3231 offendit
2831 3177 2890 3229 in
2933 3190 3048 3231 uno
3091 3177 3380 3233 individuo

1879 3258 2088 3306 naturae
2119 3265 2252 3315 suae,
2275 3254 2350 3306 ita
2369 3254 2631 3306 satisfecit
2649 3265 2746 3318 per
2765 3252 2935 3317 aliud,
2957 3266 3004 3305 c.
3028 3260 3074 3305 6.

1815 3330 1986 3383 Homo
2017 3343 2188 3396 purus
2213 3344 2276 3382 ex
2311 3330 2550 3395 perfecta
2579 3328 2788 3395 justitia
2809 3342 2924 3383 non
2953 3334 3126 3396 potest
3145 3333 3256 3385 Deo
3287 3344 3380 3385 sa-

1878 3404 2150 3466 tisfacere,
2167 3418 2210 3457 S.
2235 3410 2282 3456 7.

1814 3480 2062 3533 Hominis
2093 3480 2218 3546 puri
2245 3492 2414 3546 opera
2439 3491 2554 3532 non
2587 3478 2790 3531 habent
2825 3479 3068 3533 valorem
3101 3481 3382 3537 sufficien-

1878 3559 1988 3608 tem
2019 3556 2090 3609 ad
2113 3555 2538 3609 satisfactionem
2569 3555 2800 3608 omnino
2821 3554 3108 3621 aequalem,
3125 3556 3202 3609 ib.

1816 3632 1880 3684 Et
1898 3632 2056 3684 unde
2077 3632 2182 3684 hoc
2201 3631 2427 3689 oriatur,
2462 3630 2534 3683 ib.

1816 3708 1985 3760 Homo
2017 3720 2190 3773 purus
2217 3706 2404 3760 minus
2429 3711 2604 3773 potest
2636 3718 2736 3773 pro
2766 3716 2824 3758 se
2855 3706 3184 3771 satisfacere,
3213 3722 3380 3773 quam

1882 3796 1982 3850 pro
2005 3783 2147 3848 aliis,
2176 3783 2250 3836 ib.

1820 3859 1991 3912 Homo
2023 3859 2164 3912 nihil
2187 3866 2366 3925 potest
2381 3858 2598 3925 operari
2625 3858 2774 3923 quod
2811 3859 2956 3924 apud
2993 3862 3158 3913 Deum
3185 3863 3384 3915 rondi-

1882 3947 2052 3999 gnum
2085 3935 2327 3988 valorem
2351 3935 2420 3988 ad
2443 3934 2696 3987 meritum
2719 3933 2804 3986 vel
2833 3934 3260 3989 satisfactionem
3283 3940 3380 3991 ha-

1882 4010 2024 4073 beat,
2055 4010 2164 4063 nisi
2199 4010 2364 4063 fuerit
2385 4010 2572 4063 vivum
2599 4009 2909 4062 membrum
2933 4010 3148 4075 christi,
3165 4026 3210 4064 s,
3237 4018 3316 4064 12.

1818 4088 1990 4139 Homo
2022 4086 2364 4140 satisfacitut
2381 4086 2688 4138 membrum
2724 4085 2938 4150 Christi,
2972 4088 3193 4151 quaudo
3225 4089 3388 4142 satis·-

1884 4163 2016 4216 facit
2041 4176 2138 4230 per
2167 4163 2398 4229 gratiam
2439 4167 2660 4230 propter
2683 4162 2954 4216 Christum
2988 4168 3282 4229 acceptam,
3305 4165 3384 4218 ib.

1821 4240 1992 4292 Homo
2015 4240 2063 4292 si
2098 4251 2210 4292 non
2245 4244 2535 4306 peccasset,
2567 4239 2793 4305 gratiam
2832 4243 2887 4291 et
2925 4238 3383 4295 immortalitatem

1886 4328 1983 4381 per
2003 4314 2170 4369 fldem
2192 4314 2385 4368 Christi
2412 4314 2706 4379 habuisset,
2731 4315 2784 4367 (1.
2809 4320 2858 4377 5,
2882 4328 2928 4367 s.
2961 4320 3008 4366 5.

1822 4392 1976 4455 Quod
1997 4392 2044 4444 si
2069 4393 2232 4445 homo
2253 4401 2364 4444 non
2396 4394 2684 4457 peccasset,
2706 4390 2850 4444 Deus
2877 4399 2995 4445 non·
3024 4389 3174 4444 fleret
3203 4392 3385 4456 homo,

1885 4481 1994 4534 quo
2028 4482 2194 4521 sensu
2225 4466 2298 4519 sit
2325 4480 2535 4532 verum,
2559 4466 2636 4520 ib.

1823 4546 1888 4597 Et
1912 4557 2024 4610 quo
2057 4544 2275 4606 falsum,
2301 4542 2377 4595 ib.

1825 4620 1996 4673 Homo
2017 4619 2238 4685 quando
2266 4631 2382 4673 non
2417 4618 2596 4684 potuit
2615 4617 2814 4670 mereri
2857 4618 3294 4671 incarnationem
3321 4620 3390 4672 dc

1888 4695 2186 4761 condigno,
2209 4694 2266 4748 d.
2287 4698 2370 4759 10,
2391 4708 2436 4746 s.
2457 4700 2505 4745 S.

1828 4772 1994 4823 Homo
2019 4769 2232 4823 caelestis
2261 4782 2362 4823 cur
2381 4769 2625 4823 Christus
2657 4769 2889 4827 dicatur,
2909 4770 2966 4819 et
2991 4766 3138 4819 homo
3159 4772 3396 4819 terrenus

1892 4846 2082 4905 Adam,
2113 4845 2168 4898 (1.
2205 4849 2252 4910 8,
2278 4860 2320 4897 S.
2358 4849 2407 4896 ⁴.

1820 4922 1990 4976 Homo
2019 4934 2157 4987 pure
2189 4919 2368 4974 viator
2392 4919 2670 4972 interdum
2705 4915 2907 4969 elevari
2942 4917 3205 4983 potestati
3227 4918 3392 4971 intel-

1884 4996 2164 5062 ligendum
2199 4995 2320 5047 sine
2353 4991 2840 5061 phantasmatibus,
2874 4992 2929 5043 (1.
2965 4996 3044 5055 28,
3081 4996 3197 5044 s.1.

1825 5073 2013 5134 Homo,
2033 5084 2158 5124 cum
2181 5084 2294 5124 non
2318 5070 2481 5123 habet
2501 5068 2748 5134 gratiam,
2773 5078 2952 5131 neque
2975 5066 3083 5120 alia
3110 5078 3391 5132 superna-

1888 5146 2088 5200 turalia
2105 5147 2271 5208 dona,
2293 5145 2568 5213 quomodo
2585 5142 2698 5195 dici
2721 5147 2894 5209 potest
2913 5140 3156 5197 elevatus
3187 5141 3257 5195 ad
3289 5156 3388 5196 su-

1896 5220 2296 5289 pernaturalem
2318 5220 2504 5283 finem,
2529 5219 2582 5271 d.
2609 5222 2688 5283 31,
2709 5231 2758 5270 0.
2781 5224 2828 5269 6.

1832 5300 1996 5352 Homo
2034 5298 2103 5352 de
2139 5296 2349 5351 Christo
2391 5302 2446 5350 et
2487 5294 2646 5349 nobis
2691 5294 2924 5347 univoce
2957 5292 3176 5355 dicitur,
3216 5291 3270 5344 d.
3309 5295 3388 5355 81,

1894 5388 1939 5427 S.
1976 5379 2024 5426 6.

1830 5450 1996 5505 Homo
2023 5450 2188 5513 lactus
2211 5453 2286 5500 est
2307 5448 2458 5510 Deus,
2491 5444 2790 5512 propositio
2820 5443 2924 5497 ista
2947 5456 3136 5497 rursus
3153 5441 3394 5509 expliea-

1896 5528 2002 5587 tur‚
2031 5529 2084 5577 et
2103 5522 2240 5577 varii
2267 5521 2418 5575 illius
2443 5534 2636 5576 sensus
2657 5518 2981 5583 declaratur,
3005 5517 3079 5569 ib.
