3892 6167
615 357 733 417 588

692 464 794 526 25.
838 462 1058 525 Preces
1084 460 1165 524 ad
1197 462 1635 525 humanitatem
1668 458 1903 527 Christi
1920 461 2176 541 proecise

614 562 949 636 conceptam
978 574 1059 617 an
1104 556 1289 633 fundi
1320 556 1577 637 possi-nt.
1598 586 1681 601 —
1702 554 1799 616 Ad
1829 554 2170 616 secundam

614 650 1056 729 obJeetionem,
1074 649 1330 729 quidam
1348 648 1683 711 admittunt
1704 654 1899 710 totum
1918 648 1982 711 id
2002 648 2172 728 quod

614 743 678 805 in
700 750 1073 821 argumento
1090 742 1377 817 infertur,
1400 743 1657 817 scilicet,
1680 760 1863 823 posse
1892 761 2009 804 nos
2034 761 2173 804 ora-

612 854 681 898 ro
722 837 804 897 ad
844 837 1299 899 humanitatem
1340 836 1565 898 Christi
1598 836 1855 915 proecise
1885 836 2174 898 conside-

610 936 812 991 ratam
836 974 856 1005 ,
888 928 1163 1009 petendo
1194 929 1275 989 ab
1312 928 1416 991 iila
1458 947 1587 990 non
1618 932 1690 990 ut
1716 946 1754 989 a
1784 944 2079 1008 supremo
2109 936 2171 991 et

612 1020 938 1100 principali
965 1026 1244 1095 auctore,
1272 1020 1383 1082 sed
1404 1026 1473 1083 ut
1498 1021 1578 1081 ab
1608 1038 1846 1100 organo
1874 1022 2013 1100 conj
2024 1039 2170 1083 une-

611 1116 850 1177 tissimo
894 1114 1225 1193 principali
1268 1115 1549 1190 auctori3
1583 1119 1773 1193 atque
1815 1112 1901 1176 ita
1945 1116 2013 1175 in
2053 1114 2171 1177 hoc

609 1224 846 1286 genere
866 1207 1165 1268 orationis
1181 1224 1311 1269 non
1330 1206 1517 1269 tribui
1540 1204 1912 1270 humanitati
1933 1207 2166 1270 cultum

607 1300 803 1363 latriae
836 1318 1166 1381 supremae,
1194 1300 1306 1361 sed
1332 1302 1716 1363 inferiorem.
1746 1302 1843 1363 Ad
1862 1322 2046 1364 usum
2069 1321 2170 1365 ve-

608 1411 679 1454 ro
710 1393 992 1455 Eeclesiae
1010 1392 1415 1473 respondent,
1434 1393 1774 1456 Ecclesiam
1806 1396 1867 1455 in
1898 1394 2170 1475 publicis

607 1486 896 1564 precibus
924 1505 1053 1548 non
1090 1488 1178 1548 uti
1210 1486 1328 1549 hoc
1369 1486 1556 1548 modo
1602 1486 2059 1567 deprecationis
2087 1486 2168 1549 ad

607 1580 1059 1641 humanitatem
1086 1580 1335 1647 Christi,
1364 1586 1500 1641 tum
1530 1578 1611 1641 ad
1639 1580 1958 1643 vitandam
1989 1598 2167 1643 occa·

608 1673 848 1735 sionem
880 1674 1137 1747 erroris3
1168 1681 1298 1736 tum
1326 1674 1474 1753 quia
1504 1675 1663 1736 alter
1688 1671 1915 1735 modus
1944 1676 2166 1737 orandi

606 1766 689 1829 ad
716 1767 1029 1828 Christum
1062 1814 1078 1841 ‚
1109 1778 1178 1830 ut
1205 1768 1287 1830 ad
1314 1770 1514 1830 Deum
1550 1768 1868 1830 hominem
1890 1814 1911 1844 ,
1944 1770 2170 1831 melior

606 1867 704 1923 est
733 1862 1126 1939 simpliciter3
1170 1880 1296 1924 non
1348 1869 1557 1926 tamen
1597 1863 1933 1943 reprobare
1964 1861 2171 1925 Eccle-

609 1954 767 2015 siam
800 1954 991 2015 aiium
1024 1956 1281 2017 modum
1332 1956 1549 2017 orandi
1578 1956 1661 2018 ad
1688 1956 1911 2018 Christi
1942 1956 2167 2017 huma-

605 2048 891 2119 nitatem,
924 2049 977 2108 si
1006 2048 1247 2129 absque
1290 2048 1589 2112 scandalo
1610 2096 1632 2126 ,
1660 2050 1763 2111 vel
1790 2068 2027 2125 errore,
2059 2056 2166 2113 aut

603 2140 885 2219 periculo
916 2142 1145 2203 erroris
1174 2142 1304 2205 fiat.
1345 2144 1422 2204 Et
1454 2144 1583 2204 haec
1610 2144 1921 2206 sententia
1953 2144 2167 2207 tribui-

599 2240 707 2295 tur
740 2233 1062 2313 Cajetano,
1092 2234 1399 2299 Cordubae
1430 2242 1495 2299 et
1516 2236 1785 2299 Canisio.
1820 2236 1989 2308 Imo,
2028 2238 2166 2319 qui-

598 2326 743 2386 dam
766 2328 1093 2408 Theologi,
1120 2330 1229 2408 qui
1260 2330 1415 2390 alias
1443 2337 1675 2408 negant
1708 2331 2164 2393 humanitatem

596 2418 818 2481 Christi
839 2438 1023 2499 posse
1046 2422 1301 2502 proecise
1328 2422 1603 2499 adorari,
1620 2423 1959 2485 admittunt
1979 2440 2164 2503 posse

595 2510 717 2573 hoc
753 2513 943 2575 modo
982 2516 1263 2591 exorari,
1312 2516 1460 2595 quia
1500 2534 1615 2595 per
1658 2518 2006 2580 orationem
2035 2534 2162 2577 non

594 2604 911 2683 adoratur,
945 2608 1057 2671 sed
1088 2614 1325 2670 tantum
1356 2607 1437 2670 ab
1466 2626 1541 2671 ea
1569 2610 1921 2690 postulatur
1954 2615 2023 2671 ut
2050 2610 2164 2671 ali·

598 2696 749 2777 qnid
782 2698 1005 2773 facian
1035 2707 1241 2781 potest
1282 2709 1493 2764 autem
1521 2702 1659 2783 ipsa
1686 2702 1925 2785 aliquid
1955 2702 2162 2765 tacere

596 2810 713 2871 per
731 2810 823 2867 se,
858 2801 921 2856 et
949 2800 1017 2856 ut
1045 2794 1305 2874 praecisa
1327 2814 1365 2857 a
1385 2796 1619 2869 Verbo,
1649 2796 1905 2869 scilicet,
1939 2796 2162 2875 depre-

599 2886 731 2946 cari
760 2892 822 2947 et
854 2886 1247 2950 intercedere
1273 2906 1387 2968 pro
1422 2888 1640 2963 nobis;
1676 2907 1849 2969 ergo.
1885 2889 2010 2951 Sed
2045 2890 2162 2951 hoc

596 2978 888 3041 ultimum
916 2981 1227 3059 imprimis
1254 2984 1734 3061 repugnantiam
1766 2982 1922 3044 mihi
1966 2982 2160 3044 invol-

594 3088 741 3133 vere
770 3072 1021 3134 videtur
1047 3092 1161 3154 pro
1185 3074 1464 3153 subjecta
1490 3076 1787 3149 materia3
1820 3092 1993 3150 nam,
2015 3074 2162 3137 licet

598 3166 797 3226 oratio
842 3183 921 3227 ex
974 3168 1217 3229 ratione
1261 3186 1374 3228 sua
1418 3167 1851 3231 adorationem
1897 3186 2022 3230 non
2065 3170 2162 3230 in-

594 3257 825 3335 cludat,
874 3266 1086 3323 tamen
1126 3268 1330 3341 potest
1360 3279 1495 3323 esse
1525 3262 1784 3341 optima,
1812 3268 1875 3324 et
1912 3280 2158 3325 accom-

594 3352 1025 3415 modatissima
1055 3362 1200 3417 nota
1230 3354 1613 3417 adorationis
1638 3401 1653 3430 ,
1695 3362 1767 3416 ut
1795 3374 1985 3436 supra
2015 3376 2159 3439 pro·

592 3446 915 3520 bavimus;
948 3448 1118 3510 unde
1152 3468 1293 3510 cum
1326 3468 1441 3511 nos
1464 3466 1721 3511 oramus
1750 3450 2038 3522 Sanctos,
2068 3450 2160 3530 ip·

596 3544 795 3601 samet
830 3541 1111 3603 oratione
1141 3542 1512 3604 exhibemus
1550 3548 1765 3605 notam
1814 3544 2157 3605 sanctitatis

596 3650 838 3704 eorum,
886 3640 950 3694 et
977 3634 1262 3697 amicitiai
1308 3653 1501 3715 quam
1545 3636 1782 3697 habent
1810 3654 1956 3698 cum
1985 3638 2152 3715 De03

596 3728 731 3805 ipsa
763 3744 914 3807 ergo
944 3728 1228 3800 oratione
1271 3746 1607 3809 possumus
1652 3730 1794 3791 illos
1846 3730 2052 3792 colere
2096 3738 2158 3793 et

596 3820 882 3884 adorare.
916 3822 1088 3884 idem
1124 3840 1275 3903 ergo
1326 3824 1443 3885 erit
1472 3824 1633 3885 circa
1662 3822 1887 3885 Christi
1934 3822 2158 3884 huma·

594 3914 882 3977 nitatem.
918 3914 1344 3995 Praeterquam
1373 3916 1573 3995 quod,
1604 3932 1905 3978 concessa
1930 3916 2158 3977 oratio·

594 4025 700 4083 ne,
732 4026 768 4068 a
794 4009 1060 4089 paritate
1104 4012 1368 4073 rationis
1406 4012 1477 4075 fit
1530 4016 1979 4091 argumentum
2023 4010 2157 4072 effi·

594 4120 708 4163 cax
734 4102 817 4163 ad
840 4102 1297 4167 adorationem.

674 4196 776 4257 26.
808 4196 1061 4271 Deinde,
1090 4198 1315 4260 falsum
1347 4216 1485 4261 esse
1509 4216 1739 4261 censeo
1764 4195 1933 4278 quod
1965 4197 2028 4257 in
2057 4197 2159 4257 illa

596 4286 817 4348 ultima
844 4290 1152 4351 sententia
1177 4290 1425 4365 dicitur,
1458 4310 1644 4371 posse
1673 4308 1790 4352 nos
1820 4306 2002 4351 orare
2029 4287 2156 4351 hu-

598 4379 961 4441 manitatem
986 4382 1231 4456 Christi,
1262 4383 1408 4463 quia
1433 4390 1641 4463 potest
1669 4384 1805 4463 ipsa
1832 4381 2155 4462 postulare

597 4490 713 4552 pro
740 4474 943 4547 nobiti,
978 4479 1040 4537 et
1080 4476 1473 4539 intercedere
1523 4496 1637 4558 per
1666 4494 1733 4539 se
1776 4476 1934 4552 sola,
1984 4476 2156 4557 quod

595 4584 722 4628 non
750 4567 898 4629 facit
924 4570 1223 4645 Verbum,
1240 4570 1361 4631 nisi
1383 4590 1495 4651 per
1521 4570 2156 4633 communicationem

592 4660 982 4726 idiomatum.
1024 4664 1181 4727 Nam
1217 4682 1293 4727 ex
1347 4666 1465 4727 hac
1506 4664 1793 4727 doctrina
1849 4664 2154 4743 sequitur,

594 4756 1050 4819 humanitatem
1080 4757 1301 4827 solam.
1324 4758 1424 4820 vel
1454 4776 1622 4820 nunc
1648 4776 1813 4834 esse,
1836 4756 1935 4817 vel
1963 4756 2028 4818 in
2057 4757 2159 4818 via

593 4848 781 4909 fuisse
814 4850 1239 4913 mediatricem
1282 4870 1395 4932 pro
1423 4850 1625 4927 nobis,
1670 4850 1780 4930 qui
1828 4856 1923 4913 est
1983 4868 2160 4911 error

595 4942 1033 5005 haereticorum
1078 4944 1261 5025 hujus
1304 4944 1605 5025 temporis
1628 4989 1649 5020 ,
1701 4950 1768 5005 ut
1805 4942 2155 5005 videbimus

597 5034 933 5111 quaestione
962 5038 1267 5116 sequenti,
1296 5044 1413 5101 art.
1440 5042 1500 5100 2.
1528 5038 1799 5117 Sequela
1827 5036 2152 5117 probatur,

594 5136 730 5190 tum
760 5127 905 5209 quia
938 5148 1099 5191 unus
1126 5139 1303 5193 actus
1326 5129 1687 5193 mediatoris
1715 5148 1829 5192 seu
1852 5130 2158 5191 interces-

596 5222 753 5287 soris
783 5230 877 5285 est
904 5226 1169 5302 precari.
1204 5226 1362 5286 Tum
1398 5224 1585 5288 etiam
1612 5224 1760 5304 quia
1786 5224 1836 5285 si
1868 5223 2157 5284 humani-

594 5318 691 5377 tas
719 5332 834 5394 per
858 5334 925 5377 se
954 5316 1086 5377 sola
1112 5316 1441 5380 intercedit
1464 5337 1578 5398 pro
1602 5316 1805 5390 nobis,
1834 5316 2019 5377 etiam
2044 5333 2158 5396 per

594 5426 661 5471 se
708 5410 841 5471 sola
885 5410 1251 5484 merebitur,
1284 5410 1657 5485 satisfaciet,
1692 5415 1855 5487 etc.;
1888 5426 2036 5469 nam
2065 5414 2158 5470 est

596 5502 817 5565 eadem
856 5504 1013 5565 ratio
1068 5505 1291 5567 horum
1331 5504 1647 5579 omnium3
1689 5510 1784 5565 ost
1818 5520 1970 5585 ergo
1995 5502 2156 5568 falsa

1838 356 2074 418 QUAEST.
2105 354 2254 411 XXV,
2285 354 2488 408 Anne.
2527 350 2585 405 u.

2251 456 2361 519 illa
2397 454 2707 519 sententia
2729 500 2747 529 ‚
2778 472 2908 519 nou
2951 454 3154 520 solum
3191 458 3338 539 quia
3363 462 3597 528 actiones
3625 489 3716 539 non

2253 554 2401 611 sunt
2447 553 2856 619 naturarum,
2901 549 3012 611 sed
3058 552 3533 631 suppositorum
3560 572 3714 639 petere

2254 648 2467 705 autem
2512 642 2864 721 ac.precari
2911 649 3007 705 est
3036 642 3265 723 aliquid
3315 664 3519 726 agere3
3556 671 3714 723 verum

2255 736 2448 799 etiam
2497 736 2647 815 quia
2695 735 2893 796 oratio
2937 736 3156 798 Christi
3205 754 3334 797 non
3361 739 3529 802 habet
3563 764 3592 803 a
3627 752 3716 813 sola

2254 829 2640 891 humanitate
2690 847 2832 891 eam
2873 829 3002 889 vim
3043 836 3105 891 et
3133 830 3461 895 efficaciam
3486 854 3638 913 quam
3663 848 3716 907 ad

2253 922 2719 1002 impetrandum
2748 922 2941 984 habet
2967 922 3067 984 vel
3111 922 3353 998 habuit,
3384 928 3485 987 sed
3507 931 3714 1011 aVerbo,

2251 1034 2369 1078 nec
2396 1022 2604 1096 potest
2633 1018 2715 1078 ab
2759 1017 2862 1078 illa
2899 1018 3286 1079 humanitate
3317 1018 3432 1080 alia
3459 1025 3620 1085 oratio
3645 1040 3716 1093 aut

2252 1110 2585 1191 proficisci,
2616 1116 2726 1171 aut
2750 1111 2900 1190 peti,
2938 1110 3060 1171 nisi
3095 1110 3483 1191 disjungatur
3504 1116 3715 1183 ai’erbo.

2329 1210 2430 1267 27.
2478 1206 2864 1269 Humanitas
2907 1202 3148 1267 Christi
3191 1222 3325 1285 quoe
3363 1206 3580 1271 adorari
3608 1230 3716 1290 pm.

2251 1298 2371 1364 εἰει
2393 1302 2613 1379 potest,
2641 1314 2756 1361 cur
2781 1314 2898 1359 nou
2925 1298 3068 1359 item
3096 1298 3292 1361 orari.
3315 1330 3392 1345 —
3418 1298 3718 1385 Quapropter

2247 1393 2566 1455 contrario
2618 1406 2874 1470 prorsus
2923 1388 3115 1450 modo
3168 1408 3396 1453 censeo
3443 1393 3716 1479 dicendum,

2250 1486 2436 1548 etiam
2491 1486 2541 1546 si
2591 1482 2950 1545 humanitas
2983 1482 3236 1544 adorari
3286 1486 3470 1564 possit
3507 1495 3715 1573 praecise,

2249 1597 2376 1640 non
2404 1585 2612 1641 tamen
2643 1578 2731 1640 sic
2756 1594 2940 1657 posse
2969 1578 3159 1640 orari.
3197 1578 3270 1640 Et
3297 1580 3377 1641 ita
3403 1580 3475 1642 ad
3501 1582 3716 1663 objectio-

2247 1690 2396 1736 nem
2423 1674 2691 1753 positam
2725 1690 2887 1752 nego
2924 1671 3285 1753 sequelam;
3321 1677 3381 1734 et
3406 1676 3543 1737 ratio
3569 1680 3718 1743 discri-

2249 1768 2435 1829 minis
2465 1774 2580 1845 est,
2608 1768 2752 1846 qnia
2776 1772 3062 1846 respectu
3097 1766 3474 1830 adorationis
3495 1770 3651 1835 solum
3673 1797 3715 1838 se

2247 1860 2441 1923 habet
2466 1860 2826 1923 humanitas
2849 1860 3038 1921 veluti
3079 1860 3362 1939 passive,
3394 1868 3457 1923 ut
3481 1864 3716 1943 obJectum

2249 1960 2311 2017 et
2335 1956 2602 2017 materia
2639 1953 2804 2016 circa
2848 1970 3040 2033 quam
3085 1956 3265 2017 actus
3312 1954 3516 2017 animae
3539 1976 3716 2023 versan-

2247 2053 2376 2124 tur3
2433 2055 2495 2111 et
2533 2050 2680 2128 quia
2719 2048 2929 2110 anima
2965 2048 3094 2109 suis
3141 2048 3384 2110 actibus
3419 2058 3594 2129 potest
3613 2074 3716 2135 pra-

2248 2142 2532 2205 scindere
2563 2160 2705 2221 qua»,
2735 2141 2796 2203 in
2827 2160 2896 2203 re
2927 2140 3435 2221 conjunctissima
3458 2150 3594 2213 sunt.
3621 2147 3712 2211 ideo

2247 2242 2452 2318 potest
2481 2236 2763 2301 adoratio
2793 2237 2878 2299 ad
2925 2235 3385 2298 humanitatem
3414 2239 3623 2317 praecise
3651 2242 3714 2305 di-

2245 2330 2388 2409 rigi,
2434 2338 2496 2391 et
2535 2347 2662 2391 non
2693 2329 2776 2390 ad
2817 2330 3119 2405 Verbum,
3150 2334 3444 2409 tanquam
3479 2331 3546 2392 ad
3569 2333 3711 2413 objec-

2243 2431 2375 2485 tum
2423 2423 2719 2504 primario
2763 2422 3139 2495 adoratum;
3190 2431 3255 2483 at
3283 2440 3424 2484 vero
3451 2426 3610 2486 oratio
3630 2446 3710 2489 res-

2244 2515 2394 2597 picit
2419 2534 2564 2577 eum
2595 2515 2677 2577 ad
2706 2532 2898 2594 quem
2920 2515 3227 2588 funditur,
3259 2514 3414 2577 utin
3439 2535 3499 2579 re
3518 2518 3621 2597 ipsa
3637 2538 3707 2601 po

2243 2615 2478 2671 tentem
2518 2608 2789 2690 operari,
2837 2610 2988 2689 quia
3014 2626 3133 2688 per
3161 2610 3494 2671 orationem
3521 2614 3708 2690 petimus

2245 2702 2327 2764 ab
2352 2703 2497 2775 alic,
2529 2710 2601 2764 ut
2625 2702 2861 2783 aliquid
2888 2703 3075 2765 nobis
3113 2702 3394 2764 conferat
3418 2704 3504 2764 vel
3528 2722 3614 2783 pro
3634 2724 3706 2766 no-

2243 2796 2340 2857 bis
2373 2796 2596 2872 faciat3
2641 2797 2792 2876 quia
2838 2816 2989 2878 ergo
3032 2796 3396 2858 humanitas
3421 2798 3476 2857 in
3515 2816 3571 2858 re
3605 2801 3704 2859 nihil

2243 2896 2451 2969 potest
2499 2889 2908 2967 facere„nec
2956 2890 3216 2965 mereri,
3262 2907 3380 2951 nec
3425 2890 3704 2967 satisfacere,

2241 3002 2360 3046 nec
2388 2990 2626 3064 petere,
2649 2982 2768 3045 nisi
2799 2982 3080 3045 Verbum
3111 3002 3234 3064 per
3258 2983 3449 3062 ipsam
3475 2990 3708 3062 operetur,

2239 3075 2383 3138 ideo
2412 3076 2566 3137 nihil
2603 3082 2808 3156 potest
2838 3076 2921 3138 ab
2945 3076 3337 3139 humanitate
3357 3076 3579 3155 praecise
3596 3094 3708 3137 sum-

2240 3174 2346 3251 pta
2377 3169 2701 3249 postulari.
2729 3172 2859 3231 Nec
2901 3170 3288 3231 contrarium
3315 3169 3522 3231 docent
3539 3171 3704 3247 Caieta·

2239 3281 2360 3323 nus
2387 3269 2447 3324 et
2474 3261 2576 3325 alii
2605 3267 2892 3324 auctores
2913 3280 3103 3342 supra
3126 3261 3296 3323 citati
3319 3262 3573 3341 ;quando
3593 3262 3702 3322 enim

2240 3355 2417 3418 aiunt
2453 3372 2636 3435 posse
2673 3372 2791 3416 nos
2841 3372 3020 3417 orare
3069 3354 3156 3416 ad
3203 3352 3512 3431 Christum,
3551 3360 3600 3415 nt
3631 3374 3701 3433 pm

2237 3449 2421 3510 nobis
2459 3448 2830 3523 intercedat,
2874 3466 3002 3510 non
3031 3448 3376 3529 loquuntur
3403 3448 3474 3509 de
3501 3448 3704 3508 humani·

2237 3549 2364 3606 tate
2394 3543 2638 3619 Christi,
2663 3544 2775 3606 sed
2797 3543 2873 3605 de
2900 3542 3144 3605 Christo
3176 3550 3249 3604 ut
3272 3544 3523 3615 homine,
3543 3543 3602 3603 de
3623 3561 3702 3620 quo

2239 3641 2336 3698 est
2386 3636 2711 3698 verissima
2750 3636 2856 3698 iila
2902 3637 3230 3713 doctrina,
3260 3636 3431 3717 juxta
3471 3636 3704 3696 dictasec-

2237 3730 2406 3791 tione
2436 3730 2844 3811 proecedenti;
2881 3735 2943 3793 et
2977 3730 3086 3811 qui
3131 3731 3296 3792 inter
3333 3730 3454 3792 hoec
3489 3729 3590 3790 duo
3619 3746 3700 3788 non

2237 3822 2667 3903 distinguunt,
2709 3824 2770 3884 in
2797 3842 3094 3900 magnam
3123 3824 3498 3885 occasionem
3524 3818 3698 3882 errandi

2239 3916 2555 3989 incidunt;
2585 3923 2680 3978 est
2706 3918 2873 3978 enim
2890 3916 3172 3981 Christus
3195 3923 3264 3980 ut
3291 3918 3464 3978 homo
3479 3916 3702 3977 mediator

2239 4016 2302 4071 et
2350 4008 2714 4089 redemptor
2754 4017 2991 4088 noster,
3033 4028 3164 4073 non
3197 4016 3400 4071 autem
3439 4008 3702 4069 humanitas

2237 4103 2398 4182 ipsa.
2431 4104 2611 4165 Unde
2641 4106 3042 4183 operationes
3083 4103 3386 4182 merendi,
3427 4100 3644 4183 petendi,
3661 4105 3701 4159 et

2240 4194 2498 4268 similes,
2531 4193 2676 4258 licet
2705 4197 2911 4258 Verbo
2937 4197 3294 4259 tribuantur
3316 4216 3422 4277 per
3446 4190 3700 4256 communi-

2241 4289 2552 4352 cationem
2581 4288 2973 4367 idiomatum,
2993 4298 3206 4353 tamen
3223 4290 3364 4353 huic
3379 4286 3574 4351 homini
3588 4283 3698 4348 Chri·

2240 4390 2334 4446 sto
2361 4384 2720 4446 tribuuntur
2756 4391 2821 4446 ut
2854 4387 3108 4465 proprio
3137 4383 3429 4466 principio
3465 4378 3696 4459 operanti,

2239 4477 2355 4541 soli
2385 4484 2595 4539 autem
2629 4477 3003 4540 humanitati
3027 4479 3205 4539 nullo
3228 4476 3428 4549 modo,
3447 4475 3544 4535 nisi
3570 4478 3618 4533 ut
3635 4488 3696 4531 ra·

2241 4569 2394 4633 tioni
2442 4570 2694 4651 agendi.
2741 4572 2898 4641 1m0,
2952 4572 3003 4630 si
3034 4572 3100 4632 in
3137 4570 3258 4632 inis
3303 4564 3692 4649 operationibus,

2239 4682 2364 4725 non
2398 4663 2602 4725 solum
2631 4664 2860 4726 entitas
2888 4664 3170 4745 physica,
3203 4662 3311 4725 sed
3330 4660 3496 4723 etiam
3517 4654 3690 4719 moralis

2239 4756 2414 4818 valor
2443 4763 2505 4817 et
2545 4756 2820 4832 dignitas
2867 4757 3296 4819 consideretur
3315 4801 3333 4831 ,
3361 4772 3463 4835 per
3489 4770 3542 4812 se
3567 4749 3690 4809 etiam
3778 4834 3779 4841 ἵ

2239 4854 2386 4911 sunt
2431 4868 2469 4910 a
2513 4849 2746 4917 Verbo.
2791 4850 2936 4912 licet
2983 4848 3189 4911 media
3227 4844 3578 4909 humanitate.
3603 4840 3690 4913 Quo

2237 4940 2425 5002 modo
2475 4942 2540 5003 in
2587 4942 3017 5023 superioribus
3057 4942 3408 5004 dicebamus
3439 4934 3688 4999 redemisse

2237 5054 2354 5097 nos
2393 5034 2727 5110 Christum,
2761 5054 2888 5099 non
2931 5043 3004 5098 ut
3027 5038 3339 5100 hominem
3368 5036 3583 5103 tantum,
3613 5022 3686 5086 sed

2237 5135 2307 5192 ut
2337 5130 2537 5191 Deum
2575 5128 2920 5192 hominem.

2317 5222 2418 5287 28.
2441 5221 2781 5287 Contraria·
2795 5225 3099 5289 sententiae
3121 5224 3480 5301 fundamento
3500 5210 3679 5288 satisfit·
3706 5262 3714 5271 ·

2234 5348 2317 5363 —
2348 5317 2438 5377 Ex
2467 5316 2648 5378 dictis
2689 5317 3074 5381 satisfactum
3116 5325 3209 5379 est
3243 5314 3588 5378 fundamento
3609 5306 3681 5364 hu·

2229 5411 2336 5490 jus
2356 5410 2708 5487 sententiae,
2724 5410 2894 5490 quod
2907 5410 2970 5471 in
2994 5411 3292 5493 principio
3310 5401 3676 5501 insinuavimus,

2236 5502 2408 5565 illam
2455 5502 2901 5583 proponendo;
2947 5510 3015 5569 et
3047 5510 3174 5567 tam
3207 5503 3268 5567 in
3312 5504 3434 5575 hac,
3457 5509 3601 5581 quam
3632 5504 3674 5547 ιη
