3892 6167
1376 371 1695 428 Disru'ru.
1731 373 1953 428 xxxvl.
1984 375 2153 432 SECT.
2185 377 2230 430 1.

3267 371 3385 436 261

182 467 513 547 propriam
548 473 613 530 et
658 474 953 530 creatam.
1006 469 1153 532 Haee
1206 476 1299 534 est
1353 471 1749 533 communior
1828 471 2128 556 telligitur
2155 480 2300 538 actu
2339 474 2644 550 existens3
2673 472 2828 554 quid
2878 475 3046 537 enim
3093 474 3263 539 aliud
3309 477 3394 538 si·-

177 562 501 626 sententia
546 561 1029 642 Theologorum,
1064 563 1376 634 Altisiod.‚
1420 564 1527 626 lib.
1562 563 1746 626 tertio

182 657 461 731 Summ.,
496 659 677 717 tract.
722 659 779 730 1,
812 675 869 717 c.
920 659 978 728 1,
1015 673 1078 736 q.
1112 659 1193 730 ὃς
1250 657 1514 730 Albert.,
1567 659 1631 720 in
1682 662 1744 730 3,

182 748 331 810 dist.
365 752 427 822 6,
462 766 525 830 q.
557 751 619 821 2,
660 756 777 811 art.
808 753 885 828 ⁴3
947 758 1011 811 et
1058 750 1145 812 ibi
1192 752 1385 828 Soet„
1434 753 1744 822 Dux-and„

178 842 405 916 Gabr„
430 841 709 924 Almay.;
741 843 1272 912 Bonavent..dist.
1307 849 1371 921 5,
1400 861 1458 907 a.
1492 849 1553 920 2,
1585 863 1647 924 q.
1683 849 1741 916 1.

178 937 261 996 ad
286 954 539 1016 argum.
572 956 589 1009 ς
622 942 685 1000 et
718 955 796 998 ex
820 936 1173 1012 ThemistiS,
1199 939 1470 1013 Hervae.,
1502 939 1645 1001 dist.
1678 943 1742 1015 9,

176 1048 243 1110 q.
280 1033 343 1106 1,
376 1033 500 1106 art,
536 1033 616 1104 33
646 1029 979 1106 Paludan.‚
1012 1048 1074 1112 q.
1103 1031 1169 1108 3,
1213 1032 1317 1110 qui
1360 1031 1485 1093 late
1526 1029 1745 1094 defen-

174 1122 269 1186 dit
296 1123 469 1184 hanc
508 1124 887 1187 sententiam
931 1143 1055 1186 non
1087 1143 1225 1187 esse
1260 1125 1639 1188 contrariam
1670 1127 1737 1188 D.

174 1216 463 1292 Thomas,
487 1217 601 1280 sed
626 1219 835 1300 potius
858 1219 1026 1280 illius
1068 1217 1371 1280 doctrinm
1418 1224 1745 1281 consenta-

172 1327 399 1372 neam.
418 1311 493 1374 In
517 1309 807 1376 Consiliis
850 1313 949 1374 vel
970 1312 1201 1374 sanctis
1230 1311 1514 1374 Patribus
1540 1329 1745 1392 pauca

170 1405 603 1485 reperientur,
634 1406 863 1486 quibus
888 1407 1039 1468 satis
1064 1406 1261 1488 possit
1285 1407 1414 1470 haec
1428 1406 1745 1469 conclusio

170 1497 545 1562 confirmari
572 1518 590 1573 ;
624 1499 690 1560 in
711 1499 832 1562 hoc
854 1518 1005 1562 vero
1025 1500 1237 1564 favent
1286 1499 1431 1562 huic
1457 1501 1748 1563 assertio-

168 1594 267 1666 ni,
300 1593 483 1672 quod
502 1593 837 1672 loquentes
863 1594 943 1655 de
975 1595 1096 1656 hoc
1141 1595 1463 1674 mysterio,
1496 1611 1746 1674 semper

164 1693 549 1764 supponunt
572 1688 1030 1750 humanitatem
1056 1687 1276 1750 Christi
1304 1687 1541 1750 habere
1564 1687 1627 1749 in
1674 1706 1741 1750 se

168 1781 591 1845 intrinsecam
620 1782 943 1846 entitatem
964 1783 1277 1843 actualem
1302 1775 1599 1854 creatam,
1624 1781 1747 1844 dis-

168 1874 445 1937 tinctam
474 1875 559 1936 ab
610 1875 867 1938 entitate
902 1883 965 1937 et
1020 1876 1377 1938 actualitate
1429 1875 1645 1952 Verbi,
1685 1882 1747 1937 et

162 1968 683 2048 praerequisitam
722 1969 809 2032 ad
848 1970 1047 2050 ipsam
1110 1969 1433 2030 unionem.
1482 1969 1575 2030 Ex
1619 1986 1745 2048 quo

166 2060 493 2142 principio
528 2062 923 2142 potissimum
974 2060 1405 2124 confirmanda
1443 2060 1623 2122 nobis
1653 2065 1748 2122 est

166 2154 317 2216 haec
346 2155 690 2238 conclusio.
717 2155 959 2218 Deinde
1004 2157 1067 2216 in
1102 2155 1205 2216 Vll
1232 2152 1497 2234 Synod.,
1528 2159 1647 2216 act.
1680 2156 1743 2226 6,

162 2255 338 2310 tem.
368 2251 437 2326 3,
470 2249 591 2310 eol.
618 2253 679 2322 8,
714 2249 971 2328 quidam
995 2247 1385 2330 Epiphanius
1401 2246 1746 2328 Episcopus

162 2341 263 2402 ita
302 2341 636 2422 distinguit
648 2348 943 2406 naturam
966 2341 1047 2404 ab
1065 2341 1409 2422 hypostasi,
1436 2339 1605 2420 quod
1630 2358 1744 2402 na-

164 2441 325 2496 tura
352 2433 511 2496 dicit
532 2441 781 2498 tantum
834 2435 1295 2498 humanitatem
1346 2431 1740 2503 existentem,

164 2529 537 2608 hypostasis
556 2547 709 2590 vero
734 2528 909 2590 addit
924 2527 1413 2590 subsistentiam.
1440 2525 1746 2588 Praeterea

166 2622 502 2698 Damaso-⁴,
530 2621 639 2683 lib.
666 2623 735 2694 3,
766 2639 904 2702 cap.
936 2619 1747 2696 3,dicitVerbumassump-

170 2717 335 2776 sisse
365 2714 821 2776 humanitatem
856 2759 873 2788 ,
906 2731 1011 2778 nec
1052 2713 1395 2776 substantia
1418 2756 1435 2784 ,
1463 2729 1566 2772 aec
1588 2707 1745 2773 exis·

168 2811 377 2874 tentia
412 2809 743 2888 privatam.
787 2808 889 2870 Sic
926 2806 1095 2868 enim
1144 2805 1326 2866 vertit
1350 2803 1552 2866 Faber
1586 2848 1601 2876 ,
1634 2801 1744 2864 ali·

170 2911 283 2964 ter
296 2900 471 2964 enim
499 2902 687 2963 vertit
703 2901 941 2976 Bittius,
962 2899 1223 2962 scilicet:
1256 2899 1609 2976 Aswmpsit
1637 2898 1745 2960 Itu-

172 2995 539 3062 maaeitatem
550 3015 671 3059 uon
682 2997 991 3060 redactam
1012 2999 1079 3060 is
1102 2995 1385 3065 nihilum,
1398 2989 1465 3053 id
1484 2997 1601 3062 est,
1616 3009 1744 3052 non

172 3091 495 3169 privatam
524 3089 873 3152 existentia.
900 3089 1033 3152 Hoc
1066 3088 1233 3150 enim
1263 3085 1347 3148 ad
1370 3083 1642 3146 litteram
1664 3082 1747 3144 si-

174 3183 448 3264 gnifieat
480 3201 603 3245 vox
660 3201 891 3264 graeca,
941 3200 1015 3244 ae
1069 3182 1121 3244 si
1162 3181 1333 3244 idem
1385 3177 1464 3241 sit
1514 3177 1744 3258 privari

172 3277 539 3352 existentia,
572 3277 745 3357 quod
766 3276 967 3356 redigi
998 3275 1063 3336 in
1090 3273 1379 3336 nihilum.
1398 3271 1546 3334 Ete.
1577 3273 1645 3332 11
1684 3278 1745 3333 et

178 3375 259 3434 ¹2
284 3417 307 3448 ,
360 3370 521 3434 dicit
574 3372 859 3432 Damaso.
924 3369 1385 3431 humanitatem
1447 3365 1744 3427 habuisse

176 3465 583 3528 existentiam
638 3464 705 3526 in
734 3463 969 3542 Verbo,
1000 3481 1131 3524 non
1181 3479 1297 3541 per
1329 3459 1604 3522 Verbum
1632 3481 1652 3535 3
1685 3464 1747 3520 et

174 3559 421 3622 ibidem
450 3558 781 3638 distinguit
801 3555 1195 3620 existentiam
1226 3553 1636 3616 humanitatis
1665 3553 1747 3614 ab

178 3652 639 3732 assumptione.

254 3750 323 3808 3.
372 3745 737 3810 Eminentia
766 3742 913 3827 quid
932 3745 1045 3808 cit.
1074 3779 1155 3790 --
1181 3744 1261 3808 Ut
1307 3743 1551 3806 ratione
1603 3760 1750 3824 pro-

186 3840 413 3902 bemus
468 3838 635 3912 hanc
686 3837 1155 3902 conclusionem
1180 3883 1197 3912 ,
1260 3837 1509 3917 oportet
1558 3842 1628 3898 ut
1683 3836 1748 3896 in

181 3935 509 4012 aequivoco
546 3950 681 3994 non
730 3933 1113 4005 laboremne,
1151 3935 1215 3992 et
1267 3929 1431 3992 inter
1461 3935 1749 3992 auctores

184 4027 517 4106 utriusque
558 4025 871 4106 opinionis
906 4023 1259 4098 conveniat,
1292 4022 1448 4100 quid
1494 4021 1749 4084 nomine

180 4120 534 4184 existentiae
601 4119 1009 4200 significetur.
1060 4117 1194 4196 Ego
1237 4115 1405 4208 enim
1440 4132 1554 4196 per
1592 4113 1749 4176 exis-

182 4215 451 4278 tentiam
476 4212 759 4294 intelligo
788 4213 876 4290 id,
908 4229 1033 4292 quo
1058 4226 1455 4292 unaquaeque
1492 4225 1597 4270 res
1621 4206 1752 4269 for-

174 4308 437 4372 maliter
463 4306 680 4383 hahet,
704 4314 773 4369 ut
801 4305 881 4368 sit
902 4304 1165 4368 actualis
1196 4303 1421 4366 entitas
1445 4301 1509 4364 in
1534 4317 1746 4364 rerum

179 4409 437 4476 natura,
468 4411 532 4462 et
560 4407 737 4462 extra
762 4399 943 4471 nihil,
970 4417 1083 4460 seu
1112 4404 1287 4460 extra
1316 4413 1537 4462 causas
1564 4410 1743 4473 suas;

184 4503 271 4566 ut,
307 4493 485 4557 verbi
510 4495 735 4573 gratia,
758 4492 970 4554 anima
988 4492 1234 4565 Christi,
1263 4491 1365 4554 vel
1396 4487 1747 4552 humanitas

182 4589 557 4668 priusquam
588 4594 938 4662 crearetur,
970 4591 1115 4648 actu
1140 4584 1295 4645 nihil
1322 4590 1483 4658 erat,
1508 4582 1621 4644 sed
1652 4599 1749 4644 so·

180 4681 315 4744 lum
332 4681 405 4743 in
434 4680 740 4761 poten‘tia3
770 4697 915 4741 cum
931 4678 1205 4758 primum
1220 4695 1371 4758 ergo
1385 4675 1751 4754 intelligitur

184 4776 355 4838 exire
368 4793 449 4838 ex
462 4775 567 4836 illa
588 4773 865 4854 potentia
884 4772 949 4834 in
969 4776 1271 4848 actum,et
1293 4770 1583 4832 desinere
1614 4786 1749 4832 esse

186 4868 361 4943 nihil,
378 4865 751 4946 intelligitur
764 4871 911 4930 actu
928 4865 1203 4930 existens
1220 4883 1237 4938 ;
1252 4870 1317 4926 et
1334 4863 1655 4926 existentia
1679 4862 1752 4925 il-

185 4960 301 5024 lius
316 4960 441 5024 erit
451 4960 561 5024 ille
577 4958 929 5036 modus,vel
940 4958 1045 5020 illa
1056 4956 1382 5020 actualitas
1393 4974 1519 5036 quo
1534 4955 1753 5018 intrin-

184 5071 325 5116 sece
343 5058 412 5116 et
422 5051 772 5114 formaliter
786 5052 1185 5115 constituitur
1195 5056 1369 5114 extra
1384 5049 1753 5122 nihil.0uod

186 5153 401 5212 autem
425 5145 543 5208 iste
574 5145 655 5210 sit
682 5144 973 5226 proprius
1000 5150 1063 5207 et
1094 5143 1385 5224 praecisus
1408 5149 1750 5220 conceptus

188 5238 567 5314 existentiae,
607 5237 731 5300 late
757 5243 1079 5302 ostensum
1126 5236 1311 5300 estin
1345 5237 1597 5318 propria
1625 5232 1749 5297 dis·

186 5333 513 5414 putatione
538 5331 963 5412 metaphysica
1001 5330 1081 5393 de
1111 5329 1233 5394 bac
1260 5348 1351 5392 re.
1396 5331 1575 5392 Nunc
1602 5327 1749 5390 bre-

188 5429 343 5492 viter
388 5425 745 5491 declaratur
793 5425 1021 5506 primo.
1070 5425 1219 5504 quia
1260 5442 1385 5498 res,
1420 5442 1559 5504 quae
1603 5429 1748 5486 actu

194 5526 281 5584 est
306 5525 485 5582 extra
512 5517 693 5596 nibil,
724 5523 787 5586 et
822 5523 1015 5593 extra„
1038 5535 1287 5594 causas,
1336 5517 1457 5583 hoc
1486 5517 1617 5608 ipso
1649 5515 1747 5580 in-

1830 567 2130 647 gnifieare
2175 575 2381 650 potest
2413 567 2534 630 hoc
2564 567 2824 629 verbum
2879 569 3183 632 existendi
3209 573 3234 632 2
3264 569 3390 634 Sed

1832 661 2160 726 existentia
2193 667 2288 724 est
2313 662 2396 738 id,
2449 679 2573 744 quo
2603 679 2700 724 res
2741 660 2946 725 existit
2990 661 3382 736 tormaliter;

1830 771 2004 833 erge.
2038 755 2352 832 Secundo,
2385 755 2587 818 omnis
2607 773 2726 830 reS,
2755 772 2900 818 cum
2923 755 3390 835 primumintel·

1830 845 2044 926 ligitur
2079 849 2384 928 producta
2425 868 2462 910 a
2495 867 2606 910 sua
2651 867 2859 924 causa,
2926 854 2989 911 ct
3036 866 3176 909 esse
3212 854 3386 910 extra

1826 939 2002 1012 nihil,
2033 939 2398 1020 intelligitur
2435 940 2670 1004 habere
2715 939 2970 1020 aliquod
3011 959 3172 1016 esse,
3214 941 3384 1020 quod

1826 1033 1906 1096 ab
1930 1040 2164 1098 aeterno
2189 1053 2314 1096 non
2342 1033 2602 1112 habuit3
2635 1051 2786 1114 ergo
2804 1035 2954 1096 illud
2973 1053 3109 1097 esse
3130 1041 3224 1097 est
3247 1053 3385 1097 esse

1825 1126 2184 1190 existentiae.
2237 1127 2634 1190 Antecedens
2697 1147 2812 1208 per
2859 1146 2926 1190 se
2979 1133 3198 1190 notum
3249 1135 3384 1204 est,

1826 1219 1976 1300 quia
2013 1221 2203 1284 habet
2229 1220 2485 1301 aliquod
2534 1239 2672 1284 esse
2719 1221 2892 1302 quod
2936 1228 3031 1284 est
3078 1221 3386 1284 terminus

1828 1314 2086 1375 actionis
2112 1331 2292 1378 novae
2329 1332 2468 1394 quae
2500 1315 2581 1376 ab
2611 1320 2846 1378 aeterno
2880 1333 3009 1376 non
3043 1313 3180 1377 fuit.
3229 1314 3387 1378 Con-

1829 1409 2156 1488 sequentia
2179 1427 2330 1470 vero
2359 1409 2683 1488 probatur,
2719 1409 2863 1488 quia
2892 1408 3047 1471 illud
3079 1426 3213 1470 esse
3257 1425 3386 1469 non

1829 1507 1923 1562 est
1952 1502 2262 1575 essentiae,
2290 1509 2359 1564 ut
2391 1503 2500 1576 sic,
2532 1502 2680 1582 quia
2713 1520 2848 1564 esse
2877 1502 3182 1580 essentiae,
3216 1503 3386 1582 quod

1826 1596 1955 1656 aD.
1987 1595 2228 1656 Thema
2292 1594 2629 1676 aliquando
2681 1595 3083 1676 distinguitur
3125 1595 3206 1657 ab
3247 1613 3384 1656 esse

1826 1688 2166 1750 existentiae
2220 1690 2282 1752 in
2336 1689 2635 1752 creaturis
2659 1736 2679 1767 ,
2736 1689 2963 1751 dicitur
3018 1707 3153 1750 esse
3211 1695 3386 1751 aeter-

1826 1800 1980 1843 num
2005 1790 2065 1844 et
2088 1783 2502 1860 immutabile,
2533 1788 2595 1846 et
2628 1782 3046 1863 inseparabile
3075 1783 3154 1844 ab
3177 1801 3389 1845 essen·

1827 1876 1956 1949 tia;
2015 1881 2078 1939 et
2127 1883 2459 1960 propterea
2508 1877 2800 1958 distingui
2853 1877 3080 1940 dicitur
3132 1877 3212 1938 ab
3252 1877 3384 1957 ipsa

1829 1971 2194 2044 existentia;
2221 1975 2286 2032 at
2316 1989 2465 2033 vero
2490 1970 2609 2032 hoc
2629 1989 3055 2048 essenorum,
3083 1969 3254 2048 quod
3277 1969 3388 2032 ha·

1828 2063 1935 2123 bet
1964 2082 2090 2138 reS,
2124 2082 2267 2126 cum
2289 2065 2492 2144 primo
2508 2063 2898 2144 producitur,
2927 2081 3038 2126 seu
3055 2064 3387 2144 peripsam

1828 2155 2329 2234 productionem,
2367 2161 2462 2220 est
2507 2157 2873 2238 temporale,
2923 2162 2989 2218 et
3038 2153 3387 2235 separabile

1827 2249 1911 2310 ab
1944 2251 2252 2323 essentia;
2301 2255 2510 2330 potest
2541 2250 2712 2326 enim
2771 2267 2874 2312 res
2928 2249 3215 2312 amittere
3263 2247 3388 2308 hoc

1828 2361 1986 2416 esse,
2046 2344 2328 2422 quamvis
2381 2343 2472 2408 rei
2533 2345 2806 2406 essentia
2858 2360 3112 2422 semper
3163 2340 3388 2404 eadem

1825 2442 2082 2498 maneat
2111 2455 2126 2508 ;
2157 2455 2286 2498 non
2314 2443 2404 2498 est
2432 2455 2586 2518 ergo
2613 2437 2734 2498 hoc
2763 2454 2895 2500 esse
2927 2434 3239 2510 essentiae,
3275 2434 3390 2496 sed

1828 2525 2194 2591 existentiae.
2249 2529 2483 2604 Tertio,
2531 2529 2680 2608 quia
2730 2529 2780 2590 si
2809 2547 2887 2590 ex
2915 2525 3037 2590 hoc
3072 2527 3244 2607 quod
3284 2544 3389 2588 res

1830 2618 2200 2700 intelligitur
2225 2629 2369 2684 actu
2419 2640 2558 2684 esse
2595 2622 2660 2683 in
2689 2639 2904 2685 rerum
2944 2627 3168 2682 natura
3215 2625 3390 2681 extra

1826 2732 2048 2776 causas
2099 2734 2266 2790 suas,
2304 2733 2433 2779 non
2479 2715 2844 2796 intelligitur
2895 2721 3038 2776 actu
3089 2714 3386 2782 existens,

1824 2824 2036 2885 quaero
2077 2805 2229 2888 quid
2253 2805 2341 2869 illi
2370 2808 2561 2870 addat
2602 2807 2931 2870 existentia
2959 2811 3178 2888 postea
3203 2804 3390 2867 adve-

1822 2901 2028 2963 niens.
2053 2901 2230 2964 Certe
2257 2918 2388 2962 non
2417 2907 2623 2982 potest
2671 2901 2760 2962 illi
2801 2900 3080 2963 tribuere
3126 2907 3198 2961 nt
3244 2905 3389 2962 actu

1822 2994 1923 3069 sit,
1955 2995 2076 3055 hoc
2107 2995 2275 3056 enim
2320 3007 2536 3074 aperte
2562 2994 2938 3075 supponitur
2967 3013 3045 3055 ex
3069 2994 3129 3054 vi
3163 2991 3389 3071 prioris

1825 3094 2202 3169 >conceptum
2251 3087 2480 3150 tribuet
2519 3105 2670 3168 ergo
2727 3086 2899 3168 quod
2953 3085 3075 3147 hoe
3124 3085 3224 3147 vel
3282 3083 3388 3146 illo

1826 3180 2016 3242 modo
2046 3179 2126 3242 sit
2149 3203 2166 3256 ;
2201 3185 2430 3242 atvero
2471 3180 2594 3242 hoc
2629 3182 2767 3261 jam
2813 3198 2943 3242 non
2987 3179 3258 3260 pertinet
3309 3178 3391 3241 ad

1826 3275 2137 3337 rationem
2168 3273 2470 3336 existendi
2500 3274 2804 3347 absolute,
2842 3272 2956 3335 sed
2977 3272 3061 3335 ad
3089 3271 3390 3334 determi-

1825 3368 2148 3430 nationem
2177 3367 2518 3447 quamdam
2549 3373 2612 3430 et
2638 3366 3170 3430 modificationem
3199 3365 3389 3446 ipsius

1826 3459 2194 3536 existentiis,
2241 3460 2410 3521 unde
2465 3459 2587 3522 hoc
2623 3459 2828 3541 potius
2853 3459 3124 3539 pertinet
3163 3457 3246 3520 ad
3290 3475 3391 3518 ra-

1826 3553 2064 3614 tionem
2094 3551 2512 3616 subsistentiae
2540 3551 2640 3614 vel
2668 3549 3078 3614 inhaerentiae.
3129 3548 3308 3624 Quod
3335 3550 3388 3611 si

1828 3645 1968 3726 quis
1985 3645 2345 3722 contendat,
2361 3646 2531 3708 hunc
2557 3645 2818 3710 modum
2837 3644 3384 3716 determinantem,

1829 3745 1899 3801 ut
1924 3738 2008 3800 ita
2041 3738 2270 3813 dicam,
2324 3739 2644 3801 entitatem
2689 3737 3026 3807 actualem,
3063 3741 3132 3799 ut
3171 3737 3258 3797 sic
3288 3735 3386 3796 vel

1829 3831 2011 3894 aliter
2051 3830 2151 3908 sit,
2183 3831 2392 3893 vocari
2422 3830 2835 3909 existentiam,
2859 3837 2925 3892 et
2946 3847 3076 3891 non
3101 3828 3260 3891 illud
3302 3827 3391 3908 ip-

1828 3942 1972 3986 sum
1995 3941 2154 4001 esse,
2187 3943 2314 4004 quo
2333 3924 2728 3986 constituitur
2749 3941 2850 3986 res
2899 3923 2968 3984 in
2996 3939 3138 3985 esse
3169 3921 3386 3985 entita-

1828 4016 2199 4093 tisactualis,
2213 4016 2292 4079 de
2316 4015 2769 4097 significatione
2782 4015 2953 4078 vocis
2968 4015 3174 4097 potius
3197 4031 3392 4096 quam

1828 4111 1910 4176 de
1938 4131 2008 4174 re
2058 4111 2400 4185 contendit,
2435 4116 2502 4173 et
2553 4115 2770 4174 contra
2801 4125 3206 4172 communem
3259 4125 3390 4169 mo·

1826 4205 1983 4270 dum
2011 4203 2405 4284 concipiendi
2443 4221 2574 4266 non
2611 4203 2814 4267 solum
2865 4203 3245 4284 sapientum,
3277 4201 3390 4262 sed

1828 4299 2020 4364 etiam
2045 4297 2330 4361 omnium
2363 4296 2718 4374 hominum,
2749 4297 2946 4359 utitur
2979 4292 3385 4373 nominibus3

1826 4391 2112 4474 quamvis
2141 4391 2309 4453 enim
2351 4391 2691 4472 quantitas,
2715 4390 2891 4453 verbi
2935 4389 3160 4470 gratia,
3197 4387 3263 4450 in
3291 4405 3391 4449 sa-

1828 4491 2151 4548 cramento
2180 4484 2581 4546 Eucharistiae
2609 4488 2810 4546 mutet
2840 4482 3097 4546 modum
3123 4479 3390 4543 existen·

1829 4579 1919 4657 di,
1951 4579 2160 4642 nullus
2189 4583 2400 4639 tamen
2435 4576 2601 4638 dicet
2625 4581 2870 4638 mutare
2889 4575 3090 4657 ipsam
3123 4573 3388 4636 existen-

1828 4672 2008 4748 tiam,
2039 4689 2178 4752 quse
2203 4670 2428 4733 eadem
2451 4676 2546 4732 est
2563 4669 2630 4730 in
2645 4669 3016 4750 quantitate,
3049 4667 3178 4730 sive
3197 4665 3391 4728 inhae-

1828 4771 1989 4842 reat,
2023 4765 2153 4827 sive
2173 4783 2210 4826 a
2232 4763 2515 4844 subjecto
2544 4769 2893 4844 separetur.

1906 4863 1972 4922 4.
2020 4859 2377 4922 Eminentia
2411 4861 2498 4922 etc
2525 4857 2594 4920 de
2613 4856 2873 4935 formali
2915 4858 3193 4934 conceptu
3234 4851 3390 4916 entis

1830 4955 1896 5018 in
1930 4959 2094 5018 actu.
2116 4951 2300 5012 —Ex
2327 4951 2569 5012 ratione
2600 4967 2752 5011 vero
2795 4947 3134 5010 existentiae
3167 4945 3254 5008 sic
3285 4962 3392 5006 ex-

1828 5047 2080 5128 plicata,
2112 5043 2426 5124 colligitur
2457 5043 2685 5124 primo,
2731 5041 2868 5102 fieri
2910 5057 3040 5102 non
3085 5055 3271 5120 posse
3321 5041 3392 5098 ut

1828 5137 2068 5220 aliquid
2115 5138 2194 5200 sit
2240 5155 2354 5200 ens
2397 5136 2466 5197 in
2511 5142 2680 5209 actu,
2712 5151 2827 5196 seu
2883 5137 2954 5194 ut
3001 5132 3392 5210 concipiatur

1827 5241 2130 5316 tanquam
2159 5230 2419 5294 actualis
2459 5231 2707 5303 entitas,
2740 5227 2894 5308 quin
2922 5227 2988 5288 in
3017 5243 3132 5288 suo
3163 5239 3391 5286 conce-

1828 5333 1941 5409 ptu
1971 5326 2314 5388 formaliter
2341 5329 2404 5386 et
2443 5323 2784 5384 intrinsece
2813 5317 3094 5382 includat
3119 5319 3391 5379 existen-

1829 5421 2007 5495 tiam,
2047 5419 2132 5482 ita
2169 5423 2235 5480 ιιι
2276 5435 2390 5479 nec
2428 5435 2542 5496 per
2581 5414 3064 5477 abstractionem
3113 5406 3390 5490 praecisi·

1831 5532 1974 5580 vam
2016 5513 2393 5586 intellectae,
2427 5509 2624 5596 possit
2649 5525 2845 5575 unum
2876 5505 2957 5568 ab
2981 5501 3182 5574 altero
3211 5517 3388 5582 sepa-
