3892 6167
587 353 710 416 2⁴6

586 454 823 538 pendet
846 471 924 520 ex
944 471 1059 517 usu
1077 459 1141 517 et
1158 455 1523 535 acceptione
1548 455 1721 519 vocis
1736 473 1929 536 quam
1951 455 2153 518 aliun-

588 551 691 614 de.
726 549 1188 612 advertendum
1224 565 1373 630 ergo
1401 556 1495 612 est
1533 551 1699 614 hanc
1728 567 1972 628 vocem,
2007 567 2150 632 pro-

589 647 727 729 prie
756 651 821 708 et
844 645 911 708 in
938 645 1149 722 rigore
1190 649 1531 724 sumptam,
1574 643 1929 725 significare
1967 663 2151 726 posse

590 759 725 805 rem
747 758 826 803 ex
846 740 1042 802 nihilo
1057 737 1424 820 productam
1440 755 1462 817 ;
1479 739 1715 802 creatio
1730 741 1898 802 enim
1915 739 2154 822 signifi·

592 839 693 896 cat
716 832 1193 916 productionem
1220 849 1301 894 ex
1329 832 1542 908 nihilo,
1567 839 1631 895 et
1672 838 1962 895 creatura
2003 851 2150 914 pro-

591 927 729 1010 prio
755 925 1061 1007 significat
1088 925 1426 988 terminum
1454 925 1811 990 creationis.
1848 927 1988 990 Alio
2016 945 2153 990 mo-

592 1021 677 1084 do
716 1021 985 1084 sumitur
1008 1021 1147 1083 haec
1170 1037 1293 1082 vox
1322 1021 1405 1083 ad
1430 1021 1907 1103 significandam
1932 1039 2150 1103 quam·

592 1132 847 1196 cunque
882 1133 1019 1178 rem
1054 1114 1431 1194 intempore
1474 1115 1847 1196 productam
1890 1133 2007 1198 per
2039 1117 2153 1179 ali·

592 1227 787 1292 quam
806 1209 1120 1272 actionem
1140 1207 1240 1270 vel
1264 1207 1659 1272 effectionem
1681 1225 1704 1289 3
1736 1227 1925 1274 omne
1955 1211 2149 1289 enim,

596 1304 767 1386 quod
806 1305 1155 1366 increatum
1196 1319 1329 1364 non
1378 1309 1493 1378 est,
1536 1311 1827 1366 creatura
1868 1304 1994 1368 dici
2043 1321 2154 1386 po-

508 1475 527 1486 ,
592 1403 738 1473 test,
766 1403 1042 1479 utsupra
1064 1402 1393 1461 tractatum
1418 1399 1608 1462 etiam
1634 1405 1751 1476 est,
1768 1399 2146 1481 disputatr'i,

596 1497 747 1555 sect.
781 1493 842 1554 ὅ.

676 1589 740 1650 6.
785 1585 1255 1670 Rerpomtoc—
1296 1585 1446 1650 Dico
1488 1605 1641 1670 ergo
1686 1589 1912 1671 primo,
1955 1590 2156 1652 Chris—

596 1687 729 1743 tum
756 1699 885 1742 non
913 1697 1099 1762 posse
1130 1679 1257 1742 dici
1281 1687 1651 1760 creaturam,
1687 1684 1741 1744 si
1770 1683 1900 1746 haec
1936 1701 2058 1745 vox
2085 1685 2150 1745 in

596 1775 793 1855 priori
822 1780 886 1837 et
909 1775 1191 1855 rigoroso
1249 1790 1440 1837 sensu
1484 1787 1788 1839 sumatur.
1829 1777 1976 1840 Hoec
2003 1793 2156 1839 con-

600 1867 797 1932 clusio
826 1875 997 1932 certa
1026 1873 1142 1944 est,
1162 1869 1313 1948 quia
1340 1870 1614 1934 Christus
1640 1889 1770 1932 non
1804 1876 1899 1934 est
1955 1889 2033 1934 ex
2057 1872 2155 1933 ni-

599 1963 728 2026 hilo
753 1963 1095 2044 productus
1108 1979 1130 2042 3
1160 1964 1421 2028 includit
1450 1965 1619 2028 enim
1646 1965 2036 2048 suppositum
2061 1965 2157 2028 di-

596 2059 840 2134 vinum,
870 2057 1042 2137 quod
1076 2075 1206 2120 non
1252 2064 1351 2121 est
1398 2077 1476 2122 ex
1517 2060 1713 2122 nihilo
1755 2061 2152 2140 productum.

598 2152 781 2216 Dices
814 2168 829 2213 z
869 2151 991 2212 hoc
1036 2169 1227 2214 sensu
1274 2153 1465 2214 etiam
1508 2155 1728 2216 Petrus
1755 2171 1886 2216 non
1929 2154 2160 2235 poterit

601 2245 721 2309 dici
750 2252 1061 2321 creatura,
1098 2247 1249 2328 quia
1288 2265 1417 2309 non
1448 2253 1541 2310 est
1568 2248 1910 2330 productus
1939 2265 2017 2310 ex
2063 2249 2160 2310 ni-

601 2341 778 2415 hilo;
812 2340 985 2402 nulla
1019 2359 1169 2420 ergo
1200 2343 1387 2403 estin
1437 2342 1558 2405 hoc
1604 2342 1954 2406 differentia
1996 2344 2158 2406 inter

602 2434 911 2498 Christum
936 2439 1001 2496 et
1028 2433 1187 2495 alios
1208 2435 1519 2498 homines.
1553 2437 1989 2518 Respondetur
2023 2453 2158 2499 esse

602 2529 965 2591 maximam.
996 2527 1203 2589 Primo
1233 2529 1513 2610 quidem,
1544 2531 1691 2610 quia
1744 2529 1984 2608 Petrus,
2013 2529 2162 2593 licet

602 2621 965 2686 immediate
999 2639 1126 2683 non
1164 2621 1244 2685 sit
1286 2623 1630 2704 productus
1670 2641 1747 2686 ex
1774 2625 1994 2701 nihilo,
2049 2623 2161 2687 sed

603 2733 721 2796 per
748 2714 1261 2795 generationem,
1296 2721 1510 2778 tamen
1561 2716 1836 2779 mediate
1886 2723 1982 2780 est
2022 2734 2163 2800 pro-

606 2807 832 2870 ductus
861 2827 941 2870 ex
969 2807 1189 2887 nihilo,
1233 2809 1382 2890 quia
1422 2817 1553 2872 tota
1591 2809 1879 2887 materia,
1931 2828 2009 2872 ex
2037 2829 2165 2891 qua

604 2903 945 2986 productus
975 2911 1091 2979 est,
1125 2905 1287 2968 iacta
1344 2910 1438 2966 est
1470 2921 1547 2965 ex
1592 2903 1789 2966 nihilo
1810 2929 1839 2978 ,·
1891 2909 1958 2968 at
2013 2923 2163 2968 vero

606 2995 881 3059 Christus
932 2997 1193 3061 includit
1217 3015 1354 3062 rem
1388 2998 1697 3079 aliquam,
1729 2997 1988 3075 scilicet,
2024 3017 2166 3079 per-

607 3109 851 3166 sonam,
875 3108 1015 3173 quae
1036 3111 1167 3156 non
1197 3100 1294 3158 est
1336 3093 1502 3156 facta
1534 3111 1610 3155 ex
1634 3091 1854 3168 nihilo,
1901 3099 1965 3155 et
2019 3091 2164 3156 ideo

606 3189 777 3249 totus
804 3185 1081 3249 Christus
1105 3205 1223 3251 nee
1250 3187 1559 3267 proxime,
1592 3204 1711 3249 nec
1765 3191 2001 3250 remote
2029 3187 2163 3250 fac-

605 3285 708 3340 tus
755 3285 851 3342 est
892 3297 968 3341 ex
1008 3279 1227 3343 nihilo.
1264 3278 1443 3345 Unde
1474 3279 1546 3342 fit
1594 3279 1897 3356 secundo,
1951 3283 2020 3342 ut
2054 3281 2165 3343 Pe-

604 3375 762 3451 truS,
794 3373 895 3436 vel
945 3373 1104 3436 alius
1134 3373 1350 3436 similis
1388 3375 1580 3437 homo
1603 3421 1619 3450 ,
1654 3375 1802 3438 licet
1848 3381 1995 3438 actu
2035 3391 2164 3437 non

606 3466 687 3530 sit
727 3467 1070 3549 productus
1118 3486 1196 3530 ex
1239 3468 1435 3531 nihilo
1460 3515 1477 3544 ,
1538 3475 1753 3531 tamen
1807 3467 2164 3550 producibi-

604 3561 682 3624 lis
729 3561 831 3641 sit,
874 3569 939 3625 et
972 3561 1093 3624 hoc
1146 3568 1243 3626 est
1286 3561 1455 3644 quod
1494 3579 1610 3645 per
1657 3579 1725 3624 se
1774 3561 2048 3643 pertinet
2082 3561 2166 3625 ad

602 3657 916 3719 rationem
969 3662 1295 3732 creaturae,
1346 3673 1487 3737 quse
1532 3655 1733 3738 magis
1775 3655 2056 3718 consistit
2094 3655 2164 3718 in

602 3753 943 3815 intrinseca
984 3750 1359 3834 aptitudine,
1409 3769 1603 3834 quam
1659 3753 1728 3814 in
1783 3751 2013 3813 actuali
2056 3750 2164 3813 de·

602 3847 1031 3908 nominatione
1090 3845 1441 3910 extrinseca
1473 3864 1490 3920 ;
1550 3852 1616 3908 at
1662 3861 1813 3908 vero
1882 3845 2162 3907 Christus

602 3957 807 4020 neque
848 3945 945 4002 est
982 3939 1349 4019 productuS,
1395 3957 1604 4020 neque
1648 3939 1912 4020 produci
1963 3937 2163 4020 potuit

602 4049 679 4096 ex
714 4031 934 4097 nihilo.
968 4033 1379 4115 Componitur
1423 4035 1592 4096 enim
1635 4033 1911 4098 Christus
1942 4051 2020 4094 ex
2046 4051 2162 4094 na-

600 4134 743 4190 tura
778 4129 1058 4192 humana
1105 4136 1169 4191 et
1210 4147 1479 4210 persona
1508 4129 1752 4201 divina;
1780 4127 1903 4190 hoc
1950 4134 2160 4190 autem

602 4221 1018 4302 compositum
1043 4239 1173 4284 non
1202 4227 1297 4284 est
1320 4222 1708 4305 producibile
1756 4239 1869 4302 per
1897 4223 2162 4284 creatio-

600 4331 773 4388 nem,
806 4315 919 4376 sed
948 4315 1149 4376 solam
1180 4317 1678 4398 assumptionem
1720 4314 2159 4392 humanitatiS,

602 4407 751 4488 quia
776 4409 1125 4470 necessario
1176 4411 1471 4491 supponit
1510 4425 1850 4492 personam
1896 4427 2035 4489 quae
2085 4427 2164 4472 ex

600 4499 795 4564 nihilo
820 4501 1083 4584 produci
1124 4519 1255 4565 non
1299 4509 1525 4582 potest,
1560 4503 1733 4586 quod
1774 4521 1811 4566 a
1848 4502 2161 4566 contrario

600 4595 935 4658 manifeste
984 4600 1160 4678 patet
1188 4618 1208 4674 ;
1240 4613 1393 4659 nam
1444 4597 1688 4672 Petrus,
1728 4599 1833 4678 qui
1865 4603 1959 4682 est
1989 4615 2164 4660 crea-

600 4695 741 4751 tura
788 4689 956 4752 dicto
1000 4689 1213 4768 modo,
1259 4691 1593 4754 annihilari
1643 4697 1849 4774 potest
1890 4711 1928 4754 a
1981 4691 2156 4770 Deo;

598 4785 875 4848 Christus
923 4791 1136 4847 autem
1187 4785 1524 4847 annihilari
1558 4803 1688 4847 non
1736 4791 1986 4867 potest;
2018 4803 2162 4848 cum

600 4877 770 4940 enim
798 4878 1144 4941 necessario
1170 4897 1420 4960 semper
1434 4897 1733 4941 mansura
1758 4879 1838 4940 sit
1868 4895 2158 4960 persona,

598 4987 727 5032 non
758 4977 965 5052 potest
981 4976 1147 5034 totus
1176 4972 1457 5034 Christus
1477 4971 1543 5034 in
1572 4973 1837 5035 nihilum
1867 4971 2093 5054 redigi.

676 5065 739 5125 7.
770 5065 921 5126 Dico
951 5063 1228 5127 secundo
1264 5083 1279 5126 z
1313 5065 1367 5126 si
1396 5071 1685 5128 creatura
1711 5073 1997 5128 sumatur
2021 5083 2164 5146 pos-

597 5159 809 5220 teriori
839 5157 1045 5232 mod0,
1081 5165 1149 5219 ut
1172 5157 1342 5220 idem
1372 5157 1680 5240 significet
1703 5159 1873 5240 quod
1893 5159 2155 5236 factura,

597 5269 712 5314 seu
757 5251 910 5332 quid
958 5251 1215 5329 factum,
1258 5253 1363 5314 illa
1397 5253 1628 5315 locutio
1678 5257 1887 5334 potest
1922 5253 2158 5316 habere

595 5363 853 5410 sensum
886 5347 1209 5429 proprium
1242 5353 1305 5410 et
1328 5365 1588 5425 verum3
1618 5353 1855 5424 tamen,
1886 5347 2036 5428 quia
2065 5353 2160 5409 est

596 5441 893 5522 ambigua
910 5485 933 5518 ,
999 5445 1063 5502 et
1115 5439 1529 5522 suspicionem
1587 5441 1816 5505 erroris
1862 5441 2154 5524 ingerere

592 5540 819 5615 potest,
848 5533 1213 5618 usurpanda
1250 5551 1380 5600 non
1414 5535 1664 5602 estsine
1691 5535 2022 5601 sufficienti
2051 5553 2156 5598 ex·

1786 358 2024 425 QuAEsT.
2056 361 2184 416 XVI.
2217 361 2418 418 Amic.
2455 361 2586 418 Vm.

2231 457 2544 538 positione
2585 473 2700 522 seu
2725 459 3274 522 determinatione.
3303 460 3452 524 Haec
3477 468 3729 533 conclusio

2231 550 2479 614 videtur
2505 569 2646 614 esse
2673 555 2852 632 juxta
2879 559 3154 614 mentem
3183 555 3260 614 D.
3295 553 3544 618 Thomas
3571 559 3668 636 hic,
3689 571 3730 628 et

2232 649 2363 708 tota
2391 645 2660 708 sumitur
2681 663 2760 708 ex
2781 645 3069 710 Patribus
3095 645 3306 710 citatis
3327 663 3344 722 ;
3376 649 3462 710 ita
3489 653 3634 714 enim
3655 673 3732 735 ap-

2231 739 2503 820 probant
2547 739 2720 801 illam
2769 739 3184 820 locutionem,
3227 745 3306 802 ut
3350 743 3504 805 satis
3543 761 3732 828 semper

2233 833 2546 914 explicent
2597 849 2956 896 sennonem
3003 851 3144 896 esse
3187 833 3278 896 de
3303 835 3580 912 Christo,
3607 848 3732 904 utex

2231 927 2624 990 humanitate
2657 928 3076 1008 componitur.
3109 929 3296 990 Ratio
3315 945 3472 992 vero
3503 938 3608 1010 est,
3629 935 3732 1013 quia

2233 1021 2510 1083 Christus
2547 1020 2862 1102 significat
2903 1021 3330 1102 compositum
3371 1039 3453 1086 ex
3477 1025 3733 1090 diurnitate

2233 1120 2298 1179 et
2325 1115 2749 1191 humanitate;
2784 1115 2892 1177 sed
2919 1117 3042 1178 hoc
3069 1117 3496 1198 compositum
3527 1125 3612 1180 est
3629 1121 3734 1198 qnid

2233 1214 2516 1270 creatum
2545 1209 2613 1270 in
2640 1209 2804 1272 dicto
2839 1225 3052 1286 sensu,
3079 1215 3416 1291 utsupra,
3445 1212 3598 1273 dicta
3625 1223 3732 1276 sect.

2233 1303 2295 1378 5,
2327 1301 2486 1384 disp.
2525 1305 2563 1364 Ἰ
2585 1345 2606 1380 ,
2641 1301 2770 1366 late
2807 1309 3130 1366 ostensum
3173 1311 3313 1382 θεὶς
3345 1321 3500 1386 ergo
3521 1305 3733 1368 Christus

2235 1395 2458 1458 eadem
2483 1398 2726 1460 ratione
2769 1398 3004 1478 poterit
3029 1397 3152 1462 dici
3185 1398 3349 1480 quid
3377 1405 3652 1476 creatum,
3673 1407 3734 1461 at·

2233 1507 2358 1572 que
2379 1491 2539 1554 adeo
2563 1497 2873 1555 creatura.

2315 1589 2372 1648 8.
2423 1585 2684 1668 objectio
2711 1617 2813 1648 .--
2829 1585 3012 1650 Dices
3044 1607 3060 1650 ε
3092 1587 3388 1651 Christus
3439 1590 3652 1670 positus
3683 1607 3734 1650 ex

2234 1685 2413 1760 parte
2441 1680 2746 1761 subjecti,
2772 1681 3136 1762 simpliciter
3162 1689 3227 1746 et
3261 1683 3406 1745 sine
3431 1683 3736 1745 determina-

2235 1773 2428 1847 tione,
2463 1789 2594 1836 non
2623 1779 2746 1838 stat
2772 1791 2884 1836 seu
2911 1777 3209 1858 supponit
3237 1793 3362 1857 pro
3391 1782 3518 1838 toto
3543 1793 3734 1854 compo-

2237 1866 2354 1928 sito
2375 1873 2444 1929 ut
2464 1868 2572 1942 sic,
2595 1868 2705 1930 sed
2725 1885 2840 1948 pro
2865 1872 3190 1949 supposito
3209 1873 3500 1947 tantum3
3521 1869 3734 1946 subjecta

2237 1961 2406 2023 enim
2437 1967 2604 2025 stant
2635 1963 3069 2041 materialiter,
3101 1969 3172 2026 ut
3201 1964 3432 2026 dicunt
3459 1961 3727 2032 dialectiea

2238 2060 2474 2118 atvero
2503 2057 2580 2120 de
2611 2060 2932 2140 supposito
2951 2077 3082 2122 non
3109 2063 3321 2140 potest
3345 2075 3492 2121 vere
3519 2057 3624 2120 dici
3641 2071 3731 2118 esse

2239 2149 2392 2232 quid
2417 2157 2720 2230 creatum,
2753 2171 2868 2215 seu
2893 2171 3034 2216 esse
3058 2159 3442 2218 creaturam.

2317 2245 2378 2306 9.
2424 2245 2866 2330 Hesperida—
2884 2247 3332 2329 Respondetur
3357 2247 3572 2328 primo,
3599 2261 3730 2323 supra

2239 2337 2476 2400 dictum
2503 2355 2640 2402 esse
2661 2385 2682 2417 ,
2713 2341 3000 2422 subjecta
3047 2342 3372 2404 interdum
3401 2336 3726 2401 determinati

2241 2449 2278 2494 a
2304 2433 2658 2514 praedicatis
2681 2481 2698 2510 ,
2733 2441 2804 2497 ut
2849 2438 3014 2498 stent
3056 2435 3442 2509 formaliter,
3469 2438 3534 2495 ut
3555 2435 3728 2493 constat

2239 2525 2306 2589 in
2335 2527 2432 2588 his
2457 2527 2896 2605 locutionibus,
2925 2529 3139 2591 album
3169 2535 3267 2592 est
3291 2528 3507 2609 quale,
3527 2523 3723 2588 calidum

2243 2624 2338 2682 est
2358 2622 2666 2684 terminus
2695 2623 3150 2701 calefactionis3
3179 2623 3272 2686 sic
3301 2639 3456 2703 ergo
3483 2620 3592 2682 dici
3615 2623 3726 2698 pote·

2243 2713 2322 2777 rit
2345 2715 2618 2778 Christus
2645 2717 2953 2779 terminus
2983 2719 3336 2781 effectionis
3363 2713 3668 2796 cujusdam,
3686 2717 3722 2769 et

2243 2813 2394 2870 tune
2421 2809 2604 2872 stabit
2631 2811 2978 2876 formaliter
2997 2813 3241 2875 ratione
3261 2810 3573 2894 praedicati
3591 2825 3603 2880 ;
3626 2820 3722 2882 ergo

2246 2901 2472 2964 eadem
2491 2903 2732 2966 ratione
2751 2905 2873 2966 dici
2896 2906 3127 2986 poterit
3149 2907 3421 2981 factura,
3438 2910 3604 2982 atque
3618 2896 3720 2960 adeo

2245 3001 2555 3072 creatura,
2589 2998 2734 3078 quia
2764 2999 2862 3060 his
2891 3000 3148 3063 vocibus
3181 2999 3359 3062 idem
3385 2997 3656 3060 terminus
3673 2988 3722 3049 ei-

2243 3089 2528 3152 fectionis
2587 3091 2994 3172 significatur.
3047 3093 3556 3170 Quandocumque
3611 3083 3720 3148 enim

2244 3183 2647 3265 praedicatum
2675 3187 3185 3250 accommodatur
3213 3187 3494 3268 subjecto
3519 3173 3720 3243 formali-

2245 3283 2338 3338 ter
2367 3283 2638 3359 sumpto,
2681 3285 2746 3341 et
2777 3297 2894 3360 per
2931 3299 3000 3344 se
3027 3281 3118 3343 illi
3145 3279 3465 3356 convenit,
3490 3277 3656 3358 potefll
3675 3268 3721 3327 fl·

2245 3371 2356 3432 lud
2385 3371 2829 3451 determinare,
2861 3379 2930 3436 ut
2973 3375 3062 3438 ita
3099 3375 3479 3455 accipiatur3
3519 3371 3594 3431 ita
3623 3377 3718 3424 vero

2247 3471 2341 3526 est
2385 3465 2450 3526 iu
2494 3467 2808 3546 praesenti.
2859 3469 3001 3532 Non
3043 3475 3140 3531 est
3187 3485 3346 3549 ergo
3385 3483 3492 3530 cur
3532 3463 3721 3538 negetur

2245 3559 2412 3622 hunc
2445 3579 2702 3623 sensnm
2731 3579 2870 3626 esse
2901 3564 3225 3648 proprium
3273 3567 3341 3626 et
3378 3573 3607 3630 verum,
3627 3563 3720 3626 sup·

2244 3655 2448 3736 posita
2495 3655 2600 3717 illa
2643 3659 2898 3738 propria
2941 3659 3006 3720 et
3057 3658 3290 3719 usitata
3349 3647 3718 3736 significatione

2244 3749 2678 3811 terminorum.
2708 3750 3121 3814 Nihilominus
3145 3749 3406 3831 reliquas
3427 3749 3608 3828 partes
3625 3749 3718 3799 con·

2245 3841 2539 3904 clusionis
2574 3861 2688 3924 per
2727 3861 2798 3907 se
2831 3851 2996 3906 notas
3025 3851 3194 3920 sunt,
3227 3841 3480 3906 vitanda
3505 3842 3584 3899 est
3607 3829 3717 3934 enitn

2247 3936 2449 3998 omnis
2479 3936 2747 4018 suspicio
2777 3941 3026 4014 erroris,
3059 3945 3120 4001 et
3149 3939 3294 4001 ideo
3323 3953 3466 4001 cum
3491 3923 3713 3992 haereticus

2243 4029 2456 4091 necin
2485 4031 2741 4094 vocibus
2792 4033 3128 4096 convenire
3178 4032 3509 4102 debemus,
3535 4011 3714 4102 quassffl'

2243 4141 2467 4185 sensus
2513 4127 2606 4186 est
2647 4118 3012 4207 ambigu'us,
3059 4126 3174 4188 sed
3199 4124 3530 4190 catholicus
3563 4120 3711 4176 sensus

2243 4217 2622 4281 sufficienter
2649 4221 2945 4300 explicari
2973 4219 3181 4284 debet.

2327 4315 2423 4374 lo.
2473 4311 2860 4392 Argumenta
2910 4316 3130 4396 primae
3181 4310 3487 4394 opinionis
3522 4297 3709 4388 probant

2241 4407 2408 4468 hanc
2439 4405 2781 4469 secundam
2808 4407 3297 4470 conclusionem.
3315 4407 3538 4470 sivero
3561 4395 3708 4457 contra

2241 4501 2514 4580 primam
2557 4499 2714 4563 fiant
2732 4546 2747 4575 ,
2781 4502 3195 4584 respondetur
3225 4498 3434 4561 omnia
3471 4492 3559 4554 illa
3579 4487 3707 4586 Salic-

2243 4599 2452 4658 torum
2485 4594 2840 4659 testimonia
2872 4597 3053 4677 juxta
3081 4593 3422 4658 secundam
3447 4580 3707 4652 conclusnr

2243 4703 2392 4750 nem
2422 4687 2830 4771 intelligenda
2861 4707 3022 4752 esse.

2328 4783 2391 4844 Η
2408 4828 2423 4843 .
2472 4783 2822 4850 Proedicata
2865 4787 3280 4848 creaturarum
3333 4773 3600 4861 duplicia.
3626 4773 3703 4825 Μ·

2238 4882 2412 4959 pactu
2450 4873 2702 4942 Christi.
2729 4909 2812 4927 —
2837 4875 2932 4939 Ad
2980 4877 3249 4959 primam
3298 4889 3443 4939 vero
3479 4863 3698 4930 rationem

2243 4972 2662 5052 respondetur
2706 4971 2910 5050 primo
2931 5018 2953 5049 ,
3017 4971 3311 5034 attributa
3369 4957 3700 5030 creatumruffl

2245 5066 2580 5128 convenire
2633 5065 2872 5128 Christo
2927 5064 3172 5127 ratione
3232 5069 3462 5126 naturae
3509 5047 3692 5113 ‘wem’

2243 5159 2496 5240 quando
2529 5159 2631 5220 illa
2665 5176 2798 5221 non
2839 5158 3166 5220 includunt
3201 5153 3557 5236 suppositum
3577 5145 3695 5197 ΘΜ·

2239 5259 2398 5332 tum,
2449 5259 2510 5316 et
2563 5251 2927 5334 simpliciter
2972 5269 3051 5314 ex
3087 5251 3280 5312 nihilo
3311 5221 3694 5338 procinctu-mx?

2239 5349 2382 5412 ideo
2431 5367 2506 5410 ex
2556 5345 2676 5409 illis
2725 5344 2928 5408 solum
2959 5345 3169 5406 inferri
3197 5345 3435 5423 potest,
3474 5327 3691 5428 Cbnqfflffl

2235 5457 2422 5524 posse
2471 5441 2592 5504 dici
2637 5447 2989 5502 creaturam
3032 5435 3356 5520 posteriori
3384 5426 3542 5494 modo
3562 5415 3684 5478 dicto,

2235 5553 2364 5598 non
2429 5553 2576 5597 vero
2623 5531 2838 5615 priori.
2901 5529 3190 5595 Secundo
3237 5528 3453 5593 dieitur
3485 5505 3686 5598 quaedam
