3892 6167
510 402 836 479 naturalis,
868 408 933 464 et
982 401 1274 464 dominus
1320 399 1501 478 legis.
1533 401 1609 460 Et
1652 397 1735 460 ad
1774 399 2070 460 eumdem

513 515 771 561 sensum
795 495 961 558 trahi
986 499 1247 575 possunt
1274 493 1468 556 verba
1502 493 1729 556 Joann.
1762 496 1801 554 ὅ
1830 511 1847 553 :
1878 492 2074 556 Pater

512 609 679 658 meus
702 605 888 672 usqae
912 589 1081 652 modo
1108 593 1413 667 operatur,
1444 591 1503 652 et
1528 603 1631 668 eqo
1654 603 1865 665 operor
1883 629 1904 662 ,
1938 585 2072 664 qui-

512 683 631 748 bus
659 683 937 746 Christus
984 682 1067 744 ad
1092 680 1359 744 similem
1388 679 1767 743 calumniam
1800 697 2069 760 respon·

514 777 641 852 dit;
695 776 877 856 quasi
920 775 1155 838 diceret
1194 791 1263 838 se
1316 791 1465 836 cum
1514 773 1693 835 Patre
1722 773 1937 835 omnia
1983 772 2076 834 se-

514 873 677 934 cisse
720 877 783 932 et
830 869 1062 944 facere,
1109 872 1172 931 et
1222 867 1365 930 ideo
1408 883 1539 928 non
1572 883 1713 928 esse
1756 865 2074 930 subditum

512 965 662 1044 legi,
690 969 762 1026 ut
781 961 1062 1026 indicant
1088 961 1303 1040 cyril„
1338 958 1450 1021 lib.
1480 963 1519 1020 2
1548 959 1611 1020 in
1634 960 1843 1036 Joan„
1872 978 1929 1021 c.
1955 959 2074 1038 333

518 1065 582 1120 et
606 1058 769 1136 Aug.
778 1099 798 1132 ,
832 1059 1011 1122 tract.
1035 1057 1109 1118 17
1128 1055 1193 1116 in
1213 1054 1422 1126 Joan.;
1446 1069 1809 1134 quanquam
1826 1053 1897 1116 D.
1916 1055 2078 1114 Tho·

516 1169 653 1214 mas
684 1149 869 1212 aliter
900 1155 962 1210 et
994 1147 1147 1210 satis
1174 1147 1341 1210 bene
1366 1147 1635 1228 explicet
1660 1146 1843 1222 intra,
1875 1165 1937 1227 q.
1969 1151 2072 1222 ⁴0,

517 1263 579 1306 a.
617 1247 695 1317 4,
734 1243 817 1304 ad
848 1245 905 1304 1.
938 1241 1151 1320 Aliqui
1194 1242 1311 1302 hoc
1350 1239 1724 1304 confirmant
1758 1259 1837 1303 ex
1867 1241 2076 1304 verbis

516 1337 716 1411 Pauli,
734 1337 813 1398 ad
828 1335 1028 1398 Galat.
1060 1337 1122 1409 3,
1154 1333 1421 1396 dicentis
1444 1334 1647 1411 legem
1664 1338 1941 1396 veterem
1966 1334 2077 1396 da·

518 1437 641 1492 lam
674 1447 813 1492 esse
842 1446 957 1508 per
986 1427 1261 1506 Angelos
1286 1428 1351 1488 in
1372 1444 1567 1490 manu
1600 1427 1988 1502 mediatoris,
2011 1425 2076 1490 id

514 1530 607 1588 cst
632 1522 877 1590 Christi.
910 1528 979 1584 ut
1001 1521 1121 1601 ipsi
1150 1526 1491 1602 exponunt.
1527 1523 1617 1584 Ac
1642 1521 1695 1583 si
1720 1523 1798 1584 sit
1826 1539 2072 1596 sensuS,

516 1619 687 1680 illam
708 1616 967 1697 quidam
1000 1615 1207 1694 legem
1236 1613 1591 1676 ordinatam
1606 1615 1763 1694 {esse
1788 1633 1901 1696 per
1949 1619 2076 1676 An·

514 1711 711 1792 gelos,
739 1717 951 1772 tamen
978 1713 1175 1770 totam
1202 1709 1469 1788 positam
1500 1725 1641 1770 esse
1670 1709 1735 1770 in
1764 1715 2074 1789 potestate

516 1805 757 1878 Christi,
792 1807 855 1866 et
882 1801 1057 1864 illum
1086 1819 1215 1864 non
1240 1801 1573 1882 obligasse.
1598 1801 1727 1866 Sed
1748 1808 1856 1865 ost
1882 1819 2077 1883 expo·-

516 1899 657 1960 sitio
686 1897 892 1958 aliena
910 1894 1167 1958 omnino
1194 1913 1233 1956 a
1256 1911 1448 1957 sensu
1478 1893 1675 1972 Pauli,
1700 1901 1763 1958 et
1791 1897 2076 1960 omnium

518 1993 851 2054 Doctorum
870 1989 1379 2068 interpretatione
1392 2009 1409 2063 ς
1440 1988 1749 2052 mediator
1772 1988 1942 2052 enim
1971 1991 2078 2053 illo

516 2085 653 2146 loco
680 2084 1032 2165 appellatur
1052 2083 1319 2162 Moyses,
1342 2083 1447 2161 qui
1468 2083 1633 2144 inter
1658 2085 1855 2144 Deum
1872 2091 1937 2146 et
1963 2101 2076 2163 po-

518 2179 739 2260 pulum
765 2175 1185 2242 internuntius
1216 2181 1281 2237 et
1306 2182 1633 2256 sequester
1655 2175 1794 2248 fuit,
1826 2181 1897 2238 ut
1922 2175 2078 2238 dici-

517 2279 621 2335 tur
642 2274 899 2334 Denter.
932 2272 1005 2343 ὃς
1038 2269 1265 2332 dicitur
1298 2285 1449 2349 ergo
1480 2269 1581 2330 lex
1610 2269 1757 2332 data
1784 2269 1849 2332 in
1880 2286 2078 2331 manu

516 2366 904 2440 mediatoris,
934 2363 1081 2444 quia
1120 2363 1345 2444 Angeli
1376 2379 1507 2426 non
1552 2363 1913 2426 immediate
1940 2381 2080 2444 pro·

516 2460 901 2538 mulgarunt,
954 2463 1016 2520 et
1062 2456 1375 2518 dederunt
1398 2455 1607 2536 legem
1646 2456 1911 2536 populo,
1967 2458 2082 2520 sed

520 2549 743 2632 Moysi,
774 2569 889 2632 per
902 2567 1091 2628 quem
1118 2549 1219 2611 lex
1247 2548 1393 2612 data
1422 2555 1539 2624 est,
1556 2555 1627 2610 ut
1650 2549 1879 2612 dicitur
1890 2551 2074 2615 Joan.

522 2649 591 2720 1;
622 2663 703 2708 ex
729 2647 853 2708 hoc
880 2661 1031 2724 ergo
1058 2643 1199 2705 loco
1228 2643 1383 2704 nihil
1410 2639 1661 2721 probari
1686 2649 1909 2723 potest.
1946 2645 2080 2708 Alia

518 2757 692 2814 vero,
734 2757 875 2819 quae
906 2737 1301 2810 adduximus,
1350 2736 1497 2800 satis
1546 2738 1709 2800 hanc
1754 2740 2080 2802 veritatem

517 2834 910 2896 confirmant.

608 2929 699 2990 10.
749 2929 1141 3005 Argumenta
1182 2941 1331 2988 vero
1378 2927 1705 2988 contrariis
1754 2927 2080 2990 sententia}

520 3039 598 3084 cx
638 3014 819 3084 dictis
845 3020 977 3082 fere
1006 3019 1213 3082 soluta
1241 3025 1421 3092 sunu
1456 3019 1685 3083 dicitur
1704 3021 1873 3083 enim
1912 3021 2087 3083 Chri-

520 3121 651 3178 stus
693 3131 821 3176 non
869 3114 1117 3176 venisse
1148 3111 1231 3174 ad
1270 3111 1657 3190 solvendam,
1698 3114 1811 3176 sed
1846 3114 1930 3176 ad
1967 3115 2086 3176 im·-

520 3207 819 3288 pleadam
851 3207 1083 3288 legem,
1114 3207 1339 3286 primo,
1380 3205 1531 3286 quia
1552 3206 1699 3269 licet
1720 3225 1851 3268 non
1896 3208 2088 3271 fuerit

518 3302 647 3382 legi
672 3301 1005 3376 obnoxius,
1044 3299 1229 3380 plene
1253 3305 1467 3362 tamen
1510 3317 1585 3362 ac
1608 3301 1885 3380 perfecte
1913 3301 2086 3362 illam

522 3397 815 3472 servavit,
844 3397 917 3456 ut
942 3394 1269 3474 eleganter
1296 3393 1375 3471 Ι),
1396 3393 1671 3456 Thomas
1698 3395 1995 3476 explicuit
2022 3395 2085 3456 in

519 3489 631 3552 illo
658 3495 777 3552 art.
806 3491 869 3561 4,
898 3505 961 3568 q.
994 3491 1097 3552 40.
1136 3488 1449 3565 Secunde,
1480 3488 1629 3568 quia
1666 3487 1945 3553 Christus
1973 3489 2088 3550 im·

519 3582 715 3664 plevit
755 3581 965 3661 legem
1006 3581 1167 3642 sicut
1192 3581 1421 3643 veritas
1460 3579 1752 3661 figuram,
1784 3581 1883 3643 vel
1928 3581 2088 3644 sicut

521 3674 779 3738 donatio
808 3673 1317 3753 promissionem,
1350 3680 1421 3736 ut
1466 3673 1630 3736 bene
1677 3676 2082 3756 Augustinus,

520 3768 633 3832 lib.
662 3771 741 3832 16
765 3774 981 3830 contra
1012 3767 1251 3845 Faust.,
1278 3787 1333 3830 c.
1354 3771 1419 3843 6,
1448 3774 1513 3830 et
1538 3768 1645 3830 lib.
1668 3771 1768 3840 18,
1794 3789 1829 3830 a
1854 3769 2082 3849 princ.,

524 3868 589 3922 et
614 3861 725 3924 lib.
775 3863 877 3933 19,
909 3879 1046 3941 cap.
1100 3863 1202 3923 24.
1241 3861 1475 3934 Tertio,
1527 3861 1811 3942 implevit
1852 3863 2083 3942 legem,

523 3955 675 4032 quia
712 3954 1025 4035 quidquid
1064 3952 1472 4033 perfectionis
1500 3954 1627 4033 legi
1666 3955 1906 4028 deerat,
1949 3956 2088 4036 ipse

522 4047 769 4111 addidit
794 4054 858 4111 et
900 4047 1259 4127 complevit,
1291 4053 1363 4110 ut
1392 4047 1561 4109 idem
1606 4048 1764 4111 dixit
1800 4049 2090 4129 Augusti·

521 4161 665 4220 nus,
696 4141 809 4204 lib.
838 4145 867 4204 1
906 4141 987 4204 de
1016 4142 1151 4203 Ser.
1194 4143 1375 4202 Dom.
1406 4141 1473 4201 in
1498 4148 1734 4214 monte,
1764 4159 1819 4204 c.
1868 4147 1970 4205 14.
2015 4143 2090 4205 Et

524 4236 607 4301 ad
636 4235 931 4298 eumdem
960 4234 1221 4296 modum
1242 4235 1397 4297 dicit
1424 4233 1771 4316 chrysost„
1804 4237 1974 4301 hom.
2013 4239 2092 4299 16

522 4327 591 4389 iu
617 4327 837 4390 Matth.
849 4372 869 4403 ,
908 4325 1224 4390 Christum
1250 4327 1613 4408 implevisse
1642 4329 1849 4409 legem
1879 4331 2090 4394 dando

524 4421 816 4501 gratiam,
846 4437 1037 4501 quam
1078 4419 1182 4483 lex
1226 4420 1379 4482 dare
1415 4439 1547 4484 non
1588 4429 1855 4503 poterat.
1906 4427 2092 4488 Deni-

523 4533 647 4596 que
676 4515 802 4578 dici
849 4520 1055 4596 potest
1094 4514 1456 4596 implevisse
1502 4515 1737 4596 legem,
1796 4518 1947 4598 quia
1975 4539 2090 4602 per

522 4609 881 4691 passionem
926 4615 991 4672 et
1028 4611 1297 4670 mortem
1344 4627 1529 4672 suam
1574 4611 1749 4672 illam
1798 4629 2091 4676 consum·

522 4705 741 4776 mavit,
776 4710 846 4765 ut
886 4705 965 4765 D.
1012 4704 1286 4766 Thomas
1330 4704 1491 4766 infra
1540 4705 1834 4784 explicat,
1867 4723 1929 4786 q.
1981 4711 2083 4783 47,

526 4805 644 4858 art.
698 4801 760 4875 2,
811 4797 893 4859 ad
935 4796 1233 4877 primum.
1268 4797 1447 4869 Quod
1498 4815 1649 4861 vero
1691 4800 1923 4863 Paulus
1973 4803 2082 4877 ait,

526 4890 839 4955 Christum
865 4889 1103 4952 factum
1134 4909 1273 4953 csse
1314 4891 1433 4953 sub
1464 4891 1629 4972 lege,
1674 4881 1807 4955 non
1830 4899 1957 4974 jus,
1981 4894 2094 4959 sed

525 4986 783 5060 factum,
812 5001 941 5046 non
975 4981 1446 5063 obligationem,
1476 4985 1589 5047 sed
1616 5003 1801 5049 nsum
1854 4990 2096 5070 signifi-

527 5086 649 5156 cat,
682 5087 753 5141 ut
781 5078 1143 5141 indicarunt
1182 5079 1464 5157 Hieron„
1493 5081 1652 5160 Aug.
1682 5085 1746 5143 et
1775 5083 2087 5160 ambros„

529 5179 593 5234 et
630 5173 861 5235 clarius
889 5172 1171 5236 Anselm.
1204 5172 1457 5235 dicens:
1496 5171 1799 5238 Subditue
1826 5181 1916 5240 est
1945 5178 2087 5262 loy-i,

525 5283 645 5330 aon
684 5269 836 5348 quia
877 5267 1007 5347 ipse
1044 5266 1169 5347 leyi
1212 5268 1541 5349 quidquam
1588 5267 1834 5347 deberet,
1883 5273 1990 5337 sed
2023 5277 2094 5338 ut

526 5377 638 5425 nos
666 5361 1005 5426 redimeret.
1048 5361 1126 5423 Et
1160 5361 1226 5424 S.
1258 5359 1555 5442 Thomas,
1610 5379 1674 5445 q.
1721 5365 1826 5440 37,
1856 5371 1975 5429 art.
2009 5369 2036 5429 1
2073 5383 2088 5428 :

528 5457 819 5537 Factum,
850 5455 1095 5538 inquit,
1122 5455 1233 5523 aab
1258 5455 1406 5538 ἔσθε,
1438 5459 1586 5539 quio
1606 5461 1841 5540 pondus
1858 5461 2010 5545 leqie
2027 5463 2095 5529 in

1758 295 1995 358 QUAEBT.
2031 295 2138 350 XX.
2171 297 2374 352 Amic,
2407 299 2473 354 tt.

2151 417 2213 463 se
2237 399 2560 463 sustinuit.
2591 401 2666 462 Et
2694 398 2865 463 idem
2895 405 2992 463 est
3021 414 3244 464 sensus
3294 403 3639 466 Athanasii
3667 413 3720 468 et

2153 491 2370 572 cyril„
2399 493 2552 554 locis
2579 491 2872 573 superius
2897 489 3125 569 allatis,
3175 496 3284 574 qui
3319 495 3526 556 simul
3569 513 3720 560 asse·
3823 489 3825 508 ³

2152 588 2299 648 runt
2325 583 2636 649 Christum
2665 591 2728 648 et
2747 586 2940 649 fuisse
2973 585 3266 666 liberum,
3313 595 3385 651 et
3411 589 3716 654 subditum

2153 679 2308 758 legi3
2343 678 2634 754 liberum,
2681 680 2939 755 scilicet,
2994 680 3204 760 quoad
3233 681 3689 762 obligationem
3699 709 3716 764 ς
3823 687 3825 746 ζ

2156 772 2480 835 subditum
2507 791 2662 837 vcro
2689 774 2902 854 quoad
2927 773 3474 840 observationem.

2777 959 2998 1016 smne
3028 963 3111 1016 111.

2165 1081 2352 1140 Utrum
2383 1081 2636 1142 tabuerit
2677 1083 2924 1142 Christus
2951 1080 3174 1160 aliquod
3205 1085 3470 1160 speciale
3487 1105 3716 1164 praeoep-

2427 1175 2545 1226 tum
2571 1167 2821 1227 divinum
2851 1171 2943 1227 cui
2970 1169 3146 1242 suerit
3171 1173 3483 1248 subjectus.

2239 1353 2298 1412 1.
2341 1351 2472 1413 Hoc
2518 1347 2781 1413 dubium
2825 1351 3136 1434 proecipue
3163 1353 3434 1416 tractari
3465 1353 3620 1416 solet
3649 1355 3711 1418 de

2157 1451 2467 1524 praecepto
2497 1443 2806 1506 moriendi
2833 1461 2947 1523 pro
2983 1444 3382 1522 hominibus,
3437 1465 3522 1508 an
3574 1447 3715 1511 Chri-

2157 1543 2291 1600 stus
2311 1538 2467 1600 illud
2491 1536 2805 1612 habuerit,
2835 1544 2896 1600 et
2927 1539 3115 1620 quale
3139 1539 3301 1602 illud
3325 1539 3546 1603 fuerit.
3588 1541 3712 1616 Qni-

2155 1629 2303 1692 dam
2349 1633 2520 1693 enim
2543 1631 2852 1711 -Theologi
2879 1639 3118 1712 negant
3163 1631 3422 1697 Christo
3471 1633 3710 1696 Domino

2154 1723 2514 1804 impositum
2565 1723 2754 1786 fuisse
2785 1725 2906 1787 hoc
2946 1731 3360 1808 praeceptum.
3409 1726 3505 1788 Ita
3549 1727 3708 1790 sentit

2157 1817 2403 1894 Palud„
2445 1819 2509 1880 in
2553 1821 2618 1894 3,
2671 1819 2735 1881 d.
2773 1820 2870 1894 12,
2918 1837 2980 1900 q.
3015 1825 3078 1896 2,
3127 1837 3187 1882 a.
3238 1821 3302 1894 3,
3344 1821 3556 1884 solum
3585 1823 3708 1900 quia

2156 1913 2439 1992 princeps
2473 1912 2566 1991 (ut
2599 1909 2818 1994 inquit)
2848 1912 3090 1976 solutus
3121 1919 3216 1976 est
3243 1911 3522 1996 legibus.
3554 1913 3704 1987 Quod
3823 1905 3825 1974 i

2155 2005 2636 2067 fundamentum
2675 2005 3058 2070 insufficiens
3087 2013 3204 2084 est,
3229 2013 3304 2070 ut
3324 2023 3411 2070 ex
3427 2004 3602 2071 dictis
3623 2027 3708 2088 pa·
3823 1983 3825 2056 Ῑ

2159 2105 2266 2161 tet.
2292 2097 2592 2160 Eamdem
2617 2099 2995 2162 sententiam
3022 2107 3194 2163 tenet
3215 2101 3486 2183 Dionys,
3517 2101 3704 2164 Cistcr·
3823 2115 3825 2198 ξ

2159 2192 2381 2267 ciens„
2421 2191 2486 2253 in
2515 2193 2576 2268 3,
2606 2211 2668 2272 q.
2705 2193 2766 2268 3,
2801 2198 2914 2255 art.
2947 2195 3011 2268 2,
3043 2193 3245 2257 concl.
3284 2195 3351 2270 6,
3387 2193 3497 2274 qui
3523 2193 3703 2256 existi-

2160 2291 2292 2348 mat
2323 2285 2768 2366 obligationem
2821 2288 3116 2373 praecepti
3165 2303 3533 2369 repugnare
3583 2307 3700 2350 cum

2159 2379 2435 2458 perfecto
2467 2377 2690 2440 merito
2719 2379 2798 2441 de
2828 2379 3169 2462 condigno,
3203 2380 3392 2453 Quod
3428 2381 3700 2443 tamenin

2161 2471 2590 2554 superioribus
2614 2473 2748 2552 jam
2777 2489 2814 2534 a
2846 2471 3027 2535 nobis
3059 2473 3372 2554 rejectum
3408 2479 3521 2537 est.
3553 2471 3697 2535 vide-

2161 2573 2264 2628 tur
2292 2570 2502 2627 autem
2527 2565 2690 2627 hanc
2711 2563 3000 2628 eamdem
3031 2569 3420 2629 sententiam
3449 2567 3695 2629 docuisse

2162 2659 2506 2739 chrysost„
2549 2659 2716 2721 hom.
2751 2661 2853 2736 59,
2890 2667 2952 2723 et
2999 2663 3080 2724 74
3109 2659 3175 2722 in
3224 2662 3502 2736 Joann.;
3545 2661 3696 2723 docet

2165 2753 2332 2816 enim
2381 2743 2538 2814 inu'd
2581 2751 2987 2830 mandatum,
3035 2755 3204 2835 qnod
3254 2753 3537 2816 Christus
3579 2753 3694 2814 dicit

2162 2845 2457 2908 hahuisse
2487 2865 2525 2908 a
2565 2847 2768 2924 Patre,
2805 2863 2936 2908 non
2980 2847 3175 2909 fuisse
3212 2861 3442 2910 verum
3487 2851 3546 2908 et-
3579 2863 3692 2926 pro-

2162 2941 2372 3021 prium
2399 2947 2812 3020 praeceptum,
2841 2938 2954 3003 sed
3005 2941 3210 3003 solnm
3253 2939 3608 3004 mandatum
3642 2939 3689 2997 in
3818 3007 3819 3014 ἵ

2166 3035 2271 3096 illa
2299 3033 2504 3096 latiori
2521 3033 3002 3114 significatione,
3033 3033 3150 3099 inl
3183 3039 3343 3097 sect.
3388 3033 3661 3114 explicata
3671 3052 3687 3104 ,-

2166 3135 2230 3190 et
2265 3127 2436 3189 hom.
2469 3131 2508 3188 7
2537 3125 2602 3188 in
2633 3127 2813 3207 epist.
2845 3127 2924 3188 ad
2950 3127 3199 3208 Philip„
3232 3127 3547 3210 explicans
3571 3125 3686 3186 obe-

2165 3221 2470 3284 dientiam
2503 3219 2724 3282 Christi
2771 3225 2988 3284 contra
3037 3221 3329 3297 Arianos,
3385 3221 3610 3301 inquit:
3650 3215 3687 3279 0
3818 3307 3819 3314 ἵ

2165 3315 2466 3379 insensati
2505 3319 2564 3378 et
2591 3321 2876 3389 amentes,
2901 3331 3044 3378 nam
3070 3320 3126 3380 et
3149 3317 3373 3379 amieis
3395 3331 3495 3378 noe
3531 3311 3685 3375 obedi-

2165 3427 2321 3483 mus,
2355 3417 2410 3472 et
2437 3405 2596 3471 nihil
2635 3425 2744 3470 uos
2767 3409 2872 3472 Itoe
2893 3409 3124 3490 dejicit,
3155 3415 3224 3472 ut
3246 3407 3457 3474 Filius
3479 3404 3688 3470 obedivit
3817 3481 3819 3484 Α

2168 3501 2378 3576 Patri,
2413 3519 2534 3564 non
2577 3501 2645 3564 in
2677 3501 2952 3565 servilem
2989 3500 3384 3566 conditionem
3423 3499 3683 3570 deciderem

2170 3595 2357 3657 sentit
2387 3611 2538 3675 ergo
2583 3593 2756 3655 illam
2787 3593 3212 3656 obedientiam
3259 3611 3391 3658 non
3432 3593 3600 3654 fuisse
3636 3589 3682 3648 in

2169 3688 2388 3750 ordine
2424 3687 2506 3748 ad
2532 3695 2914 3767 praeceptum
2953 3689 3204 3770 proprie
3250 3695 3576 3772 sumptum,
3600 3681 3682 3744 sed

2167 3783 2234 3842 in
2255 3778 2476 3842 ordine
2503 3779 2587 3842 ad
2622 3781 2898 3843 divinam
2927 3782 3321 3844 voluntatem
3353 3781 3463 3843 sibi
3491 3775 3677 3855 simpli·

2171 3873 2324 3936 citer
2351 3873 2734 3935 insinuatam
2772 3881 2833 3936 et
2861 3875 3396 3948 commendatam,
3425 3870 3516 3936 cui
3549 3865 3679 3932 Chri-

2171 3971 2304 4030 stus
2330 3985 2448 4048 per
2475 3967 2818 4030 humanam
2853 3965 3238 4032 voluntatem
3279 3965 3540 4030 maxime
3569 3977 3679 4024 con-

2168 4061 2386 4122 formis
2425 4061 2560 4123 fuit.
2593 4062 2774 4125 Unde
2821 4061 2982 4123 sumi
3026 4066 3236 4143 potest
3261 4056 3577 4144 probabilis
3601 4071 3675 4113 ra-

2171 4155 2283 4231 tio,
2325 4171 2490 4236 quoe,
2525 4161 2594 4218 ut
2637 4153 2914 4218 Christus
2957 4153 3025 4217 in
3060 4157 3356 4219 omnibns
3394 4161 3676 4232 exequere·

2169 4255 2276 4312 tur
2299 4249 2684 4313 voluntatem
2708 4249 2928 4323 Patris,
2955 4267 3083 4312 non
3107 4251 3378 4332 indiguit
3395 4245 3668 4330 praecepto,

2171 4341 2285 4404 sed
2311 4343 2444 4406 sola
2473 4343 2811 4406 voluntatis
2855 4349 3135 4424 paternis
3171 4345 3512 4425 cognitione
3533 4357 3548 4412 ;
3568 4347 3670 4414 per·

2169 4436 2332 4499 fecta
2363 4435 2533 4499 enim
2564 4437 2922 4500 obedientia
2967 4455 3098 4499 non
3128 4442 3410 4518 expectat
3451 4441 3666 4516 praecep-

2169 4536 2330 4606 tum,
2363 4528 2474 4593 sed
2503 4529 2582 4592 ad
2621 4533 2844 4592 nutum
2875 4531 3215 4611 superioris
3243 4524 3552 4594 voluntatis
3573 4533 3667 4579 mo·

2170 4629 2374 4696 vetur,
2409 4629 2480 4686 ut
2503 4623 2573 4686 D.
2603 4623 2876 4686 Thomas
2905 4623 3111 4701 docet,
3137 4629 3202 4687 2.
3233 4627 3298 4699 2,
3334 4639 3391 4704 q.
3419 4618 3596 4690 1042&
3615 4611 3658 4670 2·

2167 4715 2348 4778 Unde
2359 4717 2736 4798 Theophyl„
2751 4735 3074 4799 exponens
3089 4715 3285 4781 verba
3299 4715 3400 4780 illa
3417 4715 3448 4776 J
3452 4725 3568 4775 oan.
3581 4703 3659 4810 l5f

2171 4811 2256 4876 Si
2277 4819 2580 4894 proecepta
2607 4829 2737 4877 mea
2760 4815 3172 4890 servaveritis,
3203 4807 3503 4877 manebitis
3525 4805 3575 4867 in
3597 4797 3658 4898 dt:

2175 4905 2421 4970 lectione
2451 4923 2605 4983 mea,
2635 4907 2802 4972 sicut
2829 4913 2888 4972 et
2915 4917 3019 4990 eqo
3033 4911 3340 4990 proecepta
3369 4896 3552 4968 Patris
3575 4905 3658 4950 nm

2177 4999 2435 5075 servaei,
2458 5003 2514 5063 et
2536 5015 2740 5065 mame
2767 5005 2834 5064 in
2856 5001 2988 5082 ejus
3003 4999 3335 5076 dilectione,
3351 4973 3660 5076 inquitzffoc

2175 5097 2515 5173 temperans
2547 5107 2610 5157 se
2639 5094 3009 5159 audientium
3037 5091 3394 5172 infirmitati
3413 5081 3550 5154 dicit,
3571 5084 3655 5135 '2⁰²⁸

2175 5185 2332 5249 enim
2361 5187 2468 5270 qui
2504 5187 2768 5252 omnium
2794 5193 2883 5252 est
2914 5189 3234 5269 lepis-lator
3250 5233 3265 5263 ,
3295 5171 3558 5251 mandatis
3585 5159 3654 5228 ob·

2171 5281 2414 5356 noxius,
2449 5287 2507 5346 et
2547 5283 2678 5345 sine
2718 5279 2992 5364 paternis
3027 5281 3338 5345 mandatis
3372 5275 3538 5340 vivere
3567 5273 3652 5322 ποῦ

2170 5377 2389 5453 potest,
2415 5373 2522 5440 hoe
2538 5375 2696 5441 enim
2715 5373 2974 5460 copitare
2993 5373 3188 5454 suerit
3203 5363 3622 5440 absurdissimum
3630 5367 3650 5414 1·

2177 5471 2239 5530 et
2267 5466 2334 5529 in
2359 5465 2486 5533 fine
2527 5487 2585 5533 c.
2633 5471 2712 5532 ss
2745 5469 3002 5550 exponit
3029 5467 3220 5534 illud:
3264 5465 3432 5536 Sient
3463 5443 3644 5519 ΜΜΜ·
