3892 6167
1259 365 1580 418 DISPUTA'I'.
1615 363 1878 418 XXXVIII.
1913 363 2083 418 sncT.
2116 365 2201 418 111.

146 474 204 528 et
235 463 552 538 Ruffinus,
573 462 636 524 in
689 463 961 541 Exposit.
1011 463 1314 543 Symboli,
1365 465 1442 526 de
1475 465 1694 543 spinea

145 575 364 620 corona
397 555 694 618 eumdem
731 556 938 618 locum
975 555 1296 619 intellexit.
1345 557 1524 632 Quod
1577 577 1694 619 au-

149 661 264 714 tem
285 651 429 712 dies⁴
455 649 762 730 passionis
783 649 1006 710 Christi
1038 650 1262 712 dicitur
1302 650 1438 713 dies
1463 651 1693 712 laetitiae

145 745 338 806 cordis
365 745 533 824 ejus,
566 745 713 806 satis
741 743 1073 805 confirmat
1096 761 1222 806 non
1250 745 1440 807 fuisse
1491 747 1691 824 ipsius

147 841 410 900 animam
449 837 757 917 privatam
789 856 866 899 eo
911 837 1014 899 die
1051 839 1504 917 perfectissimo
1540 857 1694 918 gau-

149 933 242 994 dio
263 951 280 1004 3
305 949 463 1010 ergo
493 932 768 992 maxime
801 947 1016 993 carere
1041 949 1168 992 non
1196 933 1412 995 debuit
1458 933 1690 1012 gaudio

143 1025 438 1088 beatifico.
477 1025 656 1096 Quod
689 1024 873 1086 etiam
921 1029 1094 1088 reete
1125 1023 1531 1087 confirmatur
1555 1043 1692 1086 ver-

145 1119 232 1180 bis
257 1119 376 1180 illis
403 1118 570 1180 Psal.
599 1121 712 1180 452
748 1119 1013 1201 Propter
1034 1119 1144 1182 hoc
1177 1119 1455 1183 loetatum
1485 1123 1575 1181 est
1594 1135 1694 1180 cor

148 1231 342 1287 mem,
385 1215 444 1275 oi
463 1210 772 1276 malind&
793 1212 1010 1292 linqua
1035 1227 1169 1275 mea
1181 1235 1208 1282 ;
1229 1231 1400 1288 nam,
1431 1211 1599 1294 quod
1627 1213 1693 1272 iu

149 1309 225 1369 eis
253 1307 322 1366 sit
349 1323 566 1368 sermo
588 1305 664 1366 de
685 1303 926 1367 Christo
955 1309 1017 1366 et
1043 1307 1334 1385 passione
1362 1307 1522 1384 ejus.
1546 1323 1618 1366 co
1629 1323 1692 1364 n-

151 1407 254 1462 stat
281 1416 354 1460 ex
400 1398 818 1477 sequentibus
862 1399 1068 1460 verbis
1102 1415 1117 1458 ε
1155 1398 1418 1480 Insuper
1445 1405 1502 1463 et
1550 1417 1690 1462 caro

150 1511 262 1556 mea
285 1495 617 1573 requieseat
643 1494 713 1554 in
735 1511 858 1573 spe.
885 1494 1044 1554 ltem
1081 1511 1161 1554 ex
1211 1493 1334 1554 illis
1365 1494 1545 1555 Lucae
1571 1496 1685 1554 15:

151 1588 228 1650 Et
265 1603 391 1650 oum
435 1587 742 1650 invenci-it
785 1603 948 1678 pam,
998 1588 1254 1668 imponit
1301 1586 1370 1649 in
1419 1589 1692 1650 humeros

147 1699 270 1744 suos
321 1683 634 1760 Μῶφι-1,·
667 1682 800 1742 ovis
853 1682 1020 1742 enim
1061 1681 1305 1762 per-dita
1337 1687 1432 1744 est
1471 1681 1692 1742 huma-

151 1795 284 1837 num
305 1793 530 1854 genus,
561 1775 733 1854 qnod
754 1781 902 1836 tunc
929 1777 1206 1838 maxime
1251 1793 1444 1856 super
1468 1778 1692 1838 hume-

149 1889 238 1931 ros
259 1885 399 1930 suos
427 1869 712 1932 Christus
743 1868 1098 1947 gaudenter
1129 1869 1399 1942 sustulit,
1433 1867 1690 1949 quando

149 1969 364 2044 peccata
377 1967 602 2026 nostra
627 1965 759 2044 ipso
785 1963 1040 2044 pertulit
1065 1965 1135 2024 in.
1169 1979 1412 2042 corpore
1437 1981 1542 2026 suo
1583 1977 1690 2028 su-

148 2058 508 2139 pov-liquam,
540 2059 578 2118 1
613 2055 739 2118 Pet.
775 2060 834 2118 1.
885 2057 1164 2136 Denique
1212 2073 1288 2118 ex
1329 2055 1450 2117 illis
1499 2057 1684 2118 Joan.

153 2152 254 2210 15:
281 2149 428 2211 Hoec
443 2149 694 2213 coenem
715 2167 850 2212 sum
868 2150 1060 2224 vobis,
1087 2154 1160 2212 ut
1181 2151 1468 2231 qaudium
1496 2167 1690 2212 meum

151 2245 210 2304 iu
229 2241 376 2305 vobio
401 2241 510 2317 eit,
543 2249 612 2306 et
657 2243 946 2326 pendium
998 2247 1268 2306 oestrum
1316 2244 1644 2324 impleatur
1665 2269 1692 2316 ,-

152 2353 268 2414 quae
283 2336 468 2398 verba
483 2334 1116 2416 interpretansCyril.
1128 2383 1143 2409 ‚
1155 2337 1266 2398 lib.
1285 2337 1364 2398 10
1392 2336 1452 2396 in
1473 2337 1508 2398 J
1514 2354 1656 2396 oan.
1663 2381 1686 2411 ,

153 2447 196 2490 c.
221 2432 310 2503 21,
331 2429 556 2509 inquit,
593 2430 904 2492 Christum
929 2430 1104 2510 loqui
1129 2431 1210 2492 de
1250 2447 1364 2491 suo
1393 2431 1687 2508 spiritua-

153 2523 185 2582 li
209 2523 440 2602 gaudio,
472 2541 612 2604 quo
657 2541 905 2605 semper
928 2525 1046 2586 fuit
1084 2525 1332 2604 plenus,
1388 2526 1570 2588 etiam
1617 2527 1688 2590 in.

155 2618 488 2680 meatibus
520 2625 592 2680 et
612 2619 984 2698 opprobriis,
1008 2637 1138 2699 qm
1155 2619 1404 2682 delicias
1419 2619 1536 2682 sibi
1563 2635 1687 2684 esso

154 2711 390 2790 putabat,
419 2715 494 2773 ut
516 2711 894 2775 volumtatem
924 2713 1150 2776 Patris
1168 2711 1468 2794 impleret,
1499 2719 1556 2775 et
1584 2731 1686 2777 sa-

159 2806 308 2866 lutem
339 2803 654 2868 hominum
682 2809 1052 2885 operaretur.
1105 2806 1200 2870 Et
1249 2805 1358 2868 7200
1395 2807 1688 2888 yaudium

161 2897 270 2973 (ait)
288 2903 514 2979 optasse
539 2897 864 2962 Cho-irtam
893 2899 1238 2978 discipulis,
1267 2917 1382 2980 quo
1431 2902 1558 2979 ipse
1580 2919 1688 2982 qa-

164 2992 304 3052 visus
324 2997 427 3065 ost,
456 2993 609 3072 qvia
660 2992 854 3055 solvam
879 2993 1042 3054 illud
1089 2992 1378 3072 quodiam
1429 2993 1689 3055 solidum

163 3087 252 3156 eet,
273 3086 418 3163 quod
435 3087 506 3147 in
521 3086 658 3148 Deo
679 3091 809 3157 osh-
837 3090 902 3146 et
927 3101 1066 3164 cap.
1097 3087 1174 3146 22
1206 3085 1294 3146 ait
1317 3101 1330 3144 :
1365 3083 1570 3148 Talem
1588 3103 1688 3148 er-

165 3193 232 3253 ya
249 3195 344 3241 nos
369 3177 672 3242 Salvator
691 3179 1046 3242 chantatem
1075 3181 1353 3250 ostendit,
1367 3183 1442 3240 ut
1460 3194 1691 3242 summo

165 3287 272 3330 cum
296 3273 510 3350 quodie
537 3273 712 3336 moi
731 3273 910 3353 afstyi
933 3286 1056 3334 nou
1098 3273 1424 3345 erubuerit,
1455 3277 1524 3334 ut
1558 3289 1690 3350 pec-

167 3363 426 3428 actoribus
469 3367 736 3428 edum
776 3366 1048 3444 afferret.
1092 3366 1228 3426 Non
1281 3381 1432 3442 ergo
1491 3364 1692 3424 caruit

165 3454 401 3518 Christus
428 3457 694 3537 gaudio,
727 3457 916 3518 etiam
943 3457 1010 3518 in
1067 3457 1206 3536 ipsa
1257 3473 1479 3528 eruce;
1539 3475 1690 3534 ergo

169 3549 331 3612 multo
355 3554 554 3631 magis
593 3551 817 3612 habuit
865 3553 1165 3632 gaudium
1217 3550 1578 3612 beatificum
1613 3567 1692 3612 ex

169 3657 374 3704 samma
399 3645 504 3706 Dei
531 3645 864 3719 charit-ate,
889 3662 1030 3723 quae
1057 3650 1150 3706 est
1162 3644 1338 3706 radix
1359 3644 1692 3723 hujusmo-

171 3735 218 3794 di
238 3739 447 3815 gandii.
533 3757 540 3768 ·

229 3831 280 3892 7.
317 3830 604 3894 Secundo
635 3837 1050 3912 argumentor
1091 3833 1360 3904 ratione,
1402 3833 1551 3910 quia
1581 3851 1690 3894 su-

173 3937 278 3998 pra,
295 3941 348 4000 q.
367 3929 426 3999 9,
441 3945 518 3988 ex
541 3927 865 4005 Scriptura
882 3931 946 3987 et
973 3924 1256 3988 Patribus
1269 3925 1686 3996 ostendimus,

175 4018 452 4081 etcertum
499 4035 646 4082 esse
683 4019 980 4094 diximus,
1040 4019 1318 4080 animam
1378 4019 1602 4080 Christi
1653 4035 1690 4079 a

175 4107 432 4189 principio
455 4112 658 4174 fuisse
685 4111 938 4174 beatam
967 4131 983 4187 ;
1009 4111 1330 4172 beatitudo
1362 4117 1574 4172 autem
1630 4117 1693 4172 et

177 4197 490 4265 fruitionem
513 4205 805 4280 includit,
831 4209 896 4266 et
932 4205 1417 4284 perpetuitatem
1435 4205 1572 4264 sine
1600 4205 1694 4267 in·

177 4296 546 4360 termissione.
571 4297 756 4370 Quod
779 4315 930 4360 vero
958 4296 1162 4360 Canus
1187 4298 1410 4376 inquit,
1455 4298 1692 4377 potuis-

180 4403 232 4444 se
253 4405 486 4452 manere
503 4391 875 4454 fruitionem
897 4393 1032 4453 sine
1063 4392 1314 4472 gaudi0‚
1345 4393 1692 4454 contradic·

179 4478 375 4542 tionem
395 4483 696 4556 involvit3
729 4483 880 4564 quia
909 4484 1118 4546 fruitio
1155 4484 1310 4546 nihil
1354 4485 1524 4546 aliud
1571 4492 1686 4562 est,

183 4587 336 4646 quam
361 4579 658 4654 gaudium
685 4578 910 4658 ipsum,
943 4584 1013 4640 ut
1040 4597 1116 4640 ex
1147 4582 1206 4641 1.
1227 4581 1288 4651 2,
1320 4595 1382 4657 q.
1413 4581 1512 4653 11,
1545 4597 1692 4658 sup—

185 4681 336 4740 pono.
361 4671 554 4736 Minus
587 4674 752 4734 maie
791 4673 1106 4734 diceretur
1132 4673 1410 4752 potuisse
1441 4689 1692 4734 conser-

187 4761 288 4818 vari
307 4763 602 4829 visionem
632 4771 696 4828 et
721 4783 1027 4839 amorem,
1055 4767 1121 4828 in
1147 4766 1400 4844 quibus,
1453 4767 1550 4828 vel
1603 4767 1692 4828 al-

187 4853 293 4911 tero
321 4872 545 4932 eorum,
603 4859 950 4922 essentialis
1005 4859 1326 4920 beatitudo
1383 4860 1687 4935 consistit,

192 4941 296 5003 sine
342 4947 620 5014 fruitione
643 4997 661 5026 ,
711 4969 850 5031 quae
885 4950 1090 5014 solum
1143 4959 1236 5013 est
1289 4953 1692 5014 beatitudinis

191 5041 488 5116 proprietas
543 5052 608 5108 et
671 5045 990 5124 perfectio.
1064 5045 1186 5108 Sed
1255 5046 1376 5108 hoc
1415 5047 1694 5108 miracu-

195 5122 315 5203 lum,
341 5140 606 5211 quamvis
633 5139 1186 5202 contradictionem
1223 5157 1353 5202 non
1377 5139 1689 5214 involvat,

196 5229 548 5292 asserendum
568 5249 694 5294 non
715 5239 812 5294 est
837 5235 974 5294 sine
1001 5251 1232 5312 magno
1257 5232 1690 5306 fundamentO,

203 5321 498 5386 Pl'aessertim
520 5343 663 5388 cum
687 5325 770 5388 ad
806 5325 1256 5406 perfectionem
1285 5325 1510 5388 Christi
1538 5325 1695 5386 nihil

203 5409 479 5510 pertineat,
503 5419 612 5482 ted
635 5420 846 5500 potius
871 5420 956 5481 ad
983 5420 1082 5498 cuj
1093 5419 1314 5481 usdam
1367 5418 1694 5500 periectio·

207 5513 281 5558 ¹¹¹⁸
313 5503 616 5590 duroman,
668 5531 816 5575 nam
846 5515 980 5576 sine
1025 5513 1322 5576 fruitione
1365 5513 1689 5576 beatitudo

3216 360 3335 424 307

1776 483 1899 526 non
1931 471 2149 527 manet
2177 462 2539 543 simpliciter
2567 463 2859 542 perfecta.
2900 463 3098 541 Adde,
3123 466 3331 528 sihaec

1774 560 2031 619 assertio
2058 557 2209 620 Cani
2233 559 2646 638 permittatur,
2680 557 2860 618 facile
2880 575 3060 636 posse
3093 558 3334 620 inveni-

1773 652 1828 712 ri
1851 651 2067 722 alium,
2104 652 2209 732 qui
2258 650 2425 712 dicat
2476 652 2785 730 privatam
2834 669 2971 712 esse
3013 651 3332 714 interdum

1773 745 2047 808 animam
2073 747 2321 822 Christi,
2354 746 2544 808 etiam
2571 747 2707 826 ipsa
2750 745 2997 808 visione
3026 745 3233 823 beata,
3262 753 3333 808 ut

1773 841 1975 919 magis
2002 845 2342 918 pateretur.
2378 839 2658 918 Denique
2702 840 2803 902 vel
2854 838 3061 903 Canus
3111 839 3337 902 admit-

1771 939 1905 994 tere
1933 933 2121 994 debet
2164 933 2388 996 Christi
2431 933 2730 1008 animam,
2777 940 2907 995 toto
2960 939 3069 996 aut
3102 933 3331 1014 majori

1771 1027 1911 1088 vitae
1943 1027 2223 1088 mortalis
2237 1033 2519 1108 tempore
2545 1029 2823 1089 caruisse
2849 1027 3079 1106 gaudio
3108 1027 3295 1090 beato
3308 1043 3331 1106 ς

1777 1120 1949 1200 quod
1974 1128 2184 1183 tamen
2216 1138 2424 1200 neque
2453 1123 2587 1202 ipse
2618 1121 2807 1182 audet
2838 1122 3070 1197 dicere,
3105 1122 3213 1183 sed
3232 1139 3336 1182 so-

1775 1215 1905 1276 lum
1925 1215 2007 1276 de
2034 1215 2344 1294 passionis
2376 1221 2655 1294 tempore
2684 1233 2699 1288 ;
2734 1214 2836 1276 vel
2862 1220 3031 1275 certe
3061 1213 3333 1276 difficul-

1774 1313 1968 1370 tatem
1998 1327 2124 1369 non
2157 1307 2429 1388 expedit,
2461 1309 2606 1388 quia
2636 1307 2861 1370 Christi
2881 1307 3084 1368 anima
3122 1313 3184 1368 et
3222 1323 3333 1369 vo-

1775 1404 1983 1464 luntas
2006 1403 2132 1464 fere
2166 1419 2493 1480 nunquam
2538 1403 2739 1462 caruit
2780 1419 3013 1480 magna
3058 1401 3329 1476 tristitia,

1771 1497 1872 1558 vel
1893 1502 2059 1560 certe
2090 1495 2599 1575 frequentissime
2634 1495 2804 1556 illam
2853 1495 3093 1570 habuit,
3132 1497 3335 1557 consi-

1773 1591 2057 1654 derando
2084 1596 2341 1670 peccata
2368 1589 2719 1665 hominum,
2750 1596 2812 1650 et
2856 1596 3122 1652 mortem
3152 1605 3334 1651 suam

1773 1685 1971 1746 veluti
1998 1689 2377 1765 praesentem
2408 1666 2734 1760 intuendo,
2755 1701 2898 1746 cum
2926 1677 3139 1746 tamen
3173 1703 3337 1762 gau-

1771 1779 1945 1841 dium
1972 1778 2127 1840 illud
2150 1779 2230 1840 de
2252 1797 2319 1840 se
2347 1797 2598 1840 omnem
2632 1779 2973 1859 expelleret
2992 1779 3326 1841 tristitiam.

1851 1875 1910 1935 8.
1956 1873 2312 1955 Responsio.
2339 1907 2417 1918 --
2441 1875 2842 1952 Confutatur.
2859 1907 2940 1922 —
2962 1873 3104 1948 Quoe
3136 1873 3335 1952 major

1769 1966 2339 2048 incompossibilitas
2366 1967 2634 2030 ricimer
2658 1973 2831 2031 actus
2858 1965 3069 2030 vitales
3102 1971 3338 2030 contra-

1769 2059 1916 2136 rios,
1945 2078 2124 2142 quam
2152 2059 2316 2124 inter
2341 2067 2556 2124 coetera
2584 2057 3337 2138 contraria—Responsio

1769 2155 1976 2217 tertia.
2016 2187 2097 2200 -
2124 2151 2518 2227 Confutacur,
2544 2185 2627 2199 —
2651 2153 2942 2214 Secundo
2995 2171 3145 2232 ergo
3196 2169 3335 2212 res-

1770 2247 2082 2326 pondetur
2101 2292 2115 2319 ‚
2166 2247 2453 2325 quamvis
2482 2247 2731 2308 tristitia
2761 2254 2822 2308 et
2852 2245 3154 2326 gaudium
3186 2263 3336 2306 con-

1770 2341 1960 2402 traria
1984 2341 2127 2412 sint,
2153 2339 2363 2400 divina
2401 2345 2615 2402 tamen
2641 2341 2864 2402 virtute
2892 2339 3028 2400 fieri
3052 2339 3333 2418 potuisse

1768 2439 1837 2494 ut
1864 2435 1927 2494 in
1962 2434 2185 2496 eadem
2212 2433 2533 2494 voluntate
2558 2435 2743 2494 simul
2771 2434 3326 2514 conjungerentur.

1765 2527 1860 2587 lta
1885 2525 2225 2607 respondet
2252 2526 2498 2603 Palud„
2524 2527 2586 2586 in
2616 2527 2675 2601 3,
2718 2525 2858 2588 dist.
2899 2527 3009 2599 15,
3040 2542 3099 2604 q.
3128 2529 3190 2602 2,
3224 2523 3337 2602 qni

1766 2621 1832 2682 in
1871 2622 2231 2682 universum
2280 2619 2462 2680 docet
2508 2637 2693 2698 posse
2739 2622 2941 2680 Deum
2988 2617 3053 2678 in
3107 2617 3333 2679 eodem

1768 2713 2053 2792 subjecto
2102 2729 2343 2792 ponere
2391 2712 2550 2773 duas
2597 2711 2942 2772 contrarias
2984 2709 3220 2770 formas
3268 2709 3335 2770 in

1769 2823 2145 2885 quocunque
2170 2805 2393 2885 gradu,
2435 2804 2595 2866 sicut
2621 2805 2685 2865 in
2712 2803 2937 2865 eodem
2963 2803 3099 2865 loco
3122 2807 3334 2884 potest

1769 2918 2005 2980 ponere
2032 2899 2157 2961 duo
2192 2917 2455 2978 corpora
2486 2898 2860 2960 naturaliter
2886 2897 3329 2978 repugnantia.

1771 2993 1897 3056 Sed
1925 2993 2074 3054 licet
2108 2993 2173 3054 in
2202 2992 2341 3053 aliis
2384 2991 2785 3071 qualitatibus
2817 2995 2925 3052 aut
2968 2990 3187 3052 formis
3234 3009 3341 3052 ve-

1769 3085 2025 3147 risimile
2071 3087 2191 3147 hoc
2228 3087 2349 3161 sit,
2392 3091 2605 3147 tamen
2654 3086 2721 3145 in
2764 3085 3009 3146 actibus
3050 3085 3189 3146 vitae
3214 3129 3229 3150 ,
3277 3083 3331 3144 si

1771 3180 2020 3260 proprie
2047 3179 2338 3241 contrarii
2372 3180 2535 3256 sint,
2582 3177 2918 3259 specialem
2948 3177 3194 3239 videtur
3234 3177 3331 3238 in-

1769 3273 2021 3334 volvere
2048 3273 2534 3353 repugnantiam
2558 3319 2573 3347 ‚
2602 3271 2701 3334 vel
2732 3272 2878 3350 quia
2908 3271 3163 3351 speciali
3192 3289 3335 3330 mo-

1771 3367 1852 3428 do
1878 3366 2154 3428 afficiunt
2174 3366 2526 3445 subjectum
2554 3383 2672 3446 per
2693 3365 3093 3426 intrinsecam
3118 3381 3337 3442 quam-

1772 3461 1918 3522 dam
1949 3459 2413 3520 emanationem
2452 3460 2535 3519 ab
2560 3458 2703 3531 illo;
2734 3457 2833 3518 vel
2865 3461 3033 3518 certe
3079 3457 3226 3535 quia
3258 3475 3337 3517 ex

1772 3559 1949 3634 parte
1980 3551 2366 3631 objectorum
2388 3550 2715 3612 includunt
2736 3549 3167 3611 immediatam
3189 3567 3335 3611 con-

1773 3645 2209 3708 tradictionem
2237 3665 2253 3718 ;
2284 3651 2374 3720 ut,
2416 3643 2595 3706 verbi
2625 3644 2852 3723 gratia,
2898 3643 2949 3704 si
2984 3641 3341 3705 intellectus

1773 3739 1959 3800 simul
1992 3737 2349 3812 assentitur,
2390 3743 2451 3798 et
2480 3735 2847 3799 dissentitur
2872 3734 3073 3796 eidem
3103 3753 3331 3815 propo·

1772 3833 2001 3908 sitioni,
2026 3830 2211 3892 simul
2236 3831 2411 3910 ponit
2442 3831 2505 3891 in
2536 3829 2781 3908 objecto
2812 3846 2952 3889 esse
2990 3833 3053 3889 et
3078 3845 3207 3888 non
3238 3845 3330 3888 es·

1771 3945 1838 3987 se
1857 3947 1876 4001 3
1907 3925 2101 3995 unde,
2130 3923 2291 3985 sicut
2326 3921 2718 4003 impossibile
2750 3928 2843 3983 est
2868 3925 2939 3981 ut
2987 3921 3210 3982 eodem
3240 3939 3338 3982 as-

1772 4037 1961 4081 sensu
1991 4017 2228 4098 judicet
2273 4017 2443 4077 idem
2480 4033 2619 4078 esse
2650 4022 2711 4076 et
2738 4033 2867 4077 non
2900 4032 3073 4089 esse,
3118 4013 3204 4075 ita
3243 4021 3341 4076 est

1771 4111 2159 4192 impossibile
2190 4109 2374 4170 simul
2404 4109 2637 4170 hahere
2667 4108 2807 4169 illos
2834 4108 2995 4171 duos
3038 4112 3240 4183 actus,
3272 4113 3337 4167 et

1773 4205 1942 4266 idem
1993 4211 2087 4266 est
2136 4203 2215 4264 de
2267 4203 2559 4264 omnibus
2608 4201 2935 4263 contrariis
3001 4199 3334 4261 similibus.

1773 4297 1950 4372 Quod
2000 4297 2190 4362 etiam
2234 4296 2501 4359 naturali
2553 4295 2828 4374 quodam
2878 4295 3057 4376 signo
3100 4293 3339 4356 confir·

1772 4391 1930 4452 mari
1971 4397 2179 4470 potest
2195 4405 2214 4467 3
2260 4407 2410 4450 nam
2451 4388 2575 4450 alia
2618 4387 2952 4459 contraria,
3002 4387 3225 4449 saltem
3270 4386 3337 4448 iu

1773 4486 1975 4567 gradu
2002 4486 2287 4559 remiSSO,
2312 4489 2579 4564 possunt
2606 4483 2922 4544 interdum
2948 4501 3088 4544 esse
3116 4483 3333 4558 simul,

1773 4580 1962 4641 etiam
1978 4577 2249 4640 naturali
2266 4577 2491 4655 mod03
2518 4583 2580 4638 et
2609 4575 2673 4636 in
2702 4577 2839 4655 ipso
2864 4573 3210 4649 intellectu,
3236 4573 3339 4638 vel

1771 4673 2091 4734 voluntate
2114 4717 2129 4746 ‚
2172 4671 2428 4732 habitus
2477 4669 2771 4730 contrarii
2823 4674 3095 4748 possunt
3150 4666 3340 4728 simul

1774 4784 1912 4828 esse
1935 4766 1999 4827 in
2024 4765 2226 4846 gradu
2254 4765 2551 4836 remiss03
2589 4767 2827 4823 atvero
2864 4767 3040 4824 actus
3064 4761 3179 4842 ipsi
3206 4779 3341 4821 non

1771 4868 2036 4941 possunt
2072 4859 2437 4922 naturaliter
2476 4857 2666 4919 simul
2708 4874 2845 4919 esse
2893 4858 2957 4917 in
2996 4857 3219 4919 eodem
3244 4902 3259 4930 ‚
3288 4855 3343 4916 si

1772 4973 1920 5016 vere
1947 4953 2241 5015 contrarii
2266 4955 2411 5028 sint,
2435 4959 2502 5014 ut
2527 4951 2907 5030 experientia
2929 4952 3077 5011 satis
3096 4952 3341 5011 constat

1773 5048 1840 5108 in
1867 5065 2130 5109 assensu
2160 5053 2223 5108 et
2250 5045 2555 5121 dissensu,
2584 5051 2647 5106 et
2676 5043 3003 5105 similibus.
3031 5041 3208 5117 Quod
3238 5059 3343 5102 νο·

1775 5158 1845 5203 ro
1892 5139 2149 5219 quidam
2190 5137 2595 5219 respondent,
2629 5155 2706 5199 ex
2745 5137 2817 5197 D.
2866 5137 3130 5208 Thomu,
3162 5153 3223 5213 q.
3257 5135 3339 5194 26

1777 5235 1856 5297 de
1883 5235 2102 5310 Verit.‚
2128 5241 2244 5296 art.
2276 5237 2376 5310 10,
2406 5235 2543 5293 haec
2571 5229 2905 5306 contraria,
2933 5230 2983 5291 si
3012 5245 3125 5310 per
3148 5243 3215 5288 se
3236 5226 3339 5285 in·-

1777 5329 1904 5390 sint
1931 5327 2239 5406 subjectO,
2265 5328 2427 5388 inter
2456 5343 2522 5387 se
2552 5339 2933 5406 repugnare,
2952 5337 3083 5382 non
3106 5337 3255 5382 vero
3285 5321 3335 5380 si

1777 5439 1973 5484 unum
2004 5440 2119 5504 per
2146 5437 2246 5495 se,
2284 5418 2454 5481 aliud
2496 5437 2611 5499 per
2658 5415 2946 5480 accidens
2972 5415 3156 5487 insit,
3188 5411 3332 5486 hoc,

1772 5515 2055 5594 inquam,
2080 5531 2207 5574 non
2238 5511 2569 5586 satisfacit3
2602 5507 2903 5589 gaudium
2928 5506 3097 5568 enim
3126 5519 3241 5585 per
3268 5519 3345 5567 se
