3892 6167
539 413 604 465 Vl
1523 411 1715 465 mum(
1749 408 2161 476 QUAESTtottmt
2192 409 2273 464 m·
2306 405 2759 466 AnrtctJLonmtt.

539 523 648 574 Art.
683 520 746 572 X.
775 519 962 574 Utrum
987 520 1228 574 Christus
1271 521 1435 576 simul
1469 521 1636 577 fuerit
1659 524 1835 579 viator
1873 531 1926 578 et
1952 535 2106 578 com·

605 597 922 662 prehensor.
2012 605 2105 652 215

1105 793 1388 859 QUAESTto
1409 797 1538 851 XVI.

541 967 612 1020 De
640 969 1062 1034 consequentibus
1089 972 1348 1038 unionem,
1377 977 1630 1038 quantum
1653 973 1722 1025 ad
1753 987 1816 1024 ea
1836 987 1954 1040 quoe
1978 987 2102 1025 con-

603 1045 816 1095 veniunt
837 1045 1040 1097 Christo
1073 1047 1349 1098 secundum
1373 1062 1480 1099 esse
1510 1054 1558 1100 ct
1593 1049 1726 1114 lieri,
1749 1049 1807 1098 in
1834 1049 2101 1101 duodecim

608 1120 858 1171 articulos
878 1121 1070 1173 divisa.
2012 1129 2105 1178 216

541 1273 651 1324 Art.
687 1271 726 1322 1.
761 1271 948 1324 Utrum
976 1272 1093 1324 haec
1123 1271 1194 1326 sit
1217 1285 1345 1327 vera
1369 1289 1380 1324 :
1407 1275 1548 1328 Deus
1569 1275 1854 1329 esthemo.
2014 1281 2107 1328 227

539 1349 650 1398 Art.
685 1347 747 1398 11.
781 1347 968 1399 Utrum
993 1348 1112 1400 haec
1136 1348 1206 1401 sit
1232 1363 1394 1402 vera:
1425 1353 1595 1404 Romo
1628 1357 1708 1404 est
1726 1353 1884 1406 Deus.
2014 1357 2106 1405 233

541 1425 651 1475 Αῖῑ.
685 1421 769 1474 111.
806 1423 992 1476 Utrum
1039 1424 1280 1479 Christus
1321 1427 1490 1493 possit
1517 1427 1624 1480 dici
1667 1429 1831 1482 homo
1863 1428 2109 1482 domini-

603 1511 718 1550 cus.
2014 1509 2104 1556 234

539 1573 648 1625 Art.
685 1573 768 1625 IV.
807 1574 992 1627 Utrum
1023 1587 1087 1627 ea
1117 1589 1240 1642 quae
1285 1577 1622 1632 conveniunt
1667 1577 1802 1631 Filio
1844 1578 2105 1644 hominis,

603 1647 816 1714 possint
835 1651 1121 1715 praedicari
1143 1652 1211 1705 de
1225 1653 1363 1706 Filio
1390 1653 1504 1717 Dei,
1527 1661 1580 1708 et
1607 1668 1638 1708 e
1673 1667 1952 1708 converse.
2014 1661 2108 1708 235

537 1725 649 1776 Art.
670 1724 730 1777 V.
753 1724 942 1778 Utrum
961 1739 1026 1779 ea
1046 1739 1170 1792 quae
1190 1729 1531 1782 conveniunt
1551 1730 1688 1784 Filio
1710 1730 1969 1796 hominis,
1988 1743 2110 1797 pos-

600 1797 713 1852 sint
733 1800 1020 1865 praedicari
1043 1803 1112 1854 de
1139 1803 1330 1858 diviua
1357 1809 1570 1871 natura,
1591 1806 1735 1859 etde
1769 1807 2011 1860 humana
2042 1821 2108 1860 ea

604 1887 728 1941 quae
757 1878 1095 1931 conveniunt
1119 1879 1260 1934 Filio
1283 1880 1397 1933 Dei.
2012 1888 2105 1936 236

539 1952 650 2005 Art.
681 1951 766 2006 vl.
801 1953 988 2007 Utrum
1017 1955 1134 2008 haec
1175 1956 1249 2009 sit
1269 1969 1434 2011 vera:
1484 1960 1626 2012 Deus
1664 1959 1836 2014 sactus
1878 1965 1962 2013 est
2004 1961 2109 2014 ho-

611 2040 720 2080 mo,
2012 2041 2104 2087 237

552 2104 663 2156 Art.
713 2103 819 2155 vu.
875 2103 1064 2158 Utrum
1115 2107 1233 2160 haec
1269 2109 1340 2162 sit
1380 2122 1509 2163 vera
1540 2125 1551 2162 :
1587 2112 1758 2166 Homo
1808 2112 1983 2166 tactus
2027 2116 2107 2165 est

601 2181 760 2234 Deus.
2010 2191 2103 2239 240

537 2256 646 2307 Αῖῐ.
679 2255 808 2310 vm.
849 2257 1035 2313 Utrum
1084 2260 1204 2314 haec
1245 2261 1318 2316 sit
1354 2276 1514 2317 vera:
1548 2264 1792 2319 Christus
1831 2269 1912 2318 est
1951 2277 2107 2318 crea-

602 2335 740 2384 tura.
2011 2345 2104 2393 243

474 2415 477 2418 ’
534 2407 644 2460 Art.
681 2409 762 2460 lx.
799 2409 986 2465 Utrum
1014 2413 1131 2466 haec
1151 2414 1221 2468 sit
1239 2427 1403 2469 vera:
1436 2417 1538 2471 Iste
1569 2417 1750 2484 homo,
1773 2417 2109 2472 demonstra·

598 2487 654 2536 to
687 2485 915 2552 Christe,
953 2487 1160 2556 incepit
1184 2503 1320 2544 esse.
2011 2499 2102 2546 247

533 2561 644 2612 Art.
672 2561 734 2614 X.
769 2561 957 2615 Utrum
997 2565 1116 2618 haec
1161 2566 1232 2619 sit
1280 2577 1447 2620 vera:
1481 2568 1756 2636 Christus,
1802 2571 2105 2624 secundum

597 2638 746 2702 quod
774 2640 957 2704 hom0‚
982 2647 1062 2693 est
1082 2647 1346 2696 creatura.
2009 2651 2102 2697 249

531 2714 642 2765 Art.
676 2714 761 2766 xi.
791 2715 980 2768 Utrum
1024 2717 1141 2770 haec
1182 2718 1254 2770 sit
1280 2731 1445 2773 vera:
1493 2720 1757 2784 ChristuS,
1799 2722 2103 2776 secundum

596 2788 747 2854 quod
768 2789 951 2854 homa,
975 2796 1054 2844 est
1067 2794 1224 2845 DeuS.
2008 2801 2101 2848 251

532 2866 642 2918 Art.
675 2866 782 2917 xil.
820 2867 1009 2920 Utrum
1057 2869 1174 2922 haec
1201 2869 1273 2923 sit
1303 2884 1432 2924 vera
1458 2887 1470 2922 :
1503 2871 1765 2937 Christus
1801 2876 2103 2929 secundum

597 2941 746 3005 quod
769 2941 952 3010 homo,
975 2949 1055 2998 est
1087 2945 1405 3014 hypostasis,
1437 2949 1524 3004 vel
1549 2961 1800 3016 persona.
2010 2957 2103 3004 252

1083 3145 1367 3211 QUAESTIO
1401 3147 1552 3202 XVII.

536 3292 604 3354 Do
627 3300 1000 3367 pertinentibus
1047 3301 1119 3353 ad
1144 3304 1397 3354 unitatem
1427 3304 1486 3355 in
1514 3301 1720 3356 Christo
1749 3309 2005 3371 quantum
2031 3310 2102 3360 ad

594 3391 720 3440 esse,
755 3377 814 3428 in
839 3378 970 3430 duos
1003 3378 1256 3431 articulos
1272 3379 1464 3432 divisa.
2007 3387 2098 3436 254

531 3532 642 3583 Art.
679 3529 718 3582 1.
753 3529 940 3583 Utrum
959 3529 1204 3583 Christus
1225 3529 1297 3582 sit
1328 3543 1523 3594 unum,
1553 3531 1640 3585 vel
1673 3533 1801 3588 duo.
2007 3541 2099 3590 254

533 3607 644 3660 Art.
680 3605 744 3658 11.
777 3606 966 3660 Utrum
987 3605 1048 3659 in
1076 3605 1288 3660 Christo
1311 3605 1382 3660 sit
1399 3612 1610 3662 tantum
1635 3621 1812 3662 unum
1835 3620 1971 3663 esse.
2006 3615 2099 3664 250

1075 3806 1358 3871 QUAESTIO
1390 3807 1563 3863 xvln.

532 3961 994 4027 apertinentibus
1016 3965 1086 4017 ad
1113 3969 1364 4020 unitatem
1402 3970 1463 4020 in
1504 3967 1708 4022 Christo
1745 3972 2001 4035 quantum
2028 3970 2101 4023 ad

600 4037 934 4106 voluntatem,
951 4046 1008 4093 in
1035 4055 1130 4096 sex
1157 4045 1407 4098 articulos
1426 4045 1618 4099 divisa.
2005 4051 2099 4099 272

533 4190 642 4241 Art.
679 4191 716 4242 1.
751 4191 938 4244 Utrum
961 4193 1019 4245 in
1044 4195 1252 4249 Christo
1275 4198 1387 4250 sint
1405 4199 1528 4252 duae
1555 4200 1873 4254 voluntates,
2005 4205 2098 4254 273

534 4266 643 4317 Art.
679 4266 738 4318 11.
774 4266 962 4320 Utrum
985 4269 1042 4320 in
1063 4272 1274 4325 Christo
1301 4273 1465 4326 suerit
1491 4274 1675 4342 aliqua
1701 4276 1954 4330 voluntas
1968 4291 2100 4330 sen-

595 4340 877 4403 sualitatis,
907 4351 1102 4409 praeter
1130 4347 1357 4400 rationis
1375 4348 1728 4404 voluntatem.
2007 4357 2099 4406 275

532 4417 642 4469 Art.
677 4417 761 4468 111.
799 4419 986 4472 Utrum
1021 4419 1080 4471 in
1124 4423 1334 4476 Christo
1382 4424 1590 4479 suerint
1631 4427 1756 4481 duae
1796 4427 2099 4483 voluntates

596 4498 860 4557 quantum
880 4495 951 4546 ad
971 4496 1257 4550 rationem.
2007 4511 2099 4557 276

533 4567 644 4618 Art.
695 4568 777 4618 lv.
831 4570 1018 4623 Utrum
1072 4570 1130 4623 in
1179 4573 1390 4628 Christo
1440 4575 1607 4630 tuerit
1658 4577 1892 4634 liberum
1943 4581 2097 4633 arbi-

601 4642 782 4696 trium.
2004 4663 2094 4710 277

535 4717 645 4770 Art.
679 4718 739 4767 V.
774 4719 962 4774 Utrum
1001 4723 1254 4777 voluntas
1280 4726 1521 4780 humana
1553 4730 1748 4784 Christi
1785 4732 1951 4787 suerit
1976 4747 2100 4788 om-

599 4791 736 4845 nino
766 4795 1066 4851 conformis
1093 4800 1298 4854 divinae
1323 4803 1583 4858 voluntati
1608 4806 1666 4858 in
1687 4808 1874 4863 volito.
2006 4816 2099 4863 298

531 4867 767 4996 ArtthIn
793 4871 980 4926 Utrum
1006 4874 1065 4926 in
1085 4875 1304 4942 ¹Christo
1327 4877 1492 4932 tuerit
1519 4883 1868 4939 contrarietas
1898 4886 2101 4943 volun-

619 4956 652 4995 a
775 4983 788 4998 .
2006 4967 2099 5015 30⁰

1098 5143 1382 5206 QUAESTlo
1413 5147 1542 5204 XIX.

535 5293 608 5352 Do
630 5299 1000 5364 pertinentibus
1021 5303 1094 5356 ad
1116 5306 1364 5360 unitatem
1387 5310 1581 5365 Christi
1601 5319 1852 5380 quantum
1877 5317 1950 5370 ad
1968 5331 2095 5384 ope-

594 5377 869 5442 rationem,
891 5377 949 5429 in
970 5387 1200 5445 quatuor
1219 5387 1472 5442 articulos
1491 5390 1685 5446 divisa.

2187 526 2296 576 Art.
2330 523 2392 576 11.
2430 523 2617 576 Utrum
2638 522 2697 575 in
2719 521 2929 576 Christo
2950 521 3060 576 sint
3082 521 3263 589 plures
3278 521 3651 590 operationes
3672 521 3777 647 13:¹1-

2184 612 2611 728 Arrffffiffitrum
2628 674 2769 729 actio
2788 675 3029 728 humana
3048 673 3240 728 Christi
3258 674 3503 742 potuerit
3524 685 3651 726 esse
3672 603 3774 724 sibei
3794 747 3799 754 ι

2250 752 2547 806 meritoria.
3686 753 3775 799 318

2186 830 2297 882 Art.
2332 828 2414 881 IV.
2454 829 2638 882 Utrum
2664 828 2907 882 Christus
2926 827 3050 882 aliis
3072 827 3265 882 mereri
3290 826 3557 896 potuerit.
3688 829 3775 874 350

2756 1022 3040 1085 QUAESTIO
3070 1024 3177 1075 XX.

2187 1179 2259 1232 De
2278 1177 2691 1232 convenientibus
2723 1177 2927 1231 Christo
2970 1177 3247 1230 secundum
3298 1177 3439 1244 quod
3489 1177 3657 1229 Patri
3677 1177 3773 1242 suit

2252 1256 2521 1320 subjectus,
2549 1255 2603 1306 in
2637 1255 2768 1306 duos
2797 1254 3048 1307 articulos
3070 1254 3265 1306 divisa.
3684 1257 3771 1304 387

2188 1408 2297 1459 Art.
2332 1405 2371 1458 1.
2408 1407 2597 1459 Utrum
2626 1407 2923 1460 dicendum
2960 1407 3047 1472 sit,
3078 1406 3351 1460 Christum
3378 1416 3504 1460 esse
3547 1405 3771 1472 subjec—

2250 1485 2364 1534 tum
2385 1482 2545 1534 Patri.
3680 1486 3769 1532 387

2190 1561 2297 1611 Art.
2334 1557 2397 1612 11.
2431 1559 2621 1612 Utrum
2646 1559 2888 1612 Christus
2914 1559 2986 1612 sit
3009 1557 3283 1626 subjectus
3308 1557 3413 1612 sibi
3440 1557 3577 1626 ipsi.
3682 1561 3769 1608 389

2750 1747 3035 1811 QUAEsTlo
3066 1747 3194 1801 xxi.

2186 1887 2259 1938 De
2280 1887 2517 1941 oratione
2544 1886 2757 1953 Christi,
2786 1891 2846 1942 in
2868 1895 3098 1958 quatuor
3128 1887 3378 1943 articulos
3397 1889 3604 1942 divisa.
3676 1892 3765 1940 429

2188 2040 2297 2092 Art.
2331 2039 2373 2092 1.
2408 2040 2600 2094 Utrum
2622 2041 2835 2096 Christo
2855 2047 3123 2109 competat
3140 2053 3310 2096 orare.
3676 2044 3767 2092 429

2188 2115 2297 2167 Art.
2332 2115 2393 2167 11.
2430 2115 2619 2170 Utrum
2661 2118 2873 2173 christo
2914 2118 3207 2173 conveniat
3250 2129 3406 2172 orare
3448 2117 3769 2172 secundum

2249 2203 2403 2244 suam
2429 2194 2851 2248 sensualitatem.
3662 2197 3761 2243 431

2186 2269 2296 2320 Art.
2331 2268 2416 2321 111.
2450 2269 2639 2324 Utrum
2668 2270 2835 2326 fuerit
2875 2272 3212 2328 conveniens
3251 2272 3524 2326 Christum
3554 2281 3769 2396 prob&

2248 2355 2421 2398 orare.

2186 2423 2293 2474 Art.
2329 2421 2412 2474 lv.
2448 2423 2636 2478 Utrum
2682 2425 2856 2478 oratio
2894 2425 3091 2480 Christi
3132 2437 3345 2492 semper
3375 2423 3547 2478 fuerit
3590 2434 3765 2476 exau-
3869 2463 3870 2476 2

2252 2496 2383 2549 dita.
3668 2499 3759 2548 1034

2736 2629 3019 2693 QUAESTIO
3050 2632 3201 2685 xxn.

2184 2785 2257 2839 De
2278 2787 2565 2841 sacerdotio
2598 2789 2812 2856 Christi,
2840 2791 2900 2842 in
2932 2804 3029 2844 scm
3062 2791 3315 2845 articulos
3339 2791 3534 2845 divisa.
3664 2795 3755 2843 441

2183 2941 2293 2994 Art.
2329 2942 2370 2994 1.
2396 2941 2583 2994 Utrum
2606 2941 2815 2995 Christo
2834 2943 3125 2997 conveniat
3142 2957 3258 2998 esse
3278 2944 3639 2998 sacerdotem.
3667 2945 3755 2994 441

2184 3017 2297 3070 Art.
2330 3019 2392 3070 Π.
2416 3017 2605 3071 Utrum
2628 3018 2873 3072 Christus
2899 3020 3062 3073 simul
3086 3019 3253 3074 suerit
3268 3021 3523 3074 sacerdos
3557 3025 3616 3073 et
3638 3020 3758 3072 hos-

2247 3092 2339 3146 tia.
3665 3097 3754 3145 442

2183 3173 2291 3224 Art.
2326 3172 2411 3225 111.
2445 3171 2632 3225 Utrum
2658 3172 2878 3226 effectus
2908 3173 3194 3228 sacerdotii
3224 3173 3419 3229 Christi
3453 3174 3526 3228 sit
3564 3172 3755 3239 expia-

2248 3248 2322 3301 tio
2344 3253 2703 3314 peccatorum.
3660 3252 3749 3300 443

2180 3327 2290 3379 Art.
2327 3327 2411 3378 lv.
2447 3325 2633 3378 Utrum
2657 3325 2877 3380 effectus
2895 3327 3181 3381 sacerdotii
3205 3328 3401 3381 Christi
3429 3339 3546 3381 non
3578 3327 3753 3381 solum

2246 3403 2315 3456 ad
2339 3403 2477 3456 alios
2499 3402 2840 3469 pertinuerit,
2864 3405 2959 3457 sed
2986 3402 3149 3456 etiam
3170 3405 3241 3458 ad
3259 3418 3317 3458 se
3342 3405 3545 3470 ipsum.
3665 3404 3750 3454 444

2181 3481 2291 3532 Art.
2328 3478 2388 3531 V.
2432 3478 2622 3532 Utrum
2670 3479 2871 3533 Christi
2915 3481 3283 3535 sacerdotium
3328 3484 3655 3547 permaneat
3694 3477 3751 3529 in

2244 3560 2527 3609 aeternum.
3117 3610 3120 3612 ,
3659 3557 3749 3604 446

2180 3632 2290 3684 Art.
2325 3631 2409 3684 Vt.
2444 3632 2632 3684 Utrum
2652 3632 3014 3687 sacerdotium
3040 3631 3237 3687 Christi
3266 3631 3749 3688 rueritsecundum

2244 3706 2498 3763 ordinem
2519 3707 2926 3764 Melchisedech.
3653 3707 3747 3756 ⁴⁴⁷

2724 3871 3009 3936 QUAESTlo
3036 3871 3213 3925 xxm.

2180 4013 2251 4067 Dc
2278 4014 2555 4082 adoptione
2582 4015 2795 4084 Christi,
2818 4017 2876 4069 iu
2897 4021 3126 4084 quatuor
3153 4013 3401 4068 articulos
3419 4011 3614 4066 divisa.
3649 4013 3741 4063 469

2180 4171 2289 4221 Art.
2323 4168 2364 4221 1.
2400 4168 2585 4222 Utrum
2612 4171 2720 4223 Deo
2745 4171 3034 4224 conveniat
3054 4169 3196 4221 filios
3222 4167 3496 4233 adoptare.
3652 4167 3740 4215 469

2179 4245 2288 4298 Art.
2322 4245 2384 4297 11.
2422 4246 2605 4298 Utrum
2634 4249 2889 4314 adoptare
2910 4247 3201 4300 conveniat
3227 4244 3320 4297 toti
3345 4239 3611 4296 Trinitati.
3648 4241 3735 4289 473

2180 4325 2287 4374 Art.
2306 4322 2391 4374 111.
2413 4322 2600 4377 Utrum
2626 4325 2873 4392 adoptari
2900 4323 2969 4376 sit
2983 4322 3266 4390 proprium
3291 4317 3571 4373 rationalis
3588 4327 3737 4442 crea}

2178 4403 2405 4528 Αῖιιῦῗξῐ.
2441 4474 2627 4530 Utrum
2656 4476 2898 4530 Christus
2924 4476 3226 4530 secundum
3266 4469 3414 4540 quod
3448 4470 3631 4536 homo,
3670 4465 3737 4519 sit

2240 4551 2410 4605 Filius
2428 4553 2523 4606 Dei
2549 4555 2853 4623 adoptivus.
3648 4545 3735 4594 ¹0⁷8

2724 4713 3007 4778 QUAESTIO
3037 4713 3210 4768 xxw.

2184 4853 2254 4907 De
2274 4855 2729 4922 proedestinations
2747 4857 2959 4924 Christi,
2982 4858 3005 4912 i
3008 4871 3045 4909 n
3071 4859 3301 4925 quatuor
3320 4852 3570 4907 articulos
3595 4845 3729 4977 dig}

2242 4946 2323 4987 sa.

2178 5087 2288 5140 Art.
2340 5086 2380 5139 1.
2436 5086 2623 5142 Utrum
2678 5087 2889 5142 Christo
2950 5083 3239 5140 conveniat
3296 5080 3727 5203 ρῖωᾱεειὶηεῑιέἑῐέ

2180 5174 2377 5292 Αῖῖεῗῖ.
2399 5240 2585 5294 Utrum
2606 5241 2723 5294 haec
2736 5241 2808 5293 sit
2829 5238 2989 5293 falsa:
3011 5237 3255 5292 Christus
3273 5234 3573 5289 secundum
3590 5225 3726 5296 quod

2242 5315 2425 5382 homo,
2448 5321 2529 5368 est
2544 5317 2976 5382 praedestinatus,
3008 5325 3125 5366 esse
3144 5311 3315 5364 Filius
3344 5311 3455 5363 Dei.
3644 5305 3725 5353 526

2001 5399 2093 5448 312
2174 5394 2284 5446 Art.
2322 5394 2404 5446 ut.
2440 5395 2627 5447 Utrum
2650 5391 3051 5460 praedestinatio
3066 5389 3261 5445 Christi
3284 5389 3353 5442 sit
3374 5391 3570 5442 nostrae
3592 5391 3723 5451 prae·

2236 5469 2615 5524 destinationis
2629 5471 2920 5537 exemplar.
3638 5456 3719 5507 528

529 5529 643 5581 Art.
677 5528 718 5582 1.
753 5529 938 5586 Utrum
959 5532 1018 5586 in
1043 5535 1253 5592 christo
1273 5538 1345 5595 sit
1365 5553 1479 5598 una
1495 5548 1706 5602 tantum
1734 5545 1980 5614 operatio
2000 5547 2095 5602 di·
2172 5547 2285 5601 Art.
2318 5547 2401 5601 tv,
2436 5549 2625 5602 Utrum
2647 5546 3056 5615 proedestinatio
3079 5541 3278 5600 Christi
3300 5540 3375 5596 sit
3400 5551 3567 5594 eausa
3600 5541 3721 5588 11⁰⁵·

591 5601 839 5662 vinitatis
862 5614 917 5664 et
936 5611 1308 5672 humanitatis.
1998 5629 2091 5678 8¹⁸

2234 5626 2331 5677 trae
2346 5623 2859 5690 praedestinationis.
3636 5605 3718 5659 ⁸²⁸
