3892 6167
1168 366 1487 419 DlsPtJTAT.
1522 364 1765 417 xxxin.
1799 362 1970 418 SECT.
2007 364 2087 419 ul.

146 482 285 545 acte,
316 470 421 533 ssd
444 468 727 530 distincte
752 472 815 529 et
854 466 923 527 in
958 464 1316 545 particulari
1340 510 1357 538 ,
1402 471 1595 545 atque

146 572 233 633 leo
282 582 411 627 enm
464 560 755 623 omnibns
814 559 1305 621 circumstantiis
1366 558 1599 637 quibus

146 656 405 727 secationi
430 650 801 717 mandandas
860 658 1029 728 sunt,
1056 668 1247 732 quam
1292 670 1371 713 ex
1414 657 1597 733 parte

146 750 383 819 oluntatis
427 750 721 809 humanm
760 745 1008 821 christi,
1033 751 1106 810 ut
1152 744 1485 825 specialius
1532 750 1599 807 et

146 845 399 912 roximins
432 859 471 903 a
516 840 731 902 divina
771 844 1049 919 regatur,
1089 838 1363 900 maxime
1417 836 1481 898 in
1526 854 1599 899 re

146 934 749 1015 mnium-gravissima,
784 932 1133 1007 hominnm,
1162 930 1479 1005 videlicet,
1502 948 1601 993 re·

146 1031 427 1111 emptione.
454 1025 658 1102 Adde,
692 1024 1033 1089 verisimile
1070 1042 1209 1089 esse
1248 1022 1601 1104 praedefini-

146 1128 237 1187 isse
279 1123 461 1183 Deum
512 1122 697 1180 aetus
738 1134 983 1179 onmes
1032 1117 1547 1197 supernaturales
1575 1160 1597 1191 ,

146 1216 395 1281 insen-tim
416 1214 765 1275 electorum
778 1210 1131 1287 hominnm,
1158 1211 1225 1271 in
1238 1209 1601 1291 particulari

146 1320 297 1373 tcum
328 1306 613 1369 omnihus
636 1304 1127 1367 circumstantiis
1156 1322 1174 1377 ς
1204 1304 1403 1365 multo
1446 1320 1601 1383 ergo

146 1405 265 1483 agis
290 1406 453 1464 setus
474 1398 723 1461 Christi.
774 1398 979 1463 Posita
1000 1398 1195 1477 igitur
1220 1397 1340 1459 hac
1366 1396 1603 1477 minde-

146 1498 357 1566 nitions‚
384 1491 709 1555 infallibile
736 1497 834 1555 est
858 1490 1173 1555 Christum
1196 1496 1605 1571 operaturum

146 1595 235 1653 [cut
250 1593 332 1651 est
350 1584 827 1667 proedeflnitmm
854 1587 1295 1647 &mennon
1320 1590 1605 1663 propter·

146 1702 171 1747 a
192 1682 434 1762 privatus.
452 1679 575 1741 fnit
592 1680 909 1759 potestate
934 1683 1045 1739 ant
1086 1677 1425 1739 sufficienti
1456 1694 1607 1737 con·

146 1794 259 1841 mu
294 1772 369 1838 ad
394 1769 789 1851 operandum
812 1770 997 1834 aliter
1018 1786 1213 1850 qnam
1253 1768 1607 1851 praedetini·

146 1886 217 1931 im
240 1872 341 1939 est,
358 1866 533 1945 Juxta
555 1863 716 1925 illud
742 1863 1059 1927 Mettum
1088 1878 1105 1923 z
1138 1862 1439 1943 Anniae
1458 1860 1607 1945 qaia

146 1980 203 2027 os
218 1976 431 2041 possunt
452 1974 673 2041 regare
706 1958 963 2019 Patrem
990 1974 1211 2031 mesot,
1230 1962 1351 2019 etc.
1377 1958 1405 2017 t
1426 1972 1603 2035 ergo,

147 2072 203 2117 se
226 2052 397 2133 posito
415 2056 733 2131 precepto
754 2049 926 2113 dicto
944 2048 1135 2113 modo
1148 2068 1293 2113 cum
1312 2048 1607 2111 omnibus

146 2143 529 2209 reumatantiis
556 2188 579 2219 ,
604 2160 737 2205 non
790 2148 889 2205 est
926 2160 1189 2207 neeesse
1232 2144 1363 2205 tolli
1398 2148 1609 2223 potes·

146 2246 265 2303 item
288 2239 455 2299 aliter
504 2234 837 2316 operandi,
866 2235 967 2299 vel
1020 2236 1241 2299 saltem
1296 2254 1429 2297 non
1460 2254 1609 2314 ope·

146 2333 279 2395 andi.

184 2428 263 2487 16.
310 2422 689 2505 Responderi
740 2430 949 2505 potest
984 2442 1115 2487 non
1154 2440 1291 2487 esse
1346 2424 1607 2485 omnino

146 2519 255 2581 dem
270 2516 343 2579 de
360 2522 663 2597 praecepto
688 2523 757 2579 et
778 2516 1299 2598 predefinitione,
1322 2516 1473 2594 quia
1502 2534 1609 2595 po·

146 2612 267 2673 entia
290 2608 503 2689 agendi
522 2616 753 2673 eontra
778 2616 1157 2691 praceptnm
1205 2616 1305 2671 est
1330 2609 1609 2689 potentia

146 2702 383 2778 secandi,
412 2720 551 2780 quie
582 2704 847 2765 omnino
880 2708 1193 2784 repugnat
1217 2702 1471 2778 Verb03
1503 2718 1609 2781 po-

146 2798 273 2859 natis
284 2814 415 2859 vero
434 2796 665 2875 agendi
675 2802 897 2859 contra
910 2795 1467 2877 proedefinitionem
1479 2812 1611 2857 non

146 2896 197 2951 st
218 2888 455 2967 potentia
482 2889 816 2968 percandi.
838 2890 987 2968 quia
1005 2886 1413 2969 praedessnitio
1444 2906 1521 2949 ex
1542 2904 1609 2949 se

146 2998 221 3041 1011
240 2979 447 3043 inducit
476 2982 927 3061 obligationem
966 2998 1155 3060 qnam
1192 2979 1431 3043 inducit
1458 2998 1611 3059 pres·

146 3081 340 3153 mptum.
368 3074 487 3135 Sed
507 3092 877 3155 quanquam
908 3075 1041 3135 baec
1068 3073 1289 3135 ultima
1305 3072 1612 3135 differen-

147 3166 209 3241 ia,
233 3184 327 3246 per
350 3185 413 3229 se
460 3166 805 3247 loquendo,
846 3186 997 3229 vera
1053 3168 1153 3237 sit.
1208 3171 1283 3227 nt
1326 3164 1611 3245 sequenti

146 3259 349 3321 rationo
376 3260 599 3336 dinam,
640 3260 963 3339 loquendo
983 3259 1065 3321 de
1092 3259 1343 3340 propria
1370 3258 1613 3336 obliga-

147 3350 253 3413 ione
267 3354 551 3433 precepti,
573 3360 789 3415 tamen
821 3352 1227 3432 praedefinitio
1254 3352 1503 3433 cognita
1524 3368 1621 3413 se·

146 3462 237 3503 zum
256 3446 411 3507 affert
434 3447 613 3525 quasi
634 3464 715 3507 ex
742 3445 1155 3524 consequenti
1179 3445 1619 3507 necessitatem

146 3554 225 3597 aon
240 3538 535 3601 resistendi
562 3539 835 3619 positive
860 3537 1101 3601 efficaci
1126 3538 1433 3599 voluntati
1482 3536 1615 3612 Dei,

146 3629 243 3705 quia
267 3630 387 3691 talis
411 3631 765 3696 resistentia
802 3648 934 3694 non
976 3629 1179 3703 solum
1220 3636 1385 3693 esset
1428 3628 1617 3692 stulta

146 3727 345 3799 avana,
370 3724 475 3785 sed
502 3725 699 3787 etiam
728 3730 897 3787 esset
924 3722 1089 3785 mala
1114 3742 1193 3785 ex
1218 3721 1497 3801 generali
1518 3740 1617 3783 rn-

146 3814 283 3891 tione,
304 3834 411 3896 qua
422 3818 655 3885 malum
677 3824 777 3881 est
804 3824 1019 3898 optare
1046 3822 1158 3879 aut
1174 3816 1391 3879 conari
1412 3822 1483 3879 ut
1509 3832 1619 3875 vo-

146 3904 295 3969 luntas
304 3910 405 3973 Dei
416 3910 631 3973 efficax
654 3917 721 3975 et
736 3910 1169 3991 praedefiniens
1190 3926 1319 3973 non
1336 3908 1617 3971 obtineat

147 4000 395 4077 effectum,
416 4020 561 4067 nam
588 4002 851 4085 perinde
878 4009 976 4067 est
992 4003 1113 4067 hoo
1132 4002 1291 4065 velle
1333 4020 1409 4065 ae
1446 4000 1617 4065 desi-

146 4090 309 4155 derare
340 4102 402 4157 ut
426 4098 589 4160 Deus
615 4114 747 4159 non
776 4096 859 4159 sit
880 4096 1311 4175 omnipotens;
1340 4112 1517 4175 ergo,
1540 4094 1625 4157 si·-

147 4192 221 4245 cut
242 4188 409 4265 posito
430 4196 761 4271 praecepto,
796 4190 991 4253 etiam
1034 4190 1237 4269 posita
1261 4187 1623 4269 praedefini-

147 4276 273 4339 tione
310 4284 561 4359 cognita,
598 4284 1027 4351 necessarium
1074 4282 1217 4357 fuit,
1250 4280 1619 4345 necessitate

150 4370 319 4433 sanem
342 4377 820 4457 consequentiae,
850 4382 919 4439 ut
946 4376 1225 4439 Christus
1262 4392 1391 4441 non
1417 4374 1623 4440 habe-

152 4468 419 4527 retectum
442 4486 565 4547 quo
616 4470 977 4533 dissentiret
1024 4470 1107 4531 ab
1160 4469 1264 4531 illa
1301 4468 1621 4531 voluntate

152 4554 259 4630 Μὴ
283 4558 357 4619 ita
384 4561 561 4625 etiam
588 4563 869 4644 potentia
895 4562 979 4625 ad
1002 4563 1195 4625 talem
1224 4568 1433 4625 aetum
1471 4561 1623 4623 fuis-

154 4651 221 4707 set
240 4653 476 4727 potentia
514 4656 599 4720 ad
634 4662 845 4719 actum
898 4656 1175 4719 otiosum
1210 4661 1273 4719 et
1308 4670 1571 4735 pravum
1606 4672 1623 4728 ;

158 4756 267 4818 ergo
286 4746 483 4809 eadem
506 4750 637 4813 fere
656 4757 753 4813 est
792 4751 859 4813 in
910 4757 1177 4829 utroque
1219 4750 1424 4827 rati03
1474 4764 1627 4827 ergo

160 4834 225 4893 vel
244 4834 295 4895 in
314 4844 561 4919 utroque
588 4862 741 4908 casu
770 4843 1135 4924 negandum
1188 4849 1285 4905 est
1336 4842 1627 4905 habuisse

163 4922 401 5023 §hristum
432 4938 765 5013 potentiam
808 4936 891 4999 ad
926 4936 1117 4999 talem
1160 4942 1407 5007 actum;
1444 4934 1545 4997 vel
1574 4932 1627 4993 si

164 5032 207 5073 111
221 5023 650 5097 pmdefinitione
678 5036 1003 5110 separatur
1020 5029 1301 5108 potentia
1318 5029 1401 5089 ad
1418 5034 1627 5089 actum

168 5124 193 5165 ὃ
218 5118 447 5187 Potentia
462 5121 541 5183 ad
556 5123 791 5191 malum
827 5122 929 5186 vel
976 5121 1235 5185 stultum
1272 5127 1509 5198 actum,
1540 5121 1628 5185 ita

168 5200 309 5265 etiam
324 5207 379 5269 in
401 5222 715 5295 praeopto.

230 5298 304 5359 Π.
338 5301 549 5381 Tertio,
568 5314 981 5388 argumentor
1003 5309 1071 5369 in
1114 5307 1285 5371 bunc
1318 5308 1577 5371 modum
1608 5324 1623 5368 z

174 5404 281 5448 ”³¹¹¹
294 5406 635 5478 Praeceptum
656 5403 891 5483 duplex
926 5408 1047 5478 est,
1096 5402 1535 5465 affirmativum
1568 5405 1635 5465 et

178 5485 483 5567 ὓθῧὸῑίἲωῦ,
508 5512 630 5556 seu·
653 5496 1015 5576 praecipiens
1054 5498 1116 5558 et
1154 5494 1494 5575 prohibens
1518 5511 1540 5565 ;⁴
1572 5498 1633 5555 et

426 5614 584 5663 xvm.

1678 464 1964 527 similiter
2021 462 2258 543 duplex
2309 468 2408 525 est
2453 468 2776 542 peceatum
2803 508 2824 539 ‚
2883 462 3240 531 omissionis

1677 564 1891 619 contra
1935 562 2320 636 praeceptum
2345 556 2809 632 affirmativum,
2857 564 2921 619 et
2947 560 3240 623 commis·

1677 650 1871 711 sionis
1896 656 2120 711 contra
2167 648 2552 729 negativum.
2605 648 2782 721 Quod
2819 668 2974 731 ergo
2999 658 3241 732 spectat

1678 742 1760 807 ad
1786 748 2098 824 proecepta
2127 741 2442 820 negativa,
2481 740 2811 820 probabile
2861 745 3119 822 quidem
3147 750 3242 807 est

1677 854 1805 899 non
1834 836 2144 899 habuis.
2157 835 2472 899 Christum
2495 835 2842 915 potentiam
2869 836 3062 899 etiam
3087 839 3241 918 phy-

1677 930 1869 993 sicam
1908 930 1994 991 ad
2039 928 2361 991 &ciendos
2395 933 2574 990 actus
2617 930 2964 991 contraries
3009 931 3241 993 talibus

1679 1024 2032 1105 proeeeptis,·
2065 1040 2216 1084 non-
2244 1022 2396 1103 qnia
2447 1022 2740 1083 voluntas
2773 1023 2910 1102 ejtis
2963 1024 3242 1087 humana

1678 1118 1919 1199 privata
1944 1116 2137 1179 fuerit
2165 1121 2474 1198 potestate
2503 1116 2610 1178 illa
2627 1116 2889 1197 physica
2909 1136 3100 1197 quarn
3129 1119 3242 1179 ha·

1678 1212 1873 1274 bebat
1902 1212 1986 1273 ad
2007 1210 2374 1273 efficiendos
2389 1210 2550 1273 tales
2583 1216 2783 1285 cotue,
2825 1210 2890 1272 id
2917 1213 3091 1273 enim
3129 1214 3242 1275 im-

1680 1305 1978 1385 possibile
2009 1310 2126 1381 est,
2154 1322 2302 1366 cum
2329 1304 2440 1366 illa
2465 1304 2746 1367 activitas
2765 1304 2846 1366 ab
2863 1304 3246 1384 ipsavolun-

1680 1402 1811 1461 tate
1834 1416 1964 1459 non
1993 1398 2434 1477 distinguatur3
2487 1399 2600 1460 sed
2629 1397 2798 1479 quod
2843 1398 3082 1479 privata
3109 1399 3242 1459 fue-

1684 1490 1767 1553 rit
1790 1491 2004 1553 divino
2029 1508 2345 1554 concursu
2371 1490 2454 1553 ad
2479 1492 2640 1553 tales
2651 1498 2832 1553 actus
2857 1493 3242 1567 efficiendos,

1686 1586 1821 1649 sine
1850 1602 1978 1663 quo
2009 1600 2325 1647 concursu
2353 1602 2483 1646 non
2523 1590 2732 1664 potest
2769 1586 3060 1647 voluntas
3107 1586 3246 1647 illos

1689 1678 1937 1743 elicere.
1969 1678 2266 1750 Quamvis
2297 1678 2469 1740 enim
2503 1678 2606 1739 bic
2633 1694 2974 1740 concursus
2999 1678 3247 1741 debitus

1686 1773 1765 1835 sit
1792 1772 2090 1835 humanm
2111 1771 2418 1833 voluntati
2457 1771 2808 1833 secundnm
2841 1788 2909 1833 se
2959 1770 3250 1833 conside·

1684 1870 1863 1937 ratas,
1892 1871 2111 1927 tamen
2139 1864 2446 1927 voluntati
2487 1864 2614 1925 Deo
2641 1864 2836 1925 unitae
2853 1879 2980 1925 non
3011 1870 3112 1925 est
3139 1864 3250 1925 de-

1686 1958 1889 2032 bitus;
1920 1960 2052 2021 imo
2079 1958 2290 2037 potins
2329 1956 2541 2019 debita
2575 1956 2667 2019 illi
2705 1972 2848 2019 esse
2869 1956 3117 2017 videtur
3143 1972 3252 2019 ca-

1686 2052 1889 2115 rentia
1912 2051 2058 2113 talis
2093 2068 2457 2125 concursus,
2489 2048 2638 2130 quia
2685 2066 2814 2113 non
2857 2051 3134 2130 pertinet
3167 2049 3250 2112 ad

1688 2146 2136 2227 perfectionem
2171 2145 2229 2223 ej
2237 2161 2312 2205 ns
2333 2142 2716 2224 simpliciter,
2741 2143 2858 2205 sed
2881 2143 3092 2222 potins
3111 2148 3252 2204 ten-

1688 2239 1781 2301 dit
1804 2238 1887 2301 ad
1932 2237 2472 2317 imperfectionem
2511 2241 2975 2316 repugnantem
3005 2234 3246 2311 unioni,

1690 2332 1950 2407 scilicet,
1970 2331 2052 2392 ad
2071 2337 2422 2411 peccatum,
2445 2346 2484 2390 a
2505 2346 2634 2407 qno
2651 2327 2942 2390 voluntas
2969 2326 3074 2389 illa
3095 2326 3252 2388 libe·

1688 2444 1763 2487 ra
1787 2425 2046 2487 omnino
2067 2440 2202 2487 esse
2230 2422 2470 2498 debuit,
2501 2421 2673 2501 qnod
2697 2438 2826 2482 non
2857 2419 3108 2492 minuit,
3137 2416 3252 2481 sed

1690 2518 1937 2601 perficit
1959 2518 2315 2579 libertatem
2344 2517 2505 2595 ejus,
2537 2521 2610 2577 ut
2631 2514 2788 2577 dixit
2837 2514 3248 2594 Augustinus,

1690 2612 1843 2674 locis
1861 2628 2088 2691 parum
2113 2615 2302 2671 antea
2327 2608 2552 2682 citatis,
2569 2615 2634 2669 et
2653 2607 2764 2669 lib.
2795 2610 2824 2669 1
2859 2606 2938 2669 de
2961 2605 3252 2669 Proedest.

1688 2707 1925 2779 Sanos,
1959 2724 2014 2765 e.
2049 2706 2152 2776 15,
2195 2710 2260 2764 et
2289 2719 2482 2781 supra
2529 2705 2866 2762 mactatum
2915 2706 3034 2777 est,
3089 2699 3250 2779 disp.

1690 2800 1792 2871 3⁴,
1818 2802 1971 2859 sect.
1995 2800 2054 2858 2.
2091 2796 2170 2857 Et
2193 2792 2620 2868 confirmatur,
2667 2810 2814 2854 nam
2843 2792 2946 2853 hic
2993 2808 3258 2855 concur-

1692 2908 1797 2951 sns
1826 2908 1955 2951 non
1979 2895 2077 2951 est
2103 2886 2342 2967 aliquid
2364 2886 2776 2947 intrinsecum
2813 2884 3122 2947 voluntati
3147 2902 3258 2947 an-

1694 2999 1757 3047 te
1772 2990 2006 3053 actum,
2039 2980 2154 3042 sed
2179 2979 2608 3042 consideratus
2645 2980 2710 3040 in
2737 2985 2880 3041 actu
2909 2978 3110 3057 primo
3159 2984 3259 3042 est

1692 3078 1832 3157 ipsa
1895 3075 2006 3137 Dei
2063 3073 2345 3154 potentia
2391 3077 2456 3133 et
2508 3073 2794 3135 voluntas
2857 3072 3140 3150 exposita
3193 3078 3260 3133 et

1692 3168 1877 3248 qnasi
1900 3165 2250 3229 voluntarie
2271 3165 2576 3245 applicata
2601 3164 2684 3227 ad
2715 3164 3254 3239 concurrendum;

1696 3264 1759 3323 in
1790 3266 1935 3323 actu
1961 3277 2110 3321 vero
2133 3258 2412 3321 secundo
2427 3270 2526 3321 est
2542 3258 2812 3337 ipsemet
2839 3264 3015 3319 actus
3044 3257 3257 3321 volun-

1698 3354 1847 3417 tatis
1868 3362 2092 3415 creatus
2115 3357 2184 3412 ut
2219 3370 2258 3413 a
2285 3352 2412 3413 Deo
2439 3349 2724 3431 pendens
2745 3350 2898 3425 ;sed
2913 3349 3134 3413 Christi
3153 3366 3261 3413 vo·

1698 3448 1911 3509 luntas
1930 3462 2058 3506 non
2072 3443 2286 3530 ‘potuit
2313 3442 2546 3505 habere
2575 3443 2768 3505 talem
2790 3448 3002 3505 actum
3021 3442 3261 3505 malum

1700 3546 1765 3601 et
1790 3538 2213 3619 prohibitum3
2243 3552 2398 3615 ergo
2419 3552 2628 3615 neque
2663 3552 3035 3597 coneursum
3067 3534 3150 3599 ad
3187 3534 3260 3597 il·

1699 3634 1829 3695 lum
1880 3632 1945 3693 in
1989 3636 2136 3694 actu
2189 3629 2469 3693 secundo
2503 3650 2520 3705 3
2549 3645 2702 3708 ergo
2751 3646 2960 3709 neque
2998 3628 3066 3690 in
3113 3634 3258 3693 actu

1698 3726 1903 3805 primo
1946 3724 2186 3785 habere
2223 3722 2444 3785 debuit
2493 3723 2669 3801 quasi
2717 3728 3137 3802 praeparatum
3181 3739 3258 3783 ex

1696 3819 2020 3883 voluntate
2039 3816 2248 3877 divina
2269 3836 2288 3891 3
2309 3832 2458 3875 nam
2477 3813 2762 3893 praehere
2783 3830 2967 3875 suum
2993 3830 3258 3877 concur-

1700 3929 1841 3973 sum
1864 3909 1931 3971 in
1962 3914 2108 3971 notu
2133 3908 2336 3986 primo
2367 3906 2635 3985 pertinet
2687 3906 2770 3967 ad
2805 3906 3258 3987 providentiam

1702 4011 1767 4067 et
1790 4002 2078 4083 regimen
2114 4001 2227 4063 tali
2268 3998 2575 4061 voluntati
2621 3999 2946 4076 debitnm3
2975 3998 3259 4061 ostendi·

1702 4116 1847 4159 mus
1864 4102 2079 4159 autem
2103 4112 2317 4175 snpra,
2347 4110 2410 4171 q.
2445 4095 2548 4166 15,
2579 4092 2736 4155 cxvi
2763 4091 3015 4155 unionis
3043 4090 3259 4155 deberi

1703 4190 1831 4254 tale
1861 4189 2146 4270 regimen
2177 4184 2482 4249 voluntati
2510 4184 2804 4249 humanae
2841 4184 3084 4256 Christi.
3129 4202 3255 4263 quo

1703 4300 1968 4363 peecare
2003 4298 2134 4343 non
2165 4286 2376 4360 posset
2391 4294 2412 4356 3
2454 4294 2606 4357 ergo
2633 4294 2710 4339 ex
2735 4278 2798 4337 vi
2838 4276 2982 4339 talis
3007 4276 3259 4358 regimi-

1700 4378 1799 4439 nis
1816 4374 2164 4437 debebatur
2181 4372 2388 4452 potius
2415 4370 2504 4433 illi
2531 4371 2812 4433 carentia
2833 4370 2972 4433 tulis
2995 4388 3258 4433 concur-

1702 4490 1831 4542 sus,
1860 4486 2052 4549 qusm
2077 4482 2418 4529 concursus
2441 4464 2594 4544 ipse.
2629 4463 2730 4526 Sic
2757 4480 2912 4542 ergo
2937 4465 3258 4544 probabile

1704 4572 1801 4627 est
1824 4582 1954 4626 non
1981 4560 2180 4623 fnisse
2205 4560 2272 4621 in
2299 4556 2528 4619 Christi
2564 4556 2884 4619 voluntate
2915 4558 3256 4637 potentiam

1707 4656 2030 4740 physicam
2055 4652 2138 4715 ad
2163 4657 2340 4717 actus
2369 4648 2738 4729 prohibitos,
2779 4656 2842 4712 et
2869 4666 3260 4731 consequen-

1704 4757 1803 4815 ter
1822 4768 1945 4812 nec
1961 4748 2314 4811 libertatem
2343 4742 2428 4807 ad
2457 4743 2595 4809 illos
2639 4742 3006 4821 faciendos;
3045 4762 3122 4809 ac
3151 4746 3260 4807 de-

1710 4846 1898 4922 nique
1922 4840 2268 4905 carentiam
2291 4837 2544 4901 illorum
2589 4852 2720 4899 non
2755 4836 2946 4899 fnisse
2969 4836 3254 4912 liberam,

1709 4938 1821 4999 sed
1847 4933 2294 5003 necessariam,
2323 4931 2486 4993 sicut
2511 4936 2576 4991 et
2619 4931 2960 4993 carentiam
2995 4932 3257 5011 peccati,

1708 5031 1773 5091 in
1796 5044 1923 5108 quo
1942 5028 2186 5089 nullum
2209 5028 2304 5087 est
2329 5020 2802 5093 inconveniens,
2831 5038 2950 5083 nec
2971 5022 3262 5102 simpliei-

1708 5130 1829 5198 ter,
1846 5138 1968 5183 nee
1985 5121 2052 5183 in
2085 5118 2305 5181 ordine
2341 5114 2424 5175 ad
2450 5114 2766 5189 meritum,
2794 5119 2866 5175 ut
2919 5132 3108 5193 supra
3137 5122 3261 5177 tae·

1710 5222 1845 5279 tum
1874 5219 1994 5279 est.

1792 5308 1889 5371 18.
1930 5308 2012 5369 At
2055 5320 2206 5365 vero
2255 5300 2336 5365 de
2390 5298 2722 5380 praeceptis
2755 5298 3166 5371 affirmativis,
3195 5302 3265 5361 in

1710 5400 1941 5481 quibus
1962 5398 2236 5467 mcxi-me
2265 5392 2550 5474 procedit
2587 5392 2916 5457 difficultas
2959 5408 3267 5471 pressea,

1714 5512 1842 5557 non
1874 5493 2122 5561 videtur
2149 5506 2290 5551 esse
2313 5486 2537 5552 eadem
2561 5486 2744 5561 ratio,
2759 5486 2930 5565 quia,
2952 5485 3098 5547 licet
3121 5503 3270 5549 con-
