3892 6167
1265 310 1589 367 mmmm
1624 310 1867 369 xxxva.
1900 314 2074 371 SECT.
2107 318 2195 374 111.

230 426 281 485 3.
321 415 639 499 Rapo-sio
668 412 944 477 meda.
972 442 1057 461 --
1084 409 1375 473 Secunda
1407 415 1470 473 et
1498 410 1685 475 valde

168 516 282 581 trita
321 508 633 589 responsio
680 508 812 584 ests,
855 522 1077 569 verum
1122 522 1262 567 esse
1288 550 1309 580 ,
1362 506 1685 585 supposito

166 612 465 693 praecepto,
513 601 740 665 Christi
785 600 1176 663 voluntatem
1228 617 1357 661 non
1406 600 1685 681 potuisse

166 722 271 767 non
304 700 537 763 efficere
577 695 757 759 illum
798 699 1009 757 uotum
1028 738 1049 770 ,
1095 700 1284 773 atque
1323 693 1483 755 adeo
1510 711 1689 755 man·

168 800 295 860 sisse
324 790 569 857 omuino
596 787 1076 851 determinatam
1106 786 1187 851 ad
1216 786 1394 851 illum
1413 832 1433 863 ,
1482 804 1555 851 ae
1578 786 1688 849 de·

169 893 325 969 nique
344 887 405 947 in
427 900 616 948 seusu
640 881 989 962 composito
1008 882 1367 945 necessario
1389 880 1685 945 habuisse

170 986 341 1052 illum;
381 984 441 1041 et
466 976 874 1037 nihilominus
907 975 1273 1055 simpliciter
1298 974 1495 1037 fuisse
1530 974 1687 1037 libe-

170 1096 297 1147 ram,
338 1073 475 1151 quis
508 1068 902 1150 simpliciter,
948 1088 1061 1133 seu
1102 1069 1313 1133 ableto
1342 1075 1680 1150 praecepto,

171 1168 431 1251 potuisset
446 1163 625 1226 illum
652 1180 785 1225 non
818 1164 1093 1238 heber-03
1122 1164 1463 1227 necessitas
1490 1163 1681 1237 euim,

167 1280 277 1345 quae
301 1265 387 1321 est
412 1274 489 1321 ex
508 1256 966 1337 suppositione,
997 1258 1101 1320 vel
1130 1262 1372 1320 tantum
1396 1256 1466 1319 in
1492 1274 1685 1320 sensu

170 1353 497 1434 eomposito,
531 1368 663 1413 non
691 1351 852 1415 tollit
880 1352 1255 1415 libertatem.

228 1457 275 1515 1.
318 1448 699 1527 consutam.
744 1481 827 1497 --·
874 1448 1001 1511 Sed
1040 1448 1181 1510 hoee
1226 1446 1555 1527 responsio
1598 1445 1685 1509 ita

170 1542 465 1625 generatim
492 1548 745 1622 sumpta
772 1558 981 1621 neque
1011 1541 1225 1615 solvit,-
1246 1556 1459 1619 neque
1486 1539 1687 1619 expli-

170 1646 247 1701 cat
268 1634 677 1697 difficultatem
702 1651 725 1713 3
768 1636 913 1715 quie
954 1636 1056 1697 vel
1090 1636 1227 1697 htee
1256 1632 1485 1696 solutio
1510 1650 1687 1697 assu·

172 1734 259 1795 mit
280 1736 335 1792 ut
360 1728 648 1809 generale
674 1730 1059 1809 principium
1078 1772 1097 1805 ,
1138 1727 1379 1789 nullam
1404 1726 1685 1808 supposi-

172 1830 357 1889 tionem
381 1823 629 1897 faetam,
656 1840 785 1904 qus
810 1825 1015 1904 posita
1036 1824 1105 1885 in
1122 1822 1443 1887 voluntate
1466 1838 1585 1885 nee
1594 1839 1687 1883 es·

172 1920 299 1981 sario
322 1916 595 1994 sequitur
620 1922 805 1979 aetus
829 1917 895 1978 in
924 1934 1115 1979 sensu
1140 1918 1491 1996 composito
1507 1962 1523 1991 ,
1556 1914 1689 1977 effi·-

171 2030 279 2077 cere
304 2018 363 2073 ut
386 2010 516 2073 talis
540 2018 725 2073 aetus
754 2010 1119 2089 simpliciter
1144 2011 1227 2073 sit
1246 2010 1641 2074 necessarius
1665 2056 1682 2083 ,

174 2115 221 2169 et
240 2124 347 2167 non
369 2104 560 2177 libert,
591 2105 695 2167 vel
720 2104 923 2167 solum
947 2103 1273 2167 indefinite
1297 2106 1523 2178 sumit,
1556 2120 1687 2166 non

174 2214 377 2263 ornnem
402 2198 903 2279 suppositionem
942 2216 1057 2263 seu
1094 2216 1353 2263 sensum
1382 2199 1683 2279 composi·

176 2304 277 2359 tum
298 2292 515 2357 inferre
536 2294 985 2357 necessitatem
1018 2292 1405 2373 simpliciter,
1434 2292 1537 2355 vel
1562 2293 1687 2355 tol-

174 2391 275 2449 lere
294 2388 647 2449 libertatem.
698 2387 977 2449 Primum
1006 2390 1103 2449 est
1130 2387 1391 2449 omniuo
1416 2386 1645 2448 falsum
1660 2430 1683 2463 ,

176 2484 335 2563 primo
357 2526 374 2557 ,
413 2481 557 2561 quia
594 2480 755 2542 alins
786 2480 1077 2543 voluutas
1110 2498 1440 2561 nunquam
1472 2486 1689 2561 posset

178 2576 475 2637 necessario
520 2580 585 2637 et
628 2575 775 2637 sine
816 2574 1107 2639 libertate
1150 2575 1377 2637 elieere
1409 2575 1687 2654 aliquem

184 2676 364 2745 actum,
403 2668 587 2731 etiem
612 2668 699 2731 de
726 2670 1007 2749 potentin
1035 2669 1347 2731 absolute.
1390 2669 1567 2732 Patet
1595 2684 1691 2729 se·

186 2763 327 2841 queis
347 2807 363 2835 ,
394 2762 535 2841 quin
568 2762 791 2823 nullus
828 2768 925 2825 est
956 2768 1135 2827 setus
1170 2778 1363 2841 quem
1396 2761 1689 2823 voluntas

182 2859 471 2921 necessario
496 2858 733 2921 efficiat
752 2904 773 2934 ,
812 2876 943 2920 uon
970 2858 1133 2921 faeta
1164 2859 1374 2939 ulique
1402 2855 1690 2937 supposi-

186 2953 329 3027 tione,
359 2952 699 3031 prsesertim
721 2952 1039 3031 loquendo
1060 2950 1139 3013 de
1163 2950 1403 3013 notibus
1420 2950 1505 3013 ed
1528 2966 1689 3029 quos

182 3045 411 3107 veluntas
438 3050 666 3107 nature.
698 3063 815 3107 sua
842 3060 973 3107 non
1001 3050 1097 3107 est
1124 3044 1580 3119 determinntn3
1622 3046 1689 3107 iu

186 3139 234 3199 in
254 3138 335 3199 his
356 3139 535 3215 enim,
574 3154 726 3201 cum
752 3138 1043 3201 voluntas
1070 3138 1149 3203 de
1176 3154 1243 3199 se
1272 3138 1353 3199 sit
1374 3137 1593 3212 libers,
1636 3138 1692 3201 si

186 3233 559 3293 necessitatem
597 3232 734 3312 pati
778 3232 967 3294 dehet
987 3277 1008 3308 ,
1056 3234 1303 3313 oportet
1342 3238 1412 3293 ut
1452 3232 1693 3311 aliquid

189 3326 313 3387 eirea
350 3326 511 3387 illem
550 3326 665 3389 fiet
705 3326 807 3387 vel
844 3332 1255 3406 supponatur,
1302 3342 1427 3405 quo
1464 3326 1687 3405 posito,

188 3428 431 3499 sequatur
471 3420 575 3483 ille
624 3420 1007 3495 necessitas,
1062 3424 1127 3481 et
1170 3420 1257 3481 ita
1304 3436 1437 3481 nen
1480 3425 1695 3501 posset

188 3514 315 3574 Deus
347 3515 717 3577 necessitare
764 3512 1153 3576 voluntatem
1198 3512 1281 3574 ad
1330 3512 1693 3593 hujusmodi

191 3614 351 3668 actum
371 3653 385 3679 ,
420 3609 566 3687 quia
605 3626 739 3671 non
784 3611 993 3687 potest
1028 3606 1199 3667 illam
1244 3605 1691 3681 determinare,

192 3701 281 3761 nisi
315 3701 583 3763 addendo
627 3701 733 3763 vel
776 3698 1107 3763 efficiendo
1144 3698 1405 3777 aliquid,
1452 3716 1529 3761 ex
1566 3716 1694 3779 quo

192 3795 489 3857 necessario
522 3794 831 3859 efficietur
866 3794 1011 3859 talis
1052 3799 1249 3856 setus.
1289 3794 1695 3873 Consequens

196 3894 358 3948 autem
382 3892 473 3951 est
492 3896 713 3951 eontra
737 3904 963 3951 omnes
984 3886 1339 3967 Theologos
1366 3886 1690 3965 docentes,

192 3980 299 4042 licet
342 3984 491 4044 Deus
539 4000 673 4044 non
726 3981 921 4063 possit
971 3996 1202 4059 eogere
1256 3980 1639 4043 voluntatem
1668 4028 1687 4057 ,

196 4092 336 4152 posse
364 4081 565 4140 temen
595 4076 687 4139 illi
724 4075 1161 4139 necessitatem
1188 4074 1445 4137 inferre.
1492 4074 1565 4137 st
1594 4092 1697 4135 ra-

194 4166 322 4228 tione
348 4174 519 4248 patet,
558 4170 735 4251 quia,
775 4168 925 4232 lieet
956 4167 1265 4230 naturalis
1292 4166 1519 4229 modus
1546 4184 1695 4247 ope-

197 4262 337 4322 randi
360 4264 679 4327 voluntatis
702 4264 783 4326 sit
804 4262 987 4338 liber,
1014 4262 1067 4322 si
1094 4266 1307 4323 temen
1330 4278 1445 4341 per
1470 4278 1697 4340 suppo-

198 4353 429 4416 sitionem
466 4358 563 4421 vel
594 4356 943 4419 motionem
976 4354 1389 4417 extrinsecam
1416 4352 1488 4415 fit
1512 4354 1697 4432 (sieut

200 4445 304 4508 fieri
338 4454 556 4531 potest)
596 4458 673 4514 ut
710 4468 841 4513 nou
878 4450 1279 4532 permittetur
1315 4450 1558 4530 operari
1588 4449 1695 4512 illo

202 4540 346 4601 modo
370 4588 384 4617 ,
420 4544 523 4607 sed
560 4546 817 4607 omnino
852 4545 935 4607 sb
970 4544 1093 4607 alio
1124 4544 1579 4607 determinetur
1612 4543 1697 4605 nd

207 4632 514 4700 eliciendum
530 4645 763 4716 netum,
790 4638 945 4718 quid
970 4638 1160 4701 refert
1182 4636 1489 4701 naturalis
1508 4636 1694 4699 liber-

203 4730 275 4787 tas
294 4732 595 4795 voluntatis
615 4778 631 4808 ,
674 4748 817 4812 quae
846 4732 1051 4795 solnm
1094 4737 1190 4795 est
1226 4732 1418 4794 veluti
1454 4731 1521 4792 in
1550 4736 1695 4795 actu

208 4821 365 4898 primo
384 4872 398 4901 ,
435 4832 501 4889 ut
524 4826 667 4889 telis
696 4832 877 4889 aetus
916 4843 1043 4889 uon
1075 4826 1155 4889 sit
1190 4825 1555 4907 simpliciter
1580 4843 1696 4889 ne·

212 4920 457 4981 cessarius
479 4924 505 4983 t

272 5012 321 5070 5.
352 5013 417 5075 Et
437 5015 831 5079 confirmatur
846 5058 867 5091 ,
896 5014 1045 5095 quia
1087 5014 1241 5077 elius
1278 5032 1487 5096 neque
1516 5032 1695 5078 amor

216 5098 297 5162 Dei
316 5104 367 5164 in
384 5106 559 5170 beatis
586 5114 753 5173 esset
774 5108 1167 5171 necessarius
1188 5109 1561 5171 necessitate
1586 5126 1693 5189 op-

216 5196 369 5271 posita
396 5199 641 5265 libertati
687 5202 1053 5282 simpliciter
1075 5248 1092 5279 ,
1138 5202 1285 5283 quis
1340 5204 1545 5265 solum
1594 5205 1693 5265 est

218 5294 533 5357 necessarius
570 5312 643 5359 ex
690 5296 1119 5377 suppositione
1166 5297 1455 5373 visionis,
1500 5302 1690 5377 atque

221 5379 337 5443 adeo
356 5387 411 5446 iu
432 5404 601 5475 sensu
626 5396 871 5452 tantum
911 5390 1277 5472 composito.
1311 5392 1377 5453 Si
1402 5408 1553 5455 vero
1594 5391 1691 5454 di-

223 5480 355 5538 catur
378 5483 715 5562 secundum,
738 5484 990 5563 scilieet,
1022 5502 1152 5549 non
1182 5502 1433 5549 omnem
1460 5502 1692 5567 suppo-

1766 413 2058 478 sitIonem
2085 415 2304 481 tollere
2331 414 2708 492 libertatem,
2731 416 3005 497 primum
3029 416 3329 499 relinqui-

1765 514 1869 570 tur
1894 510 2360 589 explicandum,
2384 528 2524 589 quae
2547 512 2894 591 suppositio
2927 512 3100 575 tollat
3125 512 3322 589 illam,

1769 610 1833 669 et
1858 622 2000 685 quoe
2027 606 2108 667 sit
2133 606 2294 669 ratio
2313 605 2705 677 differentiis,
2727 612 2790 667 et
2821 624 2933 669 eur
2955 608 3324 687 suppositio,

1766 698 1847 761 de
1878 716 2004 779 qua
2047 716 2218 763 nune
2257 700 2538 781 agimuS,
2569 698 2740 761 illem
2767 716 2900 763 non
2931 698 3130 763 tollet.
3175 700 3325 773 Ques

1766 793 1982 855 omnia
2017 794 2086 855 in
2131 794 2296 857 dieta
2323 792 2634 855 solutione
2663 792 3056 857 omittuntur.
3085 793 3326 857 Deinde

1764 886 2014 949 videtur
2041 886 2383 967 suppositio
2414 886 2710 967 praeeepti
2729 931 2749 962 ,
2779 886 2859 949 de
2887 904 3016 967 que
3045 892 3328 951 uuneest

1766 996 2000 1057 sermo,
2043 998 2182 1043 esse
2223 998 2302 1043 ex
2349 981 2472 1043 illis
2519 998 2660 1059 quse
2707 980 2931 1043 tollunt
2971 979 3326 1043 libertatem

1766 1073 2131 1153 simpliciter
2148 1096 2168 1151 ;
2199 1092 2384 1148 num,
2435 1074 2688 1155 quando
2743 1073 3087 1155 suppositio
3136 1072 3328 1137 habet

1765 1166 1877 1229 has
1906 1166 2070 1229 dues
2095 1168 2512 1244 conditiones,
2553 1168 2808 1243 seilicet,
2839 1174 2932 1239 ut,
2967 1167 3076 1229 ills
3100 1168 3324 1247 posita,

1765 1262 2124 1323 necessario
2150 1266 2452 1341 sequetur
2471 1268 2670 1334 aetus,
2717 1267 2779 1325 et
2813 1260 2986 1323 illem
3017 1260 3166 1340 poni
3197 1278 3328 1321 nou

1766 1354 2044 1434 pendeat
2069 1372 2148 1417 ex
2185 1355 2470 1417 libertate
2497 1354 2835 1418 voluntatis
2856 1401 2876 1429 ,
2917 1354 3030 1416 sed
3071 1354 3326 1415 omnino

1767 1447 2097 1509 antecedet
2121 1448 2390 1511 liberum
2417 1464 2792 1511 eonsensum
2815 1448 3006 1523 illius,
3027 1447 3164 1510 talis
3183 1464 3330 1527 snp-

1764 1542 1994 1623 positio
2021 1542 2267 1605 videtur
2287 1542 2508 1605 tollere
2533 1542 2908 1615 libertatem,
2937 1548 3000 1604 et
3029 1542 3326 1605 inducere

1764 1635 2200 1699 necessitatem
2255 1634 2660 1715 simpliciter3
2709 1636 2857 1715 quie
2917 1641 3066 1697 tune
3118 1650 3328 1713 neque

1766 1728 2114 1809 suppositio
2143 1734 2238 1791 est
2259 1728 2458 1791 libera
2475 1774 2496 1805 ,
2527 1746 2736 1807 neque
2779 1728 3120 1791 dimanatio
3149 1732 3329 1791 setus

1766 1842 1847 1887 ex
1880 1824 1990 1886 tali
2013 1824 2470 1905 suppositione,
2501 1842 2616 1887 seu
2656 1842 2734 1887 ex
2764 1822 3086 1887 voluntate
3118 1822 3210 1884 sie
3235 1820 3331 1883 ef-

1766 1918 1929 1981 fectn
1945 1963 1967 1995 ,
2001 1922 2096 1981 est
2119 1918 2320 1981 libers
2343 1963 2362 1993 ‚
2401 1918 2578 1981 etita
2606 1916 2826 1980 nullibi
2853 1916 3230 1996 relinquitur
3257 1914 3330 1977 li·

1767 2012 1980 2075 hema
2006 2012 2172 2075 eires
2209 2012 2417 2074 telem-
2445 2018 2678 2075 sotum.
2727 2012 2897 2075 Sient
2920 2055 2941 2087 ,
2982 2010 3032 2071 si
3063 2007 3329 2073 intentio

1766 2105 1911 2169 fluis
1931 2124 2058 2169 nou
2091 2112 2185 2169 est
2209 2106 2432 2182 libers,
2449 2112 2514 2169 et
2531 2106 2754 2169 electio
2775 2105 2916 2167 telis
2939 2104 3130 2165 medii
3159 2102 3329 2165 uniei

1766 2202 2126 2264 necessario
2155 2201 2441 2281 sequitur
2465 2219 2543 2263 ex
2565 2200 2937 2276 intentione,
2965 2216 3092 2261 non
3121 2202 3331 2278 potest

1770 2294 1992 2357 eleetio
2021 2311 2160 2357 esse
2187 2294 2386 2357 libere
2412 2316 2430 2371 3
2459 2293 2820 2375 hujusmodi
2863 2298 3076 2355 eutem
3129 2296 3224 2353 est
3261 2290 3330 2352 in

1766 2388 2066 2469 praesenti
2093 2388 2408 2468 impositio
2433 2388 2750 2468 praecepti,
2783 2404 2922 2465 quae
2943 2404 3076 2447 non
3099 2383 3331 2466 pendet

1770 2500 1849 2545 ex
1875 2483 2198 2545 voluntate
2240 2484 2520 2545 humana
2548 2480 2796 2557 Christi,
2823 2498 2972 2541 nam
3007 2485 3156 2541 ante
3199 2494 3332 2541 om·

1766 2594 1917 2639 nem
1947 2582 2182 2651 netum,
2213 2582 2278 2639 et
2307 2576 2578 2639 liberum
2603 2592 2982 2637 eonsensum
3015 2574 3176 2653 ejus,
3206 2571 3331 2633 im·-

1770 2670 2046 2753 positum
2093 2676 2191 2735 est
2217 2670 2304 2733 illi
2333 2672 2458 2733 tale
2495 2676 2905 2751 praeseptum,
2937 2670 3002 2730 et
3027 2666 3192 2729 fecte
3219 2664 3328 2729 teli

1770 2764 2198 2845 suppositione
2223 2810 2240 2839 ,
2293 2782 2424 2827 non
2457 2769 2662 2844 potest
2687 2780 2818 2825 non
2869 2762 3046 2841 sequi
3097 2764 3272 2823 aetus
3307 2776 3325 2821 ε

1770 2876 1950 2938 erge.

1850 2953 1911 3013 6.
1955 2948 2284 3031 Responsio
2311 2952 2518 3017 tertia.
2549 2984 2630 2997 --
2662 2948 3033 3029 Constantio.
3077 2982 3160 3001 --
3187 2950 3333 3011 Pro·

1770 3048 1911 3124 pter
1931 3044 2066 3107 hiso
2089 3050 2186 3107 est
2205 3045 2390 3109 tertie
2409 3046 2754 3124 responsio,
2775 3052 3156 3126 praeeeptum
3177 3042 3332 3106 illud

1772 3137 2146 3217 dependisse
2175 3157 2252 3200 ex
2273 3139 2413 3218 ipsu
2441 3138 2721 3200 humens
2743 3138 2968 3201 Christi
2984 3137 3327 3211 voluntate,

1774 3231 1923 3311 quia
1953 3232 2132 3295 Peter
2157 3238 2428 3295 aeternus
2453 3251 2584 3294 non
2609 3232 2910 3313 imposuit
2935 3230 3176 3293 Christo
3205 3229 3330 3293 tale

1774 3334 2152 3407 praeceptum
2172 3372 2193 3403 ,
2240 3328 2358 3387 nisi
2388 3328 2538 3405 quin
2579 3327 2854 3389 Christus
2905 3326 2994 3388 itu
3037 3324 3234 3388 voluit
3269 3328 3334 3387 et

1774 3420 1976 3499 petiit.
2000 3419 2126 3483 Sed
2149 3420 2286 3482 haee
2313 3421 2636 3501 responsio
2666 3420 2917 3500 probari
2943 3418 3118 3483 nullo
3141 3417 3331 3481 modo

1772 3520 2000 3593 potest,
2047 3519 2112 3578 et
2159 3516 2364 3595 primo
2405 3533 2535 3577 non
2584 3514 2961 3594 generaliter
3009 3512 3328 3587 satisfecit,

1772 3608 1923 3689 quis
1951 3626 2082 3670 non
2108 3608 2390 3688 procedit
2417 3610 2480 3669 in
2519 3609 2846 3687 proeeeptis
2865 3650 2884 3684 ,
2915 3624 3054 3687 quoe
3081 3610 3228 3667 sunt
3249 3604 3332 3669 de

1772 3702 1915 3783 lege
1940 3708 2207 3765 naturae.
2247 3702 2538 3765 Secundo
2569 3702 2760 3764 etiem
2786 3703 2864 3765 de
2908 3702 3030 3763 hoe
3067 3698 3332 3780 positivo

1774 3802 2090 3879 praeeepto
2135 3796 2486 3859 redimendi
2536 3794 2852 3871 homines,
2901 3794 3060 3857 illud
3107 3794 3334 3855 dieitur

1776 3891 2032 3951 omnino
2089 3890 2224 3953 sine
2275 3890 2710 3952 fundamento.
2771 3890 2905 3953 Imo
2960 3894 3055 3951 est
3107 3902 3333 3968 parum

1776 3990 2292 4058 consentaneum,
2321 3989 2460 4046 tum
2487 3983 2712 4045 divinae
2735 3982 3164 4063 providentiae,
3195 3986 3333 4043 tum

1776 4076 2134 4157 ScripturiS,
2178 4095 2318 4157 quae
2365 4077 2446 4139 de
2495 4076 2615 4138 hoc
2661 4078 2914 4158 negotio
2963 4076 3330 4155 loquuntur.

1774 4171 2054 4233 Primum
2103 4176 2346 4233 constat
2371 4217 2388 4247 ,
2419 4170 2568 4251 quis
2616 4170 2722 4232 ills
2775 4170 3102 4249 responsio
3131 4170 3331 4250 ponit,

1774 4266 1978 4327 totum
2006 4266 2332 4345 negotium
2371 4270 2602 4327 nostro
2641 4264 3092 4344 redemptionis
3131 4264 3334 4343 primo

1774 4364 1843 4420 et
1866 4374 1983 4438 per
2009 4376 2080 4421 se
2121 4358 2496 4439 dependisse
2526 4358 2606 4421 eb
2632 4356 2912 4419 humana
2957 4358 3184 4421 Christi
3227 4374 3338 4419 vo·-

1774 4452 2042 4528 luntate,
2077 4458 2142 4515 et
2169 4452 2250 4513 eb
2279 4452 2386 4514 ille
2411 4470 2548 4515 esse
2585 4451 2936 4515 definitum.
2978 4454 3088 4515 Est
3124 4456 3335 4513 sutem

1776 4562 1893 4625 per
1924 4562 1994 4607 se
2025 4544 2396 4608 inei-edibile
2419 4592 2434 4621 ,
2487 4562 2856 4626 supremum
2902 4562 3062 4625 opus
3109 4543 3338 4607 divina

1774 4638 2184 4719 providentiae
2237 4645 2302 4702 et
2347 4638 2910 4721 praedestinationis
2934 4682 2950 4713 ,
2991 4638 3164 4717 quasi
3215 4638 3338 4717 pri·

1774 4750 1946 4795 mam
1985 4733 2296 4815 originem
2321 4732 2621 4795 habuisse
2669 4732 2751 4795 ab
2789 4733 3068 4795 humana
3113 4732 3337 4796 Christi

1773 4827 2122 4890 voluntate.
2151 4830 2290 4891 Non
2317 4845 2468 4909 ergo
2497 4827 2708 4889 divina
2740 4826 3030 4889 voluntas
3057 4825 3337 4889 decrevit

1776 4929 1841 4984 et
1865 4922 2166 5002 praeeepit
2193 4927 2266 4984 ut
2293 4922 2576 4985 Christus
2603 4936 2752 4996 nos,
2787 4920 3140 4997 moriende,
3173 4919 3339 4981 redi-

1774 5021 1999 5093 meret,
2027 5014 2176 5096 quia
2203 5016 2334 5096 ipse
2357 5015 2636 5079 Christus
2663 5013 2784 5076 hoe
2810 5014 3008 5075 voluit
3035 5018 3098 5075 et
3119 5013 3302 5093 petiit
3311 5034 3331 5089 3

1774 5110 1889 5172 sed
1914 5108 2126 5191 potius
2153 5108 2294 5171 ideo
2321 5109 2458 5191 ipse
2500 5109 2624 5170 hoe
2649 5107 2868 5183 voluit,
2907 5108 3056 5188 quie
3093 5106 3172 5168 de
3215 5108 3334 5168 hee

1772 5220 1843 5267 re
1880 5203 2254 5265 mandatum
2297 5203 2543 5282 aceepit
2567 5220 2604 5262 a
2631 5202 2815 5263 Patre
2835 5246 2852 5275 ,
2879 5207 2951 5263 ut
2991 5199 3140 5261 dicit
3175 5200 3331 5279 ipse,

1770 5300 1805 5360 J
1810 5316 1956 5359 oen,
1981 5300 2060 5360 10
2079 5303 2142 5360 et
2171 5298 2271 5372 14,
2293 5302 2356 5358 et
2381 5295 2542 5357 infra
2565 5293 2754 5357 latins
2782 5293 3136 5369 trademus3
3163 5290 3332 5353 unde

1770 5392 1842 5454 D.
1889 5392 2142 5467 Paulus,
2171 5390 2253 5452 ed
2281 5388 2472 5453 Hebr.
2519 5390 2594 5453 10
2616 5432 2634 5463 ,
2671 5404 2994 5467 exponens
3029 5384 3190 5447 Psnl.
3227 5386 3330 5459 39,

1770 5484 2004 5547 indicat
2023 5530 2044 5561 ,
2091 5482 2318 5547 Christi
2355 5484 2630 5544 enimam
2663 5480 2868 5542 statim
2912 5479 2978 5539 in
3019 5496 3132 5539 sun
3163 5494 3332 5538 crea-
