3892 6167
639 319 760 379 418

642 440 780 485 rem
808 438 952 483 cum
994 420 1352 483 conditione
1395 420 1636 495 servili;
1673 420 1844 483 hunc
1876 421 2043 483 enim
2069 440 2209 501 per-

637 518 802 579 fecta
831 514 1106 577 charitas
1151 514 1441 587 excludit,
1479 520 1548 575 ut
1594 519 1620 577 1
1661 514 1844 575 Joan.
1877 517 1916 573 4
1945 514 2199 587 dicitur;

639 610 757 671 fuit
796 617 1008 671 autem
1044 610 1103 669 in
1136 608 1375 671 Christo
1421 606 1872 687 perfectissima
1905 608 2197 673 charitas.

639 707 900 777 Tamen,
947 703 1114 783 quod
1143 703 1491 767 Concilium
1523 704 1642 763 hoc
1671 721 1863 765 sensu
1892 702 1972 765 de
2012 704 2204 768 servi-

637 804 769 862 tute
811 799 1127 877 loquatur,
1169 814 1434 875 eamque
1467 796 1530 860 in
1564 796 1804 859 Christo
1835 803 2051 876 neget.
2097 816 2204 859 vo-

637 892 910 956 luntarie
941 891 1364 972 excogitatum
1411 896 1526 967 est,
1573 891 1780 953 solum
1817 890 1900 953 ad
1945 890 2204 955 eluden-

638 986 782 1050 dam
805 986 1053 1049 Concilii
1078 984 1544 1055 auctoritatem3
1575 1002 1642 1047 re
1664 990 1879 1048 tamen
1897 1002 2047 1047 vera
2068 984 2203 1047 nul·

595 1142 602 1150 ,
635 1078 770 1140 lum
790 1080 982 1143 habet
1009 1078 1508 1151 fundamentum,
1540 1083 1648 1139 aut
1673 1077 1736 1139 in
1761 1078 1966 1139 verbis
1987 1078 2202 1141 Adria-

635 1172 786 1235 niet
807 1170 1092 1247 Concilii,
1126 1162 1324 1235 autin
1354 1190 1542 1235 causa
1567 1171 1646 1233 de
1671 1188 1795 1251 qua
1829 1172 2195 1258 tractabant.

637 1267 910 1330 Primum
942 1272 1140 1345 patet,
1169 1266 1318 1345 quia
1339 1266 1402 1329 in
1431 1269 1562 1327 toto
1593 1266 1696 1327 illo
1727 1266 1999 1329 Concilio
2028 1266 2200 1329 nulla

633 1358 707 1421 fit
733 1359 968 1421 mentio
1008 1360 1086 1424 de
1113 1358 1333 1447 spiritu
1381 1360 1718 1433 servitutiS,
1770 1360 1875 1439 qui
1919 1359 2205 1439 procedit

634 1471 714 1515 ex
732 1453 992 1527 timore;
1020 1454 1071 1517 si
1095 1459 1308 1517 autem
1328 1471 1402 1515 eo
1423 1459 1672 1515 tantum
1697 1471 1888 1513 sensu
1913 1453 2203 1515 definire-

633 1552 734 1609 tur
755 1547 1069 1609 Christum
1095 1566 1222 1611 non
1249 1565 1388 1611 esse
1417 1565 1692 1621 servum,
1717 1547 2032 1609 sufficiens
2056 1546 2202 1607 fuis-

633 1646 730 1703 set
757 1641 1092 1703 ostendere
1121 1641 1302 1703 illum
1329 1660 1408 1703 ex
1448 1640 1752 1703 charitate
1790 1647 1852 1703 et
1879 1640 2053 1703 filiali
2092 1660 2198 1703 re-

631 1734 916 1798 verentia
939 1734 1288 1796 obedivisse
1319 1736 1476 1809 Deo,
1510 1740 1571 1795 et
1591 1752 1720 1797 non
1750 1752 1829 1797 ex
1856 1734 2063 1797 servili
2088 1752 2200 1795 seu

633 1826 871 1905 poenali
896 1828 1160 1900 timore;
1194 1826 1348 1889 nihil
1377 1845 1524 1889 vero
1558 1828 1636 1889 dc
1687 1829 1806 1891 hoc
1835 1828 1920 1889 ibi
1950 1826 2195 1905 dicitur,

635 1918 752 1981 sed
789 1920 930 1981 aliis
959 1920 1308 1981 rationibus
1353 1920 1700 1983 ostenditur
1725 1919 2039 1983 Christum
2069 1939 2199 1983 non

635 2031 770 2075 esse
795 2032 1062 2087 servum,
1097 2032 1176 2078 ex
1213 2014 1539 2093 maiestate
1572 2032 1856 2091 personae
1887 2015 2043 2093 ejus„
2088 2016 2196 2077 Se·

635 2106 912 2169 cundum
933 2111 1124 2189 patet,
1160 2108 1308 2187 quia
1331 2108 1505 2171 nulla
1534 2107 1792 2171 historia
1817 2111 1926 2169 aut
1947 2109 2198 2187 conjec-

631 2206 772 2263 tura
817 2206 1084 2274 constat,
1127 2200 1399 2264 Felicem
1430 2206 1536 2263 aut
1565 2201 1942 2282 Elipandum
1990 2202 2197 2283 appel-

631 2294 796 2355 lasse
824 2293 1132 2355 Christum
1164 2312 1438 2372 servum,
1471 2312 1548 2355 ea
1574 2294 2031 2374 significatione
2054 2312 2197 2373 quae

633 2386 713 2449 ab
739 2387 958 2467 spiritu
979 2388 1184 2451 servili
1206 2388 1498 2450 sumitur.
1523 2390 1740 2467 Neque
1763 2406 1840 2451 ex
1854 2388 2063 2453 verbis
2086 2388 2199 2449 ali·

635 2480 865 2561 quibus
898 2499 1036 2561 quae
1065 2480 1144 2545 de
1175 2482 1424 2545 illorum
1465 2482 1778 2545 sententia
1813 2482 1878 2543 in
1921 2500 1997 2543 eo
2037 2480 2199 2545 Con·-

633 2573 775 2637 cilio
803 2574 1184 2649 referuntur,
1217 2576 1424 2656 colligi
1445 2581 1684 2655 potest3
1708 2592 1918 2653 neque
1945 2594 2024 2637 ex
2046 2594 2197 2639 con-

631 2668 904 2731 fessione
934 2669 1250 2748 Elipandi,
1277 2688 1418 2749 quae
1445 2688 1534 2751 ,ex
1569 2670 1729 2733 libro
1762 2670 1940 2731 Beati
1976 2676 2039 2730 et
2074 2672 2198 2731 He-

632 2762 770 2826 terii
799 2762 1144 2841 profertum
1177 2781 1328 2825 nam
1375 2762 1460 2823 ibi
1507 2768 1752 2825 tantum
1781 2764 1930 2825 dicit
1960 2764 2197 2825 factum

629 2854 824 2917 fuisse
861 2874 1136 2931 servum,
1187 2856 1345 2917 sicut
1375 2856 1522 2919 dicit
1565 2856 1798 2920 factum
1839 2858 2036 2919 fuisse
2084 2859 2195 2919 ho-

632 2948 892 3011 minem.
928 2952 1084 3022 Ima,
1115 2950 1270 3011 dum
1315 2950 1504 3013 simul
1531 2952 1622 3013 ait
1643 2950 1955 3013 Christum
2000 2952 2192 3014 fuisse

629 3042 832 3103 filium
883 3043 1246 3122 adoptivum
1283 3090 1298 3117 ,
1349 3047 1410 3105 et
1471 3042 1766 3109 habuisse
1817 3044 2193 3107 charismata

633 3134 928 3215 spiritua,
972 3136 1037 3197 in
1083 3155 1209 3216 quo
1262 3137 1614 3201 clamabat:
1647 3138 1826 3199 Abba
1869 3140 2091 3215 Pater,
2130 3146 2193 3201 et

633 3244 771 3289 esse
801 3246 1071 3303 servum,
1103 3230 1262 3294 sicut
1317 3240 1466 3293 sunt
1507 3231 1614 3291 alii
1661 3232 1912 3306 Sancti,
1956 3231 2192 3294 indicat

627 3320 838 3400 potius
868 3323 1166 3399 sensisse,
1190 3342 1320 3385 non
1341 3324 1634 3387 hahuisse
1660 3324 1971 3387 Christum
2001 3326 2190 3389 servi·

628 3413 756 3475 lem
785 3414 1093 3494 spiritum,
1137 3416 1248 3479 sed
1274 3416 1552 3479 filialem.
1598 3419 1817 3497 Neque
1849 3419 2021 3481 enim
2059 3438 2191 3481 om-

628 3524 746 3569 nes
769 3506 920 3585 J‘usti
965 3515 1026 3571 ct
1051 3508 1162 3571 filii
1193 3509 1469 3589 adoptivi
1505 3510 1744 3575 habent
1775 3510 1952 3573 illum
2006 3512 2191 3592 spiri-

631 3604 768 3661 tum
803 3600 1118 3676 servilem,
1145 3603 1498 3682 praesertim
1523 3604 1573 3665 si
1604 3604 1863 3685 perfecti
1891 3604 2038 3667 sint.
2066 3608 2189 3669 Nc-

627 3710 754 3771 que
786 3700 880 3755 est
905 3694 1240 3757 verisimile
1287 3696 1662 3777 Elipandum
1693 3698 1983 3773 sensisse,
2015 3700 2191 3763 Chri-

627 3792 796 3847 stum
846 3787 1038 3849 fuisse
1061 3788 1258 3851 filium
1295 3788 1660 3869 adoptivum
1689 3791 1898 3853 minus
1939 3792 2189 3871 perfec-

625 3884 763 3941 tum
795 3898 988 3959 quam
1015 3883 1140 3943 sint
1169 3883 1272 3947 alii
1293 3883 1472 3962 justi.

709 3974 811 4035 43.
841 3975 1068 4051 Quinta
1094 3976 1408 4057 opinio.--
1437 3976 1664 4049 Quinta
1691 3982 2017 4061 responsio
2048 4000 2189 4045 esse

623 4072 872 4147 potest,
918 4068 1120 4129 solum
1167 4068 1440 4133 voluisse
1469 4070 1818 4137 Adrianum
1866 4083 1928 4139 et
1970 4077 2189 4141 Conci-

625 4158 781 4221 lium
811 4160 1036 4225 docere
1057 4206 1076 4233 ,
1112 4160 1422 4223 Christum
1449 4182 1578 4225 non
1615 4182 1754 4229 esse
1781 4187 2031 4232 servum
2058 4189 2190 4233 ser-

627 4253 824 4316 vitute
855 4254 1091 4333 poenali
1121 4272 1198 4317 ex
1225 4264 1484 4335 peccato
1517 4265 1838 4325 contracta
1863 4309 1884 4337 ,
1921 4282 2051 4329 non
2096 4271 2187 4329 ta-

627 4364 776 4408 men
831 4346 1103 4409 voluisse
1151 4348 1232 4411 ab
1290 4348 1396 4411 illo
1445 4352 1777 4417 excludere
1825 4358 2185 4421 servitutem

629 4438 1004 4514 naturalem,
1037 4459 1230 4521 quam
1255 4444 1460 4506 amnis
1488 4454 1775 4511 creatura
1801 4469 1880 4513 ex
1926 4452 1989 4512 vi
2018 4471 2186 4514 crea·

615 4530 662 4597 ti
676 4532 812 4595 onis
839 4532 1029 4595 habet
1051 4534 1131 4599 ad
1147 4536 1372 4599 Deum.
1393 4538 1569 4613 Quod
1589 4543 1757 4605 enim
1777 4552 2005 4623 proeter
2021 4547 2185 4609 hanc

625 4627 982 4693 naturalem
1015 4630 1380 4693 servitutem
1423 4632 1500 4694 sit
1529 4634 1650 4697 alia
1679 4636 1747 4697 in
1784 4640 1959 4717 puris
1983 4640 2186 4703 homi·

622 4718 809 4781 nibus
836 4739 949 4800 per
975 4730 1304 4801 peccatum
1329 4726 1710 4805 introducta,
1733 4736 1905 4795 certa
1933 4752 2039 4795 res
2066 4740 2179 4795 est.

621 4814 754 4874 Imo
785 4813 1051 4877 servitus
1097 4834 1172 4881 ex
1219 4819 1422 4897 prima
1465 4838 1580 4883 sua
1625 4822 2091 4889 introductione
2120 4833 2184 4891 et

623 4902 1116 4987 significatione,
1150 4928 1226 4976 eo
1257 4912 1448 4977 modo
1479 4931 1604 4991 quo
1653 4924 1748 4979 cst
1781 4917 1944 4981 inter
1985 4920 2183 4981 homi-

621 5018 760 5075 nes,
798 5018 928 5065 non
974 5004 1285 5085 significat
1320 5007 1676 5069 naturalem
1715 5012 2177 5086 conditionem,

621 5098 692 5156 ut
719 5094 961 5161 notavit
985 5097 1392 5177 Augustinus,
1430 5102 1506 5161 19
1537 5100 1616 5161 de
1645 5102 1846 5179 civit„
1877 5123 1931 5166 c.
1966 5110 2029 5183 9,
2068 5106 2182 5169 sed

619 5188 1050 5255 conditionem
1073 5190 1259 5255 vilem
1293 5200 1356 5255 et
1381 5195 1694 5273 poenalem
1724 5198 1866 5277 jure
1885 5200 2179 5266 Gentium

617 5280 1064 5359 introductam,
1095 5302 1220 5365 qua
1245 5286 1320 5359 ie,
1345 5286 1453 5367 qui
1473 5286 1634 5351 liber
1667 5291 1904 5367 erat,in
1922 5312 2177 5373 poenam

616 5373 824 5441 delicti
873 5378 1155 5457 captivus
1196 5379 1493 5453 efficitur,
1527 5387 1588 5449 et
1622 5382 1852 5447 desinit
1897 5404 2035 5449 esse
2082 5387 2175 5451 sui

609 5468 793 5546 jnris,
826 5472 1145 5553 totamque
1181 5472 1536 5537 libertatem
1573 5494 1754 5542 suam
1795 5484 1860 5547 et
1897 5480 2175 5546 actiones

1886 316 2119 381 QUAEST.
2156 317 2265 371 XX.
2301 318 2501 371 ARTle.
2540 319 2599 369 ll.

2292 438 2513 487 omnes
2544 420 2664 483 sub
2696 418 2973 482 dominio
3008 424 3071 481 et
3096 424 3402 499 potestate
3426 420 3567 481 alius
3588 434 3733 485 consu-

2288 519 2456 577 tutas
2484 513 2697 577 habet.
2737 512 2915 576 Unde
2940 512 3035 591 fit,
3065 521 3135 575 ut
3161 530 3371 591 neque
3400 513 3549 575 bona
3572 520 3733 593 propria

2286 608 2625 687 possideat,
2653 624 2863 689 neque
2892 625 3038 669 cum
3066 625 3181 669 suo
3206 606 3459 670 domino
3484 608 3543 667 in
3560 610 3735 687 propriis

2288 702 2427 779 ejus
2451 702 2634 763 bonis
2664 702 3105 775 communicet,
3138 718 3351 779 neque
3388 698 3596 765 hahere
3620 708 3733 779 poss?

2278 796 2386 876 jus
2432 797 2513 859 ad
2558 796 2726 860 illius
2753 795 3181 861 haereditatem
3208 794 3609 863 obtinendam.
3632 797 3733 869 Qut-rt

2286 884 2597 956 servitutis
2638 908 2840 967 genus
2892 888 2959 955 in
3006 888 3187 951 bellis
3234 888 3500 969 primum
3526 890 3734 955 introduc

2284 984 2495 1062 coepit,
2527 1002 2675 1047 nam
2695 1028 2715 1060 ,
2747 983 2853 1061 qui
2884 990 3086 1045 morte
3115 981 3303 1061 plecti
3334 984 3633 1061 poterant,
3668 1004 3735 1047 ser-

2282 1078 2592 1141 vabantur
2619 1084 2689 1141 ut
2718 1076 2781 1137 in
2818 1076 3237 1157 captivitatem
3276 1071 3683 1154 redigerentur,
3708 1099 3735 1141 a

2284 1170 2429 1236 iude
2463 1171 2625 1235 servi
2643 1173 2845 1233 vocati
2868 1176 3037 1245 sunt,
3054 1178 3124 1233 ut
3150 1168 3389 1233 notavit
3408 1168 3733 1245 isidor-„liat

2285 1266 2633 1345 Originum,
2650 1285 2702 1329 c.
2730 1266 2839 1330 ult.
2854 1311 2869 1338 ,
2892 1264 3002 1329 ubi
3028 1264 3113 1327 sic
3137 1266 3251 1327 ait:
3278 1264 3433 1327 Hoec
3452 1270 3537 1329 est
3556 1264 3655 1327 sola
3670 1287 3735 1331 aa·

2284 1358 2479 1421 lorum
2506 1360 2771 1423 omnium
2795 1365 3121 1437 postrema,
3142 1376 3275 1439 qua·
3292 1355 3494 1422 liberis
3514 1360 3645 1419 omni
3660 1380 3733 1440 ιιι-

2274 1452 2463 1535 plicio
2492 1453 2745 1531 yravior
2771 1458 2883 1531 est,
2909 1471 3052 1517 nam
3078 1452 3183 1517 ubi
3210 1450 3457 1519 libertas
3478 1452 3655 1531 periit,
3674 1472 3735 1517 aa

2282 1546 2371 1609 ibi
2384 1546 2702 1627 perierunt
2728 1552 2785 1611 ot
2812 1546 3033 1611 omnia.
3066 1544 3161 1609 Ad
3190 1544 3364 1613 huno
3392 1563 3537 1624 ergo
3570 1544 3735 1610 modum

2284 1638 2511 1702 dicitur
2536 1640 2727 1701 homo
2765 1659 2881 1721 per
2910 1646 3245 1719 peccatum
3288 1639 3635 1702 contraxisse
3668 1660 3737 1705 ser·

2280 1733 2467 1795 vilem
2519 1734 2863 1812 quamdam
2909 1732 3359 1808 conditionem,
3412 1750 3537 1799 non
3572 1732 3733 1811 quidem

2280 1826 2655 1904 naturalem,
2679 1828 2789 1889 sed
2813 1828 3151 1907 poenalem,
3166 1845 3297 1887 non
3316 1824 3517 1891 solum
3540 1835 3737 1904 respectu

2278 1922 2542 2001 peccati,
2575 1920 2893 2001 quomodo
2918 1921 3024 2001 qui
3052 1928 3299 2003 peccat,
3328 1920 3543 1985 dicitur
3564 1920 3671 1983 fieri
3688 1923 3735 2001 ip-

2280 2016 2541 2077 siusmet
2592 2016 2830 2095 peccati
2876 2034 3098 2079 servus
3124 2061 3140 2091 ,
3185 2015 3333 2093 quia
3376 2014 3735 2095 quodammode

2278 2106 2368 2167 illi
2409 2106 2757 2188 subjicitur,
2806 2116 2869 2171 et
2910 2108 2993 2171 ad
3020 2106 3109 2171 illi
3146 2106 3493 2187 parendum
3520 2106 3731 2177 trabium

2278 2200 2388 2262 sed
2420 2202 2606 2263 ctiam
2628 2207 2921 2281 respectu
2944 2200 3085 2276 Dei,
3108 2200 3259 2279 quia
3288 2202 3477 2263 homo
3499 2220 3569 2263 cx
3590 2210 3733 2265 natan

2282 2313 2395 2355 sua
2422 2301 2604 2373 aptus
2630 2300 2725 2357 est
2752 2302 2819 2357 ut
2846 2314 2959 2375 per
2982 2292 3097 2357 Dei
3124 2293 3393 2373 gratiam
3416 2294 3495 2357 ad
3514 2294 3629 2373 ejus
3645 2298 3733 2359 ami-

2279 2387 2489 2449 citiam
2528 2388 2911 2467 sublevetur,
2944 2395 3015 2451 ut
3041 2407 3187 2451 cum
3230 2389 3365 2467 ipso
3392 2390 3455 2451 in
3484 2390 3636 2451 bonis
3656 2392 3732 2469 eja

2278 2481 2719 2557 communicet,
2752 2489 2815 2545 et
2848 2484 2953 2562 jus
2982 2480 3065 2545 ad
3092 2480 3259 2545 illius
3285 2481 3661 2550 hereditatem
3676 2503 3733 2543 ac·

2278 2574 2495 2655 cipiat,
2530 2582 2591 2639 et
2646 2576 2711 2637 in
2742 2576 2911 2639 hunc
2939 2576 3131 2641 finem
3163 2595 3203 2642 a
3226 2576 3359 2637 Deo
3398 2582 3617 2639 creatus
3652 2582 3729 2637 est:

2278 2686 2393 2747 per
2412 2676 2743 2748 peccatum
2764 2676 2975 2733 autem
3004 2670 3075 2733 fit
3102 2668 3400 2751 indignus
3419 2668 3508 2731 his
3529 2670 3731 2734 omnibu

2276 2760 2481 2835 bouis,
2515 2768 2577 2824 ct
2616 2769 2921 2843 quantum
2978 2770 3072 2827 est
3101 2782 3179 2825 ex
3208 2764 3428 2827 merito
3455 2762 3727 2843 peccunia

2276 2860 2642 2933 perpetuam
2666 2856 3091 2937 captivitatem
3119 2858 3236 2919 suh
3256 2858 3389 2921 Deo
3417 2854 3679 2937 redigitur,
3694 2864 3729 2918 tt

2274 2945 2419 3009 ideo
2440 2948 2667 3013 merito
2694 2950 2982 3013 servilem
3012 2951 3433 3015 conditionem
3456 2950 3731 3013 contrahere

2275 3042 2521 3117 dicitur,
2557 3052 2619 3109 et
2646 3046 2949 3125 peculiari
2976 3046 3168 3127 modo
3195 3046 3335 3109 fieri
3364 3065 3557 3107 servus
3588 3044 3665 3105 n'li
3696 3052 3731 3105 et

2273 3136 2531 3215 ignobili
2570 3140 2865 3203 servitute
2890 3187 2907 3215 ,
2955 3158 3099 3219 quoe
3132 3140 3214 3201 ab
3240 3139 3569 3205 hominibus
3592 3138 3731 3201 exclu-

2272 3230 2475 3304 ditur,
2524 3252 2669 3293 cum
2692 3234 2849 3313 justi
2874 3232 3067 3307 fiunt3
3102 3234 3183 3297 ad
3213 3233 3378 3318 quod
3410 3238 3625 3313 possunt
3646 3250 3727 3293 aaa

2270 3324 2437 3387 male
2490 3328 2950 3391 accommodari
2982 3329 3175 3392 verba
3204 3327 3427 3391 Christi
3461 3346 3475 3387 :
3502 3328 3625 3390 Jam
3654 3344 3725 3387 aa·

2272 3418 2471 3481 dicam
2514 3438 2616 3483 vos
2658 3439 2891 3497 servos,
2938 3424 3041 3485 sed
3082 3424 3329 3485 amicos.
3369 3421 3523 3493 Quod
3547 3439 3661 3481 vero
3686 3420 3725 3479 in

2271 3512 2513 3575 Christo
2542 3515 2807 3577 Domino
2836 3535 2967 3579 non
2994 3517 3185 3578 frierit
3220 3516 3351 3585 haec
3372 3516 3613 3591 servitus,
3636 3532 3725 3575 ee·-

2272 3606 2395 3669 tius
2426 3614 2521 3671 est
2555 3626 2741 3687 quam
2772 3616 2843 3673 ut
2870 3617 3085 3672 nostra
3113 3610 3467 3691 probatione
3496 3608 3725 3687 indigeat,

2272 3700 2421 3780 quia
2468 3702 2626 3763 sicut
2672 3705 2739 3765 in
2765 3702 3004 3767 Christo
3034 3709 3363 3783 peccatum
3398 3701 3635 3775 nonfuit,
3668 3700 3723 3759 ita

2270 3811 2393 3855 nec
2419 3794 2556 3857 vilis
2582 3797 2903 3859 servitutis
2925 3802 3151 3874 status,
3176 3798 3286 3877 qui
3312 3815 3387 3861 ex
3410 3798 3613 3877 peccato
3638 3792 3725 3855 ari-

2272 3888 2485 3969 ginem
2516 3888 2709 3963 ducit,
2754 3897 2824 3952 ut
2854 3891 3019 3955 bene
3048 3892 3326 3963 declarat
3351 3888 3603 3963 Ambros„
3628 3904 3723 3947 set·

2270 3999 2444 4045 mon.
2465 3984 2504 4043 6
2526 3981 2593 4043 in
2618 3984 2781 4045 Psal.
2812 3986 2950 4047 118.

2353 4076 2453 4139 44.
2484 4076 2669 4139 Dices
2696 4079 3025 4157 :quamvis
3047 4079 3322 4143 Christus
3348 4096 3463 4141 non
3480 4074 3621 4144 fuerit
3646 4072 3721 4133 ol*

2268 4172 2495 4232 noxius
2521 4170 2670 4233 huic
2706 4173 2993 4235 servituti
3053 4174 3135 4235 ob
3186 4174 3481 4255 propriam
3510 4169 3715 4248 culpam,

2270 4269 2483 4326 tamen
2525 4264 2608 4327 oh
2652 4272 2935 4329 nostram
2960 4267 3157 4330 fuisse
3186 4268 3449 4336 videtur,
3468 4282 3585 4327 nam
3608 4276 3713 4321 vere

2270 4377 2343 4421 ac
2376 4361 2629 4439 proprie
2658 4363 2927 4441 sumpsit
2950 4380 3069 4443 pro
3104 4362 3291 4427 nobis
3326 4361 3562 4425 debitum
3579 4356 3713 4417 saus

2266 4453 2541 4518 faciendi
2568 4472 2681 4534 pre
2711 4463 3013 4535 peccat03
3044 4474 3221 4538 ergo,
3258 4456 3405 4520 sicut
3428 4470 3545 4516 vere
3566 4449 3709 4511 aaa<

2267 4546 2386 4607 fuit
2422 4548 2705 4611 mortalis
2724 4593 2740 4622 ,
2788 4548 2877 4611 ita
2908 4556 2971 4611 et
2997 4568 3150 4613 vene
3184 4566 3392 4613 servus
3422 4548 3519 4609 hec
3540 4556 3703 4623 genet*

2267 4642 2605 4703 servituti&
2632 4643 2807 4705 Sicut
2835 4644 2941 4723 qui
2968 4643 3105 4705 loco
3140 4642 3387 4705 alterius
3406 4658 3473 4724 §se
3498 4632 3701 4699 traditiss

2266 4752 2538 4811 servum,
2582 4746 2651 4799 ut
2684 4743 2937 4799 sanctus
2962 4737 3107 4801 fecit
3137 4738 3437 4808 Paulinus,
3471 4746 3585 4791 vere
3614 4742 3703 4785 m·

2262 4834 2371 4889 net
2398 4846 2637 4903 servae,
2690 4831 2931 4893 etiamsi
2960 4848 3088 4899 non
3118 4830 3198 4893 sit
3230 4832 3313 4895 ab
3334 4825 3595 4909 propriu·
3612 4818 3699 4881 0¹²¹·

2264 4939 2433 5004 pam.
2487 4924 2921 5003 Respondetur
2964 4923 3113 4990 hine
3166 4925 3363 4993 solum
3390 4913 3601 5002 wbffl
3618 4926 3699 5015 ⁶⁸⁵·

2264 5008 2607 5095 sumpsisse
2645 5017 2955 5083 Christum
3004 5036 3123 5097 pro
3148 5024 3336 5097 ‚statu
3377 5016 3478 5075 vise-
3504 5017 3697 5089 speeiem

2263 5111 2604 5189 quamdam
2630 5118 2692 5175 et
2717 5118 2947 5175 statum
2970 5111 3166 5191 hujus
3193 5107 3474 5175 servitutis
3480 5148 3501 5181 ,
3526 5104 3695 5199 mi&

2261 5221 2412 5271 men
2438 5222 2655 5270 veram
2684 5206 3051 5270 servitutem
3077 5201 3453 5287 hujusmodi,
3474 5202 3692 5295 (ΙΝ-Μ

2260 5303 2521 5377 peccato
2547 5304 2609 5361 et
2638 5298 2845 5361 debito
2874 5306 3197 5379 perpetuas
3224 5314 3409 5379 prum
3436 5294 3689 5371 prowm

2260 5408 2404 5453 vere
2433 5410 2561 5455 non
2592 5392 2831 5467 existit3
2858 5399 2919 5456 et
2942 5392 3089 5461 ideo
3120 5392 3240 5457 sub
3266 5386 3687 5455 assentiemu-

2258 5491 2393 5547 tum
2437 5486 2721 5555 existimo
2766 5502 2893 5549 non
2932 5502 3121 5566 posse
3154 5485 3437 5550 Christum
3464 5475 3609 5541 ἘΜ
3639 5468 3681 5521 ¹²⁴⁸
