3892 6167
1393 316 1714 374 msvuu'r.
1749 315 1872 371 mv.
1909 315 2077 372 SECT.
2114 317 2148 368 l.

115 435 292 484 rum
329 415 800 486 existimatione
828 414 1127 486 fundatus
1155 417 1256 491 sit.
1285 417 1564 486 Ecclesia
1591 418 1737 482 reti·

114 510 317 583 nuit,
345 517 422 577 ut
458 528 536 576 ex
569 511 756 578 citata
783 509 1120 602 traditione
1150 515 1411 586 constat,
1439 518 1500 577 et
1529 530 1605 576 ex
1631 511 1736 575 vu

119 604 456 684 synodo.
493 608 616 670 aet.
661 607 726 676 2.
753 604 796 666 4
831 610 893 669 et
920 605 994 678 63
1025 603 1234 672 Basil..
1266 603 1484 671 homil.
1531 603 1610 670 de
1654 605 1736 669 40

129 699 468 780 Mas-tyr„
499 699 562 766 in
591 697 884 778 princip„
917 703 982 763 et
1011 697 1256 778 epistol.
1287 703 1368 766 49
1387 745 1404 768 .
1435 699 1591 764 alias
1615 702 1729 772 soz

127 793 530 872 chrysost..
563 793 732 856 bom.
765 793 806 855 2
835 797 898 854 et
927 793 964 858 3
1002 791 1085 858 ad
1121 792 1308 870 Pop.;
1341 792 1596 870 Euseb.,
1621 792 1664 858 l.
1697 793 1734 858 7

127 888 356 962 nist..
383 906 444 955 c.
475 889 588 960 u:
617 885 906 966 Nicoph„
931 885 977 950 l.
1007 888 1068 956 6.
1098 903 1154 950 c.
1181 889 1278 956 {63
1307 887 1415 966 qui
1443 887 1530 950 ita
1557 886 1738 954 intel-

127 980 412 1060 ligendi
438 985 610 1054 suut,
636 997 779 1046 cum
807 979 1048 1054 dicunt,
1073 977 1419 1058 imaginum
1447 998 1629 1044 usum
1661 998 1738 1046 ex

133 1076 460 1154 gentium
489 1073 944 1141 consuetudins
969 1091 1110 1138 esse
1139 1073 1584 1145 introductum.
1607 1091 1731 1140 non

133 1167 432 1248 quidem
475 1185 696 1234 eorum
737 1165 1038 1234 imitando
1069 1184 1348 1244 errores,
1377 1166 1492 1236 sed
1529 1168 1734 1248 potins

137 1263 567 1342 corrigendo.
1337 1333 1344 1340 .

243 1359 310 1420 7.
335 1357 651 1438 Imoim
671 1355 1068 1432 Senatorum,
1099 1355 1344 1424 nomia
1373 1354 1729 1436 templorum

143 1459 546 1518 mamertia.
568 1483 652 1503 -·-
683 1451 758 1515 Et
786 1467 866 1516 ex
903 1450 1000 1517 his
1037 1451 1321 1530 sequitur
1339 1466 1483 1514 aion
1525 1449 1729 1514 solum

141 1545 364 1610 licere
379 1544 723 1624 depingere
749 1543 1056 1622 imagines
1073 1543 1390 1608 historiam
1413 1542 1732 1606 continen-

145 1647 286 1710 tes,
317 1639 434 1706 sed
457 1639 646 1704 etiam
685 1637 1001 1718 simplices
1029 1637 1330 1717 picturas,
1361 1654 1474 1702 seu
1503 1636 1732 1716 imagi-

149 1752 310 1804 nes,
330 1732 500 1812 ipsas
523 1731 689 1796 solas
715 1749 1017 1811 personas
1041 1735 1583 1812 repraeserimnt033
1610 1737 1734 1794 tra·-

153 1829 326 1892 ditio
371 1827 582 1900 enim,
627 1831 692 1890 et
733 1825 1088 1891 testimonia
1134 1825 1545 1898 Sanctorum,
1589 1841 1730 1904 quie

155 1921 586 1995 adduximus,
615 1937 796 2000 seque
829 1917 910 1984 de
939 1919 1222 1998 utrisque
1256 1917 1638 1998 procedunt:
1671 1923 1732 1980 et

153 2017 452 2080 rationes
485 2033 600 2078 seu
637 2013 934 2079 utilitates
965 2012 1334 2094 imaginum,
1365 2030 1526 2092 quas
1554 2019 1730 2078 nota-

161 2110 405 2185 vimus,
436 2109 718 2186 utrisque
747 2107 1126 2186 imaginibus
1157 2124 1524 2172 communes
1564 2111 1729 2180 sunt,

169 2209 244 2266 ut
273 2222 390 2282 per
419 2221 488 2266 se
517 2200 700 2264 facile
729 2207 1015 2265 constare
1045 2203 1269 2280 potest.

257 2299 320 2364 Β.
361 2295 674 2366 Secundo,
707 2295 990 2372 sequitur
1019 2295 1132 2358 has
1175 2295 1548 2358 Sanctorum
1584 2294 1734 2359 ima-

169 2393 358 2470 gines
385 2399 448 2454 et
470 2390 734 2456 honeste
753 2394 816 2452 et
843 2388 1290 2454 convenienter
1313 2389 1376 2450 in
1403 2388 1648 2468 templis
1675 2393 1740 2452 et

171 2485 370 2548 rebus
395 2491 585 2548 sacris
611 2482 934 2552 collocari:
959 2483 1082 2546 hoc
1101 2483 1270 2548 enim
1301 2483 1489 2546 etiam
1517 2481 1740 2564 prohat

181 2578 486 2660 imprimis
539 2578 726 2640 citata
777 2575 1066 2652 traditi03
1111 2575 1501 2643 ostendimus
1541 2575 1734 2647 enim,

183 2671 568 2752 sylvestrum
598 2677 662 2732 et
685 2670 1188 2744 Constantinum,
1217 2675 1278 2734 st
1307 2670 1462 2734 alios
1488 2669 1739 2734 Pontifi-

181 2784 309 2838 ces,
339 2765 562 2830 Christi
591 2771 650 2828 el
687 2765 1060 2826 Sanctorum
1091 2761 1474 2844 imaginibus
1505 2763 1737 2842 templa

181 2875 458 2920 ornasse.
491 2858 568 2920 Et
594 2857 956 2935 Nicephor.,
985 2855 1026 2916 l.
1070 2857 1172 2930 10,
1215 2873 1358 2934 cap.
1387 2856 1490 2926 30,
1519 2853 1732 2931 refert,

183 2952 352 3014 illam
379 2949 604 3017 Christi
631 2949 1001 3030 imaginem,
1027 2966 1216 3027 quam
1245 2947 1514 3014 diximus
1538 2950 1737 3014 Caesa-

185 3063 308 3108 reae
347 3045 537 3108 fnisse
581 3051 856 3106 erectam
887 3062 924 3102 a
955 3042 1218 3106 muliere
1247 3059 1390 3121 quse
1417 3042 1737 3123 sanguinis

185 3142 356 3204 fluxu
387 3139 736 3213 laborabat,
761 3143 980 3216 postea
1005 3135 1200 3200 fuisse
1227 3155 1264 3198 a
1293 3137 1548 3202 Christis
1560 3137 1652 3198 nis
1674 3137 1762 3200 in.

189 3236 519 3300 Ecclesiam
549 3233 938 3307 translatam,
968 3235 1032 3296 et
1059 3231 1444 3294 honoratiori
1469 3233 1608 3294 loco
1633 3248 1739 3310 po-

191 3332 496 3402 sitam;et
523 3326 568 3388 l.
599 3329 700 3401 ss,
749 3344 806 3388 e.
838 3327 896 3400 2,
955 3327 1148 3390 refert
1181 3325 1572 3388 Pulcher-iam
1617 3325 1745 3386 Au-

191 3426 430 3502 gustam
450 3417 984 3498 Constantinopoli
1007 3419 1312 3499 templum
1334 3417 1576 3496 insigne
1595 3417 1746 3480 mdi-

189 3516 444 3590 ficasse,
489 3519 553 3574 et
602 3513 670 3576 in
699 3530 776 3578 eo
819 3512 1158 3591 imaginem
1202 3511 1495 3591 Virginis,
1553 3527 1745 3588 quam

185 3610 384 3675 Lucas
429 3605 825 3686 Evangelista
879 3605 942 3666 in
993 3604 1207 3668 tabula
1251 3603 1560 3683 depictam
1605 3603 1746 3667 reli-

179 3704 344 3783 quit,
391 3701 710 3781 posuisse;
749 3705 813 3764 et
863 3717 946 3762 ex
969 3699 1106 3760 aliis
1137 3699 1378 3762 Sanctis
1420 3698 1740 3771 Patribus,

181 3813 348 3874 quos
377 3795 736 3866 citavimus,
767 3798 834 3855 et
861 3811 940 3868 ex
986 3793 1094 3854 Vll
1141 3791 1396 3871 Synodo
1437 3792 1506 3854 id
1543 3792 1746 3852 mani-

183 3891 344 3952 feste
369 3887 700 3968 colligitur.
729 3886 909 3952 Ratio
947 3887 1137 3950 etiam
1169 3903 1358 3964 supra
1391 3885 1552 3948 facta
1577 3885 1746 3946 idem

185 3983 520 4053 convincit,
563 3982 711 4060 quia
761 3980 1070 4058 imagines
1113 3979 1280 4044 inter
1325 3980 1480 4040 alias
1527 3997 1747 4042 causas

187 4079 512 4158 eriguntur
539 4076 605 4140 in
640 4076 944 4138 honorem
977 4079 1038 4136 et
1067 4073 1304 4136 cultum
1335 4075 1745 4146 Sanctorum3

189 4189 344 4252 ergo
387 4170 610 4234 merito
647 4168 1036 4234 collocantur
1077 4167 1140 4228 in
1191 4167 1438 4244 templis
1473 4183 1554 4230 ac
1593 4166 1748 4228 locis

195 4270 322 4330 Deo
360 4265 424 4328 in
459 4265 764 4330 honorem
795 4264 1165 4326 Sanctorum
1203 4260 1446 4324 dicatis.
1485 4259 1746 4334 Deinde,

188 4357 598 4438 quianullum
618 4374 758 4418 esse
781 4362 988 4436 potest
1015 4355 1392 4434 templorum
1415 4371 1748 4418 ornamen-

192 4459 324 4516 tum
382 4451 582 4530 magis
638 4449 1204 4512 accommodatum.
1266 4448 1550 4526 Denique
1601 4447 1750 4526 quia

193 4545 348 4608 nihil
375 4552 556 4624 turpe
585 4549 694 4606 aut
721 4548 940 4604 contra
989 4543 1300 4606 rationem
1340 4541 1408 4604 in
1437 4542 1556 4604 hoc
1583 4540 1748 4602 facto

195 4637 434 4701 ostendi
463 4641 690 4716 potest.
711 4635 890 4700 Unde
920 4635 1197 4698 sectione
1233 4635 1518 4715 sequenti
1547 4641 1754 4696 osten-

193 4733 432 4803 demus,
457 4731 640 4810 jussu
671 4727 874 4807 ipsius
901 4728 1042 4804 Dei,
1075 4727 1320 4806 aliquas
1349 4726 1662 4806 imagines
1691 4727 1754 4788 in

197 4824 384 4888 veteri
423 4822 660 4901 templo
701 4829 764 4882 et
803 4821 870 4882 in
913 4820 1080 4881 illius
1101 4820 1311 4884 sacris
1361 4820 1524 4882 vasis
1563 4819 1752 4884 tuisse

197 4919 494 4997 depictas.
520 4917 704 4976 Plura
737 4932 816 4976 ex
841 4912 1158 4976 veteribus
1189 4911 1470 4974 Patribus
1495 4913 1577 4976 ad
1611 4913 1749 4974 haec

198 5009 404 5074 omnia
428 5005 880 5076 confirmanda,
909 5023 1050 5084 qua*
1073 5005 1152 5068 de
1181 5005 1560 5085 imaginibus
1594 5006 1754 5069 dixi·

197 5122 356 5178 mus,
385 5105 609 5182 proeter
638 5101 836 5162 multa
863 5099 984 5162 alia
1025 5117 1166 5178 qum
1185 5100 1250 5160 in
1275 5099 1378 5164 VII
1403 5099 1668 5179 Synod„
1693 5105 1756 5162 et

198 5200 264 5262 in
299 5195 682 5258 orationibus
717 5193 1080 5258 Damasceni
1100 5237 1119 5268 ‚
1151 5200 1214 5257 et
1259 5192 1528 5258 inlibris
1576 5194 1754 5256 Jonoe

1817 415 1860 481 l.
1897 420 1955 492 1,
1980 433 2035 482 c.
2066 419 2175 492 Ξός
2214 417 2474 496 Ραωει..
2506 418 2571 486 in
2606 418 2860 489 scholiis
2895 425 3283 506 Tertulliani,
3304 428 3374 492 tn

1813 511 2111 592 Apolog.,
2129 531 2194 574 n.
2224 513 2364 578 184.

1894 607 1957 670 9.
2008 604 2285 684 objectio.
2330 637 2411 657 —-
2449 607 2571 672 Sed
2614 609 2903 689 objicitur
2952 616 3177 694 primo,
3224 617 3373 697 quia

1817 697 2135 778 Scriptura
2164 719 2371 772 sacra,
2405 702 2599 766 Excd.
2636 707 2735 772 ΞΟ,
2766 705 3215 772 Deuteronom.
3244 713 3283 774 1
3310 717 3375 774 et

1817 795 1880 866 5,
1925 811 2109 858 usum
2158 794 2507 875 imaginum
2552 801 2809 862 omnino
2860 801 3173 880 prohibet,
3204 805 3376 883 quod

1817 894 2203 966 praeceptum
2240 889 2327 954 ita
2353 907 2603 972 semper
2629 891 2749 955 fuit
2774 891 2859 956 ab
2886 896 3167 960 Hebroeis
3192 897 3374 960 intel·-

1817 979 2051 1046 lectum
2085 986 2149 1046 et
2175 990 2513 1060 servatum,
2535 991 2603 1046 ut
2630 986 2969 1067 Bur-gensis
2996 1008 3189 1070 super
3214 991 3374 1054 Exo-

1815 1076 1967 1140 dnm
1998 1077 2211 1142 refert.
2239 1079 2419 1144 Unde
2458 1086 2703 1144 constat
2730 1099 2807 1142 ex
2834 1084 3150 1146 veteribus
3178 1084 3375 1150 histe-

1813 1170 1946 1241 riis,
1978 1169 2265 1243 Judoeos,
2294 1177 2629 1254 postquam
2674 1193 2708 1237 e
2738 1175 3087 1240 Gentilibus
3118 1177 3372 1258 regibus

1810 1263 2152 1342 gubernari
2182 1271 2528 1344 coeperunt,
2558 1270 3062 1334 constantissime
3092 1273 3213 1335 illis
3246 1291 3374 1336 rea·

1811 1358 2037 1432 titisse,
2067 1377 2149 1422 ne
2192 1359 2467 1438 aliquam
2502 1361 2841 1442 imaginem
2872 1365 3373 1447 Hierosolymam

1813 1449 2149 1526 afferrent,
2182 1458 2253 1517 ut
2297 1452 2511 1516 videre
2543 1454 2691 1519 licet
2732 1456 2795 1516 in
2824 1457 3259 1538 Joseph0.1ih.
3294 1465 3372 1524 17

1811 1545 2145 1625 Antiquit„
2166 1562 2223 1608 c.
2249 1549 2313 1620 8,
2340 1552 2403 1610 et
2428 1546 2537 1608 lib.
2564 1550 2663 1618 18,
2686 1565 2743 1610 c.
2766 1549 2805 1614 3
2832 1554 2895 1612 et
2916 1553 2979 1624 t,
3006 1558 3071 1616 et
3095 1551 3203 1614 lib.
3230 1555 3270 1616 ἢ
3290 1553 3373 1616 de

1813 1638 1988 1702 Bello
2019 1638 2279 1702 Judaico
2300 1685 2321 1715 ,
2354 1659 2408 1700 e.
2440 1643 2499 1704 8.
2532 1641 3187 1721 Secund0,.obiieiunt
3214 1649 3378 1712 Con·-

1813 1731 2026 1794 cilium
2048 1733 2714 1812 constantinopolitan.
2742 1734 2813 1809 V,
2834 1737 3005 1816 quod
3027 1737 3375 1818 imaginum

1812 1843 1998 1886 usum
2024 1825 2369 1902 damnavit,
2390 1835 2455 1891 et
2481 1828 2558 1892 Vl
2588 1828 2939 1908 synodum,
2960 1849 3205 1896 canone
3234 1835 3373 1910 100,

1808 1923 1875 1980 et
1901 1916 2134 1984 Concil.
2167 1920 2605 1992 Elibertinnm‚
2637 1939 2881 1984 canone
2910 1924 3011 1994 36,
3042 1925 3381 2004 prohiben-

1816 2010 1902 2076 tia
1943 2011 2240 2090 picturas.
2272 2013 2481 2078 Tertio
2514 2013 2819 2092 objiciunt
2846 2016 3289 2096 Epiphaniam,
3309 2019 3381 2080 in

1817 2103 1997 2182 epist.
2031 2103 2113 2165 ad
2149 2105 2334 2167 Joan.
2374 2106 3047 2186 Hierosolymitanum,
3080 2110 3189 2172 ubi
3241 2111 3377 2189 ipse

1812 2197 2043 2272 refert,
2074 2217 2243 2274 cum,
2273 2198 2597 2279 ingressus
2631 2201 2973 2280 quamdam
3016 2203 3380 2278 ecclesiam,

1816 2289 2156 2371 imaginem
2181 2292 2321 2356 velo
2346 2291 2654 2372 depictam
2698 2293 2971 2366 vidisset.
2992 2295 3145 2358 illud
3170 2296 3383 2362 statim

1817 2384 2099 2459 scidisse,
2148 2385 2319 2466 quod
2362 2386 2503 2448 talis
2543 2387 2784 2467 pictura
2834 2395 3051 2454 contra
3088 2390 3381 2452 divinum

1818 2485 2203 2559 praeceptum
2230 2480 2543 2545 existeret.
2568 2481 2823 2556 Quart0,
2846 2485 2991 2562 quia
3017 2483 3379 2564 hujusmodi

1821 2573 2157 2651 imagines,
2188 2574 2256 2636 in
2284 2575 2518 2653 templo
2536 2575 2885 2654 praesertim
2908 2576 3251 2651 collocatae,
3278 2578 3381 2642 in·-

1822 2667 2039 2730 firmos
2064 2668 2249 2732 facile
2277 2675 2541 2748 possunt
2567 2667 2880 2748 decipere,
2913 2677 2985 2732 ut
3008 2689 3119 2734 cas
3146 2671 3378 2748 vivere,

1819 2769 1883 2824 et
1929 2763 2217 2842 spiritum
2260 2762 2495 2826 habere
2540 2761 2919 2834 existiment.
2969 2771 3039 2828 ut
3082 2766 3377 2847 August„

1819 2856 2001 2936 epist.
2028 2859 2131 2928 49,
2156 2863 2220 2920 et
2246 2873 2439 2937 super
2467 2856 2628 2920 Psal.
2664 2859 2803 2934 113,
2835 2857 3093 2922 indicat.

1901 2955 2001 3016 10.
2048 2949 2383 3030 Responsio
2412 2951 2494 3014 ad
2518 2950 3083 3029 obj0otiome.-Ad
3108 2953 3381 3033 primum

1817 3046 2061 3110 dicetur
2086 3043 2276 3106 latius
2307 3045 2583 3107 sectione
2611 3047 2923 3123 sequenti.
2956 3049 3135 3110 Nunc
3176 3047 3382 3110 brevi-

1818 3146 1916 3202 ter
1943 3137 2384 3217 respondetur,
2410 3137 2533 3200 illis
2557 3138 2713 3202 locis
2742 3158 2867 3203 non
2898 3141 3215 3220 prohiberi
3248 3159 3385 3204 om-

1823 3250 1940 3296 nes
1967 3231 2277 3309 imagines
2305 3231 2591 3294 absolute
2620 3240 2687 3295 et
2714 3234 3110 3313 simpliciter3
3144 3240 3389 3296 constat

1826 3325 2021 3402 enim,
2053 3325 2247 3386 Exod.
2278 3327 2381 3398 25,
2412 3327 2787 3404 praecepisse
2820 3327 3015 3388 Deum
3046 3327 3390 3406 imaginem

1827 3418 2159 3484 Cherubim
2180 3420 2327 3498 poni
2351 3437 2542 3498 super
2570 3437 2815 3494 arcam3
2836 3427 2901 3484 et
2919 3421 3100 3483 Num.
3126 3424 3228 3495 21,
3250 3419 3385 3484 fieri

1825 3518 2183 3592 serpentem
2208 3529 2489 3588 mneum3
2524 3516 2587 3576 et
2614 3514 2655 3573 3
2680 3513 2787 3575 lib.
2820 3515 2975 3594 Reg.
3008 3515 3085 3589 6,
3115 3520 3177 3575 et
3204 3517 3241 3576 2
3273 3514 3387 3574 Pa-

1823 3604 2005 3686 ralip.
2066 3607 2105 3670 3
2124 3651 2142 3680 ,
2184 3606 2364 3684 juxta
2413 3607 2911 3686 propitiatorium
2930 3655 2945 3678 ,
2993 3607 3235 3686 positus
3290 3612 3386 3668 est

1827 3699 2186 3774 Cherubim,
2214 3705 2273 3762 et
2310 3699 2375 3760 in
2406 3699 2751 3778 parietibus
2778 3698 2989 3780 templi
3016 3698 3097 3762 ad
3122 3699 3259 3779 eJ'us
3288 3715 3385 3760 or·

1827 3800 2047 3856 natum
2077 3791 2333 3856 fuerunt
2364 3791 2625 3872 depictis
2666 3792 2803 3854 aliae
2831 3793 3141 3872 imagines
3162 3835 3179 3864 ,
3210 3795 3279 3854 ut
3306 3809 3383 3854 ex

1827 3887 2031 3950 citatis
2080 3885 2231 3948 locis
2281 3887 2518 3949 notavit
2569 3886 2676 3948 vlt
2722 3885 2984 3966 synod„
3036 3887 3159 3948 act.
3208 3885 3273 3958 4,
3322 3883 3385 3947 in

1832 3981 2163 4062 principio.
2202 3981 2289 4044 Ex
2313 3980 2437 4042 illis
2480 3981 2673 4060 igitur
2708 3978 3082 4044 testimoniis
3108 3978 3191 4042 ad
3222 3995 3392 4040 sum-

1832 4091 2005 4136 mum
2034 4073 2246 4152 colligi
2274 4080 2505 4153 potest,
2539 4071 2733 4138 fuisse
2760 4074 2825 4138 in
2855 4073 2997 4152 lege
3020 4072 3217 4136 veteri
3248 4087 3393 4152 pro-

1830 4167 2059 4230 hibitas
2104 4166 2415 4246 imagines
2442 4167 2549 4228 Dei
2562 4183 2583 4242 ;
2614 4166 2785 4244 quod
2820 4163 3139 4246 quomodo
3165 4163 3393 4228 intelli-

1833 4261 2111 4344 gendum
2145 4260 2246 4334 sit,
2278 4260 2567 4338 sequenti
2596 4260 2873 4322 sectione
2898 4259 3163 4322 dicetur.

1912 4357 2012 4418 11.
2038 4353 2131 4419 Λᾶ
2160 4352 2530 4429 secundum,
2562 4351 2736 4432 quod
2756 4351 2841 4414 ad
2866 4351 3207 4418 Concilium
3237 4349 3395 4412 illud

1831 4446 2584 4527 constantinopolitanum
2606 4447 2850 4520 attinet,
2878 4444 3299 4526 respondetur
3320 4442 3396 4508 il-

1833 4542 1946 4604 lud
1974 4559 2099 4602 non
2128 4540 2320 4604 fuisse
2348 4541 2719 4622 legitimum,
2750 4557 2899 4602 cum
2941 4555 3149 4618 neque
3184 4543 3396 4603 aucto·

1831 4635 2015 4698 ritate
2065 4633 2379 4696 Pontifleis
2408 4641 2864 4714 congregatum
2888 4677 2903 4702 ,
2934 4649 3141 4710 neque
3168 4627 3395 4692 confir-

1835 4735 2078 4791 matum
2126 4726 2335 4792 fuerit.
2392 4727 2635 4790 Deinde
2683 4745 2809 4790 non
2856 4726 2973 4790 fuit
3014 4721 3397 4798 universale,

1803 4823 1987 4902 ¹quia
2040 4839 2169 4882 non
2208 4820 2415 4884 solum
2462 4827 2631 4883 totus
2662 4818 3003 4890 Occidens,
3051 4814 3165 4878 sed
3206 4816 3397 4878 etiam

1830 4915 2128 4995 praecipui
2166 4914 2539 4978 patriarchas
2598 4918 2663 4976 et
2709 4910 2999 4990 Episcopi
3044 4907 3395 4972 Orientales

1832 5009 1896 5070 in
1935 5008 2041 5070 illo
2072 5007 2431 5078 defuerunt,
2464 5005 2633 5068 unde
2670 5003 2795 5066 Leo
2825 5005 2929 5073 lx,
2956 5003 3139 5081 epist.
3170 5001 3254 5062 ad
3284 4999 3396 5062 Mi-

1835 5102 2143 5172 chaelem,
2176 5120 2231 5163 e.
2263 5103 2341 5164 22
2360 5145 2376 5174 ,
2414 5099 2741 5176 nefandam
2774 5096 3093 5176 Synodum
3125 5113 3264 5156 eam
3290 5111 3397 5173 ap·

1841 5197 2053 5276 pellat,
2082 5202 2143 5257 et
2171 5195 2335 5256 illius
2361 5199 2499 5254 acta
2527 5193 2589 5252 in
2615 5190 2720 5252 Vll
2755 5189 3035 5269 synode,
3066 5192 3185 5250 act.
3222 5190 3283 5258 6,
3316 5187 3399 5249 si·-

201 5291 512 5356 Aurelian.
545 5289 623 5350 de
664 5287 1046 5368 imaginibus
1091 5289 1530 5360 eontinentur,
1559 5288 1760 5352 videri
1841 5290 2099 5370 gillatim
2136 5289 2435 5352 damnata
2468 5293 2633 5352 sunt.
2674 5284 2877 5358 Quam
2904 5283 3011 5346 Vll
3048 5280 3396 5362 Synodum,

202 5388 456 5463 possunt
481 5382 548 5448 iu
572 5381 770 5446 Alana
799 5381 992 5462 Copo,
1017 5379 1166 5444 dial.
1189 5383 1232 5444 4
1262 5387 1324 5444 et
1349 5383 1426 5457 53
1453 5379 1759 5458 Suadere,

204 5477 248 5538 l.
279 5475 354 5538 de
381 5475 621 5553 Imag.;
651 5473 1110 5549 Fauni-dontio,
1143 5473 1208 5534 in
1235 5473 1488 5536 scholiis
1519 5473 1758 5549 hennei,

1844 5401 1957 5447 sen
2003 5382 2056 5446 11
2100 5382 2440 5456 mesenam,
2479 5376 2898 5442 universalem
2924 5375 3397 5455 legitimamque

1841 5474 2035 5538 fuisse
2062 5479 2329 5550 constat,
2352 5472 2499 5554 quia
2526 5470 2895 5534 auctoritate
2918 5466 3176 5532 Adriani
3200 5467 3251 5542 1,
3272 5472 3397 5528 ter·
