3892 6167
614 460 925 536 habuerit,
951 478 989 521 a
1018 478 1084 521 sc
1116 458 1283 520 illam
1309 460 1544 521 habere
1574 459 1877 523 dicendus
1906 467 2025 535 est,
2048 479 2178 523 non

614 562 913 633 tanquam
953 553 1382 631 adventitiam,
1413 553 1527 616 sed
1570 559 1874 633 tanquam
1899 556 2178 636 proprie-

612 654 807 711 tatem
830 646 1307 709 connaturalem
1340 647 1583 709 ratione
1614 646 1887 723 unionis,
1912 648 2073 710 sicut
2095 648 2176 711 de

614 740 816 823 gratia
863 746 927 804 et
970 740 1107 802 aliis
1146 740 1327 803 donis
1368 741 1433 803 in
1476 740 1902 821 superioribus
1939 740 2177 804 dictum

616 840 732 897 est.
752 835 932 907 Quod
960 835 1239 897 secundo
1269 834 1355 895 ita
1383 834 1737 897 declaratur
1764 840 1828 899 et
1850 834 2179 897 confirma-

616 934 740 1005 tur,
772 927 949 1010 quia,
982 927 1034 990 si
1060 928 1335 990 Christus
1358 928 1795 1009 assumpsisset
1828 929 2178 991 humanam

614 1028 904 1085 naturam
935 1022 1002 1083 in
1048 1028 1213 1084 statu
1254 1040 1369 1103 per
1396 1040 1464 1083 se
1492 1020 1703 1083 debito
1751 1020 2010 1098 unioni,
2041 1021 2174 1083 sine

615 1115 961 1180 defectibus
1004 1134 1163 1196 quos
1208 1121 1466 1196 propter
1493 1121 1772 1178 nostram
1798 1115 2182 1196 redemptio-

614 1230 761 1275 nem
788 1212 853 1273 in
876 1230 1137 1293 corpore
1168 1211 1525 1291 assumpsit,
1550 1211 1686 1274 sine
1715 1210 1907 1273 dubio
1936 1230 2180 1273 assum·

612 1308 840 1389 psisset
868 1306 1037 1367 illam
1066 1306 1411 1385 perfectam
1440 1305 1559 1367 hac
1583 1304 1863 1382 scientia,
1892 1306 2050 1368 sicut
2081 1323 2181 1367 re-

612 1400 801 1481 liquis
833 1398 1354 1480 perfectionibus;
1387 1417 1539 1479 ergo
1588 1405 1650 1461 et
1692 1418 1863 1461 nunc
1898 1400 1978 1462 de
2014 1399 2177 1463 facto

613 1494 699 1555 ita
726 1493 898 1555 illam
928 1492 1265 1572 assumpsit
1306 1511 1452 1553 cum
1485 1491 1605 1555 hac
1650 1492 2032 1573 perfectione
2054 1538 2070 1568 ,
2103 1511 2180 1554 ex

614 1586 719 1650 illo
760 1586 1065 1667 principio
1088 1630 1109 1661 ,
1141 1585 1315 1665 quod
1356 1586 1633 1649 carentia
1682 1586 1870 1667 hujus
1907 1587 2182 1649 scientiae

616 1697 824 1760 neque
866 1684 963 1741 est
990 1678 1346 1741 necessario
1382 1680 1717 1760 conjuncta
1745 1698 1889 1743 cum
1920 1699 2180 1761 corpore

614 1772 913 1855 passibili,
938 1791 1056 1835 nec
1090 1792 1204 1853 per
1229 1790 1295 1834 se
1331 1771 1573 1835 confert
1602 1774 1684 1835 ad
1710 1773 1902 1835 finem
1930 1774 2182 1836 redem-

615 1867 867 1948 ptionis.
904 1865 1138 1941 Tertio,
1188 1865 1309 1926 hac
1356 1867 1599 1928 ratione
1646 1866 1865 1929 habuit
1918 1868 2179 1929 virtutes

615 1960 887 2023 morales
910 1959 1214 2022 naturalis
1242 1958 1499 2037 ordiniS,
1524 1979 1655 2022 non
1681 1960 2016 2041 acquisitas
2040 1979 2182 2042 pro-

616 2054 768 2135 priis
807 2053 1074 2129 actibus,
1108 2052 1218 2114 sed
1250 2071 1287 2113 a
1318 2053 1625 2134 principio
1657 2053 1896 2115 infusas
1916 2102 1937 2125 ,
1971 2062 2032 2116 et
2059 2055 2180 2117 hoc

614 2148 731 2209 fuit
759 2147 845 2208 illi
875 2145 1235 2226 simpliciter
1260 2146 1508 2221 melius,
1533 2151 1603 2208 ut
1636 2165 1827 2227 supra
1856 2155 2180 2211 ostensum

615 2246 742 2314 est;
762 2258 911 2319 ergo
937 2239 1245 2313 similiter,
1266 2243 1385 2301 etc.
1414 2238 1592 2302 Unde
1621 2241 1903 2320 arguitur
1927 2246 2177 2321 quarte,

613 2334 763 2415 quia
788 2334 839 2395 si
864 2332 1083 2395 habuit
1105 2334 1360 2394 virtutes
1380 2333 1651 2395 morales
1672 2335 2006 2414 perfectas,
2027 2352 2178 2415 ergo

614 2435 677 2493 et
725 2420 1149 2511 prudentiam,
1195 2444 1336 2507 quae
1382 2434 1478 2489 est
1528 2427 1747 2509 auriga
1793 2428 2181 2510 reliquarum

612 2523 945 2598 virtutum;
978 2521 1091 2584 sed
1117 2520 1455 2603 prudentia
1476 2522 1779 2602 perfecta,
1810 2540 1956 2585 cum
1981 2524 2180 2585 consi-

614 2622 735 2679 stat
763 2616 827 2677 in
866 2615 1141 2695 practica
1178 2614 1575 2695 cognitione,
1606 2617 1904 2696 supponit
1943 2616 2179 2696 perfec-

612 2716 741 2772 tam
784 2706 1207 2788 cognitionem
1249 2706 1701 2787 speculativam
1726 2753 1742 2783 ,
1774 2726 1904 2770 non
1936 2715 2181 2772 tantum

613 2802 957 2884 primorum
986 2800 1433 2881 principiorum
1453 2847 1469 2876 ,
1502 2800 1614 2863 sed
1644 2801 1835 2863 etiam
1866 2802 2181 2865 universa-

610 2896 767 2958 lium
788 2892 1285 2969 conclusionum,
1315 2912 1353 2955 a
1377 2894 1607 2973 quibus
1623 2894 1934 2973 judicium
1960 2894 2024 2956 in
2053 2896 2180 2957 sin-

612 2990 775 3071 gulis
805 2988 1132 3049 eventibus
1158 2987 1425 3068 pendet;
1451 3005 1599 3067 ergo
1626 2987 1843 3048 habuit
1872 2988 2180 3051 moralem

613 3084 941 3147 scientiam
981 3083 1211 3142 horum
1271 3081 1591 3155 omnium3
1640 3100 1792 3161 ergo
1848 3088 1912 3143 et
1963 3082 2180 3144 habuit

612 3184 873 3241 caeteras
903 3174 1217 3251 scientiaS,
1243 3192 1367 3235 non
1398 3174 1567 3235 enim
1594 3174 1674 3236 ad
1698 3173 1854 3236 alias
1883 3180 2018 3237 erat
2046 3194 2178 3236 ma·

610 3270 704 3353 gis
733 3268 1093 3349 impeditus,
1124 3284 1333 3346 neque
1362 3285 1485 3329 una
1520 3266 1781 3330 scientia
1806 3274 2014 3347 potest
2041 3268 2176 3331 sine

612 3363 930 3428 consortio
973 3361 1234 3423 aliarum
1287 3380 1425 3423 esse
1478 3362 1647 3423 omni
1696 3379 1773 3423 ex
1821 3369 2001 3441 parte
2031 3368 2180 3442 per-

610 3459 799 3532 fecta,
822 3460 967 3518 sunt
989 3455 1155 3517 enim
1179 3452 1646 3535 quodammodo
1671 3472 1995 3531 connexae,
2021 3456 2180 3518 sicut

612 3554 894 3614 virtutes.
949 3550 1201 3626 Quinto,
1250 3547 1399 3629 quia
1448 3548 1729 3612 Christus
1780 3567 1819 3610 a
1869 3548 2174 3630 principio

611 3646 815 3729 potuit
844 3644 931 3706 uti
962 3644 1202 3705 ratione
1228 3688 1245 3719 ,
1277 3662 1408 3705 non
1434 3646 1679 3706 tantum
1707 3643 1772 3703 in
1800 3649 2177 3723 supernatu-

610 3740 847 3803 ralibus
878 3736 1151 3812 actibus,
1187 3736 1299 3799 sed
1330 3736 1519 3799 etiam
1551 3736 1615 3797 in
1656 3735 2074 3813 naturalibuS,
2107 3740 2177 3798 ut

610 3855 687 3897 ex
734 3834 1027 3897 omnibus
1064 3821 1245 3893 dictis
1277 3830 1343 3893 in
1382 3831 1501 3893 hac
1542 3830 1966 3912 disputatione
1995 3830 2174 3892 facile

608 3930 871 4011 intelligi
903 3933 1139 4010 potest;
1168 3934 1231 3991 et
1267 3945 1345 3989 ex
1387 3927 1461 3989 iis
1487 3928 1677 3991 etiam
1707 3945 1845 4007 quae
1870 3945 2083 4007 supra,
2108 3942 2171 4005 q.

606 4027 669 4098 9,
720 4029 835 4085 art.
897 4024 955 4097 1,
1004 4021 1407 4083 tractavimus
1458 4038 1535 4083 ex
1586 4020 1962 4101 Augustino,
2014 4024 2052 4081 2
2096 4019 2176 4082 de

607 4118 1017 4178 Peccatorum
1064 4114 1329 4191 meritis,
1377 4131 1516 4193 cap.
1570 4116 1673 4190 29,
1718 4113 1826 4176 ubi
1879 4114 2064 4175 docet
2110 4116 2176 4176 in

607 4208 848 4273 Christo
890 4206 1130 4269 infante
1171 4225 1300 4269 non
1340 4206 1535 4268 fuisse
1576 4206 1731 4268 illud
1763 4206 2180 4287 impedimen-

608 4307 745 4363 tum
788 4320 943 4361 usus
967 4299 1250 4375 rationiS,
1283 4299 1456 4379 quod
1482 4304 1576 4361 est
1612 4298 1679 4362 in
1708 4299 1846 4361 aliis
1874 4300 2173 4380 parvuliS‚

608 4394 761 4477 quia
781 4400 876 4455 est
899 4411 1132 4475 magna
1158 4392 1569 4473 imperfecti0,
1593 4391 2010 4473 redemptioni
2037 4412 2178 4456 nos-

607 4495 719 4553 trae
749 4486 1006 4551 minime
1031 4485 1391 4549 necessaria
1419 4506 1435 4561 ;
1473 4486 1629 4549 illud
1670 4493 1883 4550 autem
1911 4486 2179 4567 impedi-

608 4588 895 4645 mentum
922 4581 989 4643 in
1015 4580 1154 4642 aliis
1180 4580 1524 4643 infantibus
1549 4582 1732 4643 estin
1766 4601 1883 4643 usu
1909 4581 2173 4645 rationis

610 4675 934 4743 naturalis
965 4676 1105 4737 Fuit
1134 4693 1284 4756 ergo
1314 4675 1525 4735 anima
1552 4674 1773 4736 Christi
1801 4694 1839 4735 a
1862 4674 2172 4755 principio

609 4770 900 4853 expedita
942 4769 1023 4831 ad
1060 4768 1423 4849 hujusmodi
1462 4787 1647 4830 usum
1658 4790 1679 4844 3
1716 4787 1868 4850 ergo
1901 4768 2173 4849 oportuit

609 4872 679 4929 ut
702 4866 784 4928 ad
808 4865 982 4927 illum
1010 4864 1197 4927 fuerit
1220 4863 1407 4926 etiam
1434 4863 1711 4945 perfecte
1732 4863 2032 4943 disposita
2057 4882 2172 4944 per

610 4958 862 5023 habitus
901 4956 1302 5020 scientiarum
1334 4956 1739 5020 naturalium.
1772 4956 2002 5018 Ultimo
2038 4968 2176 5018 tan-

608 5055 756 5119 dem
787 5052 935 5131 quia
958 5050 1112 5113 alias
1140 5069 1270 5112 non
1299 5050 1597 5131 potuisset
1628 5050 1906 5113 Christus
1934 5049 2173 5112 habere

612 5150 729 5210 has
776 5146 1070 5209 scientias
1122 5145 1295 5207 omni
1345 5162 1424 5207 ex
1468 5148 1649 5225 parte
1692 5143 2004 5224 perfectas
2027 5190 2051 5222 ,
2106 5150 2176 5207 ut

611 5242 931 5317 omittam,
972 5258 1102 5301 non
1150 5237 1493 5302 admodum
1538 5236 1821 5299 decuisse
1860 5236 2170 5299 Christum

609 5334 1003 5399 inveniendis
1022 5338 1085 5397 et
1096 5331 1489 5413 inquirendis
1506 5330 1870 5413 hujusmodi
1900 5330 2174 5394 scientiis

610 5446 869 5508 operam
900 5426 1171 5491 dedisse.
1624 5502 1629 5509 ἡ

688 5526 749 5585 4.
798 5521 1194 5584 Antecedens
1221 5524 1393 5602 patet
1420 5518 1648 5601 primo,
1676 5516 1824 5601 quia
1854 5517 2173 5582 discursus

1856 360 2090 423 QUAEST.
2127 360 2232 413 xn.
2265 361 2468 415 ARTlc.
2503 363 2584 415 lv.

2257 462 2574 525 humanus
2594 462 2658 523 in
2679 461 3042 541 hujusmodi
3062 462 3333 526 scientiis
3355 470 3716 547 quodammodo

2258 556 2325 617 in
2379 555 2694 618 infinitum
2746 556 3030 635 procedit
3053 602 3068 630 ‚
3127 563 3195 619 ut
3249 558 3313 620 in
3365 565 3719 639 mathematicis

2258 654 2521 712 constat.
2573 650 2885 721 Secundo,
2923 651 3068 731 quia
3115 669 3246 714 non
3293 657 3484 733 potuit
3525 662 3720 729 Christus

2257 741 2430 805 brevi
2461 748 2743 823 tempore
2771 743 2910 806 vitoe
2937 745 3190 825 proprio
3228 746 3500 811 discursu
3523 753 3721 824 invenire

2259 836 2469 898 omnia
2514 852 2656 915 quae
2690 837 2808 897 sub
2833 836 3178 899 humanam
3225 839 3528 905 scientiam
3571 850 3723 915 cadere

2256 932 2542 1011 possunt,
2595 929 2744 1009 quia
2794 946 2925 992 non
2971 935 3266 1011 poterant
3316 936 3513 998 omnia
3559 948 3724 1023 expefi.

2259 1029 2474 1086 mento
2502 1023 2820 1103 dignosci,
2849 1043 2888 1087 a
2918 1025 3148 1105 quibus
3188 1028 3328 1090 haec
3353 1030 3582 1094 scientia
3605 1041 3725 1102 reali·

2259 1122 2358 1179 ter
2389 1117 2590 1199 accipi
2637 1121 2864 1198 potest.
2898 1119 3230 1197 Max-silius,
3265 1124 3338 1197 3,
3369 1141 3430 1203 q.
3462 1128 3549 1195 10,
3575 1136 3662 1191 art.
3688 1137 3723 1197 3,

2261 1230 2388 1275 non
2440 1211 2746 1277 dubitavit
2793 1218 3049 1293 propter
3082 1214 3220 1276 haec
3269 1218 3586 1283 concedere
3622 1222 3726 1288 hanc

2261 1306 2588 1368 scientiam
2610 1306 2674 1367 in
2694 1306 2929 1369 Christo
2960 1325 3090 1371 non
3115 1309 3310 1371 fuisse
3349 1314 3508 1373 omni
3527 1331 3590 1375 ex
3613 1328 3724 1395 panc

2261 1400 2603 1480 perfectam
2617 1416 2638 1479 ;
2675 1400 2790 1463 sed
2830 1419 2958 1462 non
3008 1406 3199 1478 recte,
3250 1408 3386 1464 tum
3430 1407 3561 1485 quia
3599 1410 3726 1473 Adam

2259 1494 2482 1556 babuit
2531 1494 2701 1559 illam
2748 1496 3089 1579 perfectam
3116 1516 3132 1571 ;
3162 1497 3382 1577 quidni
3431 1498 3592 1579 igitur
3623 1506 3726 1569 Chri·

2263 1592 2436 1651 stus?
2463 1594 2598 1651 tum
2627 1589 2816 1653 etiam
2859 1590 3006 1670 quia
3035 1590 3166 1653 haec
3200 1596 3296 1653 est
3337 1592 3602 1671 perfectio
3637 1598 3727 1659 sim-

2260 1682 2503 1765 pliciter
2531 1684 2823 1745 humanae
2869 1689 3148 1759 naturae;
3182 1690 3320 1747 tum
3364 1684 3603 1767 denique
3635 1694 3724 1771 quia

2261 1775 2419 1837 alias
2440 1775 2760 1839 habuisset
2786 1778 2996 1839 anima
3021 1778 3246 1839 Christi
3271 1778 3533 1859 aliquam
3559 1790 3726 1846 natura-

2261 1870 2388 1931 lem
2437 1870 2878 1950 ignorantiam.
2914 1871 3112 1934 Aliter
3167 1890 3322 1953 ergo
3373 1874 3658 1953 respondet
3683 1880 3722 1939 D.

2259 1964 2555 2039 Thomas,
2599 1965 2730 2026 viso
2781 1982 2911 2026 uno
2961 1965 3310 2043 individuo,
3357 1968 3598 2047 potuisse
3625 1970 3726 2033 Chri·

2263 2062 2427 2119 stum
2455 2064 2712 2138 propter
2741 2059 3177 2122 excellentiam
3208 2060 3442 2140 ingenii
3467 2062 3568 2135 sui,
3589 2082 3644 2125 ex
3665 2065 3724 2127 illo

2261 2150 2382 2212 alia
2413 2168 2815 2231 cognoscere,
2848 2153 2948 2215 vel
2980 2152 3297 2216 contraria
3318 2199 3334 2227 ,
3363 2154 3456 2216 vel
3481 2156 3672 2233 similia,
3692 2168 3728 2220 et

2259 2243 2393 2306 viso
2423 2244 2585 2307 coelo
2631 2246 2909 2325 potuisse
2961 2246 3116 2309 illud
3157 2247 3670 2327 comprehendere,
3691 2261 3725 2313 el

2263 2355 2517 2400 omnem
2555 2337 2693 2417 ejus
2737 2339 3054 2403 virtutem.
3083 2339 3210 2403 Sed
3237 2340 3358 2403 boc
3381 2342 3594 2403 excedit
3615 2351 3727 2405 natu-

2261 2429 2424 2493 rales
2449 2430 2612 2492 vires
2637 2430 2877 2512 ingenii
2906 2433 3188 2507 humani,
3220 2432 3410 2494 etiam
3433 2434 3480 2495 si
3505 2435 3570 2495 sit
3593 2454 3724 2497 sermo

2261 2522 2340 2585 de
2369 2522 2606 2586 visione
2635 2526 3110 2605 experimentali
3149 2528 3252 2604 (ut
3279 2526 3588 2607 Cajetanus
3609 2547 3726 2607 expe

2260 2617 2401 2695 nit),
2427 2618 2577 2697 quia
2607 2624 2735 2680 tota
2765 2620 3061 2700 cognitio,
3085 2637 3224 2701 quae
3253 2619 3406 2681 hinc
3432 2619 3555 2682 elici
3575 2626 3723 2701 polest,

2260 2728 2388 2773 non
2448 2712 2693 2774 excedit
2745 2714 3041 2775 virtutem
3094 2719 3158 2776 et
3208 2714 3541 2775 efficaciam
3585 2734 3724 2774 earnm

2259 2803 2611 2884 specierum
2631 2804 3140 2887 intelligibilium,
3160 2824 3307 2887 quae
3333 2827 3408 2870 ex
3429 2807 3724 2867 sensibilibus

2260 2903 2322 2959 et
2365 2898 2906 2978 phantasmatibus
2936 2901 3070 2962 erui
3101 2905 3374 2980 possunt
3385 2922 3402 2977 3
3433 2900 3534 2962 sed
3556 2918 3642 2980 per
3659 2900 3726 2959 has

2259 3008 2584 3071 nunquam
2625 2997 2832 3072 potest
2877 2990 3172 3055 devenire
3219 2992 3535 3075 ingenium
3579 2993 3725 3053 huma-

2259 3102 2412 3145 num
2454 3083 2536 3146 ad
2581 3085 3244 3165 comprehendendum
3294 3090 3483 3148 totam
3523 3085 3725 3147 virtutem

2259 3177 2537 3259 corporis
2589 3180 2885 3257 coelestis,
2937 3180 3086 3259 quia
3138 3199 3260 3243 nec
3309 3186 3505 3263 potest
3543 3178 3724 3257 experiri
3795 3244 3797 3247 Α

2259 3289 2479 3333 omnes
2502 3272 2640 3353 ejus
2670 3273 2948 3350 effectuS,
2977 3291 3184 3355 neque
3215 3275 3474 3355 aliquos,
3499 3273 3554 3335 in
3575 3272 3726 3351 quibu2
3795 3278 3797 3281 ⁴

2260 3364 2366 3425 alii
2411 3364 2638 3427 virtute
2668 3368 3134 3445 contineantur,
3166 3367 3318 3449 quia
3349 3367 3474 3429 fere
3516 3366 3571 3427 in
3593 3363 3728 3425 infini-

2261 3463 2392 3519 tum
2435 3458 2782 3538 procedere
2807 3466 3066 3540 possunt
3081 3504 3103 3537 ‚
3137 3466 3199 3524 et
3239 3466 3387 3523 sunt
3429 3458 3588 3521 valde
3614 3456 3728 3517 dissi-

2257 3550 2440 3613 miles
2465 3600 2479 3627 ,
2513 3570 2586 3613 ac
2627 3552 2899 3634 denique
2927 3554 2992 3615 in
3033 3552 3185 3634 ipsis
3217 3553 3486 3615 motibus
3513 3550 3728 3613 coelorum

2255 3645 2455 3707 multa
2499 3651 2646 3707 sunt
2691 3663 2832 3725 quae
2877 3644 3156 3707 humana
3196 3644 3547 3709 inventione
3588 3638 3729 3703 nullus

2259 3736 2504 3817 assequi
2532 3741 2761 3818 potest,
2789 3738 2913 3800 nisi
2952 3737 3230 3802 diuturni
3257 3738 3546 3819 temporis
3581 3733 3729 3795 obser-

2255 3832 2544 3909 vatione,
2577 3852 2716 3913 quae
2769 3834 2832 3894 in
2875 3832 3115 3896 Christo
3153 3832 3410 3897 homine
3448 3833 3624 3895 locum
3649 3841 3725 3885 non

2259 3925 2472 3988 habet.

2337 4022 2397 4082 5.
2446 4020 2761 4101 Multoque
2803 4022 3012 4085 minus
3063 4028 3357 4103 poterant
3401 4020 3512 4083 illae
3557 4012 3724 4095 species

2259 4114 2547 4177 sufficere
2593 4115 2677 4177 ad
2719 4116 3344 4196 comprehendendas
3371 4111 3636 4195 quasdam
3668 4122 3728 4165 res

2259 4225 2336 4268 ex
2366 4207 2527 4284 aliis,
2550 4210 2619 4271 ut
2641 4206 3024 4271 substantias
3047 4226 3124 4270 ex
3149 4207 3580 4277 accidentibuS‚
3601 4213 3728 4259 unam

2260 4301 2674 4364 substantiam
2708 4321 2784 4365 ex
2821 4302 2944 4365 alia
2973 4302 3178 4379 simili,
3207 4304 3307 4366 vel
3335 4318 3523 4364 unum
3557 4298 3728 4357 coatiae

2256 4395 2422 4457 rium
2450 4413 2528 4456 ex
2555 4395 2710 4473 alio,
2751 4402 2886 4457 tum
2911 4396 3058 4475 quia
3088 4396 3355 4476 species,
3389 4410 3520 4473 quae
3544 4392 3729 4485 natura·

2255 4488 2397 4550 liter
2427 4494 2694 4569 possunt
2730 4488 3006 4550 abstrahi
3044 4506 3122 4550 ex
3164 4484 3572 4551 accidentibus
3591 4492 3730 4540 sens·

2256 4580 2516 4657 bilibus,
2568 4600 2697 4643 non
2729 4587 3186 4663 repraesentant
3226 4577 3582 4643 substantias
3605 4571 3730 4651 prout

2254 4675 2317 4735 in
2353 4693 2419 4737 se
2449 4678 2618 4751 sunt,
2645 4674 2757 4738 sed
2783 4681 3026 4737 tantum
3044 4693 3160 4756 per
3183 4671 3543 4756 improprios
3565 4670 3616 4727 et
3633 4676 3730 4723 con·

2251 4767 2560 4830 notativos
2607 4770 2985 4849 conceptus,
3037 4768 3145 4849 qui
3194 4787 3324 4831 non
3377 4758 3652 4828 sufficiunt
3680 4747 3730 4811 ad

2251 4860 2594 4942 perfectam
2632 4862 2725 4924 rei
2778 4861 3235 4943 cognitionem,
3265 4860 3492 4923 nedum
3518 4852 3588 4915 ad
3617 4859 3730 4909 com·

2255 4956 2772 5034 prehensionem;
2807 4962 2943 5018 tum
2974 4955 3164 5019 etiam
3193 4956 3337 5037 quia
3365 4965 3556 5031 neque
3579 4944 3730 5017 Ange·

2254 5047 2353 5109 lus
2375 5054 2582 5129 potest
2607 5067 2802 5111 unam
2832 5048 3247 5111 substantiam
3276 5047 3535 5129 perfecte
3559 5047 3730 5115 cogno·

2255 5160 2428 5204 scere
2473 5158 2589 5222 per
2627 5142 2827 5205 solam
2866 5141 3340 5205 similitudinem
3387 5152 3559 5219 quam
3593 5122 3726 5189 habel

2254 5234 2336 5296 ad
2363 5235 2586 5309 aliam3
2619 5235 2854 5316 alioqui
2882 5255 3011 5298 non
3035 5234 3344 5317 indigeret
3371 5225 3609 5315 propriis
3634 5230 3728 5320 spe·

2255 5328 2470 5393 ciebus
2518 5328 2908 5411 singularum
2933 5374 2949 5405 ,
2999 5330 3112 5393 sed
3151 5348 3269 5411 per
3318 5324 3568 5410 speciem
3593 5320 3726 5373 umus

2253 5428 2467 5504 posset
2493 5423 2648 5485 alias
2679 5422 3241 5505 comprehendere,
3275 5418 3437 5503 quod
3479 5416 3561 5477 est
3589 5405 3723 5487 plane
3796 5470 3797 5481 ἢ

2255 5516 2502 5581 falsum.
2549 5518 2624 5581 Et
2658 5518 2817 5580 ratio
2848 5520 2965 5593 est,
3011 5515 3157 5597 quia
3185 5509 3508 5579 similitudo
3539 5516 3639 5565 n⁰¹¹
3662 5492 3724 5553 ⁸⁵¹
3796 5516 3797 5603 ἐ
