3892 6167
586 292 705 353 (332

586 394 1135 459 circumstantiam.
1185 393 1314 455 Nec
1358 407 1505 453 vero
1536 389 1690 467 fingi
1740 389 1987 467 potest,
2027 386 2152 447 hoc

584 500 971 567 praa-ceptum
1002 487 1141 565 jure
1181 486 1451 566 positivo
1484 484 1767 545 additum
1796 498 1974 557 esse,
2005 497 2150 543 cum

585 601 705 645 nec
748 582 1087 659 scriptum,
1132 599 1252 643 nec
1298 579 1595 641 traditum
1644 575 1885 636 ostendi
1929 573 2148 654 possit,

586 693 705 737 nec
752 674 1209 737 consuetudine
1260 671 1717 744 introductum„
1743 668 1909 741 Quin
1944 668 2152 746 potius

586 767 779 847 (quod
807 769 973 829 hanc
999 767 1327 829 veritatem
1352 764 1620 825 maxime
1648 759 2000 837 confirmat)
2029 757 2152 821 fre·

588 868 857 940 quenter
884 866 1226 923 tractamus
1256 857 1587 937 imagineS,
1619 861 1728 917 aut
1749 853 1903 915 alias
1929 870 2034 915 res
2057 870 2150 913 sa·

588 972 726 1015 cras
761 953 1060 1033 peculiari
1100 951 1373 1031 quadam
1416 947 1821 1011 veneratione
1866 964 1943 1007 ac
1969 963 2150 1007 reve·

590 1047 815 1124 tentia,
850 1048 1037 1109 etiarn
1066 1046 1121 1107 si
1156 1062 1260 1107 res
1296 1045 1361 1105 in
1409 1043 1528 1103 illis
1555 1046 2032 1122 repraesentatas
2059 1038 2149 1099 di·

585 1147 755 1203 recte
786 1148 851 1203 et
879 1159 993 1219 per
1018 1158 1087 1201 se
1122 1156 1249 1199 non
1278 1155 1675 1200 veneremur.

668 1238 765 1297 16.
815 1234 1021 1295 Tertio
1068 1237 1474 1309 argumentor
1516 1231 1587 1291 in
1630 1230 1799 1291 bunc
1838 1228 2144 1291 modum:

584 1346 732 1389 nam
762 1345 836 1389 ex
872 1327 1103 1407 duplici
1131 1325 1543 1387 fundamento
1574 1323 1915 1387 existimari
1944 1327 2150 1402 potest

586 1421 687 1483 hic
720 1419 946 1481 modus
976 1418 1361 1481 adorationis
1386 1418 1665 1479 illicitus:
1704 1417 1878 1496 prius
1916 1425 2014 1477 est
2039 1433 2152 1495 ge-

585 1516 827 1588 nerale,
853 1516 1000 1595 quia
1033 1515 1203 1575 nulla
1230 1530 1333 1573 res
1357 1511 1703 1573 inanimata
1724 1508 1974 1589 proprie
1993 1516 2058 1571 et
2081 1508 2150 1571 in

588 1627 655 1671 se
682 1608 933 1670 adorari
964 1614 1192 1686 potest,
1220 1608 1301 1669 ita
1332 1612 1403 1665 ut.
1433 1606 1693 1667 interior
1716 1602 1978 1665 affectus
2001 1603 2150 1665 ado-

586 1702 845 1765 rationis
869 1701 949 1763 ad
978 1701 1149 1763 illam
1178 1700 1417 1775 tendat,
1448 1698 1853 1778 quantumvis
1880 1715 2060 1759 sacra
2089 1702 2154 1759 et

594 1802 808 1859 sancta
852 1795 969 1872 sit3
1024 1795 1195 1857 aliud
1240 1793 1721 1855 fundamentum
1768 1808 1903 1853 esse
1947 1795 2152 1870 potest

589 1889 861 1968 speciale
888 1890 1271 1969 imaginum3
1298 1905 1471 1960 nam,
1496 1886 1641 1949 licet
1664 1886 1797 1947 aliae
1820 1903 1923 1947 res
1950 1883 2152 1945 inani-

587 1989 793 2058 matae,
822 1988 1133 2061 quatenus
1156 1986 1305 2041 sunt
1323 1980 1535 2058 aliquo
1553 1978 1743 2039 modo
1770 1977 2154 2050 sacrae,ado-

586 2076 710 2137 rari
754 2075 1071 2137 interdum
1120 2074 1381 2154 possint,
1421 2076 1600 2150 juxta
1643 2070 1832 2133 illud:
1888 2072 2155 2135 Δᾶον-αδδ

588 2171 911 2235 scabellum
942 2171 1155 2251 pedum
1190 2170 1345 2250 ejus,
1392 2169 1677 2248 quoniam
1718 2173 1994 2232 sanctum
2039 2172 2150 2237 est,

588 2265 899 2345 imagines
922 2283 1074 2327 vero
1095 2308 1110 2335 ‚
1159 2270 1227 2324 ut
1264 2282 1367 2325 res
1392 2262 1681 2343 quaedam
1710 2268 1879 2336 sunt,
1912 2260 2152 2323 nullam

588 2358 821 2421 habent
866 2355 1417 2419 sanctificationem
1438 2402 1453 2428 ,
1486 2355 1599 2417 sed
1638 2355 1841 2416 solum
1872 2353 2155 2417 referunt

592 2458 923 2530 prototypa
941 2466 962 2528 ;
992 2458 1053 2511 et
1082 2451 1223 2513 ideo
1254 2468 1383 2511 non
1414 2455 1561 2511 sunt
1603 2447 1958 2511 adorabiles
1979 2493 2000 2523 ,
2030 2447 2154 2507 nisi

594 2550 661 2608 ut
686 2543 993 2623 imagines
1019 2550 1186 2617 sunt,
1221 2543 1421 2611 idest,
1445 2548 1513 2605 ut
1530 2548 1673 2603 actu
1702 2541 1986 2604 referunt
2011 2558 2156 2620 pro·

590 2642 827 2716 totypa‚
858 2655 999 2715 qua}
1028 2638 1097 2697 in
1140 2636 1291 2715 ipsis
1324 2635 1753 2717 principaliter
1784 2633 2150 2695 adorantur.

590 2732 893 2791 Neutrum
922 2736 1137 2791 autem
1178 2748 1255 2791 ex
1294 2730 1394 2791 his
1438 2728 1869 2791 fundamentis
1898 2726 2154 2789 firmum

594 2831 706 2887 est.
742 2824 819 2885 Et
845 2823 924 2885 de
956 2824 1157 2902 primo
1198 2822 1457 2900 quidem
1494 2840 1621 2883 non
1655 2822 1970 2883 immerito
1999 2821 2156 2883 dixit

591 2918 973 2989 Palatinum,
1002 2918 1139 2979 loco
1170 2936 1361 2996 supra
1392 2918 1605 2989 citato,
1640 2934 1779 2977 esse
1808 2915 2156 2977 absurdum

593 3011 993 3091 principium,
1030 3011 1185 3073 nihil
1212 3009 1567 3073 irrationale
1592 3027 1731 3071 esse
1760 3008 2154 3071 adorandum

596 3109 660 3168 in
690 3124 757 3169 se
774 3129 791 3181 ;
819 3124 993 3181 nam,
1018 3112 1089 3167 ut
1105 3104 1374 3167 vidimus
1400 3104 1468 3165 in
1498 3103 1949 3181 superioribus,
1981 3122 2156 3165 sacra

598 3199 917 3277 Scriptura
968 3198 1150 3277 jubet
1200 3198 1315 3259 bas
1366 3215 1470 3259 res
1522 3196 1784 3259 adorare
1831 3213 1848 3256 z
1888 3198 2158 3260 Adorato

590 3291 913 3358 scabellum
948 3292 1165 3368 pedum
1204 3291 1335 3369 ejus
1354 3317 1379 3363 ,·
1436 3296 1501 3351 et
1554 3289 1779 3351 eodem
1825 3290 2014 3351 modo
2063 3290 2156 3351 lo-

594 3391 877 3463 quuntur
902 3382 1145 3445 Sancti:
1179 3384 1458 3462 Praerepe
1486 3383 1696 3461 adora,
1722 3380 1873 3443 dixit
1896 3381 2158 3443 Nazian-

592 3494 811 3551 zenuS,
842 3483 905 3539 et
932 3476 1051 3540 alia
1078 3476 1307 3539 similia
1336 3477 1401 3537 in
1440 3476 1867 3555 superioribus
1894 3475 2158 3537 adduxi-

598 3589 763 3643 mus,
798 3570 1139 3649 proesertim
1180 3588 1259 3634 ex
1300 3570 1410 3631 vn
1434 3567 1713 3649 SynodO,
1746 3568 1853 3629 ubi
1884 3567 2159 3647 saepissi-

594 3682 698 3727 me
728 3663 1021 3725 dicuntur
1042 3662 1141 3723 11ae
1171 3680 1274 3725 res
1306 3661 1640 3727 adorabiles
1672 3668 1737 3723 et
1762 3660 2158 3736 honorabiles,

599 3764 663 3819 et
716 3775 937 3819 earum
968 3757 1248 3819 adoratio
1298 3761 1700 3835 comparatur
1746 3773 1893 3819 cum
1941 3755 2164 3817 adora·

597 3852 769 3913 tione
821 3869 1143 3913 sacrarum
1188 3851 1487 3924 vestium,
1516 3850 1759 3924 calicis,
1789 3849 1929 3911 libri
1963 3850 2166 3909 Evan-

596 3946 929 4025 galiorum,
968 3952 1027 4007 ct
1056 3946 1357 4005 similium
1382 3961 1619 4005 rerum.
1656 3943 1803 4015 Quae
1836 3961 2165 4022 compara-

598 4038 687 4100 tio
715 4040 787 4100 fit
813 4038 885 4100 in
920 4036 1061 4101 Vlll
1092 4038 1375 4119 synodo,
1408 4054 1665 4101 „canone
1692 4040 1731 4101 3
1758 4056 1775 4109 ;
1804 4054 1929 4099 non
1961 4042 2167 4116 potest

600 4140 814 4195 autem
842 4150 991 4195 vere
1022 4150 1095 4195 ac
1125 4134 1377 4215 proprie
1416 4132 1543 4195 dici
1570 4131 1807 4210 aliquid
1834 4148 1974 4193 esse
2017 4131 2166 4193 ado-

604 4225 827 4302 rabile,
858 4232 969 4289 aut
1000 4245 1150 4289 vere
1176 4244 1251 4289 ac
1278 4227 1531 4305 proprie
1556 4225 1827 4298 adorari,
1858 4225 1976 4287 nisi
2004 4225 2072 4285 in
2095 4243 2164 4287 se

604 4318 925 4393 adoretur,
952 4338 1079 4379 non
1108 4320 1313 4381 solum
1346 4324 1489 4381 actu
1526 4324 1807 4393 externo,
1836 4318 1950 4379 sed
1979 4316 2167 4379 etiam

608 4428 686 4471 ex
728 4411 1006 4473 interiori
1036 4412 1383 4473 intentione
1430 4410 1810 4473 adorationis
1836 4417 1900 4472 et
1937 4410 2164 4485 cultus,

604 4510 674 4565 ut
706 4505 895 4565 etiam
927 4512 1016 4565 est
1050 4504 1117 4565 in
1162 4504 1593 4583 superioribus
1626 4509 1980 4582 ostensum
2018 4522 2166 4583 ergo

604 4597 861 4659 omnino
905 4596 1134 4659 falsum
1178 4597 1555 4676 principium
1596 4603 1726 4672 est,
1776 4615 1911 4659 rem
1965 4598 2166 4659 inani-

602 4696 837 4751 matam
862 4706 989 4750 non
1016 4708 1155 4751 esse
1178 4692 1243 4751 in
1274 4708 1343 4751 se
1370 4690 1779 4751 adorabilem.
1806 4692 1986 4753 Ratio
2014 4709 2164 4753 vero

604 4789 717 4856 est,
748 4800 935 4861 quam
984 4782 1323 4845 insinuavit
1374 4783 1750 4859 PaludanuS,
1796 4784 1968 4860 quia,
2017 4784 2164 4846 licet

600 4893 703 4937 res
750 4875 1092 4938 inanimata
1124 4896 1251 4939 non
1301 4878 1380 4939 sit
1406 4876 1746 4939 adorabilis
1787 4884 2042 4957 propter
2067 4896 2160 4953 se,

602 4975 672 5031 ut
698 4986 921 5031 omnes
946 4971 1247 5050 'theologi
1290 4970 1539 5045 docent,
1577 4976 1641 5033 et
1684 4977 1777 5033 cst
1820 4988 1934 5049 per
1961 4988 2030 5031 se
2057 4989 2166 5031 no·

600 5068 760 5137 tum,
778 5064 883 5125 'est
901 5068 1113 5125 tamen
1134 5064 1470 5127 adorabilis
1491 5064 1559 5125 in
1584 5082 1651 5125 se
1676 5070 1932 5143 propter
1958 5063 2158 5137 aliud;

600 5156 739 5217 haec
770 5156 941 5217 enim
971 5156 1097 5217 duo
1127 5175 1255 5219 non
1282 5164 1661 5237 repugnant,
1692 5175 1833 5217 cum
1872 5158 1940 5217 in
1969 5155 2164 5219 altero

600 5249 917 5327 objectum
948 5251 1299 5325 materiale,
1320 5254 1387 5313 in
1416 5252 1611 5314 altero
1638 5250 1901 5313 formale
1932 5250 2166 5329 signiti-

603 5346 779 5403 cetur
802 5358 823 5417 3
868 5343 1027 5405 sicut
1050 5362 1191 5407 esse
1222 5352 1429 5424 potest
1452 5346 1681 5407 veritas
1710 5346 1772 5405 in
1804 5363 1873 5405 se
1902 5344 2166 5405 credibi-

600 5432 702 5507 lis,
735 5450 863 5495 non
892 5442 1103 5499 tamen
1138 5446 1393 5518 propter
1420 5457 1510 5514 se,
1544 5439 1659 5501 sed
1686 5445 1939 5517 propter
1965 5438 2160 5514 aliud3

1804 288 2038 348 oua-:SR
2077 286 2222 337 XXV.
2262 287 2459 337 :xlma
2495 288 2579 339 tlt.

2233 393 2298 446 et
2335 386 2612 449 medium
2669 405 2806 449 esse
2841 392 3048 467 potest
3093 388 3160 448 in
3210 406 3275 450 se
3303 392 3551 475 amabile,
3587 403 3688 475 lieet

2232 496 2360 541 non
2393 488 2646 559 propter
2679 500 2770 555 se,
2797 480 3196 562 sed-propter
3227 483 3414 558 aliud3
3437 508 3686 579 soepeergo

2233 572 2546 651 objectum
2575 573 2836 637 formale
2865 576 3280 637 extrinsecum
3305 584 3394 639 est
3411 589 3684 663 materiale:

2231 672 2420 743 atque
2459 666 2542 729 ad
2571 666 2740 729 hunc
2786 667 3046 729 modum
3071 714 3094 743 ‚
3129 667 3274 731 licet
3300 688 3395 733 res
3433 664 3688 750 inanimata⁴

2230 778 2360 821 non
2389 760 2468 821 sit
2509 761 2846 823 adorabilis
2891 762 3138 823 ratione
3169 761 3294 835 sui,
3339 770 3518 843 potant
3541 774 3688 841 tamen

2231 871 2372 915 esse
2399 853 2744 915 adorabilis
2761 856 3005 917 ratione
3031 855 3320 929 alterius3
3343 864 3406 919 et
3422 865 3544 923 tunc
3561 868 3690 931 affec.

2230 953 2331 1009 tus
2363 946 2746 1009 adorationis
2772 948 3146 1009 terminatur
3173 947 3254 1009 ad
3276 948 3478 1027 ipsam,
3504 958 3560 1017 ut
3581 957 3628 1021 in
3645 982 3690 1027 se

2229 1059 2376 1101 vere
2407 1040 2756 1116 adoratam,
2781 1040 2953 1119 quod
2981 1042 3048 1102 in
3082 1042 3265 1106 tertio
3293 1050 3449 1105 torno
3473 1048 3538 1111 de
3561 1056 3692 1129 rasis,

2230 1140 2294 1195 et
2327 1134 2466 1195 aliis
2509 1136 2699 1197 rebus
2727 1136 2921 1197 sacris
2967 1135 3160 1197 latius
3192 1139 3481 1203 ostensuri
3503 1159 3690 1222 sumus;

2229 1247 2382 1307 ergo
2411 1248 2489 1291 ex
2517 1230 2638 1293 hoc
2663 1230 2868 1312 capite
2897 1248 3026 1291 non
3069 1237 3377 1310 repugnat
3417 1234 3692 1313 imaginem,

2231 1340 2308 1387 eo
2337 1324 2510 1401 quod
2551 1342 2652 1385 res
2679 1324 3022 1387 inanimata
3051 1323 3136 1385 sit
3159 1369 3176 1395 ‚
3217 1324 3450 1388 adorari
3476 1332 3694 1407 ,praedieto

2229 1417 2444 1493 mod0‚
2473 1436 2599 1479 non
2625 1418 2886 1481 adorato
2904 1422 3241 1496 prohtypo
3267 1423 3331 1479 ut
3349 1418 3557 1497 objecto
3577 1430 3692 1503 quod

2233 1511 2550 1587 adoratur,
2579 1512 2692 1573 sed
2717 1512 2922 1573 solum
2947 1517 3020 1571 ut
3057 1510 3302 1571 ratione
3327 1510 3586 1577 ado-randi
3600 1534 3617 1596 ;
3637 1522 3692 1585 sie

2234 1606 2402 1665 enim
2431 1605 2821 1684 frequentius
2849 1604 3198 1667 adorantur
3223 1621 3366 1668 vasa
3387 1650 3404 1678 ,
3425 1611 3484 1667 et
3503 1608 3608 1669 aliae
3627 1632 3696 1675 res

2235 1714 2430 1759 sacrae
2479 1699 2840 1761 inanimatas
2857 1740 2878 1773 ,
2923 1702 2996 1759 ut
3025 1715 3106 1759 ex
3132 1696 3265 1775 ipso
3293 1715 3400 1759 usu
3425 1708 3636 1778 constat,
3655 1714 3698 1767 et

2235 1793 2422 1855 citato
2451 1798 2602 1853 tom.
2635 1794 2697 1868 3,
2743 1791 2905 1871 disp.
2937 1793 3042 1866 81,
3081 1796 3238 1853 sect.
3268 1792 3328 1867 8,
3354 1790 3514 1854 latius
3535 1796 3696 1861 dicturi

2235 1904 2474 1949 sumus·

2315 1983 2416 2043 17.
2451 1979 2606 2043 Cum
2633 1998 2672 2047 a
2707 1984 3034 2061 prototypo
3069 1978 3335 2059 precisa
3360 1981 3532 2062 imao
3551 1984 3696 2049 adore-

2235 2074 2572 2145 tua-‚eadem
2595 2090 2716 2154 qua
2739 2090 2838 2136 ree
2863 2073 3010 2135 aliae
3035 2089 3234 2134 saum
3254 2073 3522 2136 inanimes
3543 2077 3698 2141 adora·

2235 2168 2394 2230 tione
2425 2166 2668 2231 colitur.
2695 2198 2778 2213 -
2807 2166 3217 2239 Quorumdam
3245 2168 3502 2245 waepero.
3521 2198 3586 2214 -
3605 2171 3694 2231 Im-

2223 2260 2544 2340 probatur.
2586 2290 2668 2306 —
2695 2258 2880 2319 Aliud
2921 2258 3396 2321 fundamentum
3421 2278 3517 2320 seu
3535 2262 3694 2339 princi-

2233 2351 2410 2431 pium
2433 2352 2598 2415 illius
2626 2353 2974 2427 sententiae,
3003 2358 3314 2429 quatenus
3337 2353 3399 2413 in
3421 2353 3523 2415 boc
3543 2356 3690 2417 distin-

2233 2447 2370 2525 guit
2409 2446 2574 2507 inter
2600 2447 2907 2527 imagines
2937 2452 3001 2507 et
3029 2445 3186 2507 alias
3211 2462 3312 2506 res
3351 2463 3530 2507 sacras
3555 2447 3691 2507 inani·

2233 2546 2458 2613 matus,
2503 2545 2744 2621 pugnat
2777 2547 2995 2619 aperte
3025 2558 3176 2601 cum
3215 2539 3474 2601 doctrina
3493 2543 3689 2620 septima

2236 2640 2297 2693 et
2353 2640 2582 2695 octavae
2625 2632 2890 2714 Synod„
2939 2651 3069 2713 qua
3117 2634 3444 2711 imaginum
3491 2634 3688 2695 adoratio

2235 2725 2500 2787 aliarum
2529 2744 2740 2789 rernm
2787 2744 3114 2789 sacrarum
3142 2726 3465 2789 adorationi
3501 2728 3680 2807 aequipa-

2233 2826 2439 2893 ratur3
2474 2827 2788 2899 repugnat
2821 2822 3012 2883 etiam
3049 2837 3200 2883 cum
3227 2818 3483 2883 doctrina
3499 2822 3558 2883 D.
3581 2822 3684 2881 Thn-

2236 2932 2356 2975 mae
2387 2917 2448 2977 2.
2481 2918 2542 2988 2,
2583 2934 2646 2994 q.
2691 2918 2794 2991 99,
2833 2922 2948 2977 art.
2987 2917 3050 2990 3,
3103 2914 3210 2977 ubi
3236 2915 3385 2976 inter
3407 2934 3498 2975 res
3527 2934 3684 2985 sacra.

2237 3026 2374 3087 quae
2403 3011 2812 3071 veneratione
2835 3009 3044 3090 dignae
3075 3014 3240 3082 sunt,
3267 3008 3688 3087 numeratimagi-

2235 3118 2352 3163 nes
2393 3120 2540 3163 cum
2583 3102 2890 3181 reliquiis,
2939 3108 3004 3165 et
3046 3102 3218 3163 vasis
3257 3101 3600 3173 consectaria
3621 3120 3684 3161 re-

2237 3203 2471 3274 pugnat
2493 3196 2678 3257 etiam
2709 3196 2934 3257 rationi
2953 3213 3099 3273 quas
3119 3214 3197 3257 ex
3221 3195 3428 3258 eodem
3449 3194 3686 3257 D.Thoma

2236 3286 2347 3364 ibi,
2379 3295 2496 3349 nrt.
2535 3292 2596 3363 1,
2637 3290 2940 3351 sumitur:
2991 3290 3164 3355 Nam
3192 3306 3288 3353 res
3325 3306 3482 3353 sacra
3503 3290 3686 3367 officitur

2237 3398 2312 3443 em
2333 3400 2396 3443 eo
2417 3384 2574 3462 quod
2597 3384 2679 3447 ad
2698 3382 2970 3445 divinum
2991 3383 3222 3447 cultum
3247 3383 3554 3453 orda‘mtmu¹
3575 3398 3684 3452 m,

2236 3476 2398 3537 sicut
2426 3492 2498 3539 eoe
2519 3493 2584 3537 σο
2603 3477 2763 3557 quod
2785 3477 3026 3556 aliquid
3049 3478 3368 3541 ordinatur
3389 3478 3448 3537 in
3463 3477 3600 3553 βω
3621 3476 3686 3535 bo-

2239 3584 2406 3642 num,
2452 3571 2714 3633 sortitur
2737 3570 3034 3633 rationem
3069 3571 3229 3645 boni,
3257 3572 3346 3636 ita
3369 3572 3522 3633 etiam
3539 3586 3596 3630 ea
3615 3568 3686 3629 hoo

2241 3661 2399 3741 quod
2421 3662 2660 3741 aliquid
2679 3663 3004 3742 deputatur
3025 3664 3115 3727 ad
3131 3662 3348 3725 cultum
3365 3662 3484 3735 Dei,
3500 3662 3690 3737 efficitur

2243 3754 2534 3833 quoddam
2561 3756 2856 3828 divinum,
2888 3761 2946 3819 et
2975 3756 3066 3819 sio
3093 3758 3153 3819 ei
3176 3756 3426 3837 quoedam
3449 3755 3688 3817 reverentia

2245 3848 2507 3922 debetur,
2533 3866 2665 3929 quoe
2693 3854 2959 3923 refertur
2983 3851 3052 3913 in
3072 3851 3285 3915 Deum.
3311 3848 3422 3911 Sed
3445 3847 3686 3926 imagines,
3772 3852 3773 3857 ’

2247 3942 2368 4003 hoc
2395 3942 2534 4022 ipso
2575 3944 2748 4023 quod
2787 3944 2868 4005 ad
2905 3946 3110 4007 Deum
3151 3944 3252 4006 vel
3275 3944 3502 4005 Sanctus
3539 3958 3689 4019 repur-

2249 4036 2588 4099 sentandos
2621 4038 2934 4117 deputatae
2975 4044 3145 4115 sunt,
3195 4044 3332 4099 sunt
3361 4036 3535 4099 divino
3557 4032 3688 4095 cultui

2248 4129 2348 4190 vel
2377 4130 2747 4193 Sanctorum
2789 4131 3046 4208 dicatae3
3081 4150 3232 4212 ergo
3267 4131 3478 4193 habent
3506 4128 3688 4205 dig-nita-

2247 4229 2376 4284 tem
2419 4230 2480 4285 et
2510 4222 3064 4287 sanctificationem
3113 4242 3318 4287 rerum
3359 4238 3626 4295 sacrarum,
3649 4225 3687 4279 et

2247 4323 2551 4396 tanquam
2595 4336 2698 4381 res
2745 4338 2936 4381 saeroe
2977 4319 3320 4383 adorabiles
3353 4323 3494 4379 sunt.
3535 4316 3718 4375 Dicunt·

2248 4428 2398 4473 vero
2453 4412 2644 4491 aliqui
2671 4456 2692 4488 ,
2721 4412 2844 4475 hoc
2883 4430 3020 4475 esse
3061 4432 3272 4476 verum
3299 4412 3374 4475 de
3409 4406 3684 4490 quibusdam

2248 4505 2630 4585 imaginibus
2658 4523 2801 4584 quae
2827 4506 3081 4585 speciali
3103 4505 3516 4577 benedictione,
3537 4515 3685 4561 conse·

2249 4599 2548 4673 eratione,
2579 4600 2679 4661 vel
2699 4618 2878 4661 sacra
2909 4601 3226 4673 unctione,
3243 4601 3304 4661 in
3323 4595 3551 4660 Ecclesia
3569 4608 3684 4652 sanc-

2245 4691 2467 4753 tificari
2517 4698 2997 4755 consueverunt.
3053 4692 3164 4755 Cui
3213 4690 3498 4754 sententie
3537 4687 3682 4747 farere

2245 4783 2490 4845 videtur
2515 4784 2830 4847 Adrianus
2868 4785 3033 4866 Papa
3075 4786 3141 4847 in
3183 4787 3390 4865 scripto
3433 4781 3497 4843 de
3531 4775 3680 4855 Imagi-

2243 4878 2454 4954 nibus,
2484 4896 2540 4939 c.
2575 4880 2676 4954 39,
2727 4880 2858 4953 ubi,
2905 4881 3285 4959 respondens
3319 4874 3584 4947 liaereticiS,
3609 4868 3678 4947 qui

2245 4972 2608 5035 Therasiam
2641 4977 2704 5035 et
2729 4974 2836 5035 vll
2869 4975 3194 5054 Synodum
3228 4966 3674 5053 reprehendebant,

2247 5064 2417 5143 quod
2459 5065 2772 5145 imagines
2815 5068 3008 5131 sacris
3051 5069 3212 5131 vasis
3252 5057 3670 5143 aequiparaverim,

2247 5158 2448 5237 inquit
2493 5158 2718 5221 falsum
2761 5178 2904 5221 esse
2957 5162 3132 5240 quod
3174 5158 3418 5223 haeretici
3457 5151 3668 5215 aiebant.

2245 5251 2552 5331 imagines
2581 5271 2707 5314 non
2731 5254 3100 5317 sanctificari
3129 5272 3234 5334 per
3251 5254 3484 5331 aliquam
3507 5256 3668 5303 sacram

2247 5346 2624 5407 orationem:
2663 5345 2820 5420 Quia
2847 5366 2996 5411 usus
3027 5348 3262 5427 (inquit)
3291 5345 3361 5409 S.
3405 5346 3576 5403 nostre
3595 5330 3670 5435 Caj

2247 5438 2484 5503 tholiooe
2525 5446 2578 5505 ec
2625 5440 2986 5519 Apostolicoe
3028 5442 3298 5506 Romana·
3321 5431 3556 5501 Ecclesiae
3582 5426 3665 5501 Μ
