3892 6167
571 461 913 544 quamdam
940 459 1308 542 dignitatem
1348 459 1655 524 moralem
1702 460 1869 542 apud
1907 461 2128 534 Deum,

572 575 711 642 quae
740 555 1044 618 redundat
1068 557 1133 616 in
1161 556 1357 636 ipsius
1384 575 1614 638 opera,
1659 563 1719 617 et
1746 555 1988 618 confert
2013 554 2135 616 illis

572 652 875 730 majorem
909 648 1245 734 quemdam
1268 650 1547 712 valorem
1575 656 1635 711 et
1658 647 2135 710 aestimationem

572 743 873 807 moralem
890 761 909 822 ;
940 743 1041 804 vel
1085 747 1251 806 certe
1284 743 1433 824 quia
1463 749 1719 823 propter
1745 741 1969 804 Christi
2001 759 2132 802 me-

570 839 782 913 ritum,
808 837 1098 899 effectum
1124 843 1307 900 estut
1331 837 1533 916 majus
1551 835 1879 916 praemium
1910 836 1988 896 sit
2009 835 2133 895 illis

571 931 966 1012 promissum.
1016 931 1287 1006 Ultimo,
1338 931 1495 992 sicut
1542 948 1732 1009 supra
1768 927 2132 990 dicebamus

570 1025 883 1088 Christum
908 1025 1211 1086 meruisse
1243 1023 1585 1105 peccatori,
1618 1029 1682 1085 et
1708 1026 1779 1084 ut
1812 1023 2132 1085 contritio-

571 1136 715 1180 nem
747 1117 997 1195 habeat,
1028 1124 1088 1180 ct
1114 1123 1184 1179 ut
1203 1117 1461 1180 habenti
1485 1117 1919 1179 contritionem
1950 1117 2134 1179 detur

570 1211 771 1290 prima
793 1211 988 1292 gratia
1021 1217 1081 1273 et
1101 1211 1386 1274 remissio
1406 1216 1833 1292 peccatorum,
1852 1211 1937 1272 ita
1962 1217 2132 1273 recte

568 1302 829 1384 intelligi
884 1310 1093 1384 potest
1158 1303 1485 1390 meruisse
1518 1303 1832 1368 Christum
1890 1303 2130 1365 homini

563 1397 756 1478 just0‚
808 1399 870 1458 et
912 1403 981 1459 ut
1026 1398 1188 1460 bene
1240 1403 1567 1478 operetur,
1600 1404 1659 1459 et
1686 1403 1757 1459 ut
1799 1399 1916 1478 ipsi
1965 1399 2130 1461 bene

570 1491 852 1570 operanti
883 1490 1066 1552 detur
1086 1492 1209 1553 tale
1235 1498 1645 1573 augmentum
1678 1493 1892 1571 gratiae
1915 1495 1978 1555 et
1998 1494 2131 1572 glo·

568 1582 713 1656 riae;
753 1585 911 1646 sicut
946 1601 1095 1665 ergo
1122 1586 1327 1666 prima
1356 1585 1557 1664 gratia
1584 1591 1875 1665 respectu
1906 1605 2131 1667 pecca·

570 1677 720 1736 toris
764 1676 950 1738 datur
999 1679 1192 1758 gratis
1211 1724 1226 1752 ,
1265 1683 1327 1738 et
1355 1678 1437 1740 ad
1466 1695 1781 1740 summum
1810 1698 1887 1742 ex
1917 1680 2128 1760 aliquo

569 1771 791 1832 merito
821 1771 900 1832 de
933 1789 1236 1854 congruo,
1278 1779 1567 1854 respectu
1595 1791 1744 1834 vero
1773 1773 2000 1837 Christi
2023 1777 2129 1838 da-

569 1868 673 1924 tur
722 1882 799 1925 ex
844 1865 1123 1943 perfecta
1172 1865 1458 1946 justitia,
1512 1866 1601 1928 ita
1647 1867 1982 1946 ipsummet
2009 1887 2128 1929 au·-

569 1964 895 2037 gmentum
938 1961 1152 2040 gratiae
1190 1965 1482 2040 respectu
1520 1960 1719 2040 ipsius
1752 1962 1904 2040 justi
1940 1962 2128 2024 datur

570 2069 647 2112 ex
671 2051 896 2113 merito
928 2058 987 2116 et
1010 2054 1274 2133 justitia,
1298 2055 1502 2134 qualis
1520 2071 1661 2116 esse
1688 2059 1895 2134 potest
1920 2057 1984 2116 in
2009 2071 2128 2135 pu-

566 2164 636 2206 ro
677 2145 965 2219 homine;
1000 2153 1289 2228 respectu
1322 2167 1469 2210 vero
1499 2147 1725 2210 Christi
1768 2147 2020 2210 dabitur
2047 2167 2126 2212 ex

566 2237 840 2318 perfecta
872 2243 935 2302 et
970 2241 1249 2320 rigorosa
1279 2241 1540 2321 justitia.
1582 2243 1798 2319 Neque
1827 2241 1997 2303 enim
2025 2261 2125 2304 re-

564 2340 805 2414 pugnat
834 2334 999 2396 idem
1028 2337 1355 2417 praemium
1386 2337 1523 2398 dari
1552 2355 1629 2398 ex
1659 2336 1887 2418 duplici
1914 2338 2118 2416 titulo,

565 2429 913 2506 praesertim
956 2435 1243 2512 respectu
1294 2430 1710 2508 diversorum,
1756 2438 1819 2492 et
1867 2433 2122 2510 quando

564 2519 654 2582 illi
685 2522 845 2583 tituli
875 2521 1263 2584 diversarum
1292 2523 1605 2585 rationum
1638 2525 1938 2600 existunt;
1971 2527 2122 2604 quin

562 2615 769 2696 potins
804 2615 989 2677 etiam
1030 2615 1095 2677 in
1124 2617 1257 2698 ipsa
1292 2616 1492 2698 prima
1518 2617 1715 2698 gloria
1759 2617 1881 2679 hoc
1912 2619 2122 2698 ipsum

562 2709 917 2768 necessario
948 2708 1282 2772 dicendum
1325 2709 1571 2771 videtur
1585 2731 1604 2785 3
1636 2727 1820 2786 nam,
1867 2711 2120 2790 quando

562 2798 811 2861 adultus
850 2801 1230 2880 justificatur
1273 2821 1389 2883 per
1440 2810 1650 2867 actum
1703 2805 2116 2880 contritionis,

561 2892 702 2956 licet
726 2911 853 2955 non
878 2903 1195 2958 mereatur
1222 2897 1493 2978 primam
1520 2898 1809 2980 gratiam,
1842 2905 2122 2962 meretur

561 2992 774 3050 tamen
804 2989 882 3050 de
913 2989 1225 3072 condigno
1252 2993 1521 3072 primam
1560 2993 1845 3073 gloriam,
1875 2999 1936 3054 et
1963 2993 2121 3054 nihi-

559 3080 832 3143 lominus
866 3084 971 3144 illa
1020 3085 1239 3148 eadem
1275 3085 1475 3166 prima
1516 3087 1715 3166 gloria
1756 3085 1941 3148 datur
1968 3103 2122 3166 pro·-

560 3181 700 3256 pter
735 3176 961 3239 merita
1012 3175 1259 3252 Christi,
1315 3181 1473 3242 sicut
1521 3186 1583 3240 ct
1630 3179 1860 3260 gratia,
1899 3185 1968 3240 ut
2019 3199 2120 3242 ex-

559 3285 774 3347 presse
800 3269 952 3331 dixit
975 3272 1318 3334 Concilium
1336 3271 1787 3346 Tridentinum‚
1812 3289 2026 3352 supra,
2057 3279 2120 3336 et

559 3378 636 3421 ex
666 3361 848 3422 dictis
892 3361 959 3423 in
1008 3372 1158 3446 sect.
1198 3367 1223 3426 1
1262 3365 1407 3426 satis
1446 3365 1647 3446 colligi
1691 3369 1927 3445 potest;
1960 3365 2117 3426 alias

558 3473 686 3516 non
725 3459 1056 3520 meruisset
1101 3459 1378 3520 Christus
1424 3457 1715 3520 omnibus
1752 3458 2118 3520 hominihus

557 3547 843 3628 gloriam,
873 3551 981 3612 sed
1015 3557 1261 3613 tantum
1287 3551 1585 3630 gratiam,
1620 3569 1746 3632 qua
1765 3551 1886 3630 ipsi
1917 3569 2118 3614 mere·-

556 3647 771 3703 rentur
799 3643 1086 3722 gloriam,
1121 3643 1289 3724 quod
1325 3643 1552 3706 falsum
1580 3653 1703 3719 est;
1735 3646 1847 3706 sed
1874 3652 2114 3707 utrum-

556 3749 680 3810 que
732 3735 865 3812 ipse
906 3737 1086 3798 nobis
1137 3739 1383 3814 meruit,
1427 3739 1711 3818 quamvis
1758 3757 1871 3799 nos
1922 3737 2112 3800 etiam

555 3827 865 3906 possimus
910 3829 1259 3910 adjungere
1304 3837 1588 3893 nostrum
1641 3831 1936 3892 meritum
1985 3849 2112 3892 res-

554 3924 737 3999 pectu
766 3922 1000 4000 gloriae.
1022 3923 1195 3984 Idem
1219 3941 1368 4004 ergo
1400 3923 1735 3986 dicendum
1762 3931 1857 3986 est
1888 3923 1969 3986 de
2003 3943 2111 3986 au·

555 4021 809 4090 gmento
836 4015 1048 4095 gratiae
1090 4023 1151 4078 et
1201 4017 1433 4098 gloriae,
1461 4023 1528 4079 ut
1556 4017 1746 4079 totius
1776 4017 2016 4094 salatia,
2049 4019 2112 4080 et

552 4105 692 4167 vitae
726 4113 973 4170 aeternae
1012 4109 1330 4190 justorum
1360 4109 1638 4174 Christus
1668 4113 1747 4173 sit
1794 4111 2113 4189 perfectis-

555 4197 709 4261 sima
740 4219 926 4262 causa
951 4247 971 4278 ,
1018 4207 1081 4264 et
1120 4205 1324 4264 omnis
1372 4205 1745 4265 Sanctorum
1788 4203 2112 4266 beatitudo

554 4309 795 4355 merces
828 4293 907 4354 sit
938 4311 1197 4374 operum
1222 4293 1483 4370 Christi3
1518 4297 1598 4356 ad
1626 4313 1815 4374 quem
1856 4313 2113 4358 sensum

553 4386 988 4449 accommodat
1032 4388 1225 4448 Hilar.
1276 4389 1429 4448 illud
1482 4389 1705 4449 Psalm.
1752 4391 1867 4450 126
1900 4410 1915 4448 :
1952 4391 2116 4455 Ecce

554 4479 877 4542 Itoereditas
899 4480 1165 4557 Domini,
1193 4477 1358 4543 Filii
1385 4499 1625 4554 merces,
1642 4482 1881 4558 dicens,
1910 4482 2112 4562 ipsam

554 4567 985 4628 haereditatem
1009 4569 1379 4631 Sanctorum
1408 4585 1547 4631 esse
1574 4571 1931 4633 mercedem
1949 4572 2111 4650 Filii,

553 4660 617 4721 id
649 4667 767 4733 est,
794 4660 1041 4738 Christi,
1094 4670 1156 4724 et
1201 4661 1569 4724 meritorum
1600 4664 1757 4743 ejus.
1810 4665 1916 4725 His
1965 4681 2116 4744 ergo

554 4751 777 4826 modis,
806 4755 1151 4833 praesertim
1178 4755 1423 4817 duobus
1448 4755 1692 4835 primis,
1726 4761 1787 4816 et
1818 4756 1938 4817 hoc
1968 4757 2118 4818 ulti-

554 4863 658 4906 mo
690 4847 864 4928 (nam
904 4848 1123 4909 tertius
1150 4849 1352 4929 magis
1383 4849 1611 4910 dubius
1634 4849 1785 4926 est),
1818 4853 1988 4911 recte
2019 4851 2118 4910 in-

558 4941 857 5022 telligitur
899 4943 1207 5004 meruisse
1251 4943 1561 5005 Christum
1592 4944 1774 5005 nobis
1814 4961 2118 5023 augmen-

554 5041 688 5094 tum
717 5036 932 5112 gratiae
961 5041 1022 5098 et
1063 5035 1299 5116 gloriae,
1330 5043 1394 5099 et
1421 5038 1556 5117 ipsa
1582 5039 1809 5099 merita
1833 5055 1947 5116 per
1977 5055 2118 5118 quae

554 5127 709 5188 illud
750 5129 1212 5207 consequimur.

632 5223 691 5282 8.
740 5223 1172 5286 Remissirmem
1195 5242 1385 5305 poenoe
1410 5224 1795 5305 temporalis,
1834 5232 1890 5290 et
1916 5226 2117 5288 venia-

552 5314 706 5376 lium
736 5322 1117 5396 peccatorum
1146 5319 1317 5380 nobis
1344 5321 1567 5382 meruit
1602 5316 1905 5382 Christus.
1925 5351 2004 5363 —-
2025 5319 2116 5378 Ex

556 5407 781 5484 quihus
808 5408 1042 5484 infer0,
1090 5415 1153 5470 et
1179 5409 1317 5470 dico
1348 5417 1568 5488 quarto
1595 5411 1901 5471 meruisse
1936 5411 2114 5472 nobis

556 5497 863 5562 Christum
934 5499 1364 5564 remissionem
1432 5519 1637 5582 poenae
1700 5501 2064 5582 temporalis
2089 5547 2110 5580 ,

1790 359 2028 424 QUAEST.
2063 357 2191 414 XIX.
2226 358 2430 414 An'rlc.
2461 359 2546 416 W.

2218 461 2406 524 etiam
2437 479 2578 544 quae
2611 460 2798 524 nohis
2822 459 3007 524 datur
3024 480 3140 544 per
3155 467 3566 536 satisfactiones
3585 497 3677 539 nos·

2216 559 2368 617 tras.
2405 557 2480 618 Et
2509 557 2682 618 idem
2717 555 3264 636 proportionaliter
3304 571 3395 625 est
3421 563 3490 628 de
3525 573 3679 634 remis-

2217 649 2392 711 sione
2421 651 2760 712 venialium
2787 657 3211 730 peccatorum.
3245 656 3334 716 Ita
3364 657 3681 726 (1000101110-

2215 761 2296 805 ne
2328 745 2610 806 Andreas
2645 745 2838 823 Vega‚
2876 743 3029 805 locis
3071 763 3256 826 supra
3287 748 3494 828 citatis,
3535 761 3583 817 et
3607 757 3679 821 lib.

2215 839 2277 912 4,
2321 855 2374 901 c.
2411 839 2451 900 6
2474 884 2491 913 ‚
2533 840 2594 900 et
2636 837 2944 918 colligitur
2987 857 3114 900 non
3164 839 3424 906 obscure
3451 865 3518 908 ex
3539 851 3684 913 verbis

2215 929 2776 993 Concilii'l'rident.
2833 947 3022 1012 supra
3064 931 3306 1010 citatis,
3353 953 3424 998 ex
3469 957 3595 1002 sess.
3617 947 3685 1019 1-1,

2217 1039 2352 1102 cap.
2379 1024 2418 1084 8
2435 1044 2455 1099 3
2483 1025 2546 1086 et
2575 1023 2743 1086 favet
2771 1041 2950 1086 sacra
2979 1025 3318 1105 Scriptura,
3351 1047 3482 1109 quae
3505 1051 3686 1098 omnem

2215 1117 2576 1196 hujusmodi
2623 1118 3057 1180 remissionem
3085 1121 3378 1201 sanguini
3399 1123 3595 1188 Christi
3615 1131 3689 1189 111·-

2213 1209 2368 1288 buit,
2397 1217 2465 1272 ut
2495 1211 2748 1292 Apocal.
2785 1215 2822 1273 7
2849 1211 3142 1275 dicuntur
3165 1215 3377 1278 Sancti
3397 1215 3592 1281 lavisse
3607 1229 3688 1282 sto-

2211 1303 2307 1366 las
2327 1323 2496 1380 01100,
2521 1310 2583 1365 et
2601 1303 2996 1367 dealbavisse
3021 1307 3220 1368 casin
3251 1311 3541 1390 sanguine
3553 1316 3686 1392 Agniz

2213 1403 2273 1460 et
2309 1401 2337 1458 1
2381 1399 2560 1460 Joan.
2613 1401 2652 1459 2
2690 1419 2706 1458 ε
2755 1397 3033 1482 δἀπραίε
3073 1397 3207 1479 ejus
3257 1403 3690 1469 emmdatnosai

2212 1491 2373 1554 omni
2412 1497 2692 1572 peccato;
2741 1491 3012 1554 dicimur
3063 1501 3279 1556 antem
3337 1498 3623 1558 emundari
3653 1507 3690 1560 et

2211 1585 2515 1660 dealbari,
2551 1603 2680 1646 non
2711 1583 2917 1648 solum
2945 1602 3060 1666 per
3085 1587 3508 1652 remissionem
3533 1591 3688 1672 culpe,

2210 1679 2324 1740 sed
2352 1679 2538 1741 etiam
2578 1695 2820 1758 poenae;
2853 1679 3014 1742 sicut
3051 1681 3118 1742 in
3161 1685 3516 1762 purgatorio
3539 1683 3692 1744 dicun-

2208 1779 2312 1834 tur
2335 1773 2562 1834 animae
2585 1773 2954 1834 Sanctorum
2986 1777 3267 1854 purgari,
3291 1777 3475 1838 etiam
3497 1777 3540 1838 si
3559 1777 3691 1840 inter·

2208 1865 2360 1927 dum
2389 1865 2592 1926 solum
2617 1865 2894 1928 habeant
2921 1873 3166 1928 reatum
3211 1885 3412 1948 poenoe
3449 1875 3691 1948 tempora-

2207 1959 2304 2022 lis.
2335 1959 2719 2038 Explicanda
2757 1977 2906 2022 vero
2956 1966 3052 2022 est
3089 1961 3228 2024 haec
3264 1963 3560 2026 conclusio
3585 1965 3691 2028 sicut

2207 2051 2595 2134 praecedens,
2625 2052 2771 2131 quia
2806 2054 2994 2116 etiam
3029 2053 3111 2116 ad
3138 2055 3599 2118 satisfactionem
3617 2077 3692 2137 pro

2207 2163 2420 2227 poena,
2447 2145 2805 2208 necessaria
2827 2153 2923 2208 est
2952 2149 3150 2227 gratia
3179 2154 3244 2211 et
3275 2150 3584 2229 promissio
3601 2151 3690 2226 Dei,

2207 2248 2270 2302 et
2315 2245 2652 2319 utrumque
2700 2241 2898 2301 estex
2939 2241 3172 2303 meritis
3209 2241 3470 2321 Christi3
3497 2245 3691 2322 etquis,

2207 2336 2366 2396 sicut
2393 2335 2532 2413 ipse
2569 2333 2802 2396 meruit
2831 2339 2906 2396 ut
2940 2336 3110 2413 justo
3162 2336 3252 2398 sic
3281 2337 3445 2399 bene
3477 2335 3692 2417 operanti

2207 2429 2462 2490 daretur
2489 2427 2616 2488 tale
2661 2427 2990 2506 praemium
3018 2477 3034 2502 ,
3081 2429 3168 2490 ita
3203 2431 3435 2492 meruit
3477 2439 3541 2492 ut
3574 2432 3692 2509 justo

2201 2521 2311 2584 tali
2347 2521 2538 2582 modo
2576 2539 2648 2582 00
2681 2521 3008 2600 affligenti,
3059 2529 3167 2584 aut
3195 2523 3518 2603 castiganti
3537 2525 3592 2584 in
3615 2525 3692 2582 hac

2201 2615 2352 2686 vita,
2385 2614 2838 2676 concederetur
2864 2613 3151 2678 remissio
3177 2623 3376 2679 tantoe
3403 2623 3693 2697 poenae310-

2203 2716 2337 2771 tum
2365 2708 2531 2770 enim
2561 2709 2681 2769 hoc
2703 2707 2940 2788 optime
2961 2707 3132 2770 cadit
3149 2710 3215 2770 in
3236 2710 3691 2790 perfectissimum

2201 2801 2424 2865 Christi
2451 2801 2769 2876 meritum,
2795 2807 2859 2862 et
2885 2803 3295 2865 commendat
3327 2805 3524 2885 magis
3545 2803 3692 2864 chari·

2200 2901 2396 2957 tatem
2425 2896 2564 2974 ejus
2593 2911 2746 2974 erga
2775 2911 2891 2955 nos
2911 2940 2932 2969 ‚
2975 2901 3040 2958 et
3078 2895 3428 2975 perfectum
3451 2898 3690 2957 intluxum

2201 3005 2391 3068 quem
2421 2989 2486 3048 in
2515 3003 2631 3047 nos
2663 2986 2857 3048 habet
2876 3033 2896 3063 ,
2930 2993 3001 3050 ut
3029 2995 3219 3069 caput
3245 2989 3315 3050 in
3343 2991 3629 3062 membra,
3653 2993 3694 3048 et

2199 3082 2630 3161 perfectiorem
2682 3081 2996 3142 rationem
3037 3083 3296 3161 justitias
3344 3085 3622 3154 continet:
3645 3099 3692 3142 ae

2200 3175 2474 3254 denique
2503 3191 2694 3254 supra
2736 3175 2938 3236 citatis
2989 3177 3328 3256 Scripturis
3363 3184 3426 3240 et
3469 3177 3692 3238 Conciliis

2199 3275 2691 3330 consentaneum
2719 3275 2834 3330 est.
2857 3271 2936 3330 Et
2953 3269 3314 3332 confirmari
3341 3272 3521 3333 etiam
3543 3275 3694 3350 potest

2199 3377 2278 3423 ex
2305 3363 2583 3423 tractatis
2613 3361 2693 3424 de
2719 3362 3140 3424 satisfactione
3157 3365 3489 3440 Christi‚et
3511 3369 3690 3432 nostra,

2198 3471 2336 3534 quse
2369 3455 2430 3516 in
2462 3455 2564 3516 illa
2594 3455 2917 3530 fundatur,
2949 3473 3160 3536 supra,
3187 3473 3255 3536 q.
3291 3462 3351 3532 1,
3379 3457 3692 3519 1110281110

2199 3565 2388 3610 causa
2418 3566 2567 3628 ergo
2595 3547 2840 3622 Palud.,
2879 3550 2943 3610 in
2970 3555 3032 3624 4,
3063 3550 3205 3611 dist.
3232 3553 3337 3626 20,
3369 3567 3431 3630 q.
3462 3555 3520 3624 4,
3541 3568 3595 3610 11.
3623 3550 3690 3619 11,

2197 3659 2387 3721 0110111
2416 3641 2668 3703 Antoni.
2701 3641 3006 3722 sequitur,
3041 3647 3070 3704 1
3100 3647 3294 3723 part„
3337 3645 3432 3706 tit.
3469 3646 3558 3719 ¹0,
3583 3661 3626 3704 c.
3650 3644 3691 3716 3,

2192 3735 2230 3818 ξ
2261 3739 2319 3806 1,
2353 3740 2544 3815 negat
2571 3735 2808 3797 remitti
2857 3737 3041 3798 nobis
3071 3755 3330 3817 semper
3356 3755 3559 3818 poenas
3581 3744 3696 3798 tem·

2193 3829 2438 3909 porales
2477 3845 2554 3889 ex
2601 3829 2825 3890 merito
2851 3830 3098 3905 Christi,
3131 3831 3250 3892 sed
3273 3851 3351 3893 ex
3385 3831 3604 3892 liberali
3625 3846 3693 3889 re-

2191 3921 2488 3983 missione
2521 3922 2670 3982 Dei:
2699 3922 2858 3996 Quia
2891 3924 3078 4000 alias,
3123 3925 3355 4004 inquit,
3379 3927 3447 3988 in
3469 3925 3614 3986 nullo
3635 3938 3694 3984 es·

2190 4020 2281 4077 eet
2325 4016 2490 4077 Deus
2541 4015 2852 4078 nobiscum
2899 4015 3198 4080 liberalis.
3253 4019 3406 4090 Quse
3445 4016 3692 4079 sententia

2194 4125 2270 4170 eo
2295 4107 2628 4169 absurdior
2651 4108 2805 4170 mihi
2833 4109 3098 4186 videtur,
3124 4128 3252 4191 quo
3278 4113 3394 4192 ipsi
3415 4113 3694 4191 loquuntur

2195 4200 2274 4263 de
2305 4201 2676 4263 remissione
2705 4219 2843 4282 quae
2889 4202 2964 4265 fit
3008 4205 3076 4264 in
3127 4206 3558 4282 sacramentis3
3585 4217 3690 4263 nam

2195 4295 2608 4356 certissimum
2643 4301 2753 4367 est,
2795 4309 3049 4357 omnem
3075 4297 3372 4360 effectum
3401 4311 3694 4360 sacramen·

2193 4395 2402 4452 torum
2424 4405 2562 4450 esse
2607 4405 2686 4450 ex
2726 4389 2953 4450 Christi
2979 4391 3244 4466 111011ῐὶ0,
3281 4396 3356 4454 ut
3386 4409 3560 4470 supra
3581 4388 3688 4450 dixi.

2192 4485 2268 4544 Et
2291 4483 2450 4544 ratio
2481 4499 2701 4544 eorum
2727 4481 2958 4544 nullius
2986 4486 3290 4546 momenti
3315 4491 3430 4558 est,
3455 4499 3584 4546 nam
3599 4497 3694 4542 ma-

2193 4579 2296 4657 jor
2319 4576 2662 4639 liberalitas
2703 4576 2812 4637 Dei
2837 4581 2934 4638 est
2975 4576 3126 4639 dare
3151 4577 3335 4640 nobis
3371 4577 3569 4641 Christi
3601 4589 3694 4635 me·

2198 4668 2340 4743 rita,
2375 4679 2439 4731 et
2466 4669 2980 4743 satisfactionem,
2999 4675 3062 4731 et
3080 4677 3415 4750 propterea
3430 4669 3692 4733 remittere

2197 4761 2379 4822 nobis
2413 4777 2706 4842 poenam,
2737 4777 2928 4836 quam
2965 4763 3258 4824 eamdem
3289 4779 3532 4844 poenam
3555 4757 3692 4822 nobis

2199 4853 2392 4932 gratis
2421 4854 2802 4916 condonare.

2277 4949 2337 5008 9.
2385 4944 2666 5024 objectio.
2687 4977 2772 4993 —
2794 4947 3147 5028 Responsio.
3167 4980 3252 4998 --
3281 4953 3456 5014 Dicet
3479 4946 3688 5026 aliquis:

2199 5037 2252 5098 si
2278 5038 2574 5098 meritum
2607 5037 2834 5101 Christi
2859 5041 3047 5102 simul
3095 5047 3410 5106 concurrit
3437 5057 3564 5106 cum
3585 5051 3692 5098 nos·

2194 5137 2292 5192 tra
2343 5131 2770 5193 satisfactione
2821 5134 2903 5195 ad
2951 5137 3252 5199 eumdem
3303 5139 3593 5205 effectum,
3615 5125 3690 5191 vel

2197 5229 2536 5303 utrumque
2563 5223 2932 5305 imperfecto
2957 5229 3148 5291 modo
3175 5231 3500 5304 concurrit,
3526 5225 3608 5290 vel
3625 5221 3692 5283 al-

2194 5324 2400 5379 terum
2425 5318 2761 5380 redundat.
2790 5321 3226 5399 Respondetur
3273 5322 3547 5404 negando
3581 5331 3690 5378 con·

2196 5411 2633 5492 sequentiam
2667 5421 3050 5476 concurrunt
3077 5417 3250 5478 enim
3279 5424 3346 5479 ut
3396 5427 3579 5478 causas
3619 5407 3691 5468 di·

2193 5513 2515 5566 versorum
2568 5521 2910 5584 generum;
2966 5509 3260 5573 meritum
3316 5510 3476 5572 enim
3515 5495 3688 5566 christi
3798 5531 3800 5542 ·
