3892 6167
591 337 710 398 5⁸16

1817 335 2053 401 Quaesr.
2088 335 2238 388 xxv.
2274 335 2477 390 Aurio.
2516 339 2574 391 ιι.

589 442 655 503 in
685 441 994 522 principio
1021 439 1182 502 facta
1209 485 1228 510 ‚
1261 439 1410 518 quia
1439 438 1518 503 de
1549 439 1794 502 ratione
1827 437 2025 503 latriae
2056 455 2165 496 so-
2246 436 2367 510 nis,
2400 435 2503 496 illa
2532 436 2815 498 adoratio
2842 455 2975 500 non
3004 437 3124 498 erit
3150 435 3431 516 perfecta
3467 437 3665 508 latria,
3684 445 3771 504 sed

591 533 722 596 lum
749 543 846 599 est
885 542 956 598 ut
999 551 1272 615 persona
1317 533 1578 596 adorata
1620 533 1697 596 sit
1742 551 1930 594 verus
1962 533 2155 602 Deus;

589 645 718 690 nou
747 648 898 692 vero
929 635 1024 690 est
1053 644 1312 688 necesso
1335 633 1401 688 ut
1423 627 1730 706 quidquid
1755 626 2153 696 coadoratur.

589 723 672 784 sit
697 723 886 786 etiam
917 724 1113 790 Deus:
1147 722 1299 782 satis
1329 728 1426 784 est
1453 721 1622 784 euim
1655 721 1704 781 si
1737 737 2017 800 perseum
2042 720 2155 782 Dei

591 816 998 897 conjunctum
1027 815 1140 884 eit,
1177 815 1324 894 quia
1343 858 1362 886 ,
1387 813 1532 878 licet
1563 815 1698 876 baec
1727 831 1973 876 summa
2004 813 2157 876 ado-

589 908 750 968 ratio
781 909 865 970 ad
917 915 1210 970 naturam
1261 911 1648 986 assumptam
1703 907 1890 970 etiam
1943 907 2155 986 aliquo

591 1000 778 1061 modo
811 1001 1156 1080 pertineat,
1187 1019 1316 1062 non
1345 1007 1560 1062 tamen
1589 1017 1770 1079 reque
1799 1000 2158 1080 principali-

592 1097 688 1153 ter
723 1111 800 1159 ac
841 1093 1112 1171 pertinet
1159 1092 1240 1153 ad
1285 1093 1486 1172 ipsam
1537 1109 1875 1172 personam
1923 1109 2041 1171 per
2088 1110 2156 1152 se

593 1186 798 1264 primo
827 1185 1176 1260 adoratam,
1203 1185 1372 1248 etad
1403 1186 1720 1266 propriam
1759 1191 1824 1245 et
1858 1191 2161 1246 connatu-

589 1278 784 1340 ralem
835 1280 974 1360 ejus
1023 1285 1335 1342 naturam.
1369 1278 1548 1352 Quod
1581 1290 1752 1342 recte
1801 1276 2159 1340 declaratur

593 1373 882 1454 exemplo
909 1373 1182 1436 hominis
1211 1391 1404 1454 snpra
1434 1373 1666 1452 posito:
1699 1372 1955 1452 quando
1984 1371 2154 1434 enim

589 1469 780 1530 homo
807 1467 1110 1530 adoratur
1129 1466 1308 1529 dulia
1328 1512 1344 1536 ,
1375 1467 1564 1528 simul
1609 1465 1987 1529 coadoratur
2012 1483 2154 1527 cor·-

589 1580 704 1641 pus
733 1561 895 1641 ejus,
915 1578 1278 1640 quanquam
1307 1577 1424 1622 nec
1447 1577 1678 1640 corpus
1697 1559 1776 1620 sit
1797 1557 2013 1632 homo,
2036 1577 2155 1620 nec

591 1660 830 1718 tantam
873 1653 1308 1717 excellentiam
1350 1651 1584 1714 habeat
1615 1660 1918 1732 quautam
1961 1651 2155 1714 hahet

591 1749 803 1821 bomo,
830 1747 932 1808 vel
957 1746 1166 1808 anima
1197 1745 1371 1825 ejus;
1405 1745 1513 1808 sed
1543 1745 1770 1808 sufficit
1795 1745 2153 1824 conjunctio

593 1841 672 1904 ad
701 1842 1004 1914 animam,
1027 1847 1096 1902 ut
1121 1839 1404 1902 adoratio
1433 1841 1623 1902 totius
1653 1841 1716 1902 in
1745 1839 1898 1901 illud
1923 1839 2157 1902 redun-

593 1935 720 1998 det.
747 1935 820 1996 Et
839 1952 952 2014 per
973 1935 1106 1995 baec
1132 1934 1316 1996 etiam
1349 1939 1525 2014 patet
1543 1933 1768 1995 solutio
1787 1933 1870 1994 ad
1890 1933 2153 2012 primam

591 2026 1160 2102 confirmationem,
1183 2033 1247 2088 et
1277 2027 1338 2088 in
1363 2027 1652 2106 exemplo
1675 2025 1963 2090 sacrificii
1984 2026 2155 2105 quod

593 2121 678 2182 ibi
715 2120 1070 2195 adducitur,
1105 2120 1310 2196 magis
1353 2120 1733 2192 declaratur;
1779 2119 2153 2182 sacrificinm

593 2219 762 2282 enim
791 2217 818 2296 (
833 2224 904 2280 ut
932 2237 1123 2298 supra
1149 2217 1458 2295 diximus)
1487 2235 1798 2280 summam
1827 2221 1890 2280 et
1919 2217 2155 2296 perfec-

589 2321 718 2376 tam
748 2314 994 2376 latriam
1025 2312 1328 2385 continet,
1355 2319 1421 2374 et
1447 2312 1686 2376 Christo
1717 2312 1999 2384 offertur,
2026 2329 2155 2372 non

591 2407 848 2487 quidem
873 2407 1120 2470 ratione
1149 2406 1580 2480 humanitatis,
1609 2407 1757 2486 quia
1787 2406 2151 2468 excellentia

589 2520 704 2582 per
733 2499 1108 2564 sacrificium
1137 2501 1482 2580 significata
1509 2518 1634 2562 non
1661 2500 1957 2562 convenit
1982 2499 2156 2562 Chri·

589 2600 686 2656 sto
727 2595 972 2656 ratione
1003 2594 1443 2667 humanitatis,
1477 2592 1590 2654 sed
1619 2591 2156 2675 divinitatis-Pro-

591 2695 732 2768 pter
759 2687 934 2765 quod
967 2687 1118 2749 dixit
1146 2687 1555 2765 Augustinus,
1587 2686 1696 2748 lib.
1728 2688 1808 2747 10
1839 2685 1918 2748 de
1950 2684 2151 2759 civit„

589 2800 646 2843 c.
679 2784 792 2842 10:
827 2779 1130 2856 Christus,
1151 2799 1286 2844 cum
1313 2783 1381 2841 in
1409 2782 1614 2856 formo
1639 2777 1752 2842 Dei
1777 2779 2153 2855 eam-ificium

591 2873 780 2937 simul
806 2891 942 2937 cum
963 2874 1154 2938 Patre
1169 2879 1396 2943 sumat,
1419 2877 1619 2936 tamen
1645 2872 1716 2934 in
1734 2874 1940 2945 forma
1964 2873 2149 2942 servi,

594 2967 971 3046 sacrificium
1014 2966 1234 3030 maluit
1277 2982 1402 3028 esse
1445 2983 1624 3046 quom
1667 2981 1930 3040 rumore,
1960 2983 2035 3027 no
2064 2964 2156 3028 vel

595 3063 708 3125 Ινισ
759 3058 1060 3124 occasione
1107 3060 1428 3142 quisquam
1481 3058 1858 3122 existimaret
1913 3058 2157 3122 cuilibet

593 3170 722 3216 esee
762 3153 1223 3222 eaorifiaeandum
1257 3158 1550 3214 &aalma
1559 3173 1586 3220 ;
1613 3149 2021 3212 nihilominus
2058 3157 2155 3214 ta-

591 3263 768 3317 men,
791 3245 937 3307 licet
967 3244 1070 3307 hic
1099 3243 1300 3306 bonor
1325 3244 1612 3308 sacrificii
1643 3245 2011 3306 humanitati
2043 3263 2155 3324 per

591 3356 660 3402 se
687 3338 891 3419 primo
921 3355 1048 3402 non
1079 3337 1420 3409 deferatur,
1451 3356 1594 3401 cum
1622 3344 1834 3400 tamen
1859 3338 2155 3416 simplici-

589 3438 690 3496 ter
733 3431 996 3494 offertur
1019 3431 1168 3494 huic
1191 3432 1430 3494 homini
1455 3431 1736 3505 Christo,
1765 3431 1830 3492 in
1871 3432 2009 3509 eJus
2038 3431 2155 3492 hu-

589 3525 958 3588 manitatem
985 3525 1318 3588 redundat.

673 3621 734 3682 6.
778 3618 876 3682 Ad
927 3619 1266 3682 secundam
1317 3617 1860 3680 confirmationem
1895 3635 2151 3696 respon-

591 3713 780 3776 detur
801 3761 815 3788 ,
853 3713 1016 3776 hauc
1043 3713 1477 3776 adorationem
1509 3711 1774 3774 relatam
1821 3729 1901 3774 ex
1950 3711 2155 3772 inten-

589 3807 764 3870 tione
809 3807 1132 3886 operantis
1177 3806 1260 3868 ad
1293 3805 1566 3867 Verbum
1617 3805 2043 3876 incarnatum,
2072 3822 2153 3866 ex

589 3908 768 3982 parte
799 3899 1136 3962 materialis
1165 3899 1396 3977 objecti
1425 3899 1638 3978 aliquo
1679 3895 1870 3962 modo
1897 3898 2151 3960 differre

589 3993 670 4057 ab
697 3993 1063 4056 adoratione
1107 3992 1288 4054 Verbi
1323 3991 1670 4054 secundum
1701 4010 1802 4062 ως
1833 4009 1963 4054 uon
2004 4009 2151 4054 vero

587 4086 736 4149 iude
759 4085 828 4149 flt
847 4087 1017 4148 illam
1049 4085 1480 4148 adorationem
1501 4103 1629 4146 non
1649 4102 1790 4148 esse
1811 4101 2148 4161 summam,

587 4179 689 4240 vel
717 4197 858 4242 esse
900 4179 1158 4242 alterius
1197 4179 1477 4242 rationis.
1513 4180 1686 4240 Sicut
1721 4177 2005 4240 adoratio
2034 4178 2146 4238 du-

587 4270 718 4342 liae,
739 4287 882 4350 quae
909 4270 1095 4332 datur
1111 4271 1341 4332 animm
1365 4277 1698 4350 separatae,
1720 4271 1819 4332 vel
1845 4271 1955 4332 toti
1982 4289 2151 4332 com-

589 4364 790 4442 posito
812 4409 829 4436 ‚
861 4381 940 4426 cx
975 4371 1152 4444 parte
1181 4365 1520 4426 materialis
1561 4364 1787 4443 objecti
1831 4364 2151 4426 diversita-

587 4463 716 4520 tem
741 4457 964 4530 habet;
985 4456 1331 4520 formaliter
1359 4463 1568 4518 tamen
1597 4458 1821 4518 eadem
1851 4464 1970 4531 est,
2002 4458 2149 4537 quia

589 4549 956 4612 excellentia
1001 4556 1065 4612 et
1103 4567 1210 4611 res
1235 4549 1530 4629 primario
1569 4549 1830 4612 adorata
1857 4567 1989 4612 non
2032 4569 2145 4612 va-

584 4644 786 4706 riatur
812 4641 1249 4716 essentialiter,
1277 4642 1390 4704 sed
1427 4643 1632 4704 solum
1669 4649 1768 4704 est
1791 4642 2005 4721 aliqua
2042 4661 2143 4706 va-

585 4737 782 4800 rietas
807 4737 878 4798 in
905 4737 1238 4815 adjunctis,
1271 4755 1412 4816 qum
1445 4751 1572 4799 non
1601 4737 1752 4800 satis
1781 4744 1875 4800 est
1904 4737 1989 4799 ad
2027 4737 2141 4798 for·

583 4831 817 4894 malem
857 4829 1319 4892 distinctionem
1368 4829 1771 4904 adorationis,
1827 4849 1971 4894 cum
2018 4831 2145 4893 for-

583 4923 752 4986 male
779 4924 1095 5002 objectum
1139 4929 1204 4986 et
1228 4923 1552 4985 materiale
1583 4923 1946 5002 primarium
1978 4925 2144 4986 idem

581 5022 857 5079 maneat.
879 5016 1228 5079 Praesertim
1251 5035 1392 5080 cum
1416 5017 1682 5096 reliqua,
1705 5036 1835 5080 non
1853 5017 2145 5080 distinctu

580 5111 965 5185 intentione,
1010 5120 1075 5172 et
1101 5112 1279 5190 quasi
1309 5118 1452 5172 actu
1485 5109 1767 5186 formali,
1811 5112 1924 5172 sed
1954 5112 2143 5174 veluti

579 5204 880 5282 implicite
906 5210 968 5265 et
1000 5205 1492 5266 concomitanter
1520 5205 1884 5266 adorentur.

661 5303 720 5360 7.
756 5299 906 5360 Dico
935 5297 1252 5359 secundo:
1283 5298 1334 5358 si
1361 5297 1638 5360 Christus
1667 5303 1734 5360 ut
1763 5298 1951 5360 bomo
1981 5315 2141 5375 prae-

581 5393 726 5454 eise.
739 5391 1038 5454 adoretur
1064 5395 1318 5470 propter
1344 5391 1712 5471 dignitatem
1741 5394 1804 5454 et
1833 5391 2140 5454 excelleu-

578 5487 729 5546 tiam
759 5503 954 5564 quam
989 5484 1130 5564 ejus
1161 5485 1518 5548 humanitas
1547 5485 1738 5550 habet
1763 5503 1842 5548 ex
1870 5485 1928 5546 vi
1964 5484 2143 5546 unio-

2240 530 2519 594 int'erior.
2546 534 2719 594 Hauc
2742 532 3217 594 conclusionem
3240 533 3517 610 probant
3536 535 3773 598 ratim

2240 623 2301 682 in
2334 624 2635 704 principio
2666 625 2873 701 factae,
2906 635 2971 686 et
3004 643 3147 704 quse
3176 624 3241 684 in
3272 625 3649 703 explicanda
3682 629 3775 688 Ga·

2236 716 2449 778 brielis
2478 725 2541 780 et
2586 718 2857 780 aliorum
2902 719 3219 780 sententia
3250 717 3555 780 diximus.
3590 721 3661 780 Et
3696 723 3773 782 de

2236 809 2511 872 claratnr
2560 811 2821 874 ulterius
2857 833 2874 871 z
2912 811 3091 889 quod
3138 810 3311 874 enim
3364 811 3649 874 Christus
3690 815 3775 874 mh

2242 901 2365 964 hac
2392 904 2635 966 ratione
2676 904 2927 966 adorari
2954 905 3189 983 possit,
3220 922 3341 984 per
3370 921 3445 968 se
3484 912 3697 966 notum
3720 909 3779 966 ri·

2244 995 2455 1073 detur,
2486 997 2633 1075 quia
2664 998 2783 1059 sub
2820 997 2943 1060 hac
2982 999 3233 1060 ratione
3268 997 3479 1060 habet
3516 999 3779 1076 maior-an

2244 1091 2683 1152 excellentiam
2735 1098 2798 1153 et
2840 1091 3215 1170 dignitatem
3256 1109 3465 1170 qnam
3496 1092 3579 1152 sit
3616 1097 3779 1154 omnis

2240 1192 2449 1246 creata
2480 1185 2885 1255 excellentiaz
2927 1202 3081 1264 ergo
3115 1191 3383 1264 propter
3412 1185 3584 1246 banc
3620 1185 3779 1264 digni·

2236 1283 2427 1340 tatem
2464 1295 2593 1340 non
2628 1279 2833 1342 solum
2862 1286 2959 1341 est
3002 1279 3385 1342 adoratione
3418 1278 3675 1354 diguus,
3698 1283 3779 1342 sed

2236 1371 2423 1434 etiam
2462 1372 2689 1451 mojori
2732 1379 2797 1434 et
2832 1372 3263 1437 excellentiori
3306 1389 3511 1451 quam
3542 1373 3663 1434 sint
3686 1392 3777 1436 om-

2232 1482 2349 1528 nes
2392 1466 2603 1528 Sancti
2643 1469 2901 1545 propter
2936 1467 3347 1528 sanctitatem
3396 1483 3609 1528 suam.
3642 1467 3779 1537 Quod

2234 1578 2385 1621 vero
2408 1561 2539 1622 boec
2562 1560 2843 1622 adoratio
2861 1578 2991 1623 nou
3012 1562 3094 1624 eit
3108 1567 3243 1624 tam
3263 1561 3605 1624 excellens
3628 1580 3775 1640 quam

2237 1653 2317 1717 sit
2346 1655 2451 1716 illa
2478 1654 2681 1725 latria.
2704 1673 2844 1734 quoe
2874 1654 3143 1718 debetur
3172 1657 3309 1718 Deo
3336 1655 3689 1716 secundum
3714 1674 3775 1720 se.

2234 1749 2559 1828 probatur,
2592 1749 2739 1829 quia
2786 1749 2993 1810 minor
3030 1756 3131 1812 est
3172 1749 3569 1812 excellentia
3606 1750 3777 1828 gratia-

2236 1842 2487 1904 uuionis
2512 1843 2581 1904 in
2620 1843 2755 1923 ipsa
2790 1843 3207 1912 humanitate.
3238 1861 3449 1922 quam
3496 1843 3577 1904 sit
3622 1844 3779 1904 excel-

2232 1935 2427 1998 lentia
2478 1936 2817 1998 divinitatis
2864 1936 3221 1998 secundum
3276 1955 3377 2002 se.
3430 1935 3593 1998 sicut
3634 1955 3777 2014 supe

2236 2031 2423 2092 etiarn
2468 2029 2855 2103 dicebamuS‚
2904 2031 3223 2092 rationem
3272 2029 3633 2102 filiationis,
3680 2049 3778 2107 qua

2236 2123 2527 2184 convenit
2566 2123 2808 2186 Christo
2854 2129 2923 2185 ut
2970 2123 3236 2194 bomini,
3274 2141 3401 2184 seu
3438 2123 3511 2184 in
3546 2124 3777 2184 humari·

2235 2223 2363 2280 tote
2390 2235 2529 2290 sua,
2554 2234 2669 2295 per
2694 2218 2961 2295 gratiam
2990 2217 3273 2289 unionis,
3302 2223 3375 2278 et
3404 2235 3491 2278 ex
3520 2224 3773 2296 tempore,

2234 2327 2369 2372 esse
2412 2309 2721 2372 interioris
2766 2311 3028 2374 rationis
3074 2327 3277 2390 quam
3330 2311 3419 2372 sit
3470 2310 3685 2372 filiatio
3714 2313 3777 2370 ir-

2236 2393 2478 2478 ereata,'
2495 2421 2637 2482 quae
2666 2403 2755 2466 illi
2784 2409 2853 2464 ut
2880 2404 3007 2466 Deo
3054 2403 3373 2466 convenit
3417 2421 3547 2484 per
3574 2421 3776 2484 genere-

2236 2498 2473 2558 tionem
2504 2503 2835 2560 eternam.

2318 2591 2378 2652 8.
2422 2591 3145 2672 Dubium-Responsio.
3170 2623 3261 2640 —
3282 2592 3425 2654 Sed
3456 2598 3687 2671 quaeret
3706 2593 3777 2652 aiz·

2234 2684 2379 2762 quis
2404 2683 2609 2762 qualis
2636 2683 2717 2746 sit
2742 2683 2877 2744 haec
2906 2683 3193 2746 adoratio
3212 2729 3229 2755 ,
3262 2691 3337 2746 et
3366 2685 3774 2763 quomodoap-

2235 2777 2529 2856 pellenda
2562 2777 2683 2853 sit,
2716 2783 2779 2840 et
2805 2777 3123 2856 quomodo
3150 2778 3429 2842 differat
3452 2797 3503 2842 o.
3528 2779 3773 2858 superiori

2234 2869 2625 2940 adoratione,
2670 2887 2797 2948 qua
2848 2869 3117 2932 diximus
3162 2870 3371 2932 simut
3420 2889 3577 2934 cum
3626 2870 3775 2932 Vetto

2234 2961 2689 3024 humanitatem
2734 2963 3099 3034 conderem
3148 2963 3261 3026 vix
3308 2964 3503 3028 enim
3544 2964 3777 3026 videntur

2234 3073 2419 3136 posse
2446 3056 2775 3130 distingui,
2806 3075 2953 3120 eum
2982 3063 3259 3136 utroque
3282 3058 3503 3120 modo
3534 3059 3778 3120 adoretm

2236 3151 2593 3214 humanitas
2626 3151 2869 3212 ratione
2898 3151 3165 3212 unionis.
3202 3152 3663 3232 Roelioudetqr
3684 3170 3777 3212 ωι-

2236 3261 2428 3323 gnam
2480 3261 2620 3305 esse
2672 3243 3113 3304 differentiam.
3170 3244 3427 3308 Primo.
3468 3247 3541 3308 in
3586 3248 3773 3306 ratitum

2234 3336 2503 3404 formali.
2534 3343 2597 3398 et
2628 3336 2861 3398 motivo
2890 3336 3319 3413 adorationis;
3354 3357 3517 3400 nam
3546 3340 3607 3400 in
3636 3338 3773 3418 prii-ri

2234 3430 2537 3492 motivum
2570 3434 2665 3491 est
2692 3428 2963 3508 dignitas
2994 3430 3181 3492 Verbi
3215 3432 3595 3494 secundum
3630 3432 3771 3499 se,ia

2233 3523 2563 3602 posteriori
2607 3541 2752 3585 vero
2786 3523 3084 3586 motivum
3132 3528 3234 3586 est
3282 3525 3602 3606 dignitas,
3634 3542 3773 3604 quam

2236 3616 2595 3678 humanitas
2634 3616 2823 3678 habet
2850 3634 2931 3678 ex
2958 3617 3193 3678 unione
3236 3617 3331 3678 ad
3368 3619 3674 3682 Verbum.
3696 3620 3775 3676 De·

2232 3708 2380 3772 inde
2410 3709 2475 3770 in
2514 3709 2707 3789 priori
2740 3709 3055 3788 objectum
3088 3729 3204 3789 per
3232 3729 3311 3772 se
3354 3713 3577 3791 primo
3598 3711 3773 3772 adon-

2234 3810 2365 3866 tum
2396 3811 2491 3866 est
2513 3821 2779 3884 persona
2804 3803 3155 3866 secundum
3177 3805 3596 3868 divinitatem
3616 3823 3771 3877 snam,

2234 3899 2591 3960 humanitas
2636 3915 2787 3962 vero
2816 3899 3317 3962 concomitanter
3332 3943 3359 3975 ‚
3394 3906 3466 3962 et
3494 3900 3667 3979 qnasi
3688 3899 3773 3958 im-

2231 3991 2475 4070 plicite3
2504 3999 2571 4054 at
2603 3991 2843 4054 veroin
2879 3991 3211 4071 posteriori
3240 3991 3581 4072 objectum
3612 4011 3707 4072 per
3726 4009 3772 4051 se

2230 4084 2437 4163 primo
2458 4085 2783 4146 adoratum
2812 4089 2907 4146 est
2924 4084 3029 4147 hic
3050 4085 3271 4158 homo,
3294 4091 3374 4146 ut
3392 4087 3771 4166 compositam

2232 4195 2312 4238 ex
2328 4176 2743 4252 humanitate,
2764 4185 2827 4240 et
2848 4179 3000 4240 utin
3018 4177 3123 4240 illa
3146 4178 3351 4240 habet-
3376 4180 3771 4242 excellentiam

2230 4288 2423 4349 super
2446 4289 2669 4334 omnes
2694 4271 3005 4334 homines.
3025 4271 3315 4350 Denique
3346 4273 3419 4334 in
3444 4273 3639 4352 priori
3662 4271 3773 4331 adu-

2228 4375 2401 4426 ratur
2436 4365 2711 4428 Christus
2736 4371 2807 4426 ut
2850 4365 3109 4444 aequalis
3139 4363 3345 4438 Patri;
3382 4367 3452 4428 in
3482 4364 3769 4446 posteriori

2228 4475 2377 4518 vero
2394 4501 2415 4533 ‚
2448 4464 2517 4519 ut
2551 4458 2751 4520 minor
2782 4459 2985 4525 Patre.
3018 4457 3451 4520 Nihilominus
3479 4467 3679 4522 tamen
3702 4458 3768 4516 vi-

2226 4550 2457 4614 dentur
2488 4551 2553 4612 hi
2585 4552 2713 4614 duo
2738 4559 2917 4614 actus
2938 4551 3108 4614 inter
3134 4571 3201 4614 se
3230 4553 3611 4628 convenire,
3632 4551 3765 4633 quod

2226 4643 2309 4705 ab
2338 4643 2563 4706 eadem
2607 4645 2833 4708 virtute
2882 4644 3205 4724 religionis
3253 4645 3623 4721 eliciuntur,
3648 4646 3761 4724 qui-‘2
3833 4651 3835 4730 ff

2224 4738 2707 4800 fundamentum
2744 4738 2931 4816 hujus
2958 4739 3221 4800 secundi
3256 4746 3447 4803 actus
3472 4748 3575 4804 est
3598 4741 3758 4819 gratia

2226 4831 2500 4906 umorue,
2542 4849 2708 4910 quae,
2756 4831 2900 4895 licet
2938 4850 3015 4892 ex
3056 4837 3237 4910 parte
3274 4832 3681 4894 humanitatis
3700 4831 3759 4892 sit

2226 4923 2467 5000 aliquid
2500 4928 2805 4996 creatum,
2852 4931 3063 4986 tamen
3110 4943 3193 4986 ex
3221 4930 3409 5004 parte
3462 4927 3663 4999 Verbi,
3698 4922 3761 4984 ad

2224 5019 2393 5097 quod
2420 5020 2811 5094 terminatur,
2832 5019 3127 5098 quiddam
3152 5019 3513 5083 increatum
3536 5028 3647 5092 est,
3666 5019 3761 5080 sci-
3833 5035 3835 5066 ;

2222 5111 2387 5184 licet,
2404 5113 2676 5174 Verbum
2696 5131 2811 5192 per
2830 5130 2897 5174 se
2918 5113 3161 5174 unitum
3181 5111 3759 5190 humamtnti,quam
3833 5189 3835 5196 Ι

2224 5222 2339 5284 per
2365 5223 2433 5266 se
2474 5206 2846 5280 sanctificat,
2876 5213 2940 5266 et
2972 5205 3113 5268 ideo
3142 5207 3357 5269 reddit
3384 5208 3555 5271 hunc
3584 5205 3757 5268 bomi-

2223 5315 2373 5358 nem
2400 5297 2803 5376 singulariter
2836 5299 3247 5362 excellentem
3264 5345 3285 5374 ‚
3312 5307 3383 5361 et
3408 5299 3571 5360 dicto
3598 5299 3753 5360 modu

2222 5391 2635 5456 adorabilem.
2660 5391 2895 5454 Eadem
2924 5411 3074 5472 ergo
3102 5393 3323 5463 virtus.
3356 5411 3501 5472 qua!
3528 5393 3753 5456 inclinat

2224 5483 2305 5546 ad
2332 5484 2667 5550 colendum
2700 5485 2977 5550 Verbum
3012 5487 3369 5550 secundum
3406 5506 3501 5564 se,
3530 5487 3753 5550 inclinat
3833 5529 3835 5532 -
