<?xml version="1.0" encoding="UTF-8"?>
<!DOCTYPE html PUBLIC "-//W3C//DTD XHTML 1.0 Transitional//EN"
    "http://www.w3.org/TR/xhtml1/DTD/xhtml1-transitional.dtd">
<html xmlns="http://www.w3.org/1999/xhtml" xml:lang="en" lang="en">
 <head>
  <title>
</title>
<meta http-equiv="Content-Type" content="text/html;charset=utf-8" />
  <meta name='ocr-system' content='tesseract 3.04.00' />
  <meta name='ocr-capabilities' content='ocr_page ocr_carea ocr_par ocr_line ocrx_word'/>
</head>
<body>
  <div class='ocr_page' id='page_1' title='image "./rpfranciscisuar00unkngoog_0136.png"; bbox 0 0 3892 6167; ppageno 0'>
   <div class='ocr_carea' id='block_1_1' title="bbox 487 456 2059 1850">
    <p class='ocr_par' dir='ltr' id='par_1_1' title="bbox 487 456 2059 1850">
     <span class='ocr_line' id='line_1_1' title="bbox 493 456 2058 538; baseline -0.003 -16"><span class='ocrx_word' id='word_1_1' title='bbox 493 458 626 522; x_wconf 83' lang='lat' dir='ltr'><strong>rius</strong></span> <span class='ocrx_word' id='word_1_2' title='bbox 643 457 756 533; x_wconf 88' lang='lat' dir='ltr'><strong>rei,</strong></span> <span class='ocrx_word' id='word_1_3' title='bbox 773 460 980 537; x_wconf 80' lang='lat' dir='ltr'><strong>potest</strong></span> <span class='ocrx_word' id='word_1_4' title='bbox 1001 456 1092 517; x_wconf 89' lang='lat' dir='ltr'><strong>illi</strong></span> <span class='ocrx_word' id='word_1_5' title='bbox 1106 456 1504 537; x_wconf 80' lang='lat' dir='ltr'><strong>praeintelligi</strong></span> <span class='ocrx_word' id='word_1_6' title='bbox 1529 458 1737 538; x_wconf 88' lang='lat' dir='ltr'><strong>aliqua</strong></span> <span class='ocrx_word' id='word_1_7' title='bbox 1761 457 2058 537; x_wconf 87' lang='lat' dir='ltr'><strong>conjunc·</strong></span> 
     </span>
     <span class='ocr_line' id='line_1_2' title="bbox 492 550 2057 631; baseline -0.004 -15"><span class='ocrx_word' id='word_1_8' title='bbox 492 553 580 616; x_wconf 86' lang='lat' dir='ltr'><strong>tio</strong></span> <span class='ocrx_word' id='word_1_9' title='bbox 611 552 712 613; x_wconf 80' lang='lat' dir='ltr'><strong>vel</strong></span> <span class='ocrx_word' id='word_1_10' title='bbox 747 550 1176 611; x_wconf 80' lang='lat' dir='ltr'>denominatio</span> <span class='ocrx_word' id='word_1_11' title='bbox 1207 551 1522 613; x_wconf 86' lang='lat' dir='ltr'><strong>sufficiens</strong></span> <span class='ocrx_word' id='word_1_12' title='bbox 1543 598 1558 625; x_wconf 89' lang='lat'>‚</span> <span class='ocrx_word' id='word_1_13' title='bbox 1591 558 1904 631; x_wconf 85' lang='lat' dir='ltr'><strong>quatenus</strong></span> <span class='ocrx_word' id='word_1_14' title='bbox 1939 550 2057 611; x_wconf 76' lang='lat' dir='ltr'><strong>vir-</strong></span> 
     </span>
     <span class='ocr_line' id='line_1_3' title="bbox 494 642 2055 727; baseline -0.001 -20"><span class='ocrx_word' id='word_1_15' title='bbox 494 652 599 707; x_wconf 87' lang='lat' dir='ltr'><strong>tus</strong></span> <span class='ocrx_word' id='word_1_16' title='bbox 623 646 730 706; x_wconf 89' lang='lat' dir='ltr'><strong>illa</strong></span> <span class='ocrx_word' id='word_1_17' title='bbox 755 645 928 707; x_wconf 84' lang='lat' dir='ltr'><strong>velut</strong></span> <span class='ocrx_word' id='word_1_18' title='bbox 959 645 1251 706; x_wconf 88' lang='lat' dir='ltr'><strong>inchoata</strong></span> <span class='ocrx_word' id='word_1_19' title='bbox 1283 646 1510 707; x_wconf 88' lang='lat' dir='ltr'><strong>dicitur</strong></span> <span class='ocrx_word' id='word_1_20' title='bbox 1531 646 1712 727; x_wconf 87' lang='lat' dir='ltr'><strong>quasi</strong></span> <span class='ocrx_word' id='word_1_21' title='bbox 1753 642 2055 724; x_wconf 87' lang='lat' dir='ltr'><strong>compleri</strong></span> 
     </span>
     <span class='ocr_line' id='line_1_4' title="bbox 495 738 2051 821; baseline -0.001 -20"><span class='ocrx_word' id='word_1_22' title='bbox 495 740 596 801; x_wconf 76' lang='lat' dir='ltr'><strong>vel</strong></span> <span class='ocrx_word' id='word_1_23' title='bbox 619 738 826 819; x_wconf 84' lang='lat' dir='ltr'><strong>juvari</strong></span> <span class='ocrx_word' id='word_1_24' title='bbox 883 756 962 799; x_wconf 82' lang='lat' dir='ltr'><strong>ex</strong></span> <span class='ocrx_word' id='word_1_25' title='bbox 991 738 1302 800; x_wconf 87' lang='lat' dir='ltr'><strong>consortio</strong></span> <span class='ocrx_word' id='word_1_26' title='bbox 1349 740 1629 813; x_wconf 76' lang='lat' dir='ltr'><strong>alteriuS‚</strong></span> <span class='ocrx_word' id='word_1_27' title='bbox 1661 756 2051 821; x_wconf 81' lang='lat' dir='ltr'><strong>quanquam,</strong></span> 
     </span>
     <span class='ocr_line' id='line_1_5' title="bbox 494 830 2057 912; baseline -0.003 -16"><span class='ocrx_word' id='word_1_28' title='bbox 494 839 566 895; x_wconf 88' lang='lat' dir='ltr'><strong>ut</strong></span> <span class='ocrx_word' id='word_1_29' title='bbox 591 832 744 905; x_wconf 84' lang='lat' dir='ltr'><strong>dixi,</strong></span> <span class='ocrx_word' id='word_1_30' title='bbox 763 832 1014 911; x_wconf 87' lang='lat' dir='ltr'><strong>propria</strong></span> <span class='ocrx_word' id='word_1_31' title='bbox 1033 833 1194 895; x_wconf 88' lang='lat' dir='ltr'><strong>ratio</strong></span> <span class='ocrx_word' id='word_1_32' title='bbox 1221 832 1319 894; x_wconf 79' lang='lat' dir='ltr'><strong>vel</strong></span> <span class='ocrx_word' id='word_1_33' title='bbox 1347 832 1782 895; x_wconf 78' lang='lat' dir='ltr'><strong>denominatio</strong></span> <span class='ocrx_word' id='word_1_34' title='bbox 1811 830 2057 912; x_wconf 83' lang='lat' dir='ltr'><strong>agentis</strong></span> 
     </span>
     <span class='ocr_line' id='line_1_6' title="bbox 496 925 2055 1001; baseline -0.001 -13"><span class='ocrx_word' id='word_1_35' title='bbox 496 944 611 989; x_wconf 87' lang='lat' dir='ltr'><strong>seu</strong></span> <span class='ocrx_word' id='word_1_36' title='bbox 652 926 857 1001; x_wconf 85' lang='lat' dir='ltr'><strong>activi,</strong></span> <span class='ocrx_word' id='word_1_37' title='bbox 895 926 1285 1001; x_wconf 89' lang='lat' dir='ltr'><strong>etiamtunc,</strong></span> <span class='ocrx_word' id='word_1_38' title='bbox 1318 945 1446 988; x_wconf 91' lang='lat' dir='ltr'><strong>non</strong></span> <span class='ocrx_word' id='word_1_39' title='bbox 1498 934 1782 989; x_wconf 80' lang='lat' dir='ltr'><strong>sumatur</strong></span> <span class='ocrx_word' id='word_1_40' title='bbox 1812 926 1896 988; x_wconf 89' lang='lat' dir='ltr'><strong>ab</strong></span> <span class='ocrx_word' id='word_1_41' title='bbox 1946 925 2055 987; x_wconf 90' lang='lat' dir='ltr'><strong>illo</strong></span> 
     </span>
     <span class='ocr_line' id='line_1_7' title="bbox 495 1018 2057 1093; baseline 0 -12"><span class='ocrx_word' id='word_1_42' title='bbox 495 1020 848 1083; x_wconf 84' lang='lat' dir='ltr'><strong>extrinseco</strong></span> <span class='ocrx_word' id='word_1_43' title='bbox 899 1018 1373 1093; x_wconf 87' lang='lat' dir='ltr'><strong>denominante,</strong></span> <span class='ocrx_word' id='word_1_44' title='bbox 1421 1021 1535 1082; x_wconf 91' lang='lat' dir='ltr'><strong>sed</strong></span> <span class='ocrx_word' id='word_1_45' title='bbox 1580 1021 1662 1082; x_wconf 87' lang='lat' dir='ltr'><strong>ab</strong></span> <span class='ocrx_word' id='word_1_46' title='bbox 1717 1021 2057 1082; x_wconf 87' lang='lat' dir='ltr'><strong>intrinseca</strong></span> 
     </span>
     <span class='ocr_line' id='line_1_8' title="bbox 495 1113 2053 1195; baseline 0.001 -22"><span class='ocrx_word' id='word_1_47' title='bbox 495 1114 809 1175; x_wconf 84' lang='lat' dir='ltr'><strong>activitate</strong></span> <span class='ocrx_word' id='word_1_48' title='bbox 831 1130 970 1193; x_wconf 81' lang='lat' dir='ltr'><strong>quae</strong></span> <span class='ocrx_word' id='word_1_49' title='bbox 999 1113 1064 1174; x_wconf 92' lang='lat' dir='ltr'><strong>in</strong></span> <span class='ocrx_word' id='word_1_50' title='bbox 1093 1132 1162 1175; x_wconf 92' lang='lat' dir='ltr'><strong>re</strong></span> <span class='ocrx_word' id='word_1_51' title='bbox 1184 1114 1322 1195; x_wconf 89' lang='lat' dir='ltr'><strong>ipsa</strong></span> <span class='ocrx_word' id='word_1_52' title='bbox 1347 1115 1745 1194; x_wconf 81' lang='lat' dir='ltr'><strong>supponitur.</strong></span> <span class='ocrx_word' id='word_1_53' title='bbox 1774 1113 1852 1175; x_wconf 81' lang='lat' dir='ltr'><strong>At</strong></span> <span class='ocrx_word' id='word_1_54' title='bbox 1878 1130 2053 1188; x_wconf 78' lang='lat' dir='ltr'><strong>vei-0,</strong></span> 
     </span>
     <span class='ocr_line' id='line_1_9' title="bbox 494 1206 2057 1287; baseline -0.001 -18"><span class='ocrx_word' id='word_1_55' title='bbox 494 1207 750 1287; x_wconf 87' lang='lat' dir='ltr'><strong>quando</strong></span> <span class='ocrx_word' id='word_1_56' title='bbox 779 1208 844 1267; x_wconf 88' lang='lat' dir='ltr'><strong>in</strong></span> <span class='ocrx_word' id='word_1_57' title='bbox 883 1224 952 1269; x_wconf 89' lang='lat' dir='ltr'><strong>re</strong></span> <span class='ocrx_word' id='word_1_58' title='bbox 986 1206 1159 1269; x_wconf 88' lang='lat' dir='ltr'><strong>nulla</strong></span> <span class='ocrx_word' id='word_1_59' title='bbox 1209 1208 1468 1270; x_wconf 88' lang='lat' dir='ltr'><strong>omnino</strong></span> <span class='ocrx_word' id='word_1_60' title='bbox 1495 1208 1694 1270; x_wconf 84' lang='lat' dir='ltr'><strong>virtus</strong></span> <span class='ocrx_word' id='word_1_61' title='bbox 1735 1208 1936 1269; x_wconf 84' lang='lat' dir='ltr'><strong>activa</strong></span> <span class='ocrx_word' id='word_1_62' title='bbox 1964 1207 2057 1268; x_wconf 93' lang='lat' dir='ltr'><strong>in-</strong></span> 
     </span>
     <span class='ocr_line' id='line_1_10' title="bbox 493 1302 2059 1381; baseline 0 -17"><span class='ocrx_word' id='word_1_63' title='bbox 493 1304 768 1364; x_wconf 88' lang='lat' dir='ltr'><strong>trinseca</strong></span> <span class='ocrx_word' id='word_1_64' title='bbox 799 1303 1196 1381; x_wconf 84' lang='lat' dir='ltr'><strong>supponitur,</strong></span> <span class='ocrx_word' id='word_1_65' title='bbox 1225 1320 1352 1363; x_wconf 89' lang='lat' dir='ltr'><strong>non</strong></span> <span class='ocrx_word' id='word_1_66' title='bbox 1381 1308 1594 1381; x_wconf 87' lang='lat' dir='ltr'><strong>potest</strong></span> <span class='ocrx_word' id='word_1_67' title='bbox 1629 1320 1733 1364; x_wconf 89' lang='lat' dir='ltr'><strong>res</strong></span> <span class='ocrx_word' id='word_1_68' title='bbox 1759 1302 2059 1364; x_wconf 83' lang='lat' dir='ltr'><strong>extrinse-</strong></span> 
     </span>
     <span class='ocr_line' id='line_1_11' title="bbox 494 1394 2057 1475; baseline -0.001 -18"><span class='ocrx_word' id='word_1_69' title='bbox 494 1414 568 1457; x_wconf 86' lang='lat' dir='ltr'><strong>ca</strong></span> <span class='ocrx_word' id='word_1_70' title='bbox 597 1396 682 1457; x_wconf 90' lang='lat' dir='ltr'><strong>illi</strong></span> <span class='ocrx_word' id='word_1_71' title='bbox 727 1394 1044 1475; x_wconf 82' lang='lat' dir='ltr'><strong>conjungi,</strong></span> <span class='ocrx_word' id='word_1_72' title='bbox 1067 1396 1170 1457; x_wconf 80' lang='lat' dir='ltr'><strong>vel</strong></span> <span class='ocrx_word' id='word_1_73' title='bbox 1201 1396 1522 1473; x_wconf 79' lang='lat' dir='ltr'><strong>assistere,</strong></span> <span class='ocrx_word' id='word_1_74' title='bbox 1553 1400 1628 1458; x_wconf 87' lang='lat' dir='ltr'><strong>ut</strong></span> <span class='ocrx_word' id='word_1_75' title='bbox 1657 1397 1828 1458; x_wconf 83' lang='lat' dir='ltr'><strong>illam</strong></span> <span class='ocrx_word' id='word_1_76' title='bbox 1873 1396 2057 1475; x_wconf 88' lang='lat' dir='ltr'><strong>adju-</strong></span> 
     </span>
     <span class='ocr_line' id='line_1_12' title="bbox 493 1488 2059 1569; baseline 0.001 -20"><span class='ocrx_word' id='word_1_77' title='bbox 493 1496 597 1551; x_wconf 81' lang='lat' dir='ltr'><strong>vet</strong></span> <span class='ocrx_word' id='word_1_78' title='bbox 639 1489 704 1550; x_wconf 89' lang='lat' dir='ltr'><strong>in</strong></span> <span class='ocrx_word' id='word_1_79' title='bbox 747 1488 1020 1568; x_wconf 89' lang='lat' dir='ltr'><strong>agendo,</strong></span> <span class='ocrx_word' id='word_1_80' title='bbox 1051 1488 1152 1550; x_wconf 82' lang='lat' dir='ltr'><strong>vel</strong></span> <span class='ocrx_word' id='word_1_81' title='bbox 1198 1494 1268 1550; x_wconf 86' lang='lat' dir='ltr'><strong>ut</strong></span> <span class='ocrx_word' id='word_1_82' title='bbox 1323 1507 1400 1550; x_wconf 89' lang='lat' dir='ltr'><strong>ex</strong></span> <span class='ocrx_word' id='word_1_83' title='bbox 1427 1494 1696 1569; x_wconf 88' lang='lat' dir='ltr'><strong>utraque</strong></span> <span class='ocrx_word' id='word_1_84' title='bbox 1747 1490 2059 1551; x_wconf 83' lang='lat' dir='ltr'><strong>confletur</strong></span> 
     </span>
     <span class='ocr_line' id='line_1_13' title="bbox 489 1582 2057 1663; baseline 0 -20"><span class='ocrx_word' id='word_1_85' title='bbox 489 1600 692 1644; x_wconf 90' lang='lat' dir='ltr'><strong>unum</strong></span> <span class='ocrx_word' id='word_1_86' title='bbox 743 1583 1126 1663; x_wconf 90' lang='lat' dir='ltr'><strong>completum</strong></span> <span class='ocrx_word' id='word_1_87' title='bbox 1153 1600 1384 1662; x_wconf 87' lang='lat' dir='ltr'><strong>agens;</strong></span> <span class='ocrx_word' id='word_1_88' title='bbox 1419 1588 1484 1645; x_wconf 90' lang='lat' dir='ltr'><strong>et</strong></span> <span class='ocrx_word' id='word_1_89' title='bbox 1509 1582 1654 1644; x_wconf 90' lang='lat' dir='ltr'><strong>ideo</strong></span> <span class='ocrx_word' id='word_1_90' title='bbox 1683 1600 1800 1644; x_wconf 90' lang='lat' dir='ltr'><strong>nec</strong></span> <span class='ocrx_word' id='word_1_91' title='bbox 1847 1584 2057 1663; x_wconf 84' lang='lat' dir='ltr'><strong>potest</strong></span> 
     </span>
     <span class='ocr_line' id='line_1_14' title="bbox 487 1675 2057 1756; baseline 0.001 -20"><span class='ocrx_word' id='word_1_92' title='bbox 487 1675 574 1737; x_wconf 91' lang='lat' dir='ltr'><strong>ibi</strong></span> <span class='ocrx_word' id='word_1_93' title='bbox 619 1675 1012 1737; x_wconf 82' lang='lat' dir='ltr'><strong>intercedere</strong></span> <span class='ocrx_word' id='word_1_94' title='bbox 1047 1675 1260 1756; x_wconf 89' lang='lat' dir='ltr'><strong>aliqua</strong></span> <span class='ocrx_word' id='word_1_95' title='bbox 1303 1676 1655 1739; x_wconf 85' lang='lat' dir='ltr'><strong>extrinseca</strong></span> <span class='ocrx_word' id='word_1_96' title='bbox 1684 1676 2057 1739; x_wconf 89' lang='lat' dir='ltr'><strong>denomina-</strong></span> 
     </span>
     <span class='ocr_line' id='line_1_15' title="bbox 487 1769 2059 1850; baseline 0.001 -20"><span class='ocrx_word' id='word_1_97' title='bbox 487 1769 602 1845; x_wconf 87' lang='lat' dir='ltr'><strong>tio,</strong></span> <span class='ocrx_word' id='word_1_98' title='bbox 633 1786 774 1849; x_wconf 81' lang='lat' dir='ltr'><strong>quae</strong></span> <span class='ocrx_word' id='word_1_99' title='bbox 795 1770 878 1831; x_wconf 87' lang='lat' dir='ltr'><strong>ad</strong></span> <span class='ocrx_word' id='word_1_100' title='bbox 907 1770 1214 1831; x_wconf 87' lang='lat' dir='ltr'><strong>rationem</strong></span> <span class='ocrx_word' id='word_1_101' title='bbox 1246 1770 1478 1850; x_wconf 86' lang='lat' dir='ltr'><strong>agendi</strong></span> <span class='ocrx_word' id='word_1_102' title='bbox 1507 1771 1795 1846; x_wconf 84' lang='lat' dir='ltr'><strong>sufficiat,</strong></span> <span class='ocrx_word' id='word_1_103' title='bbox 1828 1770 2059 1832; x_wconf 88' lang='lat' dir='ltr'><strong>multo-</strong></span> 
     </span>
    </p>
   </div>
   <div class='ocr_carea' id='block_1_2' title="bbox 399 1863 2061 1944">
    <p class='ocr_par' dir='ltr' id='par_1_2' title="bbox 399 1863 2061 1944">
     <span class='ocr_line' id='line_1_16' title="bbox 399 1863 2061 1944; baseline 0.002 -22"><span class='ocrx_word' id='word_1_104' title='bbox 399 1874 406 1883; x_wconf 82' lang='lat'><strong>·</strong></span> <span class='ocrx_word' id='word_1_105' title='bbox 488 1880 616 1941; x_wconf 87' lang='lat' dir='ltr'><strong>que</strong></span> <span class='ocrx_word' id='word_1_106' title='bbox 644 1864 859 1924; x_wconf 89' lang='lat' dir='ltr'><strong>minus</strong></span> <span class='ocrx_word' id='word_1_107' title='bbox 887 1869 1094 1944; x_wconf 88' lang='lat' dir='ltr'><strong>potest</strong></span> <span class='ocrx_word' id='word_1_108' title='bbox 1119 1863 1208 1924; x_wconf 86' lang='lat' dir='ltr'><strong>ibi</strong></span> <span class='ocrx_word' id='word_1_109' title='bbox 1239 1864 1622 1925; x_wconf 83' lang='lat' dir='ltr'><strong>intervenire</strong></span> <span class='ocrx_word' id='word_1_110' title='bbox 1649 1864 1906 1944; x_wconf 88' lang='lat' dir='ltr'><strong>aliquid,</strong></span> <span class='ocrx_word' id='word_1_111' title='bbox 1939 1882 2061 1925; x_wconf 88' lang='lat' dir='ltr'><strong>un-</strong></span> 
     </span>
    </p>
   </div>
   <div class='ocr_carea' id='block_1_3' title="bbox 476 1955 2059 5325">
    <p class='ocr_par' dir='ltr' id='par_1_3' title="bbox 476 1955 2059 5325">
     <span class='ocr_line' id='line_1_17' title="bbox 491 1955 2057 2038; baseline 0.001 -21"><span class='ocrx_word' id='word_1_112' title='bbox 491 1955 572 2017; x_wconf 89' lang='lat' dir='ltr'><strong>de</strong></span> <span class='ocrx_word' id='word_1_113' title='bbox 593 1962 878 2018; x_wconf 75' lang='lat' dir='ltr'><strong>sumatur</strong></span> <span class='ocrx_word' id='word_1_114' title='bbox 901 1957 1155 2038; x_wconf 88' lang='lat' dir='ltr'><strong>propria</strong></span> <span class='ocrx_word' id='word_1_115' title='bbox 1179 1964 1242 2020; x_wconf 90' lang='lat' dir='ltr'><strong>et</strong></span> <span class='ocrx_word' id='word_1_116' title='bbox 1269 1958 1612 2020; x_wconf 88' lang='lat' dir='ltr'><strong>intrinseca</strong></span> <span class='ocrx_word' id='word_1_117' title='bbox 1633 1958 2057 2020; x_wconf 77' lang='lat' dir='ltr'><strong>denominatio</strong></span> 
     </span>
     <span class='ocr_line' id='line_1_18' title="bbox 489 2050 2059 2131; baseline 0.001 -20"><span class='ocrx_word' id='word_1_118' title='bbox 489 2050 735 2129; x_wconf 82' lang='lat' dir='ltr'><strong>agentis</strong></span> <span class='ocrx_word' id='word_1_119' title='bbox 766 2050 833 2111; x_wconf 91' lang='lat' dir='ltr'><strong>in</strong></span> <span class='ocrx_word' id='word_1_120' title='bbox 853 2057 996 2112; x_wconf 91' lang='lat' dir='ltr'><strong>actu</strong></span> <span class='ocrx_word' id='word_1_121' title='bbox 1017 2051 1246 2130; x_wconf 86' lang='lat' dir='ltr'><strong>primo,</strong></span> <span class='ocrx_word' id='word_1_122' title='bbox 1283 2068 1395 2113; x_wconf 90' lang='lat' dir='ltr'><strong>seu</strong></span> <span class='ocrx_word' id='word_1_123' title='bbox 1421 2052 1610 2113; x_wconf 80' lang='lat' dir='ltr'><strong>activi</strong></span> <span class='ocrx_word' id='word_1_124' title='bbox 1646 2058 1754 2112; x_wconf 85' lang='lat' dir='ltr'><strong>aut</strong></span> <span class='ocrx_word' id='word_1_125' title='bbox 1786 2052 2059 2131; x_wconf 87' lang='lat' dir='ltr'><strong>potentis</strong></span> 
     </span>
     <span class='ocr_line' id='line_1_19' title="bbox 489 2144 2054 2223; baseline 0.001 -18"><span class='ocrx_word' id='word_1_126' title='bbox 489 2160 712 2223; x_wconf 78' lang='lat' dir='ltr'><strong>agere3</strong></span> <span class='ocrx_word' id='word_1_127' title='bbox 740 2144 873 2206; x_wconf 77' lang='lat' dir='ltr'><strong>haec</strong></span> <span class='ocrx_word' id='word_1_128' title='bbox 925 2145 1094 2205; x_wconf 90' lang='lat' dir='ltr'><strong>enim</strong></span> <span class='ocrx_word' id='word_1_129' title='bbox 1149 2146 1362 2207; x_wconf 85' lang='lat' dir='ltr'><strong>omnia</strong></span> <span class='ocrx_word' id='word_1_130' title='bbox 1407 2145 1576 2207; x_wconf 88' lang='lat' dir='ltr'><strong>idem</strong></span> <span class='ocrx_word' id='word_1_131' title='bbox 1625 2151 1790 2207; x_wconf 88' lang='lat' dir='ltr'><strong>sunt.</strong></span> <span class='ocrx_word' id='word_1_132' title='bbox 1843 2147 2054 2223; x_wconf 86' lang='lat' dir='ltr'><strong>Sexto,</strong></span> 
     </span>
     <span class='ocr_line' id='line_1_20' title="bbox 481 2238 2057 2320; baseline 0.001 -19"><span class='ocrx_word' id='word_1_133' title='bbox 481 2238 828 2319; x_wconf 84' lang='lat' dir='ltr'><strong>explicatur</strong></span> <span class='ocrx_word' id='word_1_134' title='bbox 853 2238 979 2299; x_wconf 87' lang='lat' dir='ltr'><strong>hoc</strong></span> <span class='ocrx_word' id='word_1_135' title='bbox 999 2238 1208 2317; x_wconf 89' lang='lat' dir='ltr'><strong>ipsum</strong></span> <span class='ocrx_word' id='word_1_136' title='bbox 1237 2258 1500 2320; x_wconf 86' lang='lat' dir='ltr'><strong>argume</strong></span> <span class='ocrx_word' id='word_1_137' title='bbox 1519 2246 1632 2301; x_wconf 89' lang='lat' dir='ltr'><strong>nto</strong></span> <span class='ocrx_word' id='word_1_138' title='bbox 1671 2256 1863 2319; x_wconf 87' lang='lat' dir='ltr'><strong>supra</strong></span> <span class='ocrx_word' id='word_1_139' title='bbox 1889 2238 2057 2302; x_wconf 86' lang='lat' dir='ltr'><strong>facto</strong></span> 
     </span>
     <span class='ocr_line' id='line_1_21' title="bbox 483 2332 2051 2413; baseline 0 -18"><span class='ocrx_word' id='word_1_140' title='bbox 483 2333 564 2395; x_wconf 88' lang='lat' dir='ltr'><strong>de</strong></span> <span class='ocrx_word' id='word_1_141' title='bbox 605 2334 874 2395; x_wconf 86' lang='lat' dir='ltr'><strong>termino</strong></span> <span class='ocrx_word' id='word_1_142' title='bbox 915 2332 1386 2413; x_wconf 76' lang='lat' dir='ltr'><strong>dependentiae;</strong></span> <span class='ocrx_word' id='word_1_143' title='bbox 1419 2352 1594 2411; x_wconf 86' lang='lat' dir='ltr'><strong>nam,</strong></span> <span class='ocrx_word' id='word_1_144' title='bbox 1647 2334 1696 2394; x_wconf 89' lang='lat' dir='ltr'><strong>si</strong></span> <span class='ocrx_word' id='word_1_145' title='bbox 1755 2340 2051 2413; x_wconf 87' lang='lat' dir='ltr'><strong>respectu</strong></span> 
     </span>
     <span class='ocr_line' id='line_1_22' title="bbox 482 2427 2049 2508; baseline 0.001 -21"><span class='ocrx_word' id='word_1_146' title='bbox 482 2427 674 2487; x_wconf 89' lang='lat' dir='ltr'><strong>unius</strong></span> <span class='ocrx_word' id='word_1_147' title='bbox 698 2434 760 2489; x_wconf 90' lang='lat' dir='ltr'><strong>et</strong></span> <span class='ocrx_word' id='word_1_148' title='bbox 788 2427 1074 2508; x_wconf 86' lang='lat' dir='ltr'><strong>ejusdem</strong></span> <span class='ocrx_word' id='word_1_149' title='bbox 1105 2428 1366 2490; x_wconf 86' lang='lat' dir='ltr'><strong>actionis</strong></span> <span class='ocrx_word' id='word_1_150' title='bbox 1393 2428 1536 2489; x_wconf 77' lang='lat' dir='ltr'><strong>‹luae</strong></span> <span class='ocrx_word' id='word_1_151' title='bbox 1559 2427 1698 2488; x_wconf 80' lang='lat' dir='ltr'><strong>aliae</strong></span> <span class='ocrx_word' id='word_1_152' title='bbox 1729 2446 1834 2489; x_wconf 89' lang='lat' dir='ltr'><strong>res</strong></span> <span class='ocrx_word' id='word_1_153' title='bbox 1859 2428 1944 2489; x_wconf 86' lang='lat' dir='ltr'><strong>ita</strong></span> <span class='ocrx_word' id='word_1_154' title='bbox 1980 2446 2049 2489; x_wconf 89' lang='lat' dir='ltr'><strong>se</strong></span> 
     </span>
     <span class='ocr_line' id='line_1_23' title="bbox 482 2519 2051 2602; baseline 0.003 -21"><span class='ocrx_word' id='word_1_155' title='bbox 482 2519 780 2595; x_wconf 80' lang='lat' dir='ltr'><strong>habeant,</strong></span> <span class='ocrx_word' id='word_1_156' title='bbox 815 2527 884 2583; x_wconf 86' lang='lat' dir='ltr'><strong>ut</strong></span> <span class='ocrx_word' id='word_1_157' title='bbox 921 2539 1050 2582; x_wconf 87' lang='lat' dir='ltr'><strong>una</strong></span> <span class='ocrx_word' id='word_1_158' title='bbox 1093 2524 1172 2584; x_wconf 88' lang='lat' dir='ltr'><strong>sit</strong></span> <span class='ocrx_word' id='word_1_159' title='bbox 1217 2528 1346 2584; x_wconf 88' lang='lat' dir='ltr'><strong>tota</strong></span> <span class='ocrx_word' id='word_1_160' title='bbox 1376 2522 1572 2584; x_wconf 84' lang='lat' dir='ltr'><strong>virtus</strong></span> <span class='ocrx_word' id='word_1_161' title='bbox 1597 2540 1634 2582; x_wconf 87' lang='lat' dir='ltr'><strong>a</strong></span> <span class='ocrx_word' id='word_1_162' title='bbox 1661 2540 1786 2601; x_wconf 87' lang='lat' dir='ltr'><strong>qua</strong></span> <span class='ocrx_word' id='word_1_163' title='bbox 1812 2522 2051 2602; x_wconf 81' lang='lat' dir='ltr'><strong>pendet</strong></span> 
     </span>
     <span class='ocr_line' id='line_1_24' title="bbox 483 2615 2049 2691; baseline 0.001 -15"><span class='ocrx_word' id='word_1_164' title='bbox 483 2615 626 2676; x_wconf 84' lang='lat' dir='ltr'><strong>talis</strong></span> <span class='ocrx_word' id='word_1_165' title='bbox 651 2615 839 2691; x_wconf 87' lang='lat' dir='ltr'><strong>actio,</strong></span> <span class='ocrx_word' id='word_1_166' title='bbox 855 2616 978 2675; x_wconf 89' lang='lat' dir='ltr'><strong>alia</strong></span> <span class='ocrx_word' id='word_1_167' title='bbox 999 2634 1150 2677; x_wconf 84' lang='lat' dir='ltr'><strong>vero</strong></span> <span class='ocrx_word' id='word_1_168' title='bbox 1173 2616 1528 2678; x_wconf 86' lang='lat' dir='ltr'><strong>secundum</strong></span> <span class='ocrx_word' id='word_1_169' title='bbox 1555 2634 1625 2677; x_wconf 90' lang='lat' dir='ltr'><strong>se</strong></span> <span class='ocrx_word' id='word_1_170' title='bbox 1653 2616 1894 2677; x_wconf 89' lang='lat' dir='ltr'><strong>nullam</strong></span> <span class='ocrx_word' id='word_1_171' title='bbox 1916 2634 2049 2677; x_wconf 88' lang='lat' dir='ltr'><strong>om-</strong></span> 
     </span>
     <span class='ocr_line' id='line_1_25' title="bbox 485 2709 2050 2773; baseline 0.003 -4"><span class='ocrx_word' id='word_1_172' title='bbox 485 2710 660 2770; x_wconf 88' lang='lat' dir='ltr'><strong>nimo</strong></span> <span class='ocrx_word' id='word_1_173' title='bbox 687 2710 812 2771; x_wconf 86' lang='lat' dir='ltr'><strong>vim</strong></span> <span class='ocrx_word' id='word_1_174' title='bbox 836 2709 1069 2772; x_wconf 86' lang='lat' dir='ltr'><strong>habeat</strong></span> <span class='ocrx_word' id='word_1_175' title='bbox 1095 2711 1178 2772; x_wconf 89' lang='lat' dir='ltr'><strong>ad</strong></span> <span class='ocrx_word' id='word_1_176' title='bbox 1201 2711 1596 2771; x_wconf 88' lang='lat' dir='ltr'><strong>influendum</strong></span> <span class='ocrx_word' id='word_1_177' title='bbox 1635 2712 1699 2772; x_wconf 91' lang='lat' dir='ltr'><strong>in</strong></span> <span class='ocrx_word' id='word_1_178' title='bbox 1727 2712 1918 2773; x_wconf 85' lang='lat' dir='ltr'><strong>talem</strong></span> <span class='ocrx_word' id='word_1_179' title='bbox 1945 2728 2050 2773; x_wconf 91' lang='lat' dir='ltr'><strong>ac-</strong></span> 
     </span>
     <span class='ocr_line' id='line_1_26' title="bbox 485 2804 2051 2884; baseline 0.002 -21"><span class='ocrx_word' id='word_1_180' title='bbox 485 2804 748 2879; x_wconf 84' lang='lat' dir='ltr'><strong>tionem,</strong></span> <span class='ocrx_word' id='word_1_181' title='bbox 771 2808 926 2865; x_wconf 86' lang='lat' dir='ltr'><strong>tunc</strong></span> <span class='ocrx_word' id='word_1_182' title='bbox 969 2810 1101 2866; x_wconf 89' lang='lat' dir='ltr'><strong>tota</strong></span> <span class='ocrx_word' id='word_1_183' title='bbox 1129 2804 1549 2884; x_wconf 86' lang='lat' dir='ltr'><strong>dependentia</strong></span> <span class='ocrx_word' id='word_1_184' title='bbox 1576 2804 1743 2866; x_wconf 87' lang='lat' dir='ltr'><strong>illius</strong></span> <span class='ocrx_word' id='word_1_185' title='bbox 1785 2804 2051 2866; x_wconf 89' lang='lat' dir='ltr'><strong>actionis</strong></span> 
     </span>
     <span class='ocr_line' id='line_1_27' title="bbox 484 2896 2055 2978; baseline 0.003 -21"><span class='ocrx_word' id='word_1_186' title='bbox 484 2896 858 2958; x_wconf 75' lang='lat' dir='ltr'><strong>terminatur</strong></span> <span class='ocrx_word' id='word_1_187' title='bbox 877 2914 994 2977; x_wconf 89' lang='lat' dir='ltr'><strong>per</strong></span> <span class='ocrx_word' id='word_1_188' title='bbox 1041 2916 1110 2959; x_wconf 90' lang='lat' dir='ltr'><strong>se</strong></span> <span class='ocrx_word' id='word_1_189' title='bbox 1162 2898 1244 2959; x_wconf 89' lang='lat' dir='ltr'><strong>ad</strong></span> <span class='ocrx_word' id='word_1_190' title='bbox 1293 2898 1469 2959; x_wconf 86' lang='lat' dir='ltr'><strong>illam</strong></span> <span class='ocrx_word' id='word_1_191' title='bbox 1523 2916 1662 2960; x_wconf 88' lang='lat' dir='ltr'><strong>rem</strong></span> <span class='ocrx_word' id='word_1_192' title='bbox 1703 2898 1770 2961; x_wconf 92' lang='lat' dir='ltr'><strong>in</strong></span> <span class='ocrx_word' id='word_1_193' title='bbox 1799 2914 1926 2978; x_wconf 86' lang='lat' dir='ltr'><strong>qua</strong></span> <span class='ocrx_word' id='word_1_194' title='bbox 1956 2902 2055 2961; x_wconf 89' lang='lat' dir='ltr'><strong>est</strong></span> 
     </span>
     <span class='ocr_line' id='line_1_28' title="bbox 482 2990 2051 3071; baseline 0.002 -20"><span class='ocrx_word' id='word_1_195' title='bbox 482 2994 614 3051; x_wconf 88' lang='lat' dir='ltr'><strong>tota</strong></span> <span class='ocrx_word' id='word_1_196' title='bbox 640 2990 838 3051; x_wconf 83' lang='lat' dir='ltr'><strong>virtus</strong></span> <span class='ocrx_word' id='word_1_197' title='bbox 859 2992 1126 3071; x_wconf 83' lang='lat' dir='ltr'><strong>agendi3</strong></span> <span class='ocrx_word' id='word_1_198' title='bbox 1147 2992 1230 3053; x_wconf 92' lang='lat' dir='ltr'><strong>ad</strong></span> <span class='ocrx_word' id='word_1_199' title='bbox 1247 2992 1436 3053; x_wconf 86' lang='lat' dir='ltr'><strong>aliam</strong></span> <span class='ocrx_word' id='word_1_200' title='bbox 1462 3010 1612 3055; x_wconf 84' lang='lat' dir='ltr'><strong>vero</strong></span> <span class='ocrx_word' id='word_1_201' title='bbox 1634 2992 1806 3053; x_wconf 91' lang='lat' dir='ltr'><strong>nullo</strong></span> <span class='ocrx_word' id='word_1_202' title='bbox 1835 2992 2051 3071; x_wconf 88' lang='lat' dir='ltr'><strong>modo,</strong></span> 
     </span>
     <span class='ocr_line' id='line_1_29' title="bbox 485 3084 2054 3164; baseline 0.003 -21"><span class='ocrx_word' id='word_1_203' title='bbox 485 3084 606 3143; x_wconf 87' lang='lat' dir='ltr'><strong>nisi</strong></span> <span class='ocrx_word' id='word_1_204' title='bbox 657 3089 974 3163; x_wconf 88' lang='lat' dir='ltr'><strong>quatenus</strong></span> <span class='ocrx_word' id='word_1_205' title='bbox 1024 3086 1218 3147; x_wconf 84' lang='lat' dir='ltr'><strong>habet</strong></span> <span class='ocrx_word' id='word_1_206' title='bbox 1270 3087 1547 3164; x_wconf 84' lang='lat' dir='ltr'><strong>aliquam</strong></span> <span class='ocrx_word' id='word_1_207' title='bbox 1575 3088 1876 3148; x_wconf 88' lang='lat' dir='ltr'><strong>unionem</strong></span> <span class='ocrx_word' id='word_1_208' title='bbox 1907 3104 2054 3149; x_wconf 89' lang='lat' dir='ltr'><strong>cnm</strong></span> 
     </span>
     <span class='ocr_line' id='line_1_30' title="bbox 481 3173 2055 3261; baseline 0.004 -24"><span class='ocrx_word' id='word_1_209' title='bbox 481 3177 712 3238; x_wconf 84' lang='lat' dir='ltr'><strong>virtute</strong></span> <span class='ocrx_word' id='word_1_210' title='bbox 745 3177 974 3259; x_wconf 86' lang='lat' dir='ltr'><strong>agendi</strong></span> <span class='ocrx_word' id='word_1_211' title='bbox 1019 3179 1084 3241; x_wconf 91' lang='lat' dir='ltr'><strong>in</strong></span> <span class='ocrx_word' id='word_1_212' title='bbox 1113 3180 1360 3242; x_wconf 85' lang='lat' dir='ltr'><strong>ratione</strong></span> <span class='ocrx_word' id='word_1_213' title='bbox 1399 3180 1701 3260; x_wconf 84' lang='lat' dir='ltr'><strong>suppositi</strong></span> <span class='ocrx_word' id='word_1_214' title='bbox 1733 3173 2055 3261; x_wconf 82' lang='lat' dir='ltr'><strong>operantis</strong></span> 
     </span>
     <span class='ocr_line' id='line_1_31' title="bbox 481 3270 2053 3355; baseline 0.004 -25"><span class='ocrx_word' id='word_1_215' title='bbox 481 3288 598 3349; x_wconf 90' lang='lat' dir='ltr'><strong>per</strong></span> <span class='ocrx_word' id='word_1_216' title='bbox 625 3270 822 3345; x_wconf 88' lang='lat' dir='ltr'><strong>illam,</strong></span> <span class='ocrx_word' id='word_1_217' title='bbox 847 3276 912 3334; x_wconf 83' lang='lat' dir='ltr'><strong>et</strong></span> <span class='ocrx_word' id='word_1_218' title='bbox 936 3275 1348 3335; x_wconf 80' lang='lat' dir='ltr'><strong>sustentantis</strong></span> <span class='ocrx_word' id='word_1_219' title='bbox 1367 3274 1575 3352; x_wconf 84' lang='lat' dir='ltr'><strong>illam3</strong></span> <span class='ocrx_word' id='word_1_220' title='bbox 1603 3290 1778 3355; x_wconf 86' lang='lat' dir='ltr'><strong>ergo,</strong></span> <span class='ocrx_word' id='word_1_221' title='bbox 1807 3276 2053 3337; x_wconf 87' lang='lat' dir='ltr'><strong>seclusa</strong></span> 
     </span>
     <span class='ocr_line' id='line_1_32' title="bbox 481 3363 2055 3449; baseline 0.004 -25"><span class='ocrx_word' id='word_1_222' title='bbox 481 3363 602 3425; x_wconf 82' lang='lat' dir='ltr'><strong>hac</strong></span> <span class='ocrx_word' id='word_1_223' title='bbox 641 3366 899 3442; x_wconf 84' lang='lat' dir='ltr'><strong>unione,</strong></span> <span class='ocrx_word' id='word_1_224' title='bbox 932 3364 1106 3429; x_wconf 90' lang='lat' dir='ltr'><strong>nullo</strong></span> <span class='ocrx_word' id='word_1_225' title='bbox 1131 3368 1324 3429; x_wconf 89' lang='lat' dir='ltr'><strong>modo</strong></span> <span class='ocrx_word' id='word_1_226' title='bbox 1351 3368 1615 3447; x_wconf 83' lang='lat' dir='ltr'><strong>intelligi</strong></span> <span class='ocrx_word' id='word_1_227' title='bbox 1648 3372 1856 3449; x_wconf 87' lang='lat' dir='ltr'><strong>potest</strong></span> <span class='ocrx_word' id='word_1_228' title='bbox 1880 3368 2055 3448; x_wconf 88' lang='lat' dir='ltr'><strong>quod</strong></span> 
     </span>
     <span class='ocr_line' id='line_1_33' title="bbox 479 3460 2047 3543; baseline 0.003 -25"><span class='ocrx_word' id='word_1_229' title='bbox 479 3474 620 3525; x_wconf 86' lang='lat' dir='ltr'><strong>res.</strong></span> <span class='ocrx_word' id='word_1_230' title='bbox 671 3476 810 3539; x_wconf 82' lang='lat' dir='ltr'><strong>quse</strong></span> <span class='ocrx_word' id='word_1_231' title='bbox 859 3460 924 3520; x_wconf 90' lang='lat' dir='ltr'><strong>in</strong></span> <span class='ocrx_word' id='word_1_232' title='bbox 983 3478 1052 3523; x_wconf 90' lang='lat' dir='ltr'><strong>se</strong></span> <span class='ocrx_word' id='word_1_233' title='bbox 1095 3462 1336 3523; x_wconf 86' lang='lat' dir='ltr'><strong>nullam</strong></span> <span class='ocrx_word' id='word_1_234' title='bbox 1375 3462 1570 3524; x_wconf 88' lang='lat' dir='ltr'><strong>habet</strong></span> <span class='ocrx_word' id='word_1_235' title='bbox 1609 3464 1736 3524; x_wconf 83' lang='lat' dir='ltr'><strong>vim</strong></span> <span class='ocrx_word' id='word_1_236' title='bbox 1779 3463 2047 3543; x_wconf 88' lang='lat' dir='ltr'><strong>agendi,</strong></span> 
     </span>
     <span class='ocr_line' id='line_1_34' title="bbox 481 3554 2051 3638; baseline 0.004 -25"><span class='ocrx_word' id='word_1_237' title='bbox 481 3554 896 3617; x_wconf 81' lang='lat' dir='ltr'><strong>constituatur</strong></span> <span class='ocrx_word' id='word_1_238' title='bbox 945 3556 1010 3617; x_wconf 90' lang='lat' dir='ltr'><strong>in</strong></span> <span class='ocrx_word' id='word_1_239' title='bbox 1058 3563 1202 3619; x_wconf 86' lang='lat' dir='ltr'><strong>actu</strong></span> <span class='ocrx_word' id='word_1_240' title='bbox 1252 3557 1456 3637; x_wconf 88' lang='lat' dir='ltr'><strong>primo</strong></span> <span class='ocrx_word' id='word_1_241' title='bbox 1505 3576 1622 3638; x_wconf 88' lang='lat' dir='ltr'><strong>per</strong></span> <span class='ocrx_word' id='word_1_242' title='bbox 1679 3558 1865 3619; x_wconf 83' lang='lat' dir='ltr'><strong>aliam</strong></span> <span class='ocrx_word' id='word_1_243' title='bbox 1917 3576 2051 3619; x_wconf 85' lang='lat' dir='ltr'><strong>rem</strong></span> 
     </span>
     <span class='ocr_line' id='line_1_35' title="bbox 482 3649 2053 3731; baseline 0.003 -24"><span class='ocrx_word' id='word_1_244' title='bbox 482 3649 808 3728; x_wconf 87' lang='lat' dir='ltr'><strong>supposito</strong></span> <span class='ocrx_word' id='word_1_245' title='bbox 825 3649 1206 3726; x_wconf 83' lang='lat' dir='ltr'><strong>distinctam,</strong></span> <span class='ocrx_word' id='word_1_246' title='bbox 1232 3652 1296 3711; x_wconf 88' lang='lat' dir='ltr'><strong>in</strong></span> <span class='ocrx_word' id='word_1_247' title='bbox 1318 3668 1442 3731; x_wconf 90' lang='lat' dir='ltr'><strong>qua</strong></span> <span class='ocrx_word' id='word_1_248' title='bbox 1473 3652 1554 3713; x_wconf 89' lang='lat' dir='ltr'><strong>sit</strong></span> <span class='ocrx_word' id='word_1_249' title='bbox 1582 3657 1713 3713; x_wconf 88' lang='lat' dir='ltr'><strong>tota</strong></span> <span class='ocrx_word' id='word_1_250' title='bbox 1740 3652 1835 3714; x_wconf 84' lang='lat' dir='ltr'><strong>vis</strong></span> <span class='ocrx_word' id='word_1_251' title='bbox 1858 3668 2053 3731; x_wconf 84' lang='lat' dir='ltr'><strong>agen-</strong></span> 
     </span>
     <span class='ocr_line' id='line_1_36' title="bbox 481 3740 2055 3825; baseline 0.003 -24"><span class='ocrx_word' id='word_1_252' title='bbox 481 3740 545 3802; x_wconf 92' lang='lat' dir='ltr'><strong>di</strong></span> <span class='ocrx_word' id='word_1_253' title='bbox 589 3746 652 3802; x_wconf 89' lang='lat' dir='ltr'><strong>et</strong></span> <span class='ocrx_word' id='word_1_254' title='bbox 695 3760 732 3803; x_wconf 88' lang='lat' dir='ltr'><strong>a</strong></span> <span class='ocrx_word' id='word_1_255' title='bbox 775 3760 904 3823; x_wconf 87' lang='lat' dir='ltr'><strong>qua</strong></span> <span class='ocrx_word' id='word_1_256' title='bbox 949 3744 1154 3805; x_wconf 84' lang='lat' dir='ltr'><strong>solum</strong></span> <span class='ocrx_word' id='word_1_257' title='bbox 1210 3745 1407 3825; x_wconf 87' lang='lat' dir='ltr'><strong>possit</strong></span> <span class='ocrx_word' id='word_1_258' title='bbox 1455 3745 1803 3807; x_wconf 81' lang='lat' dir='ltr'><strong>extrinsece</strong></span> <span class='ocrx_word' id='word_1_259' title='bbox 1855 3745 2055 3806; x_wconf 90' lang='lat' dir='ltr'><strong>deno—-</strong></span> 
     </span>
     <span class='ocr_line' id='line_1_37' title="bbox 479 3836 2050 3921; baseline 0.003 -24"><span class='ocrx_word' id='word_1_260' title='bbox 479 3838 732 3898; x_wconf 85' lang='lat' dir='ltr'><strong>minari.</strong></span> <span class='ocrx_word' id='word_1_261' title='bbox 768 3836 946 3902; x_wconf 88' lang='lat' dir='ltr'><strong>Patet</strong></span> <span class='ocrx_word' id='word_1_262' title='bbox 987 3841 1463 3921; x_wconf 86' lang='lat' dir='ltr'><strong>consequentia,</strong></span> <span class='ocrx_word' id='word_1_263' title='bbox 1511 3842 1662 3921; x_wconf 86' lang='lat' dir='ltr'><strong>quia</strong></span> <span class='ocrx_word' id='word_1_264' title='bbox 1705 3846 1854 3902; x_wconf 87' lang='lat' dir='ltr'><strong>tunc</strong></span> <span class='ocrx_word' id='word_1_265' title='bbox 1883 3841 2050 3902; x_wconf 89' lang='lat' dir='ltr'><strong>actio</strong></span> 
     </span>
     <span class='ocr_line' id='line_1_38' title="bbox 477 3933 2049 4014; baseline 0.003 -23"><span class='ocrx_word' id='word_1_266' title='bbox 477 3946 607 3991; x_wconf 89' lang='lat' dir='ltr'><strong>non</strong></span> <span class='ocrx_word' id='word_1_267' title='bbox 637 3938 844 4010; x_wconf 87' lang='lat' dir='ltr'><strong>potest</strong></span> <span class='ocrx_word' id='word_1_268' title='bbox 865 3933 1204 3995; x_wconf 85' lang='lat' dir='ltr'><strong>intrinsece</strong></span> <span class='ocrx_word' id='word_1_269' title='bbox 1223 3940 1288 3995; x_wconf 89' lang='lat' dir='ltr'><strong>et</strong></span> <span class='ocrx_word' id='word_1_270' title='bbox 1327 3952 1446 4014; x_wconf 87' lang='lat' dir='ltr'><strong>per</strong></span> <span class='ocrx_word' id='word_1_271' title='bbox 1471 3952 1542 3996; x_wconf 89' lang='lat' dir='ltr'><strong>se</strong></span> <span class='ocrx_word' id='word_1_272' title='bbox 1573 3935 1919 4008; x_wconf 86' lang='lat' dir='ltr'><strong>terminari,</strong></span> <span class='ocrx_word' id='word_1_273' title='bbox 1950 3952 2049 3996; x_wconf 88' lang='lat' dir='ltr'><strong>se·</strong></span> 
     </span>
     <span class='ocr_line' id='line_1_39' title="bbox 479 4025 2049 4090; baseline 0.003 -5"><span class='ocrx_word' id='word_1_274' title='bbox 479 4025 758 4086; x_wconf 84' lang='lat' dir='ltr'><strong>cundum</strong></span> <span class='ocrx_word' id='word_1_275' title='bbox 811 4044 990 4088; x_wconf 86' lang='lat' dir='ltr'><strong>snam</strong></span> <span class='ocrx_word' id='word_1_276' title='bbox 1043 4026 1477 4090; x_wconf 82' lang='lat' dir='ltr'><strong>habitudinem</strong></span> <span class='ocrx_word' id='word_1_277' title='bbox 1527 4028 2049 4089; x_wconf 74' lang='lat' dir='ltr'><strong>transcendente-</strong></span> 
     </span>
     <span class='ocr_line' id='line_1_40' title="bbox 477 4118 2049 4200; baseline 0.003 -21"><span class='ocrx_word' id='word_1_278' title='bbox 477 4118 599 4179; x_wconf 86' lang='lat' dir='ltr'><strong>lem</strong></span> <span class='ocrx_word' id='word_1_279' title='bbox 634 4124 696 4181; x_wconf 88' lang='lat' dir='ltr'><strong>et</strong></span> <span class='ocrx_word' id='word_1_280' title='bbox 723 4120 1236 4200; x_wconf 74' lang='lat' dir='ltr'><strong>dependentium,</strong></span> <span class='ocrx_word' id='word_1_281' title='bbox 1269 4121 1350 4182; x_wconf 90' lang='lat' dir='ltr'><strong>ad</strong></span> <span class='ocrx_word' id='word_1_282' title='bbox 1377 4121 1570 4183; x_wconf 86' lang='lat' dir='ltr'><strong>talem</strong></span> <span class='ocrx_word' id='word_1_283' title='bbox 1613 4139 1773 4197; x_wconf 89' lang='lat' dir='ltr'><strong>rem,</strong></span> <span class='ocrx_word' id='word_1_284' title='bbox 1811 4122 1914 4183; x_wconf 91' lang='lat' dir='ltr'><strong>cui</strong></span> <span class='ocrx_word' id='word_1_285' title='bbox 1945 4140 2049 4183; x_wconf 81' lang='lat' dir='ltr'><strong>ex·</strong></span> 
     </span>
     <span class='ocr_line' id='line_1_41' title="bbox 477 4212 2047 4296; baseline 0.003 -23"><span class='ocrx_word' id='word_1_286' title='bbox 477 4212 751 4273; x_wconf 85' lang='lat' dir='ltr'><strong>trinseca</strong></span> <span class='ocrx_word' id='word_1_287' title='bbox 782 4219 878 4275; x_wconf 88' lang='lat' dir='ltr'><strong>est</strong></span> <span class='ocrx_word' id='word_1_288' title='bbox 905 4220 1035 4274; x_wconf 88' lang='lat' dir='ltr'><strong>tota</strong></span> <span class='ocrx_word' id='word_1_289' title='bbox 1055 4215 1255 4276; x_wconf 83' lang='lat' dir='ltr'><strong>virtus</strong></span> <span class='ocrx_word' id='word_1_290' title='bbox 1285 4215 1522 4287; x_wconf 77' lang='lat' dir='ltr'><strong>activa3</strong></span> <span class='ocrx_word' id='word_1_291' title='bbox 1548 4220 1634 4292; x_wconf 89' lang='lat' dir='ltr'><strong>et,</strong></span> <span class='ocrx_word' id='word_1_292' title='bbox 1665 4214 1924 4296; x_wconf 79' lang='lat' dir='ltr'><strong>physice</strong></span> <span class='ocrx_word' id='word_1_293' title='bbox 1951 4216 2047 4277; x_wconf 86' lang='lat' dir='ltr'><strong>lo·</strong></span> 
     </span>
     <span class='ocr_line' id='line_1_42' title="bbox 480 4306 2049 4385; baseline 0.004 -21"><span class='ocrx_word' id='word_1_294' title='bbox 480 4306 759 4384; x_wconf 79' lang='lat' dir='ltr'><strong>quando,</strong></span> <span class='ocrx_word' id='word_1_295' title='bbox 791 4323 908 4385; x_wconf 87' lang='lat' dir='ltr'><strong>per</strong></span> <span class='ocrx_word' id='word_1_296' title='bbox 953 4307 1246 4370; x_wconf 87' lang='lat' dir='ltr'><strong>accidens</strong></span> <span class='ocrx_word' id='word_1_297' title='bbox 1272 4324 1341 4370; x_wconf 89' lang='lat' dir='ltr'><strong>se</strong></span> <span class='ocrx_word' id='word_1_298' title='bbox 1371 4308 1564 4369; x_wconf 88' lang='lat' dir='ltr'><strong>habet</strong></span> <span class='ocrx_word' id='word_1_299' title='bbox 1614 4309 1696 4370; x_wconf 86' lang='lat' dir='ltr'><strong>ad</strong></span> <span class='ocrx_word' id='word_1_300' title='bbox 1723 4310 1913 4370; x_wconf 86' lang='lat' dir='ltr'><strong>talem</strong></span> <span class='ocrx_word' id='word_1_301' title='bbox 1943 4326 2049 4371; x_wconf 88' lang='lat' dir='ltr'><strong>sc-</strong></span> 
     </span>
     <span class='ocr_line' id='line_1_43' title="bbox 479 4396 2048 4483; baseline 0.006 -27"><span class='ocrx_word' id='word_1_302' title='bbox 479 4396 740 4459; x_wconf 89' lang='lat' dir='ltr'><strong>tionem.</strong></span> <span class='ocrx_word' id='word_1_303' title='bbox 773 4398 976 4473; x_wconf 90' lang='lat' dir='ltr'><strong>Unde,</strong></span> <span class='ocrx_word' id='word_1_304' title='bbox 1009 4407 1379 4463; x_wconf 80' lang='lat' dir='ltr'><strong>conservata</strong></span> <span class='ocrx_word' id='word_1_305' title='bbox 1425 4401 1534 4463; x_wconf 87' lang='lat' dir='ltr'><strong>illa</strong></span> <span class='ocrx_word' id='word_1_306' title='bbox 1579 4418 1650 4463; x_wconf 91' lang='lat' dir='ltr'><strong>re</strong></span> <span class='ocrx_word' id='word_1_307' title='bbox 1703 4402 1766 4462; x_wconf 91' lang='lat' dir='ltr'><strong>in</strong></span> <span class='ocrx_word' id='word_1_308' title='bbox 1793 4420 1922 4483; x_wconf 83' lang='lat' dir='ltr'><strong>qua</strong></span> <span class='ocrx_word' id='word_1_309' title='bbox 1952 4408 2048 4465; x_wconf 86' lang='lat' dir='ltr'><strong>est</strong></span> 
     </span>
     <span class='ocr_line' id='line_1_44' title="bbox 481 4492 2051 4569; baseline 0.004 -16"><span class='ocrx_word' id='word_1_310' title='bbox 481 4496 613 4553; x_wconf 86' lang='lat' dir='ltr'><strong>tota</strong></span> <span class='ocrx_word' id='word_1_311' title='bbox 633 4492 829 4556; x_wconf 88' lang='lat' dir='ltr'><strong>virtus</strong></span> <span class='ocrx_word' id='word_1_312' title='bbox 855 4495 1114 4569; x_wconf 78' lang='lat' dir='ltr'><strong>agendi,</strong></span> <span class='ocrx_word' id='word_1_313' title='bbox 1153 4496 1400 4557; x_wconf 89' lang='lat' dir='ltr'><strong>etiamsi</strong></span> <span class='ocrx_word' id='word_1_314' title='bbox 1444 4496 1564 4557; x_wconf 87' lang='lat' dir='ltr'><strong>alia</strong></span> <span class='ocrx_word' id='word_1_315' title='bbox 1587 4496 1668 4557; x_wconf 90' lang='lat' dir='ltr'><strong>de</strong></span> <span class='ocrx_word' id='word_1_316' title='bbox 1695 4497 1906 4559; x_wconf 90' lang='lat' dir='ltr'><strong>medio</strong></span> <span class='ocrx_word' id='word_1_317' title='bbox 1931 4497 2051 4560; x_wconf 89' lang='lat' dir='ltr'><strong>tol-</strong></span> 
     </span>
     <span class='ocr_line' id='line_1_45' title="bbox 479 4585 2045 4673; baseline 0.004 -28"><span class='ocrx_word' id='word_1_318' title='bbox 479 4585 739 4659; x_wconf 85' lang='lat' dir='ltr'><strong>leretur,</strong></span> <span class='ocrx_word' id='word_1_319' title='bbox 797 4594 1010 4668; x_wconf 86' lang='lat' dir='ltr'><strong>posset</strong></span> <span class='ocrx_word' id='word_1_320' title='bbox 1055 4589 1200 4649; x_wconf 86' lang='lat' dir='ltr'><strong>talis</strong></span> <span class='ocrx_word' id='word_1_321' title='bbox 1249 4591 1412 4651; x_wconf 88' lang='lat' dir='ltr'><strong>actio</strong></span> <span class='ocrx_word' id='word_1_322' title='bbox 1459 4591 1842 4667; x_wconf 84' lang='lat' dir='ltr'><strong>conservari,</strong></span> <span class='ocrx_word' id='word_1_323' title='bbox 1893 4592 2045 4673; x_wconf 88' lang='lat' dir='ltr'><strong>quia</strong></span> 
     </span>
     <span class='ocr_line' id='line_1_46' title="bbox 478 4684 2044 4765; baseline 0.005 -26"><span class='ocrx_word' id='word_1_324' title='bbox 478 4685 768 4743; x_wconf 78' lang='lat' dir='ltr'><strong>maneret</strong></span> <span class='ocrx_word' id='word_1_325' title='bbox 790 4686 958 4743; x_wconf 89' lang='lat' dir='ltr'><strong>totus</strong></span> <span class='ocrx_word' id='word_1_326' title='bbox 983 4684 1314 4759; x_wconf 71' lang='lat' dir='ltr'><strong>terminuS,</strong></span> <span class='ocrx_word' id='word_1_327' title='bbox 1345 4688 1602 4764; x_wconf 86' lang='lat' dir='ltr'><strong>totaque</strong></span> <span class='ocrx_word' id='word_1_328' title='bbox 1629 4684 1827 4746; x_wconf 78' lang='lat' dir='ltr'><strong>virtus</strong></span> <span class='ocrx_word' id='word_1_329' title='bbox 1851 4702 1890 4746; x_wconf 87' lang='lat' dir='ltr'><strong>a</strong></span> <span class='ocrx_word' id='word_1_330' title='bbox 1917 4701 2044 4765; x_wconf 82' lang='lat' dir='ltr'><strong>qua</strong></span> 
     </span>
     <span class='ocr_line' id='line_1_47' title="bbox 477 4774 2045 4857; baseline 0.004 -24"><span class='ocrx_word' id='word_1_331' title='bbox 477 4774 737 4854; x_wconf 87' lang='lat' dir='ltr'><strong>pendet.</strong></span> <span class='ocrx_word' id='word_1_332' title='bbox 765 4775 985 4854; x_wconf 84' lang='lat' dir='ltr'><strong>Igitur,</strong></span> <span class='ocrx_word' id='word_1_333' title='bbox 1021 4782 1090 4837; x_wconf 86' lang='lat' dir='ltr'><strong>ut</strong></span> <span class='ocrx_word' id='word_1_334' title='bbox 1114 4776 1322 4857; x_wconf 85' lang='lat' dir='ltr'><strong>aliqua</strong></span> <span class='ocrx_word' id='word_1_335' title='bbox 1341 4794 1445 4839; x_wconf 89' lang='lat' dir='ltr'><strong>res</strong></span> <span class='ocrx_word' id='word_1_336' title='bbox 1474 4778 1554 4840; x_wconf 89' lang='lat' dir='ltr'><strong>sit</strong></span> <span class='ocrx_word' id='word_1_337' title='bbox 1579 4778 1800 4853; x_wconf 85' lang='lat' dir='ltr'><strong>activa,</strong></span> <span class='ocrx_word' id='word_1_338' title='bbox 1821 4783 1883 4841; x_wconf 90' lang='lat' dir='ltr'><strong>et</strong></span> <span class='ocrx_word' id='word_1_339' title='bbox 1909 4796 2045 4840; x_wconf 82' lang='lat' dir='ltr'><strong>ma-</strong></span> 
     </span>
     <span class='ocr_line' id='line_1_48' title="bbox 481 4864 2043 4953; baseline 0.005 -26"><span class='ocrx_word' id='word_1_340' title='bbox 481 4864 647 4928; x_wconf 83' lang='lat' dir='ltr'><strong>xime</strong></span> <span class='ocrx_word' id='word_1_341' title='bbox 690 4872 762 4929; x_wconf 89' lang='lat' dir='ltr'><strong>ut</strong></span> <span class='ocrx_word' id='word_1_342' title='bbox 809 4867 892 4929; x_wconf 88' lang='lat' dir='ltr'><strong>sit</strong></span> <span class='ocrx_word' id='word_1_343' title='bbox 944 4869 1154 4949; x_wconf 85' lang='lat' dir='ltr'><strong>aliquo</strong></span> <span class='ocrx_word' id='word_1_344' title='bbox 1197 4872 1386 4933; x_wconf 87' lang='lat' dir='ltr'><strong>modo</strong></span> <span class='ocrx_word' id='word_1_345' title='bbox 1425 4873 1803 4953; x_wconf 86' lang='lat' dir='ltr'><strong>principium</strong></span> <span class='ocrx_word' id='word_1_346' title='bbox 1829 4888 1949 4953; x_wconf 88' lang='lat' dir='ltr'><strong>per</strong></span> <span class='ocrx_word' id='word_1_347' title='bbox 1974 4890 2043 4935; x_wconf 89' lang='lat' dir='ltr'><strong>se</strong></span> 
     </span>
     <span class='ocr_line' id='line_1_49' title="bbox 483 4960 2045 5047; baseline 0.004 -27"><span class='ocrx_word' id='word_1_348' title='bbox 483 4960 770 5036; x_wconf 78' lang='lat' dir='ltr'><strong>actioniS‚</strong></span> <span class='ocrx_word' id='word_1_349' title='bbox 801 4976 1066 5026; x_wconf 83' lang='lat' dir='ltr'><strong>necesse</strong></span> <span class='ocrx_word' id='word_1_350' title='bbox 1097 4968 1196 5025; x_wconf 87' lang='lat' dir='ltr'><strong>est</strong></span> <span class='ocrx_word' id='word_1_351' title='bbox 1238 4970 1310 5026; x_wconf 78' lang='lat' dir='ltr'><strong>ut</strong></span> <span class='ocrx_word' id='word_1_352' title='bbox 1349 4981 1464 5045; x_wconf 86' lang='lat' dir='ltr'><strong>per</strong></span> <span class='ocrx_word' id='word_1_353' title='bbox 1493 4967 1814 5047; x_wconf 81' lang='lat' dir='ltr'><strong>propriam</strong></span> <span class='ocrx_word' id='word_1_354' title='bbox 1863 4972 1926 5028; x_wconf 90' lang='lat' dir='ltr'><strong>et</strong></span> <span class='ocrx_word' id='word_1_355' title='bbox 1954 4967 2045 5026; x_wconf 91' lang='lat' dir='ltr'><strong>in·</strong></span> 
     </span>
     <span class='ocr_line' id='line_1_50' title="bbox 479 5053 2045 5123; baseline 0.005 -10"><span class='ocrx_word' id='word_1_356' title='bbox 479 5053 822 5116; x_wconf 86' lang='lat' dir='ltr'><strong>trinsecam</strong></span> <span class='ocrx_word' id='word_1_357' title='bbox 869 5055 1140 5120; x_wconf 84' lang='lat' dir='ltr'><strong>formam</strong></span> <span class='ocrx_word' id='word_1_358' title='bbox 1171 5076 1286 5120; x_wconf 89' lang='lat' dir='ltr'><strong>seu</strong></span> <span class='ocrx_word' id='word_1_359' title='bbox 1323 5060 1649 5123; x_wconf 87' lang='lat' dir='ltr'><strong>entitatem</strong></span> <span class='ocrx_word' id='word_1_360' title='bbox 1671 5060 1904 5123; x_wconf 86' lang='lat' dir='ltr'><strong>habeat</strong></span> <span class='ocrx_word' id='word_1_361' title='bbox 1931 5060 2045 5121; x_wconf 86' lang='lat' dir='ltr'><strong>ali·</strong></span> 
     </span>
     <span class='ocr_line' id='line_1_51' title="bbox 481 5149 2043 5236; baseline 0.006 -28"><span class='ocrx_word' id='word_1_362' title='bbox 481 5160 670 5229; x_wconf 86' lang='lat' dir='ltr'><strong>quam</strong></span> <span class='ocrx_word' id='word_1_363' title='bbox 697 5149 824 5210; x_wconf 74' lang='lat' dir='ltr'><strong>vim</strong></span> <span class='ocrx_word' id='word_1_364' title='bbox 849 5150 1078 5232; x_wconf 85' lang='lat' dir='ltr'><strong>agendi</strong></span> <span class='ocrx_word' id='word_1_365' title='bbox 1093 5166 1114 5231; x_wconf 85' lang='lat'>3</span> <span class='ocrx_word' id='word_1_366' title='bbox 1147 5158 1211 5216; x_wconf 89' lang='lat' dir='ltr'><strong>et</strong></span> <span class='ocrx_word' id='word_1_367' title='bbox 1228 5152 1352 5215; x_wconf 86' lang='lat' dir='ltr'><strong>hoc</strong></span> <span class='ocrx_word' id='word_1_368' title='bbox 1377 5159 1475 5217; x_wconf 88' lang='lat' dir='ltr'><strong>est</strong></span> <span class='ocrx_word' id='word_1_369' title='bbox 1502 5154 1688 5236; x_wconf 79' lang='lat' dir='ltr'><strong>quod·</strong></span> <span class='ocrx_word' id='word_1_370' title='bbox 1705 5152 2043 5217; x_wconf 85' lang='lat' dir='ltr'><strong>ostendere</strong></span> 
     </span>
     <span class='ocr_line' id='line_1_52' title="bbox 476 5243 1720 5325; baseline 0.007 -22"><span class='ocrx_word' id='word_1_371' title='bbox 476 5243 946 5325; x_wconf 85' lang='lat' dir='ltr'><strong>proposuimus.</strong></span> <span class='ocrx_word' id='word_1_372' title='bbox 1709 5258 1720 5266; x_wconf 79' lang='grc'><em>“</em></span> 
     </span>
    </p>
   </div>
   <div class='ocr_carea' id='block_1_4' title="bbox 1721 349 2477 422">
    <p class='ocr_par' dir='ltr' id='par_1_4' title="bbox 1721 349 2477 422">
     <span class='ocr_line' id='line_1_53' title="bbox 1721 349 2477 422; baseline -0.019 -8"><span class='ocrx_word' id='word_1_373' title='bbox 1721 356 1959 422; x_wconf 75' lang='lat' dir='ltr'><strong>QUAEST.</strong></span> <span class='ocrx_word' id='word_1_374' title='bbox 1994 352 2122 411; x_wconf 84' lang='lat' dir='ltr'><strong>xm.</strong></span> <span class='ocrx_word' id='word_1_375' title='bbox 2156 350 2359 409; x_wconf 70' lang='lat' dir='ltr'><strong>Anne.</strong></span> <span class='ocrx_word' id='word_1_376' title='bbox 2396 349 2477 405; x_wconf 77' lang='lat' dir='ltr'><strong>lv.</strong></span> 
     </span>
    </p>
   </div>
   <div class='ocr_carea' id='block_1_5' title="bbox 2198 482 3688 763">
    <p class='ocr_par' dir='ltr' id='par_1_5' title="bbox 2198 482 3688 763">
     <span class='ocr_line' id='line_1_54' title="bbox 2198 482 3686 569; baseline -0.003 -16"><span class='ocrx_word' id='word_1_377' title='bbox 2198 486 2554 553; x_wconf 73' lang='lat' dir='ltr'><strong>Ostenditur</strong></span> <span class='ocrx_word' id='word_1_378' title='bbox 2580 484 2986 551; x_wconf 72' lang='lat' dir='ltr'><strong>instrumenta</strong></span> <span class='ocrx_word' id='word_1_379' title='bbox 3017 484 3136 549; x_wconf 77' lang='lat' dir='ltr'><strong>Dei</strong></span> <span class='ocrx_word' id='word_1_380' title='bbox 3159 500 3280 549; x_wconf 78' lang='lat' dir='ltr'><strong>non</strong></span> <span class='ocrx_word' id='word_1_381' title='bbox 3305 482 3545 550; x_wconf 74' lang='lat' dir='ltr'><strong>elevari</strong></span> <span class='ocrx_word' id='word_1_382' title='bbox 3568 502 3686 569; x_wconf 73' lang='lat' dir='ltr'><strong>per</strong></span> 
     </span>
     <span class='ocr_line' id='line_1_55' title="bbox 2257 578 3688 661; baseline -0.003 -16"><span class='ocrx_word' id='word_1_383' title='bbox 2257 582 2449 646; x_wconf 75' lang='lat' dir='ltr'><strong>solam</strong></span> <span class='ocrx_word' id='word_1_384' title='bbox 2468 580 3030 657; x_wconf 67' lang='lat' dir='ltr'><strong>subordinatwnm,</strong></span> <span class='ocrx_word' id='word_1_385' title='bbox 3048 578 3106 645; x_wconf 75' lang='lat' dir='ltr'><strong>si</strong></span> <span class='ocrx_word' id='word_1_386' title='bbox 3124 580 3193 643; x_wconf 77' lang='lat' dir='ltr'><strong>in</strong></span> <span class='ocrx_word' id='word_1_387' title='bbox 3207 578 3293 644; x_wconf 71' lang='lat' dir='ltr'><strong>eis</strong></span> <span class='ocrx_word' id='word_1_388' title='bbox 3314 578 3498 643; x_wconf 71' lang='lat' dir='ltr'><strong>malla</strong></span> <span class='ocrx_word' id='word_1_389' title='bbox 3527 596 3688 661; x_wconf 76' lang='lat' dir='ltr'><strong>sup-</strong></span> 
     </span>
     <span class='ocr_line' id='line_1_56' title="bbox 2256 676 2846 763; baseline -0.002 -24"><span class='ocrx_word' id='word_1_390' title='bbox 2256 682 2525 763; x_wconf 76' lang='lat' dir='ltr'><strong>ponatur</strong></span> <span class='ocrx_word' id='word_1_391' title='bbox 2552 676 2846 760; x_wconf 71' lang='lat' dir='ltr'><strong>potentia.</strong></span> 
     </span>
    </p>
   </div>
   <div class='ocr_carea' id='block_1_6' title="bbox 2126 827 3857 4763">
    <p class='ocr_par' dir='ltr' id='par_1_6' title="bbox 2126 827 3857 4763">
     <span class='ocr_line' id='line_1_57' title="bbox 2218 827 3853 909; baseline -0.004 -16"><span class='ocrx_word' id='word_1_392' title='bbox 2218 834 2319 893; x_wconf 81' lang='lat'><strong>26.</strong></span> <span class='ocrx_word' id='word_1_393' title='bbox 2342 831 2433 892; x_wconf 86' lang='lat' dir='ltr'><strong>Ex</strong></span> <span class='ocrx_word' id='word_1_394' title='bbox 2457 828 2579 891; x_wconf 87' lang='lat' dir='ltr'><strong>hoc</strong></span> <span class='ocrx_word' id='word_1_395' title='bbox 2604 846 2755 891; x_wconf 73' lang='lat' dir='ltr'><strong>vero</strong></span> <span class='ocrx_word' id='word_1_396' title='bbox 2794 828 3103 909; x_wconf 89' lang='lat' dir='ltr'><strong>principio</strong></span> <span class='ocrx_word' id='word_1_397' title='bbox 3146 827 3565 909; x_wconf 84' lang='lat' dir='ltr'><strong>probandum</strong></span> <span class='ocrx_word' id='word_1_398' title='bbox 3614 846 3727 887; x_wconf 86' lang='lat' dir='ltr'><strong>su·</strong></span> <span class='ocrx_word' id='word_1_399' title='bbox 3851 848 3853 859; x_wconf 33' lang='grc' dir='ltr'><strong>Ξ</strong></span> 
     </span>
     <span class='ocr_line' id='line_1_58' title="bbox 2134 920 3849 1007; baseline -0.002 -20"><span class='ocrx_word' id='word_1_400' title='bbox 2134 930 2349 1007; x_wconf 87' lang='lat' dir='ltr'><strong>perest</strong></span> <span class='ocrx_word' id='word_1_401' title='bbox 2377 922 2655 985; x_wconf 90' lang='lat' dir='ltr'><strong>secundo</strong></span> <span class='ocrx_word' id='word_1_402' title='bbox 2692 922 2857 999; x_wconf 91' lang='lat' dir='ltr'><strong>loco,</strong></span> <span class='ocrx_word' id='word_1_403' title='bbox 2884 922 2965 983; x_wconf 94' lang='lat' dir='ltr'><strong>ad</strong></span> <span class='ocrx_word' id='word_1_404' title='bbox 2992 922 3441 1003; x_wconf 87' lang='lat' dir='ltr'><strong>complendum</strong></span> <span class='ocrx_word' id='word_1_405' title='bbox 3470 920 3725 983; x_wconf 88' lang='lat' dir='ltr'><strong>discur-</strong></span> <span class='ocrx_word' id='word_1_406' title='bbox 3847 965 3849 969; x_wconf 68' lang='lat'><strong>,</strong></span> 
     </span>
     <span class='ocr_line' id='line_1_59' title="bbox 2137 1014 3857 1097; baseline -0.003 -17"><span class='ocrx_word' id='word_1_407' title='bbox 2137 1036 2277 1081; x_wconf 87' lang='lat' dir='ltr'><strong>sum</strong></span> <span class='ocrx_word' id='word_1_408' title='bbox 2304 1018 2559 1085; x_wconf 82' lang='lat' dir='ltr'><strong>factum,</strong></span> <span class='ocrx_word' id='word_1_409' title='bbox 2587 1015 2827 1077; x_wconf 86' lang='lat' dir='ltr'><strong>nullam</strong></span> <span class='ocrx_word' id='word_1_410' title='bbox 2852 1034 2988 1077; x_wconf 90' lang='lat' dir='ltr'><strong>rem</strong></span> <span class='ocrx_word' id='word_1_411' title='bbox 3017 1034 3202 1097; x_wconf 85' lang='lat' dir='ltr'><strong>posse</strong></span> <span class='ocrx_word' id='word_1_412' title='bbox 3240 1015 3485 1078; x_wconf 76' lang='lat' dir='ltr'><strong>elevari</strong></span> <span class='ocrx_word' id='word_1_413' title='bbox 3524 1022 3603 1077; x_wconf 88' lang='lat' dir='ltr'><strong>ut</strong></span> <span class='ocrx_word' id='word_1_414' title='bbox 3648 1014 3725 1075; x_wconf 87' lang='lat' dir='ltr'><strong>sit</strong></span> <span class='ocrx_word' id='word_1_415' title='bbox 3855 1040 3857 1047; x_wconf 95' lang='lat'>·</span> 
     </span>
     <span class='ocr_line' id='line_1_60' title="bbox 2138 1110 3723 1190; baseline -0.003 -17"><span class='ocrx_word' id='word_1_416' title='bbox 2138 1113 2627 1173; x_wconf 86' lang='lat' dir='ltr'><strong>instrumentum</strong></span> <span class='ocrx_word' id='word_1_417' title='bbox 2666 1110 2779 1171; x_wconf 87' lang='lat' dir='ltr'><strong>Dei</strong></span> <span class='ocrx_word' id='word_1_418' title='bbox 2807 1110 2889 1171; x_wconf 90' lang='lat' dir='ltr'><strong>ad</strong></span> <span class='ocrx_word' id='word_1_419' title='bbox 2923 1110 3202 1190; x_wconf 87' lang='lat' dir='ltr'><strong>aliquam</strong></span> <span class='ocrx_word' id='word_1_420' title='bbox 3229 1112 3586 1181; x_wconf 85' lang='lat' dir='ltr'><strong>actionem,</strong></span> <span class='ocrx_word' id='word_1_421' title='bbox 3610 1126 3723 1188; x_wconf 84' lang='lat' dir='ltr'><strong>per</strong></span> 
     </span>
     <span class='ocr_line' id='line_1_61' title="bbox 2138 1203 3719 1275; baseline -0.003 -7"><span class='ocrx_word' id='word_1_422' title='bbox 2138 1206 2337 1269; x_wconf 85' lang='lat' dir='ltr'><strong>solam</strong></span> <span class='ocrx_word' id='word_1_423' title='bbox 2358 1203 2935 1266; x_wconf 85' lang='lat' dir='ltr'><strong>subordinationem</strong></span> <span class='ocrx_word' id='word_1_424' title='bbox 2964 1204 3047 1266; x_wconf 89' lang='lat' dir='ltr'><strong>ad</strong></span> <span class='ocrx_word' id='word_1_425' title='bbox 3075 1204 3352 1266; x_wconf 85' lang='lat' dir='ltr'><strong>divinam</strong></span> <span class='ocrx_word' id='word_1_426' title='bbox 3376 1204 3719 1275; x_wconf 80' lang='lat' dir='ltr'><strong>virtutem,</strong></span> 
     </span>
     <span class='ocr_line' id='line_1_62' title="bbox 2138 1296 3721 1380; baseline -0.003 -19"><span class='ocrx_word' id='word_1_427' title='bbox 2138 1314 2247 1363; x_wconf 83' lang='lat' dir='ltr'><strong>seu</strong></span> <span class='ocrx_word' id='word_1_428' title='bbox 2276 1316 2391 1380; x_wconf 88' lang='lat' dir='ltr'><strong>per</strong></span> <span class='ocrx_word' id='word_1_429' title='bbox 2418 1299 2618 1359; x_wconf 89' lang='lat' dir='ltr'><strong>solam</strong></span> <span class='ocrx_word' id='word_1_430' title='bbox 2648 1298 3061 1361; x_wconf 85' lang='lat' dir='ltr'><strong>extrinsecam</strong></span> <span class='ocrx_word' id='word_1_431' title='bbox 3092 1298 3528 1361; x_wconf 83' lang='lat' dir='ltr'><strong>elevationem</strong></span> <span class='ocrx_word' id='word_1_432' title='bbox 3548 1342 3569 1371; x_wconf 91' lang='lat'>‚</span> <span class='ocrx_word' id='word_1_433' title='bbox 3602 1296 3721 1357; x_wconf 85' lang='lat' dir='ltr'><strong>nisi</strong></span> 
     </span>
     <span class='ocr_line' id='line_1_63' title="bbox 2136 1392 3723 1473; baseline 0 -22"><span class='ocrx_word' id='word_1_434' title='bbox 2136 1392 2205 1453; x_wconf 88' lang='lat' dir='ltr'><strong>in</strong></span> <span class='ocrx_word' id='word_1_435' title='bbox 2231 1410 2300 1454; x_wconf 90' lang='lat' dir='ltr'><strong>re</strong></span> <span class='ocrx_word' id='word_1_436' title='bbox 2330 1410 2471 1472; x_wconf 66' lang='lat' dir='ltr'><strong>quae</strong></span> <span class='ocrx_word' id='word_1_437' title='bbox 2497 1392 2797 1467; x_wconf 76' lang='lat' dir='ltr'><strong>elevatur,</strong></span> <span class='ocrx_word' id='word_1_438' title='bbox 2822 1399 3213 1472; x_wconf 87' lang='lat' dir='ltr'><strong>supponatur</strong></span> <span class='ocrx_word' id='word_1_439' title='bbox 3236 1394 3457 1473; x_wconf 79' lang='lat' dir='ltr'><strong>aliqua</strong></span> <span class='ocrx_word' id='word_1_440' title='bbox 3490 1393 3597 1453; x_wconf 77' lang='lat' dir='ltr'><strong>vis</strong></span> <span class='ocrx_word' id='word_1_441' title='bbox 3622 1406 3723 1451; x_wconf 88' lang='lat' dir='ltr'><strong>ac-</strong></span> 
     </span>
     <span class='ocr_line' id='line_1_64' title="bbox 2136 1485 3723 1566; baseline 0 -19"><span class='ocrx_word' id='word_1_442' title='bbox 2136 1485 2264 1548; x_wconf 80' lang='lat' dir='ltr'><strong>tiva</strong></span> <span class='ocrx_word' id='word_1_443' title='bbox 2292 1486 2631 1548; x_wconf 87' lang='lat' dir='ltr'><strong>intrinseca</strong></span> <span class='ocrx_word' id='word_1_444' title='bbox 2656 1504 2773 1566; x_wconf 89' lang='lat' dir='ltr'><strong>per</strong></span> <span class='ocrx_word' id='word_1_445' title='bbox 2800 1486 3237 1549; x_wconf 61' lang='lat' dir='ltr'><strong>inhaerentiam</strong></span> <span class='ocrx_word' id='word_1_446' title='bbox 3272 1486 3375 1548; x_wconf 77' lang='lat' dir='ltr'><strong>vel</strong></span> <span class='ocrx_word' id='word_1_447' title='bbox 3402 1485 3723 1547; x_wconf 84' lang='lat' dir='ltr'><strong>identita·</strong></span> 
     </span>
     <span class='ocr_line' id='line_1_65' title="bbox 2134 1572 3857 1661; baseline 0 -20"><span class='ocrx_word' id='word_1_448' title='bbox 2134 1586 2288 1643; x_wconf 88' lang='lat' dir='ltr'><strong>tem.</strong></span> <span class='ocrx_word' id='word_1_449' title='bbox 2329 1581 2462 1642; x_wconf 87' lang='lat' dir='ltr'><strong>Hoc</strong></span> <span class='ocrx_word' id='word_1_450' title='bbox 2489 1586 2699 1641; x_wconf 88' lang='lat' dir='ltr'><strong>autem</strong></span> <span class='ocrx_word' id='word_1_451' title='bbox 2736 1580 3041 1660; x_wconf 86' lang='lat' dir='ltr'><strong>probatur</strong></span> <span class='ocrx_word' id='word_1_452' title='bbox 3066 1582 3289 1661; x_wconf 89' lang='lat' dir='ltr'><strong>primo,</strong></span> <span class='ocrx_word' id='word_1_453' title='bbox 3318 1581 3483 1659; x_wconf 81' lang='lat' dir='ltr'><strong>quia</strong></span> <span class='ocrx_word' id='word_1_454' title='bbox 3518 1579 3723 1641; x_wconf 79' lang='lat' dir='ltr'><strong>virtus</strong></span> <span class='ocrx_word' id='word_1_455' title='bbox 3831 1572 3857 1619; x_wconf 43' lang='grc' dir='ltr'>ἰ</span> 
     </span>
     <span class='ocr_line' id='line_1_66' title="bbox 2136 1674 3717 1756; baseline 0 -19"><span class='ocrx_word' id='word_1_456' title='bbox 2136 1676 2253 1737; x_wconf 90' lang='lat' dir='ltr'><strong>Dei</strong></span> <span class='ocrx_word' id='word_1_457' title='bbox 2272 1675 2717 1747; x_wconf 86' lang='lat' dir='ltr'><strong>substantialis,</strong></span> <span class='ocrx_word' id='word_1_458' title='bbox 2742 1692 2857 1737; x_wconf 89' lang='lat' dir='ltr'><strong>seu</strong></span> <span class='ocrx_word' id='word_1_459' title='bbox 2882 1693 3025 1755; x_wconf 85' lang='lat' dir='ltr'><strong>quae</strong></span> <span class='ocrx_word' id='word_1_460' title='bbox 3051 1676 3115 1737; x_wconf 89' lang='lat' dir='ltr'><strong>in</strong></span> <span class='ocrx_word' id='word_1_461' title='bbox 3140 1679 3272 1738; x_wconf 89' lang='lat' dir='ltr'><strong>Deo</strong></span> <span class='ocrx_word' id='word_1_462' title='bbox 3300 1677 3443 1756; x_wconf 87' lang='lat' dir='ltr'><strong>ipso</strong></span> <span class='ocrx_word' id='word_1_463' title='bbox 3476 1674 3717 1747; x_wconf 77' lang='lat' dir='ltr'><strong>existit,</strong></span> 
     </span>
     <span class='ocr_line' id='line_1_67' title="bbox 2138 1769 3723 1850; baseline -0.001 -19"><span class='ocrx_word' id='word_1_464' title='bbox 2138 1786 2267 1831; x_wconf 91' lang='lat' dir='ltr'><strong>non</strong></span> <span class='ocrx_word' id='word_1_465' title='bbox 2324 1770 2725 1849; x_wconf 87' lang='lat' dir='ltr'><strong>conjungitur</strong></span> <span class='ocrx_word' id='word_1_466' title='bbox 2770 1786 2889 1850; x_wconf 88' lang='lat' dir='ltr'><strong>per</strong></span> <span class='ocrx_word' id='word_1_467' title='bbox 2924 1770 3195 1849; x_wconf 82' lang='lat' dir='ltr'><strong>seipsam</strong></span> <span class='ocrx_word' id='word_1_468' title='bbox 3242 1769 3615 1832; x_wconf 85' lang='lat' dir='ltr'><strong>formaliter</strong></span> <span class='ocrx_word' id='word_1_469' title='bbox 3662 1775 3723 1830; x_wconf 88' lang='lat' dir='ltr'><strong>et</strong></span> 
     </span>
     <span class='ocr_line' id='line_1_68' title="bbox 2137 1862 3721 1941; baseline -0.001 -16"><span class='ocrx_word' id='word_1_470' title='bbox 2137 1863 2473 1925; x_wconf 86' lang='lat' dir='ltr'><strong>intrinsece</strong></span> <span class='ocrx_word' id='word_1_471' title='bbox 2497 1864 2915 1926; x_wconf 84' lang='lat' dir='ltr'><strong>instrumento</strong></span> <span class='ocrx_word' id='word_1_472' title='bbox 2950 1882 3065 1925; x_wconf 89' lang='lat' dir='ltr'><strong>suo</strong></span> <span class='ocrx_word' id='word_1_473' title='bbox 3094 1864 3157 1924; x_wconf 91' lang='lat' dir='ltr'><strong>in</strong></span> <span class='ocrx_word' id='word_1_474' title='bbox 3186 1864 3405 1925; x_wconf 87' lang='lat' dir='ltr'><strong>ordine</strong></span> <span class='ocrx_word' id='word_1_475' title='bbox 3440 1862 3535 1925; x_wconf 80' lang='lat' dir='ltr'><strong>ad</strong></span> <span class='ocrx_word' id='word_1_476' title='bbox 3562 1878 3721 1941; x_wconf 87' lang='lat' dir='ltr'><strong>ope·</strong></span> 
     </span>
     <span class='ocr_line' id='line_1_69' title="bbox 2138 1958 3719 2038; baseline -0.001 -19"><span class='ocrx_word' id='word_1_477' title='bbox 2138 1958 2483 2032; x_wconf 87' lang='lat' dir='ltr'><strong>rationem;</strong></span> <span class='ocrx_word' id='word_1_478' title='bbox 2513 1976 2665 2037; x_wconf 83' lang='lat' dir='ltr'><strong>ergo</strong></span> <span class='ocrx_word' id='word_1_479' title='bbox 2692 1976 2821 2019; x_wconf 90' lang='lat' dir='ltr'><strong>non</strong></span> <span class='ocrx_word' id='word_1_480' title='bbox 2848 1964 3059 2038; x_wconf 90' lang='lat' dir='ltr'><strong>potest</strong></span> <span class='ocrx_word' id='word_1_481' title='bbox 3083 1958 3593 2021; x_wconf 88' lang='lat' dir='ltr'><strong>instrumentum</strong></span> <span class='ocrx_word' id='word_1_482' title='bbox 3616 1958 3719 2019; x_wconf 89' lang='lat' dir='ltr'><strong>Dei</strong></span> 
     </span>
     <span class='ocr_line' id='line_1_70' title="bbox 2139 2052 3719 2131; baseline -0.001 -18"><span class='ocrx_word' id='word_1_483' title='bbox 2139 2070 2256 2131; x_wconf 90' lang='lat' dir='ltr'><strong>per</strong></span> <span class='ocrx_word' id='word_1_484' title='bbox 2299 2052 2471 2113; x_wconf 87' lang='lat' dir='ltr'><strong>illam</strong></span> <span class='ocrx_word' id='word_1_485' title='bbox 2515 2052 2813 2114; x_wconf 84' lang='lat' dir='ltr'><strong>virtutem</strong></span> <span class='ocrx_word' id='word_1_486' title='bbox 2856 2052 3152 2113; x_wconf 87' lang='lat' dir='ltr'><strong>constitui</strong></span> <span class='ocrx_word' id='word_1_487' title='bbox 3196 2054 3265 2113; x_wconf 88' lang='lat' dir='ltr'><strong>in</strong></span> <span class='ocrx_word' id='word_1_488' title='bbox 3308 2057 3457 2113; x_wconf 86' lang='lat' dir='ltr'><strong>actu</strong></span> <span class='ocrx_word' id='word_1_489' title='bbox 3504 2052 3719 2131; x_wconf 87' lang='lat' dir='ltr'><strong>primo</strong></span> 
     </span>
     <span class='ocr_line' id='line_1_71' title="bbox 2141 2146 3721 2225; baseline -0.001 -18"><span class='ocrx_word' id='word_1_490' title='bbox 2141 2147 2221 2207; x_wconf 88' lang='lat' dir='ltr'><strong>ad</strong></span> <span class='ocrx_word' id='word_1_491' title='bbox 2268 2146 2607 2225; x_wconf 86' lang='lat' dir='ltr'><strong>agendum,</strong></span> <span class='ocrx_word' id='word_1_492' title='bbox 2664 2146 2713 2207; x_wconf 91' lang='lat' dir='ltr'><strong>si</strong></span> <span class='ocrx_word' id='word_1_493' title='bbox 2756 2146 2821 2206; x_wconf 89' lang='lat' dir='ltr'><strong>in</strong></span> <span class='ocrx_word' id='word_1_494' title='bbox 2866 2164 2934 2208; x_wconf 89' lang='lat' dir='ltr'><strong>se</strong></span> <span class='ocrx_word' id='word_1_495' title='bbox 2978 2146 3219 2207; x_wconf 87' lang='lat' dir='ltr'><strong>nullam</strong></span> <span class='ocrx_word' id='word_1_496' title='bbox 3258 2147 3387 2207; x_wconf 82' lang='lat' dir='ltr'><strong>vim</strong></span> <span class='ocrx_word' id='word_1_497' title='bbox 3436 2146 3721 2206; x_wconf 75' lang='lat' dir='ltr'><strong>activam</strong></span> 
     </span>
     <span class='ocr_line' id='line_1_72' title="bbox 2138 2238 3719 2321; baseline -0.002 -21"><span class='ocrx_word' id='word_1_498' title='bbox 2138 2240 2329 2302; x_wconf 86' lang='lat' dir='ltr'><strong>habet</strong></span> <span class='ocrx_word' id='word_1_499' title='bbox 2346 2262 2363 2315; x_wconf 91' lang='lat'>;</span> <span class='ocrx_word' id='word_1_500' title='bbox 2392 2259 2545 2320; x_wconf 85' lang='lat' dir='ltr'><strong>ergo</strong></span> <span class='ocrx_word' id='word_1_501' title='bbox 2570 2258 2779 2321; x_wconf 88' lang='lat' dir='ltr'><strong>neque</strong></span> <span class='ocrx_word' id='word_1_502' title='bbox 2818 2240 3012 2302; x_wconf 87' lang='lat' dir='ltr'><strong>etiam</strong></span> <span class='ocrx_word' id='word_1_503' title='bbox 3040 2242 3249 2319; x_wconf 87' lang='lat' dir='ltr'><strong>potest</strong></span> <span class='ocrx_word' id='word_1_504' title='bbox 3298 2238 3616 2301; x_wconf 81' lang='lat' dir='ltr'><strong>constitui</strong></span> <span class='ocrx_word' id='word_1_505' title='bbox 3660 2240 3719 2298; x_wconf 88' lang='lat' dir='ltr'><strong>in</strong></span> 
     </span>
     <span class='ocr_line' id='line_1_73' title="bbox 2138 2333 3721 2413; baseline -0.001 -18"><span class='ocrx_word' id='word_1_506' title='bbox 2138 2341 2281 2396; x_wconf 86' lang='lat' dir='ltr'><strong>actu</strong></span> <span class='ocrx_word' id='word_1_507' title='bbox 2310 2336 2515 2413; x_wconf 89' lang='lat' dir='ltr'><strong>primo</strong></span> <span class='ocrx_word' id='word_1_508' title='bbox 2542 2352 2657 2413; x_wconf 90' lang='lat' dir='ltr'><strong>per</strong></span> <span class='ocrx_word' id='word_1_509' title='bbox 2692 2334 2891 2395; x_wconf 88' lang='lat' dir='ltr'><strong>solam</strong></span> <span class='ocrx_word' id='word_1_510' title='bbox 2946 2333 3563 2395; x_wconf 85' lang='lat' dir='ltr'><strong>subordinationem.</strong></span> <span class='ocrx_word' id='word_1_511' title='bbox 3598 2334 3721 2393; x_wconf 81' lang='lat' dir='ltr'><strong>An·</strong></span> 
     </span>
     <span class='ocr_line' id='line_1_74' title="bbox 2129 2428 3721 2508; baseline -0.003 -17"><span class='ocrx_word' id='word_1_512' title='bbox 2129 2429 2429 2491; x_wconf 87' lang='lat' dir='ltr'><strong>tecedens</strong></span> <span class='ocrx_word' id='word_1_513' title='bbox 2484 2436 2583 2491; x_wconf 89' lang='lat' dir='ltr'><strong>est</strong></span> <span class='ocrx_word' id='word_1_514' title='bbox 2636 2429 3055 2491; x_wconf 87' lang='lat' dir='ltr'><strong>certissimum</strong></span> <span class='ocrx_word' id='word_1_515' title='bbox 3084 2472 3107 2503; x_wconf 90' lang='lat'><strong>,</strong></span> <span class='ocrx_word' id='word_1_516' title='bbox 3152 2429 3301 2508; x_wconf 86' lang='lat' dir='ltr'><strong>quia</strong></span> <span class='ocrx_word' id='word_1_517' title='bbox 3348 2428 3460 2489; x_wconf 85' lang='lat' dir='ltr'><strong>illa</strong></span> <span class='ocrx_word' id='word_1_518' title='bbox 3510 2428 3721 2489; x_wconf 81' lang='lat' dir='ltr'><strong>virtus</strong></span> 
     </span>
     <span class='ocr_line' id='line_1_75' title="bbox 2130 2522 3717 2597; baseline -0.002 -13"><span class='ocrx_word' id='word_1_519' title='bbox 2130 2524 2237 2585; x_wconf 85' lang='lat' dir='ltr'><strong>Dei</strong></span> <span class='ocrx_word' id='word_1_520' title='bbox 2286 2530 2383 2585; x_wconf 88' lang='lat' dir='ltr'><strong>est</strong></span> <span class='ocrx_word' id='word_1_521' title='bbox 2428 2524 2798 2597; x_wconf 75' lang='lat' dir='ltr'><strong>subsistenS,</strong></span> <span class='ocrx_word' id='word_1_522' title='bbox 2834 2535 2899 2584; x_wconf 86' lang='lat' dir='ltr'><strong>et</strong></span> <span class='ocrx_word' id='word_1_523' title='bbox 2946 2522 3297 2585; x_wconf 87' lang='lat' dir='ltr'><strong>essentialis</strong></span> <span class='ocrx_word' id='word_1_524' title='bbox 3350 2523 3529 2597; x_wconf 85' lang='lat' dir='ltr'><strong>Deo;</strong></span> <span class='ocrx_word' id='word_1_525' title='bbox 3586 2538 3717 2583; x_wconf 89' lang='lat' dir='ltr'><strong>non</strong></span> 
     </span>
     <span class='ocr_line' id='line_1_76' title="bbox 2131 2616 3717 2697; baseline -0.003 -18"><span class='ocrx_word' id='word_1_526' title='bbox 2131 2634 2285 2697; x_wconf 82' lang='lat' dir='ltr'><strong>ergo</strong></span> <span class='ocrx_word' id='word_1_527' title='bbox 2316 2617 2655 2679; x_wconf 87' lang='lat' dir='ltr'><strong>intrinsece</strong></span> <span class='ocrx_word' id='word_1_528' title='bbox 2696 2617 3099 2697; x_wconf 83' lang='lat' dir='ltr'><strong>conjungitur</strong></span> <span class='ocrx_word' id='word_1_529' title='bbox 3140 2620 3469 2689; x_wconf 79' lang='lat' dir='ltr'><strong>creaturae,</strong></span> <span class='ocrx_word' id='word_1_530' title='bbox 3504 2620 3583 2677; x_wconf 85' lang='lat' dir='ltr'><strong>ut</strong></span> <span class='ocrx_word' id='word_1_531' title='bbox 3644 2616 3717 2676; x_wconf 86' lang='lat' dir='ltr'><strong>sit</strong></span> 
     </span>
     <span class='ocr_line' id='line_1_77' title="bbox 2128 2709 3709 2789; baseline -0.003 -17"><span class='ocrx_word' id='word_1_532' title='bbox 2128 2712 2322 2773; x_wconf 82' lang='lat' dir='ltr'><strong>veluti</strong></span> <span class='ocrx_word' id='word_1_533' title='bbox 2351 2711 2553 2772; x_wconf 84' lang='lat' dir='ltr'><strong>forma</strong></span> <span class='ocrx_word' id='word_1_534' title='bbox 2582 2716 2645 2772; x_wconf 92' lang='lat' dir='ltr'><strong>et</strong></span> <span class='ocrx_word' id='word_1_535' title='bbox 2672 2710 2869 2772; x_wconf 87' lang='lat' dir='ltr'><strong>virtus</strong></span> <span class='ocrx_word' id='word_1_536' title='bbox 2886 2726 3015 2789; x_wconf 86' lang='lat' dir='ltr'><strong>qua</strong></span> <span class='ocrx_word' id='word_1_537' title='bbox 3034 2709 3171 2789; x_wconf 88' lang='lat' dir='ltr'><strong>ipsa</strong></span> <span class='ocrx_word' id='word_1_538' title='bbox 3202 2716 3495 2772; x_wconf 85' lang='lat' dir='ltr'><strong>creatura</strong></span> <span class='ocrx_word' id='word_1_539' title='bbox 3530 2715 3709 2789; x_wconf 84' lang='lat' dir='ltr'><strong>agat.</strong></span> 
     </span>
     <span class='ocr_line' id='line_1_78' title="bbox 2130 2803 3719 2867; baseline -0.002 0"><span class='ocrx_word' id='word_1_540' title='bbox 2130 2805 2367 2867; x_wconf 86' lang='lat' dir='ltr'><strong>Deinde</strong></span> <span class='ocrx_word' id='word_1_541' title='bbox 2411 2806 2535 2867; x_wconf 87' lang='lat' dir='ltr'><strong>hoc</strong></span> <span class='ocrx_word' id='word_1_542' title='bbox 2594 2822 2787 2867; x_wconf 85' lang='lat' dir='ltr'><strong>sensu</strong></span> <span class='ocrx_word' id='word_1_543' title='bbox 2844 2803 3151 2867; x_wconf 88' lang='lat' dir='ltr'><strong>damnant</strong></span> <span class='ocrx_word' id='word_1_544' title='bbox 3206 2820 3429 2865; x_wconf 90' lang='lat' dir='ltr'><strong>omnes</strong></span> <span class='ocrx_word' id='word_1_545' title='bbox 3502 2804 3719 2865; x_wconf 84' lang='lat' dir='ltr'><strong>Theo·</strong></span> 
     </span>
     <span class='ocr_line' id='line_1_79' title="bbox 2134 2896 3715 2979; baseline -0.002 -19"><span class='ocrx_word' id='word_1_546' title='bbox 2134 2899 2263 2979; x_wconf 84' lang='lat' dir='ltr'><strong>logi</strong></span> <span class='ocrx_word' id='word_1_547' title='bbox 2322 2900 2698 2961; x_wconf 87' lang='lat' dir='ltr'><strong>sententiam</strong></span> <span class='ocrx_word' id='word_1_548' title='bbox 2757 2898 3040 2978; x_wconf 85' lang='lat' dir='ltr'><strong>Magistri</strong></span> <span class='ocrx_word' id='word_1_549' title='bbox 3082 2898 3382 2975; x_wconf 88' lang='lat' dir='ltr'><strong>dicentis,</strong></span> <span class='ocrx_word' id='word_1_550' title='bbox 3434 2896 3715 2959; x_wconf 88' lang='lat' dir='ltr'><strong>charita-</strong></span> 
     </span>
     <span class='ocr_line' id='line_1_80' title="bbox 2136 2992 3717 3066; baseline -0.002 -12"><span class='ocrx_word' id='word_1_551' title='bbox 2136 2998 2267 3054; x_wconf 90' lang='lat' dir='ltr'><strong>tem</strong></span> <span class='ocrx_word' id='word_1_552' title='bbox 2296 2993 2645 3054; x_wconf 88' lang='lat' dir='ltr'><strong>increatam</strong></span> <span class='ocrx_word' id='word_1_553' title='bbox 2684 2993 2773 3055; x_wconf 90' lang='lat' dir='ltr'><strong>ita</strong></span> <span class='ocrx_word' id='word_1_554' title='bbox 2810 2992 2975 3053; x_wconf 90' lang='lat' dir='ltr'><strong>uniri</strong></span> <span class='ocrx_word' id='word_1_555' title='bbox 3011 2992 3317 3053; x_wconf 84' lang='lat' dir='ltr'><strong>voluntati</strong></span> <span class='ocrx_word' id='word_1_556' title='bbox 3356 2998 3619 3066; x_wconf 64' lang='lat' dir='ltr'><strong>creatis,</strong></span> <span class='ocrx_word' id='word_1_557' title='bbox 3652 2998 3717 3051; x_wconf 88' lang='lat' dir='ltr'><strong>ut</strong></span> 
     </span>
     <span class='ocr_line' id='line_1_81' title="bbox 2138 3083 3717 3166; baseline -0.001 -19"><span class='ocrx_word' id='word_1_558' title='bbox 2138 3086 2217 3147; x_wconf 86' lang='lat' dir='ltr'><strong>sit</strong></span> <span class='ocrx_word' id='word_1_559' title='bbox 2256 3087 2350 3147; x_wconf 92' lang='lat' dir='ltr'><strong>illi</strong></span> <span class='ocrx_word' id='word_1_560' title='bbox 2384 3087 2525 3147; x_wconf 90' lang='lat' dir='ltr'><strong>loco</strong></span> <span class='ocrx_word' id='word_1_561' title='bbox 2557 3086 2883 3147; x_wconf 85' lang='lat' dir='ltr'><strong>intrinseci</strong></span> <span class='ocrx_word' id='word_1_562' title='bbox 2910 3085 3201 3166; x_wconf 90' lang='lat' dir='ltr'><strong>principii</strong></span> <span class='ocrx_word' id='word_1_563' title='bbox 3246 3092 3309 3147; x_wconf 89' lang='lat' dir='ltr'><strong>et</strong></span> <span class='ocrx_word' id='word_1_564' title='bbox 3335 3086 3595 3147; x_wconf 82' lang='lat' dir='ltr'><strong>virtutis</strong></span> <span class='ocrx_word' id='word_1_565' title='bbox 3640 3083 3717 3145; x_wconf 90' lang='lat' dir='ltr'><strong>ad</strong></span> 
     </span>
     <span class='ocr_line' id='line_1_82' title="bbox 2134 3177 3715 3259; baseline -0.001 -18"><span class='ocrx_word' id='word_1_566' title='bbox 2134 3180 2501 3242; x_wconf 84' lang='lat' dir='ltr'><strong>amandum.</strong></span> <span class='ocrx_word' id='word_1_567' title='bbox 2525 3182 2860 3253; x_wconf 80' lang='lat' dir='ltr'><strong>Praeterea,</strong></span> <span class='ocrx_word' id='word_1_568' title='bbox 2894 3196 3185 3259; x_wconf 74' lang='lat' dir='ltr'><strong>quaenam</strong></span> <span class='ocrx_word' id='word_1_569' title='bbox 3232 3179 3381 3239; x_wconf 92' lang='lat' dir='ltr'><strong>unio</strong></span> <span class='ocrx_word' id='word_1_570' title='bbox 3410 3177 3569 3257; x_wconf 85' lang='lat' dir='ltr'><strong>fingi</strong></span> <span class='ocrx_word' id='word_1_571' title='bbox 3600 3196 3715 3258; x_wconf 85' lang='lat' dir='ltr'><strong>po·</strong></span> 
     </span>
     <span class='ocr_line' id='line_1_83' title="bbox 2134 3273 3710 3351; baseline -0.003 -16"><span class='ocrx_word' id='word_1_572' title='bbox 2134 3280 2259 3336; x_wconf 90' lang='lat' dir='ltr'><strong>test</strong></span> <span class='ocrx_word' id='word_1_573' title='bbox 2294 3275 2459 3336; x_wconf 87' lang='lat' dir='ltr'><strong>inter</strong></span> <span class='ocrx_word' id='word_1_574' title='bbox 2492 3273 2790 3334; x_wconf 81' lang='lat' dir='ltr'><strong>virtutem</strong></span> <span class='ocrx_word' id='word_1_575' title='bbox 2818 3273 3165 3334; x_wconf 87' lang='lat' dir='ltr'><strong>increatam</strong></span> <span class='ocrx_word' id='word_1_576' title='bbox 3202 3273 3334 3347; x_wconf 89' lang='lat' dir='ltr'><strong>Dei,</strong></span> <span class='ocrx_word' id='word_1_577' title='bbox 3350 3278 3415 3333; x_wconf 89' lang='lat' dir='ltr'><strong>et</strong></span> <span class='ocrx_word' id='word_1_578' title='bbox 3442 3290 3710 3351; x_wconf 84' lang='lat' dir='ltr'><strong>aquam,</strong></span> 
     </span>
     <span class='ocr_line' id='line_1_84' title="bbox 2135 3362 3713 3447; baseline -0.002 -18"><span class='ocrx_word' id='word_1_579' title='bbox 2135 3369 2308 3430; x_wconf 83' lang='lat' dir='ltr'><strong>verbi</strong></span> <span class='ocrx_word' id='word_1_580' title='bbox 2347 3368 2581 3447; x_wconf 84' lang='lat' dir='ltr'><strong>gratia,</strong></span> <span class='ocrx_word' id='word_1_581' title='bbox 2622 3367 3061 3446; x_wconf 85' lang='lat' dir='ltr'><strong>baptismalem</strong></span> <span class='ocrx_word' id='word_1_582' title='bbox 3081 3412 3102 3443; x_wconf 97' lang='lat'><strong>,</strong></span> <span class='ocrx_word' id='word_1_583' title='bbox 3148 3362 3245 3427; x_wconf 73' lang='lat' dir='ltr'><strong>ut&#39;</strong></span> <span class='ocrx_word' id='word_1_584' title='bbox 3266 3367 3517 3427; x_wconf 88' lang='lat' dir='ltr'><strong>ratione</strong></span> <span class='ocrx_word' id='word_1_585' title='bbox 3564 3366 3713 3426; x_wconf 84' lang='lat' dir='ltr'><strong>talis</strong></span> 
     </span>
     <span class='ocr_line' id='line_1_85' title="bbox 2134 3460 3711 3540; baseline -0.001 -19"><span class='ocrx_word' id='word_1_586' title='bbox 2134 3461 2389 3522; x_wconf 88' lang='lat' dir='ltr'><strong>unionis</strong></span> <span class='ocrx_word' id='word_1_587' title='bbox 2420 3460 2665 3522; x_wconf 88' lang='lat' dir='ltr'><strong>dicatur</strong></span> <span class='ocrx_word' id='word_1_588' title='bbox 2694 3478 2861 3539; x_wconf 83' lang='lat' dir='ltr'><strong>aqua</strong></span> <span class='ocrx_word' id='word_1_589' title='bbox 2888 3477 3081 3540; x_wconf 85' lang='lat' dir='ltr'><strong>agere</strong></span> <span class='ocrx_word' id='word_1_590' title='bbox 3116 3478 3237 3539; x_wconf 88' lang='lat' dir='ltr'><strong>per</strong></span> <span class='ocrx_word' id='word_1_591' title='bbox 3275 3460 3477 3521; x_wconf 88' lang='lat' dir='ltr'><strong>solam</strong></span> <span class='ocrx_word' id='word_1_592' title='bbox 3508 3460 3711 3521; x_wconf 75' lang='lat' dir='ltr'><strong>virtu-</strong></span> 
     </span>
     <span class='ocr_line' id='line_1_86' title="bbox 2133 3554 3713 3633; baseline -0.001 -16"><span class='ocrx_word' id='word_1_593' title='bbox 2133 3561 2263 3617; x_wconf 86' lang='lat' dir='ltr'><strong>tem</strong></span> <span class='ocrx_word' id='word_1_594' title='bbox 2294 3555 2401 3615; x_wconf 89' lang='lat' dir='ltr'><strong>Dei</strong></span> <span class='ocrx_word' id='word_1_595' title='bbox 2422 3558 2449 3616; x_wconf 75' lang='lat' dir='ltr'><strong>‘t</strong></span> <span class='ocrx_word' id='word_1_596' title='bbox 2474 3555 2625 3633; x_wconf 85' lang='lat' dir='ltr'><strong>quia</strong></span> <span class='ocrx_word' id='word_1_597' title='bbox 2650 3572 2769 3616; x_wconf 90' lang='lat' dir='ltr'><strong>nec</strong></span> <span class='ocrx_word' id='word_1_598' title='bbox 2797 3554 2951 3623; x_wconf 81' lang='lat' dir='ltr'><strong>talis·</strong></span> <span class='ocrx_word' id='word_1_599' title='bbox 2980 3554 3133 3615; x_wconf 87' lang='lat' dir='ltr'><strong>unio</strong></span> <span class='ocrx_word' id='word_1_600' title='bbox 3174 3560 3385 3633; x_wconf 87' lang='lat' dir='ltr'><strong>potest</strong></span> <span class='ocrx_word' id='word_1_601' title='bbox 3412 3570 3559 3615; x_wconf 90' lang='lat' dir='ltr'><strong>esse</strong></span> <span class='ocrx_word' id='word_1_602' title='bbox 3588 3572 3713 3615; x_wconf 84' lang='lat' dir='ltr'><strong>na·-</strong></span> 
     </span>
     <span class='ocr_line' id='line_1_87' title="bbox 2134 3647 3713 3728; baseline -0.001 -18"><span class='ocrx_word' id='word_1_603' title='bbox 2134 3648 2377 3723; x_wconf 86' lang='lat' dir='ltr'><strong>turalis,</strong></span> <span class='ocrx_word' id='word_1_604' title='bbox 2401 3655 2471 3709; x_wconf 90' lang='lat' dir='ltr'><strong>ut</strong></span> <span class='ocrx_word' id='word_1_605' title='bbox 2496 3666 2610 3727; x_wconf 90' lang='lat' dir='ltr'><strong>per</strong></span> <span class='ocrx_word' id='word_1_606' title='bbox 2629 3666 2695 3710; x_wconf 87' lang='lat' dir='ltr'><strong>se</strong></span> <span class='ocrx_word' id='word_1_607' title='bbox 2720 3654 2983 3722; x_wconf 83' lang='lat' dir='ltr'><strong>constat,</strong></span> <span class='ocrx_word' id='word_1_608' title='bbox 3007 3648 3156 3728; x_wconf 87' lang='lat' dir='ltr'><strong>quia</strong></span> <span class='ocrx_word' id='word_1_609' title='bbox 3182 3666 3301 3709; x_wconf 89' lang='lat' dir='ltr'><strong>nec</strong></span> <span class='ocrx_word' id='word_1_610' title='bbox 3322 3647 3477 3728; x_wconf 81' lang='lat' dir='ltr'><strong>fingi</strong></span> <span class='ocrx_word' id='word_1_611' title='bbox 3498 3654 3713 3728; x_wconf 81' lang='lat' dir='ltr'><strong>potest</strong></span> 
     </span>
     <span class='ocr_line' id='line_1_88' title="bbox 2137 3741 3713 3823; baseline 0.001 -22"><span class='ocrx_word' id='word_1_612' title='bbox 2137 3760 2276 3820; x_wconf 80' lang='lat' dir='ltr'><strong>quae</strong></span> <span class='ocrx_word' id='word_1_613' title='bbox 2306 3743 2406 3816; x_wconf 88' lang='lat' dir='ltr'><strong>sit,</strong></span> <span class='ocrx_word' id='word_1_614' title='bbox 2438 3760 2647 3823; x_wconf 86' lang='lat' dir='ltr'><strong>neque</strong></span> <span class='ocrx_word' id='word_1_615' title='bbox 2667 3782 2691 3819; x_wconf 84' lang='lat'><strong>,</strong></span> <span class='ocrx_word' id='word_1_616' title='bbox 2730 3743 2783 3803; x_wconf 85' lang='lat' dir='ltr'><strong>si</strong></span> <span class='ocrx_word' id='word_1_617' title='bbox 2834 3748 3035 3818; x_wconf 87' lang='lat' dir='ltr'><strong>esset,</strong></span> <span class='ocrx_word' id='word_1_618' title='bbox 3068 3741 3357 3803; x_wconf 87' lang='lat' dir='ltr'><strong>sufficere</strong></span> <span class='ocrx_word' id='word_1_619' title='bbox 3384 3749 3601 3821; x_wconf 84' lang='lat' dir='ltr'><strong>posset</strong></span> <span class='ocrx_word' id='word_1_620' title='bbox 3630 3742 3713 3802; x_wconf 86' lang='lat' dir='ltr'><strong>ad</strong></span> 
     </span>
     <span class='ocr_line' id='line_1_89' title="bbox 2139 3836 3709 3918; baseline 0 -21"><span class='ocrx_word' id='word_1_621' title='bbox 2139 3837 2451 3898; x_wconf 86' lang='lat' dir='ltr'><strong>actionem</strong></span> <span class='ocrx_word' id='word_1_622' title='bbox 2488 3836 3069 3918; x_wconf 85' lang='lat' dir='ltr'><strong>supernaturalem,</strong></span> <span class='ocrx_word' id='word_1_623' title='bbox 3106 3836 3268 3898; x_wconf 88' lang='lat' dir='ltr'><strong>sicut</strong></span> <span class='ocrx_word' id='word_1_624' title='bbox 3304 3836 3581 3897; x_wconf 83' lang='lat' dir='ltr'><strong>diximus</strong></span> <span class='ocrx_word' id='word_1_625' title='bbox 3626 3836 3709 3897; x_wconf 89' lang='lat' dir='ltr'><strong>de</strong></span> 
     </span>
     <span class='ocr_line' id='line_1_90' title="bbox 2138 3930 3709 4011; baseline -0.001 -21"><span class='ocrx_word' id='word_1_626' title='bbox 2138 3946 2519 4009; x_wconf 86' lang='lat' dir='ltr'><strong>quacunque</strong></span> <span class='ocrx_word' id='word_1_627' title='bbox 2592 3933 2874 3993; x_wconf 90' lang='lat' dir='ltr'><strong>motione</strong></span> <span class='ocrx_word' id='word_1_628' title='bbox 2944 3930 3207 4011; x_wconf 82' lang='lat' dir='ltr'><strong>physica</strong></span> <span class='ocrx_word' id='word_1_629' title='bbox 3290 3936 3355 3992; x_wconf 89' lang='lat' dir='ltr'><strong>et</strong></span> <span class='ocrx_word' id='word_1_630' title='bbox 3426 3930 3709 3990; x_wconf 82' lang='lat' dir='ltr'><strong>naturali</strong></span> 
     </span>
     <span class='ocr_line' id='line_1_91' title="bbox 2129 4023 3706 4105; baseline -0.002 -19"><span class='ocrx_word' id='word_1_631' title='bbox 2129 4024 2292 4086; x_wconf 87' lang='lat' dir='ltr'><strong>circa</strong></span> <span class='ocrx_word' id='word_1_632' title='bbox 2336 4040 2589 4102; x_wconf 83' lang='lat' dir='ltr'><strong>aquam.</strong></span> <span class='ocrx_word' id='word_1_633' title='bbox 2634 4025 2851 4104; x_wconf 82' lang='lat' dir='ltr'><strong>Neque</strong></span> <span class='ocrx_word' id='word_1_634' title='bbox 2894 4027 3088 4087; x_wconf 89' lang='lat' dir='ltr'><strong>etiam</strong></span> <span class='ocrx_word' id='word_1_635' title='bbox 3134 4029 3345 4105; x_wconf 87' lang='lat' dir='ltr'><strong>potest</strong></span> <span class='ocrx_word' id='word_1_636' title='bbox 3394 4023 3505 4085; x_wconf 87' lang='lat' dir='ltr'><strong>illa</strong></span> <span class='ocrx_word' id='word_1_637' title='bbox 3552 4025 3706 4084; x_wconf 85' lang='lat' dir='ltr'><strong>nnio</strong></span> 
     </span>
     <span class='ocr_line' id='line_1_92' title="bbox 2128 4117 3697 4197; baseline -0.001 -18"><span class='ocrx_word' id='word_1_638' title='bbox 2128 4134 2263 4179; x_wconf 82' lang='lat' dir='ltr'><strong>esse</strong></span> <span class='ocrx_word' id='word_1_639' title='bbox 2312 4118 2809 4197; x_wconf 85' lang='lat' dir='ltr'><strong>supernaturalis</strong></span> <span class='ocrx_word' id='word_1_640' title='bbox 2849 4135 2865 4191; x_wconf 79' lang='grc' dir='ltr'><strong>ς</strong></span> <span class='ocrx_word' id='word_1_641' title='bbox 2914 4118 3159 4179; x_wconf 88' lang='lat' dir='ltr'><strong>seclusa</strong></span> <span class='ocrx_word' id='word_1_642' title='bbox 3214 4118 3387 4179; x_wconf 91' lang='lat' dir='ltr'><strong>enim</strong></span> <span class='ocrx_word' id='word_1_643' title='bbox 3444 4117 3697 4179; x_wconf 88' lang='lat' dir='ltr'><strong>actione</strong></span> 
     </span>
     <span class='ocr_line' id='line_1_93' title="bbox 2128 4210 3703 4291; baseline -0.001 -19"><span class='ocrx_word' id='word_1_644' title='bbox 2128 4210 2339 4291; x_wconf 88' lang='lat' dir='ltr'><strong>aliqua</strong></span> <span class='ocrx_word' id='word_1_645' title='bbox 2368 4212 2830 4291; x_wconf 88' lang='lat' dir='ltr'><strong>supernaturali</strong></span> <span class='ocrx_word' id='word_1_646' title='bbox 2860 4212 2973 4273; x_wconf 91' lang='lat' dir='ltr'><strong>Dei</strong></span> <span class='ocrx_word' id='word_1_647' title='bbox 3010 4212 3074 4272; x_wconf 91' lang='lat' dir='ltr'><strong>in</strong></span> <span class='ocrx_word' id='word_1_648' title='bbox 3104 4228 3334 4291; x_wconf 86' lang='lat' dir='ltr'><strong>aquam</strong></span> <span class='ocrx_word' id='word_1_649' title='bbox 3351 4258 3373 4289; x_wconf 94' lang='lat'><strong>,</strong></span> <span class='ocrx_word' id='word_1_650' title='bbox 3402 4226 3703 4291; x_wconf 79' lang='lat' dir='ltr'><strong>qnaenam</strong></span> 
     </span>
     <span class='ocr_line' id='line_1_94' title="bbox 2128 4297 3857 4390; baseline -0.002 -22"><span class='ocrx_word' id='word_1_651' title='bbox 2128 4319 2269 4368; x_wconf 83' lang='lat' dir='ltr'><strong>esse</strong></span> <span class='ocrx_word' id='word_1_652' title='bbox 2298 4312 2506 4385; x_wconf 88' lang='lat' dir='ltr'><strong>potest</strong></span> <span class='ocrx_word' id='word_1_653' title='bbox 2542 4306 2687 4367; x_wconf 90' lang='lat' dir='ltr'><strong>talis</strong></span> <span class='ocrx_word' id='word_1_654' title='bbox 2728 4306 2927 4367; x_wconf 75' lang='lat' dir='ltr'><strong>unio?</strong></span> <span class='ocrx_word' id='word_1_655' title='bbox 2952 4306 3125 4367; x_wconf 83' lang='lat' dir='ltr'><strong>nulia</strong></span> <span class='ocrx_word' id='word_1_656' title='bbox 3153 4312 3369 4367; x_wconf 89' lang='lat' dir='ltr'><strong>autem</strong></span> <span class='ocrx_word' id='word_1_657' title='bbox 3396 4322 3703 4384; x_wconf 85' lang='lat' dir='ltr'><strong>superna-</strong></span> <span class='ocrx_word' id='word_1_658' title='bbox 3831 4297 3857 4390; x_wconf 69' lang='lat' dir='ltr'><strong>i,</strong></span> 
     </span>
     <span class='ocr_line' id='line_1_95' title="bbox 2126 4397 3857 4481; baseline -0.001 -20"><span class='ocrx_word' id='word_1_659' title='bbox 2126 4400 2344 4461; x_wconf 87' lang='lat' dir='ltr'><strong>turalis</strong></span> <span class='ocrx_word' id='word_1_660' title='bbox 2378 4399 2539 4461; x_wconf 86' lang='lat' dir='ltr'><strong>actio</strong></span> <span class='ocrx_word' id='word_1_661' title='bbox 2578 4399 2667 4461; x_wconf 88' lang='lat' dir='ltr'><strong>ibi</strong></span> <span class='ocrx_word' id='word_1_662' title='bbox 2711 4400 3069 4474; x_wconf 79' lang='lat' dir='ltr'><strong>intervenit,</strong></span> <span class='ocrx_word' id='word_1_663' title='bbox 3096 4399 3271 4479; x_wconf 87' lang='lat' dir='ltr'><strong>quia,</strong></span> <span class='ocrx_word' id='word_1_664' title='bbox 3298 4405 3371 4461; x_wconf 89' lang='lat' dir='ltr'><strong>ut</strong></span> <span class='ocrx_word' id='word_1_665' title='bbox 3398 4400 3699 4479; x_wconf 85' lang='lat' dir='ltr'><strong>supponi·</strong></span> <span class='ocrx_word' id='word_1_666' title='bbox 3835 4397 3857 4481; x_wconf 63' lang='grc'><strong>’1</strong></span> 
     </span>
     <span class='ocr_line' id='line_1_96' title="bbox 2126 4447 3857 4763; baseline -0.001 -208"><span class='ocrx_word' id='word_1_667' title='bbox 2126 4512 2291 4567; x_wconf 88' lang='lat' dir='ltr'><strong>mus,</strong></span> <span class='ocrx_word' id='word_1_668' title='bbox 2324 4494 2480 4555; x_wconf 86' lang='lat' dir='ltr'><strong>nihil</strong></span> <span class='ocrx_word' id='word_1_669' title='bbox 2517 4493 2997 4573; x_wconf 85' lang='lat' dir='ltr'><strong>supernaturale</strong></span> <span class='ocrx_word' id='word_1_670' title='bbox 3040 4494 3418 4573; x_wconf 88' lang='lat' dir='ltr'><strong>imprimitur</strong></span> <span class='ocrx_word' id='word_1_671' title='bbox 3464 4510 3691 4571; x_wconf 81' lang='lat' dir='ltr'><strong>aquae;</strong></span> <span class='ocrx_word' id='word_1_672' title='bbox 3827 4447 3857 4763; x_wconf 57' lang='lat' dir='ltr'><strong>t</strong></span> 
     </span>
    </p>

    <p class='ocr_par' dir='ltr' id='par_1_7' title="bbox 3854 4626 3857 4667">
     <span class='ocr_line' id='line_1_97' title="bbox 3854 4626 3857 4667; baseline 0 0"><span class='ocrx_word' id='word_1_673' title='bbox 3854 4626 3857 4667; x_wconf 79' lang='grc' dir='ltr'>ι</span> 
     </span>
    </p>
   </div>
   <div class='ocr_carea' id='block_1_7' title="bbox 3805 1671 3861 4299">
    <p class='ocr_par' dir='ltr' id='par_1_8' title="bbox 3805 1671 3861 4299">
     <span class='ocr_line' id='line_1_98' title="bbox 3805 1671 3861 4299; baseline 0 0"><span class='ocrx_word' id='word_1_674' title='bbox 3805 1671 3861 4299; x_wconf 95' lang='lat' dir='ltr'><strong> </strong></span> 
     </span>
    </p>
   </div>
   <div class='ocr_carea' id='block_1_8' title="bbox 2126 4586 3857 5611">
    <p class='ocr_par' dir='ltr' id='par_1_9' title="bbox 2127 4586 3857 5040">
     <span class='ocr_line' id='line_1_99' title="bbox 2128 4586 3699 4668; baseline -0.001 -19"><span class='ocrx_word' id='word_1_675' title='bbox 2128 4587 2303 4649; x_wconf 88' lang='lat' dir='ltr'><strong>nulla</strong></span> <span class='ocrx_word' id='word_1_676' title='bbox 2332 4606 2483 4668; x_wconf 85' lang='lat' dir='ltr'><strong>ergo</strong></span> <span class='ocrx_word' id='word_1_677' title='bbox 2510 4588 2599 4648; x_wconf 89' lang='lat' dir='ltr'><strong>ibi</strong></span> <span class='ocrx_word' id='word_1_678' title='bbox 2624 4586 2783 4668; x_wconf 87' lang='lat' dir='ltr'><strong>fingi</strong></span> <span class='ocrx_word' id='word_1_679' title='bbox 2809 4593 3015 4667; x_wconf 85' lang='lat' dir='ltr'><strong>potest</strong></span> <span class='ocrx_word' id='word_1_680' title='bbox 3040 4604 3191 4648; x_wconf 85' lang='lat' dir='ltr'><strong>vera</strong></span> <span class='ocrx_word' id='word_1_681' title='bbox 3219 4588 3407 4662; x_wconf 87' lang='lat' dir='ltr'><strong>unio;</strong></span> <span class='ocrx_word' id='word_1_682' title='bbox 3440 4588 3559 4648; x_wconf 87' lang='lat' dir='ltr'><strong>sed</strong></span> <span class='ocrx_word' id='word_1_683' title='bbox 3584 4589 3699 4648; x_wconf 87' lang='lat' dir='ltr'><strong>hoc</strong></span> 
     </span>
     <span class='ocr_line' id='line_1_100' title="bbox 2132 4680 3694 4761; baseline -0.001 -18"><span class='ocrx_word' id='word_1_684' title='bbox 2132 4682 2333 4743; x_wconf 85' lang='lat' dir='ltr'><strong>solum</strong></span> <span class='ocrx_word' id='word_1_685' title='bbox 2359 4727 2379 4758; x_wconf 91' lang='lat'><strong>,</strong></span> <span class='ocrx_word' id='word_1_686' title='bbox 2416 4682 2585 4759; x_wconf 87' lang='lat' dir='ltr'><strong>quod</strong></span> <span class='ocrx_word' id='word_1_687' title='bbox 2614 4682 2785 4743; x_wconf 87' lang='lat' dir='ltr'><strong>Deus</strong></span> <span class='ocrx_word' id='word_1_688' title='bbox 2812 4681 3029 4742; x_wconf 84' lang='lat' dir='ltr'><strong>statuit</strong></span> <span class='ocrx_word' id='word_1_689' title='bbox 3064 4698 3141 4742; x_wconf 91' lang='lat' dir='ltr'><strong>ac</strong></span> <span class='ocrx_word' id='word_1_690' title='bbox 3174 4680 3375 4742; x_wconf 74' lang='lat' dir='ltr'><strong>voluit</strong></span> <span class='ocrx_word' id='word_1_691' title='bbox 3404 4682 3694 4761; x_wconf 86' lang='lat' dir='ltr'><strong>gratiam,</strong></span> 
     </span>
     <span class='ocr_line' id='line_1_101' title="bbox 2127 4769 3857 4855; baseline -0.002 -17"><span class='ocrx_word' id='word_1_692' title='bbox 2127 4794 2258 4838; x_wconf 89' lang='lat' dir='ltr'><strong>non</strong></span> <span class='ocrx_word' id='word_1_693' title='bbox 2285 4776 2369 4836; x_wconf 89' lang='lat' dir='ltr'><strong>ab</strong></span> <span class='ocrx_word' id='word_1_694' title='bbox 2390 4777 2525 4855; x_wconf 86' lang='lat' dir='ltr'><strong>ipso</strong></span> <span class='ocrx_word' id='word_1_695' title='bbox 2548 4777 2708 4849; x_wconf 88' lang='lat' dir='ltr'><strong>solo,</strong></span> <span class='ocrx_word' id='word_1_696' title='bbox 2730 4774 2844 4836; x_wconf 87' lang='lat' dir='ltr'><strong>sed</strong></span> <span class='ocrx_word' id='word_1_697' title='bbox 2872 4776 3063 4837; x_wconf 90' lang='lat' dir='ltr'><strong>etiam</strong></span> <span class='ocrx_word' id='word_1_698' title='bbox 3092 4776 3175 4835; x_wconf 87' lang='lat' dir='ltr'><strong>ab</strong></span> <span class='ocrx_word' id='word_1_699' title='bbox 3202 4792 3368 4855; x_wconf 86' lang='lat' dir='ltr'><strong>aqna</strong></span> <span class='ocrx_word' id='word_1_700' title='bbox 3390 4774 3659 4854; x_wconf 88' lang='lat' dir='ltr'><strong>produci</strong></span> <span class='ocrx_word' id='word_1_701' title='bbox 3672 4790 3693 4851; x_wconf 83' lang='lat'><em>3</em></span> <span class='ocrx_word' id='word_1_702' title='bbox 3837 4769 3857 4809; x_wconf 76' lang='lat'><strong>²=</strong></span> 
     </span>
     <span class='ocr_line' id='line_1_102' title="bbox 2129 4866 3703 4949; baseline -0.003 -16"><span class='ocrx_word' id='word_1_703' title='bbox 2129 4886 2271 4949; x_wconf 78' lang='lat' dir='ltr'><strong>quse</strong></span> <span class='ocrx_word' id='word_1_704' title='bbox 2311 4868 2599 4932; x_wconf 87' lang='lat' dir='ltr'><strong>voluntas</strong></span> <span class='ocrx_word' id='word_1_705' title='bbox 2646 4866 2889 4931; x_wconf 90' lang='lat' dir='ltr'><strong>nullam</strong></span> <span class='ocrx_word' id='word_1_706' title='bbox 2919 4870 3219 4948; x_wconf 69' lang='lat' dir='ltr'><strong>praeviam</strong></span> <span class='ocrx_word' id='word_1_707' title='bbox 3258 4869 3572 4929; x_wconf 88' lang='lat' dir='ltr'><strong>unionem</strong></span> <span class='ocrx_word' id='word_1_708' title='bbox 3600 4868 3703 4929; x_wconf 83' lang='lat' dir='ltr'><strong>in-</strong></span> 
     </span>
     <span class='ocr_line' id='line_1_103' title="bbox 2128 4962 3690 5040; baseline -0.004 -12"><span class='ocrx_word' id='word_1_709' title='bbox 2128 4964 2463 5028; x_wconf 81' lang='lat' dir='ltr'><strong>trinsecam</strong></span> <span class='ocrx_word' id='word_1_710' title='bbox 2493 4962 2641 5024; x_wconf 79' lang='lat' dir='ltr'><strong>facit</strong></span> <span class='ocrx_word' id='word_1_711' title='bbox 2676 4963 2843 5025; x_wconf 88' lang='lat' dir='ltr'><strong>inter</strong></span> <span class='ocrx_word' id='word_1_712' title='bbox 2873 4963 2986 5024; x_wconf 90' lang='lat' dir='ltr'><strong>Dei</strong></span> <span class='ocrx_word' id='word_1_713' title='bbox 3014 4963 3312 5025; x_wconf 78' lang='lat' dir='ltr'><strong>virtutem</strong></span> <span class='ocrx_word' id='word_1_714' title='bbox 3340 4968 3407 5023; x_wconf 87' lang='lat' dir='ltr'><strong>ct</strong></span> <span class='ocrx_word' id='word_1_715' title='bbox 3434 4979 3690 5040; x_wconf 85' lang='lat' dir='ltr'><strong>aquam.</strong></span> 
     </span>
    </p>

    <p class='ocr_par' dir='ltr' id='par_1_10' title="bbox 2126 5056 3698 5611">
     <span class='ocr_line' id='line_1_104' title="bbox 2206 5056 3698 5137; baseline -0.004 -16"><span class='ocrx_word' id='word_1_716' title='bbox 2206 5060 2307 5121; x_wconf 78' lang='lat'><strong>27.</strong></span> <span class='ocrx_word' id='word_1_717' title='bbox 2340 5057 2558 5120; x_wconf 84' lang='lat' dir='ltr'><strong>Dices:</strong></span> <span class='ocrx_word' id='word_1_718' title='bbox 2588 5056 2876 5135; x_wconf 88' lang='lat' dir='ltr'><strong>quamvis</strong></span> <span class='ocrx_word' id='word_1_719' title='bbox 2905 5058 3037 5118; x_wconf 80' lang='lat' dir='ltr'><strong>haec</strong></span> <span class='ocrx_word' id='word_1_720' title='bbox 3069 5057 3451 5137; x_wconf 84' lang='lat' dir='ltr'><strong>argumenta</strong></span> <span class='ocrx_word' id='word_1_721' title='bbox 3478 5073 3698 5136; x_wconf 85' lang='lat' dir='ltr'><strong>proce·</strong></span> 
     </span>
     <span class='ocr_line' id='line_1_105' title="bbox 2127 5149 3689 5230; baseline 0 -17"><span class='ocrx_word' id='word_1_722' title='bbox 2127 5152 2281 5214; x_wconf 86' lang='lat' dir='ltr'><strong>dant</strong></span> <span class='ocrx_word' id='word_1_723' title='bbox 2319 5152 2388 5212; x_wconf 84' lang='lat' dir='ltr'><strong>in</strong></span> <span class='ocrx_word' id='word_1_724' title='bbox 2438 5150 2677 5213; x_wconf 83' lang='lat' dir='ltr'><strong>caeteris</strong></span> <span class='ocrx_word' id='word_1_725' title='bbox 2724 5150 3155 5213; x_wconf 85' lang='lat' dir='ltr'><strong>instrumentis</strong></span> <span class='ocrx_word' id='word_1_726' title='bbox 3204 5150 3515 5230; x_wconf 86' lang='lat' dir='ltr'><strong>separatis</strong></span> <span class='ocrx_word' id='word_1_727' title='bbox 3558 5149 3689 5222; x_wconf 86' lang='lat' dir='ltr'><strong>Dei,</strong></span> 
     </span>
     <span class='ocr_line' id='line_1_106' title="bbox 2126 5244 3695 5325; baseline -0.003 -16"><span class='ocrx_word' id='word_1_728' title='bbox 2126 5264 2256 5309; x_wconf 90' lang='lat' dir='ltr'><strong>non</strong></span> <span class='ocrx_word' id='word_1_729' title='bbox 2276 5245 2575 5307; x_wconf 84' lang='lat' dir='ltr'><strong>tamenin</strong></span> <span class='ocrx_word' id='word_1_730' title='bbox 2596 5245 3009 5320; x_wconf 86' lang='lat' dir='ltr'><strong>humanitate,</strong></span> <span class='ocrx_word' id='word_1_731' title='bbox 3028 5262 3171 5325; x_wconf 60' lang='lat' dir='ltr'><strong>quas</strong></span> <span class='ocrx_word' id='word_1_732' title='bbox 3189 5250 3287 5307; x_wconf 87' lang='lat' dir='ltr'><strong>est</strong></span> <span class='ocrx_word' id='word_1_733' title='bbox 3310 5244 3695 5306; x_wconf 81' lang='lat' dir='ltr'><strong>instrumen-</strong></span> 
     </span>
     <span class='ocr_line' id='line_1_107' title="bbox 2126 5340 3689 5421; baseline -0.003 -17"><span class='ocrx_word' id='word_1_734' title='bbox 2126 5349 2262 5404; x_wconf 87' lang='lat' dir='ltr'><strong>tum</strong></span> <span class='ocrx_word' id='word_1_735' title='bbox 2286 5343 2693 5421; x_wconf 82' lang='lat' dir='ltr'><strong>conjunctum</strong></span> <span class='ocrx_word' id='word_1_736' title='bbox 2716 5358 2865 5405; x_wconf 77' lang='lat' dir='ltr'><strong>vere</strong></span> <span class='ocrx_word' id='word_1_737' title='bbox 2885 5358 2962 5403; x_wconf 88' lang='lat' dir='ltr'><strong>ac</strong></span> <span class='ocrx_word' id='word_1_738' title='bbox 2978 5340 3253 5418; x_wconf 84' lang='lat' dir='ltr'><strong>realiter,</strong></span> <span class='ocrx_word' id='word_1_739' title='bbox 3270 5356 3347 5403; x_wconf 87' lang='lat' dir='ltr'><strong>ac</strong></span> <span class='ocrx_word' id='word_1_740' title='bbox 3368 5358 3485 5403; x_wconf 84' lang='lat' dir='ltr'><strong>suo</strong></span> <span class='ocrx_word' id='word_1_741' title='bbox 3506 5340 3689 5401; x_wconf 88' lang='lat' dir='ltr'><strong>modo</strong></span> 
     </span>
     <span class='ocr_line' id='line_1_108' title="bbox 2126 5434 3691 5515; baseline -0.002 -18"><span class='ocrx_word' id='word_1_742' title='bbox 2126 5437 2462 5499; x_wconf 85' lang='lat' dir='ltr'><strong>intrinsece</strong></span> <span class='ocrx_word' id='word_1_743' title='bbox 2488 5436 2735 5498; x_wconf 81' lang='lat' dir='ltr'><strong>unitum</strong></span> <span class='ocrx_word' id='word_1_744' title='bbox 2762 5435 3099 5509; x_wconf 83' lang='lat' dir='ltr'><strong>divinitati;</strong></span> <span class='ocrx_word' id='word_1_745' title='bbox 3126 5451 3243 5515; x_wconf 87' lang='lat' dir='ltr'><strong>per</strong></span> <span class='ocrx_word' id='word_1_746' title='bbox 3268 5450 3467 5514; x_wconf 83' lang='lat' dir='ltr'><strong>quam</strong></span> <span class='ocrx_word' id='word_1_747' title='bbox 3513 5434 3691 5497; x_wconf 87' lang='lat' dir='ltr'><strong>unio-</strong></span> 
     </span>
     <span class='ocr_line' id='line_1_109' title="bbox 2127 5528 3691 5611; baseline -0.002 -20"><span class='ocrx_word' id='word_1_748' title='bbox 2127 5546 2273 5594; x_wconf 81' lang='lat' dir='ltr'><strong>nem</strong></span> <span class='ocrx_word' id='word_1_749' title='bbox 2298 5536 2509 5611; x_wconf 83' lang='lat' dir='ltr'><strong>potest</strong></span> <span class='ocrx_word' id='word_1_750' title='bbox 2530 5530 2795 5611; x_wconf 82' lang='lat' dir='ltr'><strong>intelligi</strong></span> <span class='ocrx_word' id='word_1_751' title='bbox 2833 5530 3237 5595; x_wconf 77' lang='lat' dir='ltr'><strong>constitutum</strong></span> <span class='ocrx_word' id='word_1_752' title='bbox 3272 5530 3341 5593; x_wconf 89' lang='lat' dir='ltr'><strong>in</strong></span> <span class='ocrx_word' id='word_1_753' title='bbox 3378 5534 3523 5592; x_wconf 88' lang='lat' dir='ltr'><strong>actu</strong></span> <span class='ocrx_word' id='word_1_754' title='bbox 3568 5528 3691 5607; x_wconf 84' lang='lat' dir='ltr'><strong>pri·-</strong></span> 
     </span>
    </p>
   </div>
   <div class='ocr_carea' id='block_1_9' title="bbox 3854 5258 3858 6136">
    <p class='ocr_par' dir='ltr' id='par_1_11' title="bbox 3854 5258 3858 6136">
     <span class='ocr_line' id='line_1_110' title="bbox 3854 5258 3858 6136; baseline 0 0"><span class='ocrx_word' id='word_1_755' title='bbox 3854 5258 3858 6136; x_wconf 95' lang='lat' dir='ltr'><strong> </strong></span> 
     </span>
    </p>
   </div>
  </div>
 </body>
</html>
