3892 6167
1295 349 1618 404 msPU‘rA‘r.
1649 348 1913 407 xxxvtu.
1947 350 2123 408 sEc‘r.
2156 351 2218 405 V.

185 469 296 522 tem
317 452 604 534 aliqualis
627 454 1044 533 repugnantia
1069 458 1324 516 actuum
1353 469 1468 514 seu
1492 451 1714 513 volun-

181 556 373 618 tatum.
423 547 886 627 Respondetur,
929 548 1178 628 proprie
1207 544 1447 608 nullam
1475 543 1704 618 fuiss03

181 641 514 725 hujusmodi
540 640 707 702 enim
733 648 907 704 ectus
932 649 1081 704 tunc
1111 639 1346 702 habent
1369 638 1547 700 illum
1577 655 1710 700 mo-

183 740 312 801 dum
339 736 808 815 repugnantias,
849 734 1110 814 quando
1155 734 1314 796 ulter
1355 749 1574 796 eorum
1617 733 1714 794 est

181 836 381 912 proeter
409 826 724 892 rationem
768 833 832 890 et
871 827 1392 890 deliberationem
1423 826 1714 888 volunte-

181 927 281 997 tis3
313 921 558 1002 quando
609 939 755 984 vero
791 923 1062 1002 ipsemet
1094 927 1274 986 setus
1297 921 1592 985 inefficax
1618 923 1715 982 est

181 1019 247 1080 ab
269 1018 524 1097 ipsomet
549 1015 866 1080 voluntate
889 1015 1348 1096 pmcn-dinatus
1377 1019 1442 1078 et
1467 1013 1713 1078 delibe-

183 1117 362 1184 ratus„
391 1125 521 1174 uon
563 1111 778 1188 potest
799 1110 1158 1188 ⁸ipsammet
1189 1109 1574 1172 voluntatem
1621 1125 1719 1170 re·

183 1205 398 1266 tardare
443 1203 544 1264 vel
592 1202 902 1282 impedire
931 1247 950 1280 ,
998 1221 1076 1266 ex
1121 1205 1306 1284 cujus
1369 1203 1714 1266 deliberato

183 1315 462 1360 consensu
487 1296 723 1374 oritur,
757 1298 910 1358 utin
931 1298 1116 1362 simili
1136 1299 1370 1360 dictum
1390 1300 1484 1360 est
1499 1311 1710 1376 supra,

183 1411 234 1472 q.
265 1395 352 1466 15,
379 1391 460 1454 de
483 1391 731 1454 actibus
760 1393 1071 1470 appetitus
1099 1390 1480 1470 disputando
1505 1410 1519 1464 ;
1560 1407 1714 1470 prae·

187 1487 368 1548 sertim
395 1485 546 1563 quia
561 1529 584 1562 ,
629 1502 780 1546 cum
807 1503 1029 1547 omnes
1058 1485 1158 1546 isti
1191 1492 1370 1548 ectus
1399 1490 1616 1548 essent
1639 1499 1714 1546 ex

183 1579 364 1642 divina
386 1578 820 1654 ordinatione,
871 1585 940 1639 ut
967 1579 1202 1640 dictum
1233 1584 1363 1652 est,
1408 1582 1472 1640 et
1496 1595 1718 1640 omnes

185 1677 364 1734 essent
399 1671 870 1748 honestissimi,
909 1672 1084 1734 nulla
1121 1673 1286 1736 inter
1327 1689 1438 1735 eos
1471 1675 1718 1752 poterut

187 1784 298 1826 esse
321 1764 570 1846 propriu
599 1765 1012 1828 contrarietas
1037 1771 1150 1827 sut
1173 1765 1612 1846 repugnantia.

781 1951 996 2005 ssscno
1029 1953 1089 2004 V.

193 2073 352 2130 Utrum
377 2074 618 2133 humana
649 2074 858 2133 christi
877 2077 1134 2132 voluntas
1162 2089 1384 2148 semper
1407 2075 1582 2149 sumt
1607 2078 1721 2133 im·-

845 2163 1020 2235 pieta.

255 2329 302 2386 1.
331 2326 454 2388 Hoc
473 2328 745 2390 dubium
763 2345 952 2407 supra
975 2329 1100 2392 huc
1116 2327 1496 2402 remisimus,
1521 2345 1586 2405 q.
1615 2329 1715 2402 13,

187 2427 284 2480 art.
307 2423 344 2482 4
361 2421 700 2500 ,quoniam
730 2421 864 2501 ejus
889 2422 1188 2486 resolutio
1217 2439 1298 2482 ex
1322 2419 1424 2498 iis,
1449 2439 1592 2501 quin
1623 2421 1722 2484 hic

187 2513 325 2576 dicta
351 2520 491 2577 sunt
517 2515 598 2579 de
633 2521 784 2578 netu
811 2515 1050 2578 efficaci
1080 2521 1144 2580 et
1167 2513 1472 2578 inefficaci
1499 2517 1722 2578 volun·-

187 2608 308 2668 tatis
331 2609 566 2684 Christi,
596 2609 945 2690 pendebat.

249 2705 301 2764 2.
319 2703 668 2768 Dicendum
683 2711 782 2766 est
796 2705 963 2766 euim
979 2702 1208 2783 prime,
1227 2655 1530 2782 quidquid
1552 2701 1720 2764 Chri-

187 2803 293 2856 stus
316 2797 614 2860 Dominus
669 2815 783 2860 sun
836 2797 1118 2858 humanu
1163 2795 1481 2858 voluntate
1535 2794 1720 2858 ahso-

185 2889 294 2952 lule
325 2897 386 2952 et
427 2891 774 2954 efficaciter
813 2890 1030 2964 voluit,
1064 2889 1360 2952 effectum
1401 2905 1585 2951 esse·
1569 2931 1586 2951 .
1631 2896 1721 2951 at·

190 3001 290 3060 qne
339 2986 451 3046 hoc
501 3003 702 3048 sensu
763 2984 988 3048 Christi
1039 2984 1426 3045 voluntatem
1471 2999 1722 3062 semper

189 3078 350 3142 fuisse
395 3082 748 3162 impletam.
781 3083 891 3142 Est
917 3097 1020 3142 res
1075 3083 1268 3152 certe,
1303 3084 1368 3140 et
1411 3077 1722 3157 colligitur

191 3189 256 3232 ex
275 3191 446 3253 supra
483 3174 700 3240 citetis
751 3173 1063 3247 Consiliis,
1097 3179 1160 3236 et
1215 3172 1535 3246 Patribus,
1569 3188 1721 3251 prn-

191 3269 374 3330 sertim
413 3269 888 3350 exAugustino,
925 3286 990 3347 q.
1022 3270 1098 3330 Π
1133 3266 1285 3330 Novi
1315 3268 1626 3338 Testem.;
1661 3271 1722 3328 et

189 3359 441 3440 Gregor„
467 3363 578 3426 lib.
609 3365 694 3426 ¹9
709 3361 956 3434 Merul,
984 3379 1039 3422 e.
1075 3362 1176 3438 143
1199 3363 1260 3420 et
1273 3362 1520 3422 constat
1533 3359 1724 3422 etium

191 3467 252 3513 ex
271 3454 438 3518 dictis
465 3467 666 3536 supra
693 3455 774 3516 de
797 3453 1080 3534 potentia
1121 3453 1348 3514 snimae
1378 3451 1625 3526 Christi,
1658 3469 1718 3530 q.

193 3547 285 3618 133
313 3549 617 3628 pertinuit
647 3548 816 3611 enim
869 3548 1008 3608 haec
1057 3551 1336 3626 potestas
1381 3543 1463 3606 ad
1503 3543 1724 3608 Christi

193 3641 406 3702 Domini
453 3643 954 3722 perfectionem3
1015 3657 1160 3702 cum
1217 3638 1388 3702 enim
1436 3637 1724 3700 voluntas

195 3731 441 3798 humana
467 3737 704 3802 Christi
741 3741 910 3798 esset
966 3732 1254 3794 voluntas
1305 3729 1418 3793 Dei
1441 3775 1464 3808 ,
1509 3730 1726 3792 debuit

193 3843 414 3906 semper
460 3829 737 3910 impleri.
767 3829 842 3890 Et
869 3825 1276 3888 confirmatur
1318 3823 1544 3903 primo,
1575 3841 1726 3884 nam

195 3918 280 3978 illa
302 3921 584 3985 voluntas
623 3922 692 3982 in
715 3939 830 3984 suo
872 3918 1110 3982 efficaci
1137 3923 1280 3979 ectu
1309 3933 1562 3995 semper
1594 3935 1662 3978 ει
1663 3923 1726 3978 at

195 4015 498 4080 conformis
550 4015 858 4079 voluntati
911 4011 1291 4092 beneplaciti
1335 4011 1502 4086 Dei,
1533 4027 1684 4090 ergo
1701 4055 1722 4088 ,

195 4107 328 4172 sieut
347 4109 474 4174 hnc
497 4127 756 4190 semper
779 4106 1098 4214 impletur,
1129 4105 1216 4168 its
1245 4109 1308 4166 et
1332 4103 1461 4164 illa.
1491 4101 1724 4164 Confir-

195 4209 374 4264 matur
423 4203 725 4276 secundo,
758 4201 910 4281 qnia
935 4198 1164 4264 Christi
1189 4197 1402 4260 anima
1427 4195 1725 4274 proescie—

197 4292 284 4356 bat
320 4298 522 4360 omnia
547 4298 764 4358 futura
791 4313 806 4368 ;
839 4311 991 4373 ergo
1037 4309 1162 4353 non
1189 4295 1434 4371 poterat
1461 4287 1726 4352 efficaci-

201 4391 274 4448 ter
317 4389 463 4452 velle
506 4390 626 4452 nisi
679 4387 848 4468 quod
879 4385 1116 4450 sciebat
1172 4401 1396 4448 revera
1448 4382 1726 4446 futurum

203 4497 339 4544 esse.
367 4483 647 4564 Denique
667 4483 944 4546 Christus
964 4477 1145 4554 nihil,
1163 4479 1284 4540 nisi
1324 4474 1734 4558 prudentissi-

203 4593 290 4638 me
307 4586 365 4641 et
397 4579 841 4642 honestissime
876 4575 1113 4652 voluit3
1150 4591 1302 4654 ergo
1330 4578 1574 4634 tantum
1601 4571 1733 4634 effi-

203 4671 404 4734 caciter
423 4671 622 4736 voluit
649 4669 822 4751 quod
845 4669 1152 4750 perficere
1175 4667 1404 4747 potuit.

273 4767 323 4826 3.
350 4765 622 4846 objectio.
637 4758 1277 4846 *Responsio-*Sed
1305 4761 1521 4824 dicunt
1541 4757 1734 4836 aliqui

207 4851 310 4920 hoc
331 4876 462 4922 esse
489 4875 714 4922 verum
740 4856 806 4918 in
833 4857 932 4918 his
955 4871 1096 4935 quse
1131 4853 1380 4916 volebat
1405 4869 1518 4932 per
1547 4869 1612 4914 se
1644 4852 1661 4913 i
1667 4871 1736 4932 p-

211 4964 327 5008 sum
341 4951 673 5032 implenda,
701 4967 832 5013 non
855 4965 1004 5010 vero
1029 4948 1094 5009 in
1111 4946 1212 5008 his
1228 4963 1366 5026 quae
1385 4944 1577 5007 voluit
1593 4943 1732 5006 fieri

210 5057 303 5118 per
316 5043 480 5122 ahoe,
505 5047 678 5127 quod
695 5045 884 5107 sentit
909 5041 1104 5124 Cajet.
1129 5059 1344 5120 supro,
1373 5059 1436 5119 q.
1453 5041 1552 5115 13,
1581 5058 1639 5100 a.
1667 5042 1728 5112 4,

211 5133 568 5202 fundatusin
594 5139 671 5202 D.
698 5139 922 5202 Thom.
959 5135 1066 5198 ibi.
1101 5133 1228 5198 Sed
1263 5131 1580 5196 conclusio
1619 5149 1736 5212 po-

215 5228 314 5291 sita
337 5233 688 5314 simpliciter
703 5250 852 5296 vera
883 5235 1002 5307 est,
1021 5245 1230 5309 neque
1250 5227 1533 5290 absolute
1557 5242 1735 5306 opor-

219 5326 297 5382 tet
331 5327 590 5404 aliquam
617 5327 1050 5406 exceptionem
1082 5323 1316 5396 facere,
1347 5326 1415 5382 ut
1460 5321 1735 5382 rationes

221 5413 368 5480 taeta
391 5421 697 5498 probarum
735 5435 910 5494 nam,
934 5419 1076 5482 licet
1102 5416 1323 5480 ultime
1363 5413 1564 5476 solum
1593 5429 1738 5492 pro-

227 5511 384 5574 cedat
405 5513 482 5576 de
507 5515 604 5578 his
627 5529 768 5595 qna
795 5531 916 5596 per
937 5530 1004 5576 se
1035 5512 1244 5593 ipsum
1273 5511 1409 5572 eret
1433 5508 1735 5582 fecturus,

3235 348 3352 410 311

1795 451 1934 514 alise
1964 459 2180 516 tamen
2208 451 2591 532 generaliter
2620 451 2987 532 procedunt.
3020 452 3161 516 Fuit
3190 454 3356 518 enim

1793 544 2205 624 impossibile,
2238 546 2339 608 vel
2382 545 2605 608 saltem
2650 545 2873 610 fuisset
2902 546 3267 626 imprudens
3296 553 3361 610 et

1795 639 2068 702 otiosum
2100 641 2261 704 velle
2311 640 2652 702 efficaciter
2697 640 2777 702 ab
2828 641 2951 702 elio
2994 640 3158 713 fieri,
3189 641 3361 720 quod

1793 733 1930 812 ipse
1954 734 2193 797 sciebat
2220 733 2623 797 efficiendum
2650 751 2779 794 non
2806 731 3027 808 suisse;
3066 733 3223 796 alias
3246 753 3359 813 pu-

1794 827 1850 890 ri
1877 828 2123 890 ratione
2152 834 2363 908 posset
2399 829 2560 892 velle
2586 828 2922 892 efficaciter
2964 828 3213 906 sliquos
3242 828 3362 890 sul·-

1795 922 1951 998 vari,
1982 937 2143 1003 quos
2178 923 2419 986 sciebat
2456 941 2591 984 non
2620 939 2762 986 esse
2800 921 3157 998 salvandos,
3186 929 3251 984 et
3276 923 3362 984 si—

1795 1016 2010 1093 milio3
2064 1017 2383 1098 quomodo
2434 1022 2648 1080 eutem
2673 1017 2780 1078 ille
2816 1016 2995 1078 locus
3020 1017 3095 1078 D.
3133 1015 3357 1079 Thom.

1799 1113 1864 1170 et
1885 1107 2162 1189 Cajetsni
2194 1110 2609 1190 exponendus
2640 1111 2739 1182 sit,
2772 1110 2983 1172 stetim
3020 1109 3251 1172 dicam.

1877 1206 1938 1264 4.
1968 1203 2179 1268 Aliter
2196 1205 2466 1270 humana
2488 1203 2723 1270 Christi
2744 1203 3043 1277 voluntas,
3072 1203 3254 1266 alitor
3272 1201 3362 1268 di·-

1795 1293 1938 1360 viua
1977 1313 2207 1376 smper
2244 1298 2517 1376 impleta.
2548 1327 2631 1346 —-
2660 1296 2923 1377 objootio
2973 1296 3252 1362 sommam.
3284 1329 3359 1342 ·-

1795 1389 2632 1472 Ruponsio.-Adverteuda
2650 1389 2823 1453 enim
2850 1395 2947 1452 est
2984 1389 3357 1463 differentia,

1798 1501 1939 1561 qum
1990 1483 2057 1544 in
2088 1485 2207 1546 hac
2236 1485 2601 1548 efficacitate
2627 1490 2725 1546 est
2764 1484 2932 1546 inter
2972 1483 3358 1546 voluntatem

1799 1577 2145 1640 humanam
2176 1584 2238 1641 ct
2283 1577 2561 1640 divinam
2595 1575 2862 1655 Christi3
2892 1593 3043 1638 num
3070 1575 3359 1638 voluntas

1801 1669 2017 1734 divina
2041 1689 2157 1750 per
2180 1687 2247 1732 se
2273 1677 2335 1734 et
2370 1671 2599 1734 virtute
2623 1670 2879 1751 propriu
2907 1677 3129 1750 potens
3162 1673 3257 1732 est
3280 1669 3371 1732 ad

1801 1763 2187 1842 perficienda
2205 1765 2417 1827 omnia
2444 1783 2587 1844 quae
2608 1764 2897 1826 absolute
2919 1763 3075 1840 vult,
3106 1763 3237 1826 sive
3258 1779 3364 1826 ve-

1799 1857 1874 1918 lit
1893 1875 2011 1936 per
2038 1875 2133 1934 se,
2158 1858 2286 1920 sive
2313 1875 2429 1938 per
2467 1858 2622 1920 elios
2647 1857 2753 1920 illa
2772 1857 3057 1933 efficere,
3087 1857 3237 1936 quia
3269 1863 3366 1920 est

1802 1952 2231 2031 omnipotens,
2264 1957 2328 2014 et
2352 1953 2439 2012 ita
2472 1951 2729 2032 propria
2756 1953 2983 2014 virtute
3010 1958 3239 2030 potest,
3264 1952 3365 2016 vel

1799 2043 2011 2106 facere
2037 2062 2184 2123 quse
2201 2063 2315 2126 per
2332 2045 2631 2124 seipsam
2656 2045 2787 2108 vult
2820 2044 2979 2119 fieri,
3004 2045 3108 2109 vel
3136 2045 3365 2108 immu-

1799 2141 1936 2200 tare
1959 2139 2225 2202 aliorum
2248 2139 2627 2214 voluntates,
2650 2155 2765 2218 per
2783 2157 2945 2218 quos
2966 2139 3201 2219 aliquid
3226 2139 3365 2202 lieri

1801 2232 2119 2309 decrevit3
2152 2234 2253 2298 vel
2286 2234 2565 2314 denique
2589 2233 2684 2295 uti
2712 2234 2945 2314 quibus
2974 2233 3243 2297 voluerit
3266 2234 3367 2296 in-

1805 2329 2171 2390 strumentis
2196 2327 2279 2390 nd
2310 2345 2385 2390 ee
2413 2327 2825 2408 perficienda,
2860 2344 3001 2408 quui
3032 2329 3367 2392 efficaciter

1801 2420 1955 2482 vult.
1985 2421 2065 2482 At
2090 2439 2241 2482 vero
2280 2421 2559 2486 humone
2590 2422 2877 2484 voluntas
2906 2419 3131 2486 Christi
3159 2439 3272 2501 per
3294 2437 3363 2482 se

1799 2533 1932 2578 non
1956 2518 2053 2576 est
2080 2516 2169 2578 ita
2196 2518 2462 2594 potens;
2494 2533 2747 2595 semper
2792 2521 3004 2578 eutem
3030 2515 3361 2595 impletur,

1799 2611 1900 2672 vel
1927 2628 2005 2672 ex
2035 2609 2313 2690 perfecto
2340 2616 2404 2674 et
2418 2609 2713 2691 prudenti
2736 2609 2925 2672 modo
2954 2609 3363 2683 volendi,sci-

1799 2701 1971 2779 licet,
2002 2704 2152 2781 quie
2202 2719 2453 2783 semper
2480 2709 2579 2766 est
2618 2703 2954 2767 conformis
2992 2703 3223 2766 divinae.
3250 2718 3359 2765 vo-

1799 2799 2065 2871 lu'ntsti3
2098 2798 2199 2860 vel
2226 2798 2373 2878 quia
2402 2799 2741 2879 participat
2766 2797 2977 2878 aliquo
3008 2797 3195 2860 modo
3226 2806 3362 2858 omi-

1800 2891 2147 2972 potentiam
2175 2893 2309 2968 Dei,
2329 2897 2633 2973 tanquam
2682 2893 3171 2956 instrumentum
3210 2889 3361 2952 divi-

1801 2985 2039 3048 nitatis.
2079 2985 2301 3048 Dices:
2336 3001 2487 3066 ergo
2514 3003 2645 3048 non
2684 2985 2891 3065 magis
2916 2983 3203 3046 absoluta
3244 2999 3363 3046 vo·-

1801 3080 2013 3141 luntss
2032 3078 2253 3144 Christi
2281 3095 2533 3158 semper
2546 3080 2841 3159 impletur
2860 3095 3051 3159 quum
3076 3077 3363 3140 voluntas

1803 3173 2160 3249 beatorum,
2190 3191 2331 3253 quse
2362 3174 2557 3236 etiem
2606 3181 2703 3236 est
2751 3171 3089 3236 conformis
3136 3169 3363 3232 divinae

1803 3266 2109 3330 voluntati
2128 3287 2146 3342 3
2188 3273 2253 3328 et
2278 3266 2446 3342 ideo,
2480 3268 2530 3328 si
2571 3265 2807 3345 aliquid
2842 3265 2977 3327 vult
3004 3263 3359 3336 efficaciter,

1805 3361 2213 3424 infallibiliter
2228 3359 2321 3436 fit,
2353 3361 2503 3440 quia
2528 3359 2687 3422 illud
2704 3359 2873 3422 idem
2900 3358 3033 3421 vult
3068 3359 3233 3420 Deus
3263 3373 3366 3419 vo-

1803 3455 2045 3518 luntate
2080 3452 2498 3533 beneplaciti3
2540 3467 2667 3532 quo
2704 3452 2895 3514 modo
2932 3450 3085 3512 dixit
3114 3449 3363 3524 Ansel.‚

1803 3547 1913 3610 lib.
1947 3548 2027 3608 de
2054 3547 2353 3618 Simil.‚o.
2386 3547 2499 3620 159,
2536 3545 2883 3626 quemlibet
2904 3543 3161 3606 beatum
3176 3557 3365 3622 posse

1806 3639 2147 3704 transferre
2192 3645 2473 3702 montem
2514 3637 2597 3702 ub
2632 3653 2761 3702 uno
2805 3639 2947 3702 loco
2969 3637 3037 3698 in
3064 3637 3279 3709 elium,
3310 3635 3367 3697 si

1809 3734 2147 3798 efficaciter
2190 3733 2371 3810 velit,
2402 3737 2465 3796 et
2506 3749 2559 3796 c.
2610 3733 2691 3796 68
2730 3731 2881 3794 dicit
2928 3747 3111 3810 posse
3158 3729 3365 3791 facere

1809 3827 2119 3908 quidquid
2146 3825 2303 3897 vult,
2332 3827 2617 3906 quoniam
2658 3826 2859 3908 ipsum
2888 3825 3364 3903 omnipotentem,

1809 3921 2013 4000 inquit
2046 3965 2061 3993 ‚
2113 3937 2237 3984 m
2277 3919 2612 3983 voluntatis
2662 3912 3115 3982 concordantem
3168 3911 3363 3980 habet.

1806 4013 2268 4093 Respondentur,
2302 4027 2446 4075 esse
2480 4011 2740 4090 quidem
2770 4011 2935 4072 inter
2960 4007 3275 4073 Christum
3304 4011 3369 4068 et

1806 4107 1963 4169 alios
1990 4107 2207 4170 beatos
2236 4105 2575 4184 quamdam
2602 4095 3133 4184 proportidnalem
3159 4115 3369 4178 sequu-

1805 4203 2068 4278 litutem,
2088 4219 2202 4262 seu
2228 4199 2697 4262 similitudinem
2724 4197 2963 4276 potius3
2997 4211 3126 4258 non
3154 4200 3369 4258 temen

1804 4302 1904 4358 est
1958 4295 2121 4356 inter
2172 4309 2281 4356 eos
2332 4291 2657 4373 aequalitas
2719 4289 3102 4370 simpliciter.
3162 4287 3369 4350 Primo

1809 4389 2091 4467 quidem,
2114 4388 2261 4466 quia
2288 4386 2493 4448 omnis
2512 4385 2625 4448 Dei
2650 4385 2941 4446 voluntas
2964 4379 3368 4461 beneplaciti,

1811 4477 1926 4544 soli
1953 4481 2179 4543 enimse
2216 4479 2441 4544 Christi
2480 4483 2579 4542 est
2612 4491 2865 4558 semper
2891 4481 3040 4538 nota
3064 4519 3080 4551 ‚
3120 4480 3183 4536 et
3222 4473 3369 4536 ideo

1813 4573 2177 4654 simpliciter
2204 4589 2532 4652 nunquam
2562 4571 2783 4634 nititur
2818 4575 3037 4632 contra
3064 4569 3227 4630 hanc
3263 4566 3371 4630 Dei

1811 4668 2197 4730 voluntatem
2224 4683 2239 4738 3
2286 4671 2349 4728 at
2391 4679 2541 4728 vero
2589 4663 2695 4725 ulii
2732 4663 2899 4724 beati
2946 4677 3075 4722 non
3122 4673 3372 4738 semper

1813 4765 2167 4840 agnoscunt
2190 4756 2347 4838 quid
2390 4759 2559 4820 Deus
2598 4756 2881 4818 obsolute
2930 4753 3079 4816 velit
3122 4751 3283 4826 fieri,
3310 4755 3374 4812 et

1812 4854 1959 4916 ideo
1976 4851 2317 4929 interdum,
2348 4857 2657 4933 quantum
2686 4850 2751 4914 in
2778 4849 2931 4930 ipsis
2960 4853 3077 4922 est,
3112 4843 3375 4925 cupiunt

1816 4953 1878 5008 et
1915 4946 2253 5008 intendunt
2279 4943 2519 5025 aliquid
2564 4940 2725 5017 fleri,
2752 4941 2924 5022 quod
2960 4955 3181 5002 revers
3208 4939 3375 4999 Deus

1815 5057 1943 5100 non
1972 5039 2104 5102 vult
2134 5039 2455 5102 voluntate
2481 5036 2883 5117 beneplaciti,
2914 5039 2986 5096 ut
3010 5033 3089 5096 de
3119 5031 3376 5111 Angelis

1814 5131 2015 5194 beatis
2058 5132 2373 5213 colligitur
2412 5149 2489 5194 ex
2526 5130 2769 5192 Daniel.
2826 5132 2943 5206 103
2991 5133 3128 5189 tum
3184 5123 3377 5186 etism

1817 5226 1965 5306 quia
2004 5225 2295 5289 voluntas
2324 5224 2547 5290 Christi
2572 5229 2669 5286 est
2696 5235 3009 5304 organum
3040 5216 3379 5281 divinitatis

1817 5319 1898 5382 ad
1931 5320 2301 5400 exequenda
2330 5335 2521 5400 opere
2549 5317 2881 5389 mirabilia,
2908 5313 3079 5394 quod
3102 5325 3231 5374 non
3263 5309 3375 5400 hs-

1816 5413 1926 5476 bet
1954 5414 2239 5476 voluntas
2263 5413 2529 5476 eliorum
2568 5411 2898 5476 beatorum
2914 5421 2939 5484 3
2958 5411 3023 5468 et
3042 5403 3186 5468 ideo
3216 5401 3378 5464 mul-

1817 5510 1888 5568 ta
1913 5513 2119 5587 potest
2162 5508 2450 5570 voluntas
2477 5503 2699 5570 Christi
2746 5501 3031 5566 absolute
3058 5503 3126 5562 et
3160 5495 3379 5568 effice,-
