3892 6167
1318 382 1640 437 msru'rA‘r.
1671 381 1850 437 xxm.
1883 382 2053 437 SECT.
2086 384 2173 439 lx.

163 478 366 539 modus
416 476 652 557 agendi
700 476 842 539 talis
897 483 1198 540 creaturan
1244 486 1340 542 est
1389 500 1580 563 agere
1627 500 1708 545 ex

163 570 422 649 subjecto
477 588 788 650 corporeo
849 578 912 635 et
967 578 1248 648 extenso,
1301 594 1506 655 neque
1561 592 1705 637 cum

161 664 422 742 subjecto
472 664 782 743 spirituali
825 665 1015 727 habet
1057 668 1414 729 naturalem
1445 686 1708 749 propor-

163 758 378 819 tionem
409 759 652 837 agentis
681 764 746 821 et
788 758 1104 837 patientie.
1139 760 1316 832 Quod
1353 764 1408 823 si
1437 763 1706 837 dicatur,

159 854 292 913 satis
331 868 468 913 esse
497 858 568 913 nt
599 853 878 915 habeant
915 854 1194 932 aliquam
1235 858 1700 935 proportionem

157 947 213 1005 in
231 944 466 1007 ratione
492 945 654 1008 entis
681 946 900 1023 creati,
917 948 1054 1025 pari
1084 947 1324 1009 rat-ione
1351 950 1579 1023 dicam,
1603 968 1706 1011 sa-

159 1040 224 1100 tis
252 1056 384 1099 esse
415 1038 584 1119 quod
617 1038 902 1101 habeant
921 1041 1393 1119 proportionem
1419 1042 1485 1103 in
1511 1045 1706 1103 ratio·-

157 1150 226 1192 ne
253 1133 410 1192 entis
435 1132 664 1207 creati,
684 1138 754 1193 ut
781 1150 979 1193 unum
1005 1152 1144 1197 esse
1175 1136 1372 1213 possit
1394 1137 1704 1197 terminus

158 1224 418 1299 actionis,
461 1231 530 1287 et
565 1225 742 1286 aliud
775 1227 1152 1307 principium
1183 1228 1700 1307 instrumentale;

155 1338 308 1393 nam,
335 1319 389 1378 si
415 1318 522 1379 illa
551 1318 872 1398 proportio
901 1321 1127 1383 suffieit
1157 1328 1226 1383 ut
1257 1332 1702 1400 comparentur

153 1420 434 1490 tanquam
465 1412 821 1492 subjectum
852 1419 916 1475 et
956 1430 1176 1494 agens,
1199 1434 1274 1475 ea
1301 1432 1442 1494 quse
1476 1422 1698 1477 natura

151 1524 252 1566 sua
293 1523 418 1566 non
465 1506 784 1567 habehant
833 1506 996 1569 hanc
1045 1509 1536 1587 proportionem,
1588 1528 1700 1571 cur

147 1600 320 1660 etiam
351 1618 480 1661 non
512 1600 782 1661 sufficiet
815 1606 884 1661 ut
909 1608 1352 1680 comparentur
1395 1608 1698 1681 tanquam

141 1695 438 1755 terminus
467 1698 532 1755 et
561 1694 937 1775 principium
967 1695 1270 1757 actionis?
1295 1695 1474 1759 Unde
1507 1714 1698 1775 argu-

143 1794 382 1849 mentor
415 1788 634 1849 tertio:
664 1806 836 1861 nam,
881 1795 954 1850 ut
997 1808 1188 1869 supra
1235 1790 1500 1864 ostendi,
1532 1792 1697 1851 Deus

137 1900 258 1943 non
287 1884 493 1943 solum
525 1886 732 1961 potest
759 1884 1008 1945 elevare
1051 1885 1134 1947 ad
1161 1884 1440 1947 actiones
1479 1904 1698 1965 super·

135 1976 472 2047 naturales,
500 1995 610 2037 eas
641 1982 962 2039 creaturas
989 1994 1130 2057 quse
1155 1977 1524 2039 naturaliter
1553 1996 1698 2057 agc-

135 2088 198 2130 re
223 2077 512 2149 possunt,
537 2071 650 2132 sed
673 2070 860 2135 etiam
881 2071 1020 2133 illas
1041 2090 1178 2151 quoe
1201 2072 1442 2133 nullam
1463 2072 1698 2137 habent

142 2164 609 2225 connaturalem
636 2166 1044 2239 activitatem3
1083 2166 1440 2245 hujusmodi
1481 2173 1696 2229 autem

137 2275 232 2319 res
275 2276 405 2319 non
453 2258 693 2319 hahent
725 2259 1076 2319 naturalem
1117 2262 1584 2339 proportionem
1614 2260 1698 2321 ad

131 2352 446 2431 agendum
469 2352 660 2413 etiam
688 2372 766 2414 ex
789 2352 926 2432 suhj
935 2358 1102 2426 ect03
1129 2353 1334 2415 elevat
1355 2372 1504 2433 ergo
1529 2357 1696 2415 Deus

130 2447 207 2506 ad
237 2446 561 2527 agendum
583 2462 663 2507 ex
703 2447 812 2507 tali
851 2446 1134 2525 subjecto
1163 2446 1226 2509 id
1260 2448 1430 2527 quod
1455 2448 1694 2508 nullam

131 2540 317 2601 habet
357 2540 719 2601 naturalem
750 2542 1218 2620 proportionem
1257 2540 1338 2602 ad
1377 2542 1692 2621 agendum

141 2653 212 2695 ex
249 2635 377 2696 illo.
409 2637 654 2696 Rursus
697 2635 904 2696 elevat
947 2635 1030 2695 ad
1077 2636 1392 2715 agendum
1445 2654 1521 2697 ex
1549 2636 1694 2698 sub·

133 2729 288 2805 jecto
317 2729 410 2805 id,
441 2729 614 2806 quod
655 2746 800 2789 cum
843 2729 1020 2789 nullo
1045 2730 1332 2809 subjecto
1359 2730 1548 2792 habet
1585 2748 1699 2791 na-

143 2824 396 2883 turalem
421 2823 892 2901 proportionem
914 2823 994 2884 ad
1013 2824 1328 2903 agendum
1351 2842 1429 2885 ex
1455 2824 1700 2904 subjec-

157 2922 232 2992 to;
255 2934 408 2993 ergo
431 2916 666 2995 poterit
695 2918 881 2977 etiam
913 2918 1142 2979 elevari
1170 2918 1252 2979 ad
1277 2920 1594 2997 agendum
1621 2936 1698 2981 ex

155 3026 258 3069 non
293 3010 577 3089 subJ'ecto
608 3010 672 3070 id
717 3010 886 3089 quod
917 3028 995 3071 ex
1023 3019 1251 3072 natura
1299 3030 1413 3073 sua
1455 3012 1697 3073 nullam

153 3103 322 3163 habet
366 3103 720 3163 naturalem
763 3104 1226 3183 proportionem
1273 3106 1354 3166 ad
1383 3106 1474 3167 sie
1503 3124 1698 3185 agen-

154 3196 306 3257 dum.
343 3198 574 3268 Quarta
601 3196 876 3275 denique
907 3200 1070 3259 ratio
1099 3217 1138 3260 a
1165 3199 1354 3278 priori
1401 3205 1517 3271 est,
1547 3200 1696 3279 quia

153 3288 220 3349 ad
245 3290 516 3351 divinam
541 3292 852 3352 actionem
879 3292 1050 3352 nulla
1073 3294 1194 3353 alia
1223 3294 1528 3354 naturalis
1555 3310 1698 3372 pro-

155 3384 341 3459 portio
379 3385 735 3446 necessaria
776 3392 892 3459 est,
924 3390 1152 3464 praeter
1183 3402 1310 3447 non
1337 3404 1696 3467 repugnan-

154 3475 284 3535 tiam
325 3494 437 3538 sen
473 3480 819 3557 potentiam
855 3478 1363 3553 obedientialem,
1395 3480 1472 3540 ad
1503 3498 1694 3558 quam

155 3570 288 3630 satis
317 3576 411 3631 est
453 3572 622 3648 quod
657 3578 970 3643 creatura,
1003 3588 1142 3651 quoe
1165 3572 1268 3647 fit,
1299 3574 1527 3635 habeat
1555 3592 1694 3635 esse

159 3660 524 3740 dependens,
557 3671 620 3726 et
645 3666 818 3743 quod
847 3670 1160 3741 creatura,
1192 3684 1330 3745 quse
1357 3668 1696 3729 assumitur

165 3758 230 3812 ut
263 3756 754 3833 instrumentum,
785 3758 1018 3821 habeat
1064 3776 1204 3821 esse
1249 3778 1286 3820 a
1331 3778 1456 3839 quo
1497 3762 1700 3839 possit

177 3845 280 3906 alia
311 3867 400 3911 res
421 3850 804 3929 dependere.
829 3851 1006 3913 Unde
1033 3852 1206 3913 nulla
1231 3852 1352 3913 alia
1375 3853 1690 3927 limitatio,

171 3940 250 3999 vel
285 3940 710 4007 determinatio
755 3943 982 4005 divinae
1031 3944 1272 4007 virtutis
1315 3946 1396 4007 ad
1433 3946 1552 4008 hoc
1600 3952 1696 4008 est

163 4038 510 4113 necessaria,
535 4038 660 4099 nisi
695 4038 868 4117 qnod
893 4038 1050 4099 nolit
1073 4056 1269 4119 agere
1295 4058 1364 4102 se
1391 4041 1546 4117 sola,
1579 4041 1693 4102 sed

163 4144 257 4204 per
295 4137 637 4193 ereaturam
656 4174 678 4208 ‚
706 4132 775 4192 id
807 4132 975 4211 quod
1013 4150 1128 4211 per
1155 4150 1224 4195 se
1253 4134 1450 4194 solam
1501 4152 1692 4214 agere

165 4230 371 4296 posset.-
395 4226 469 4285 Et
485 4225 550 4287 in
579 4226 704 4286 hoc
729 4226 862 4286 solo
894 4242 1034 4287 sese
1061 4226 1496 4288 accommodat
1521 4245 1694 4289 crea-

165 4317 294 4376 turte
319 4332 503 4393 quam
547 4319 812 4381 assumit
853 4324 924 4380 ut
965 4320 1476 4396 instrumentum,
1509 4320 1693 4382 nimi·-

159 4424 280 4468 mm
315 4410 480 4490 quod
523 4430 654 4473 non
691 4413 826 4474 vult
867 4412 1178 4475 actionem
1205 4414 1338 4475 fieri
1371 4414 1510 4475 eine
1557 4414 1688 4489 illa,

157 4516 260 4561 nec
285 4504 401 4565 nisi
428 4502 858 4585 dependenter
889 4508 974 4568 ab
999 4507 1126 4569 illa.
1161 4508 1300 4569 Non
1327 4524 1474 4568 vero
1506 4524 1694 4587 opor-

157 4598 232 4654 tet
258 4602 326 4658 ut
345 4613 480 4662 sese
508 4600 944 4663 accommodet
968 4602 1234 4663 naturali
1255 4601 1442 4664 modo
1465 4600 1698 4681 agendi

156 4694 462 4768 creaturae,
507 4692 622 4755 sed
667 4695 876 4772 potius
913 4696 982 4755 ut
1027 4692 1201 4756 illam
1244 4695 1466 4771 elevet,
1508 4694 1692 4774 eique

157 4782 600 4856 quodammodo
661 4789 1084 4849 communicet
1142 4806 1328 4849 suum
1391 4786 1694 4867 operandi

159 4876 414 4937 modum.
447 4880 576 4943 Nec
617 4881 807 4941 etiam
835 4881 1088 4961 proprie
1113 4882 1314 4942 virtus
1355 4880 1568 4941 divina
1596 4896 1694 4940 re·-

159 4968 362 5045 cipitur
383 4972 446 5033 in
471 4978 782 5048 creatura,
797 4981 870 5035 ut
893 4976 1024 5036 hoec
1047 4974 1160 5037 flat
1185 4975 1692 5049 instrumentum,

159 5062 252 5123 sed
291 5068 486 5130 colum
539 5070 1096 5147 supernaturaliter
1139 5068 1422 5149 adjuvat,
1465 5068 1690 5141 elevat,

163 5168 224 5213 ac
245 5167 444 5223 movet
467 5166 817 5223 creaturam
840 5161 1028 5224 modo
1053 5164 1336 5242 superius
1359 5162 1688 5241 explicato.

165 5246 320 5312 Unde
331 5254 410 5314 ad
433 5261 878 5335 argumentum
903 5256 966 5315 in
989 5254 1214 5330 forma,
1235 5272 1534 5319 concessa
1561 5272 1694 5315 ma·

169 5340 264 5414 iuri
291 5344 350 5406 in
376 5348 546 5409 bono
571 5364 764 5410 sensu
793 5348 1137 5421 declarato,
1170 5356 1442 5429 negatur
1459 5349 1692 5425 minor,

171 5439 307 5514 quia,
325 5442 573 5505 seclusa
595 5442 966 5505 habitudine
991 5444 1076 5507 ad
1097 5444 1469 5524 subjectum,
1489 5448 1694 5524 potest

169 5534 370 5610 optime
392 5534 660 5617 intenta-i
687 5536 984 5601 habitudo
1009 5538 1088 5604 ad
1111 5539 1404 5602 effectum
1431 5550 1546 5601 scu
1575 5544 1694 5600 ter·

3233 382 3349 445 163

1785 482 2027 543 minum
2057 480 2339 555 actionis,
2370 481 2453 543 ad
2490 498 2681 561 quam
2712 482 2861 545 satis
2889 487 2985 546 est
3028 488 3349 563 proportio

1786 576 1850 637 in
1893 576 2137 638 ratione
2180 576 2343 637 entis
2368 576 2557 637 creati
2578 622 2595 651 ,
2626 594 2893 655 quorum
2918 594 3115 639 unum
3142 584 3353 656 potest

1787 668 1868 731 ab
1917 668 2041 729 alio
2088 669 2469 749 dependere,
2522 675 2585 731 et
2634 676 2976 747 utrumque
3022 669 3351 749 suincitur

1786 762 1914 823 Deo
1945 762 2013 823 in
2038 762 2225 823 modo
2257 762 2489 841 agendi
2517 769 2579 823 et
2600 761 3023 842 dependendi.

1869 858 1969 917 15.
2012 855 2199 919 Alius
2244 854 2477 919 &emat
2512 858 2743 921 modun.
2780 886 2861 905 --
2888 856 3083 919 Aliter
3130 857 3349 921 dicunt

1785 948 1888 1009 alii
1941 949 2326 1011 creationem
2374 950 2717 1013 consistere
2768 950 2832 1013 in
2878 950 3189 1013 essentiali
3238 951 3351 1015 de-

1783 1042 2125 1121 pendentia
2164 1048 2465 1105 creaturae
2506 1060 2544 1105 a
2576 1045 2733 1120 Deo,
2774 1060 2913 1123 quae
2944 1043 3199 1105 omnino
3234 1045 3349 1107 im-

1781 1136 2097 1197 mutabilis
2126 1142 2223 1197 est
2246 1141 2311 1197 et
2334 1137 2739 1209 invariabilis,
2767 1137 2915 1217 quia
2938 1155 3067 1199 non
3094 1144 3219 1201 tam
3252 1144 3353 1201 est

1780 1246 1896 1307 per
1924 1230 2235 1291 actionem
2288 1230 2589 1305 mediam,
2618 1250 2811 1311 qnam
2850 1250 2965 1311 per
3008 1232 3351 1311 ipsammet

1783 1324 2104 1392 entitatem
2136 1330 2199 1385 et
2224 1326 2561 1387 essentiam
2590 1334 2917 1400 creaturae,
2942 1329 3003 1387 et
3030 1326 3177 1389 ideo
3204 1326 3347 1389 fieri

1779 1433 1908 1477 non
1937 1435 2123 1494 posse
2146 1424 2215 1478 ut
2238 1418 2359 1480 hoc
2378 1420 2568 1481 modo
2604 1420 2877 1499 pendeat
2901 1438 3027 1481 una
3060 1428 3351 1484 creatura·

1780 1508 1861 1571 ab
1917 1511 2079 1585 alia;
2130 1512 2275 1590 qnia
2341 1514 2547 1574 omnis
2600 1514 3025 1593 dependentia
3084 1514 3167 1577 ab
3220 1514 3347 1577 alie.

1779 1612 1991 1667 ereata
2032 1624 2225 1669 causa
2248 1608 2557 1670 efficiente
2586 1610 2811 1671 variari
2854 1615 3080 1689 potest,
3108 1612 3171 1671 et
3200 1628 3347 1671 con·-

1779 1700 2013 1761 servari
2070 1707 2358 1762 creatura
2424 1720 2541 1781 per
2600 1702 2801 1765 solam
2856 1702 3351 1783 dependentium·

1779 1808 1971 1872 qnam
2012 1793 2203 1855 hahet
2248 1812 2287 1854 a
2326 1795 2497 1868 Deo;
2532 1802 2597 1858 et
2643 1796 2731 1859 ita
2774 1814 2891 1877 per
2929 1796 3092 1859 hanc
3144 1796 3353 1859 solam·

1779 1886 1979 1949 creari
2013 1893 2239 1965 potest.

1859 1983 1960 2043 ⁴6.
2019 1981 2199 2043 Dices
2236 2002 2251 2042 ε
2302 1984 2356 2045 si
2402 1984 2533 2045 haec
2580 1984 2740 2045 ratio
2792 1983 3029 2062 aliquid
3066 1984 3343 2061 valeret,

1779 2073 1967 2135 etiam
2006 2074 2305 2153 probaret
2346 2094 2477 2137 non
2512 2094 2699 2155 posse
2748 2094 2943 2138 unam
2990 2084 3345 2140 creaturam

1775 2167 2060 2246 produci,
2086 2169 2186 2228 vel
2216 2170 2509 2248 generari
2538 2171 2619 2231 ab
2644 2170 2789 2243 alia,
2824 2170 2973 2249 quia
3004 2172 3193 2233 etiam
3221 2172 3345 2233 for-

1775 2278 1904 2335 ma,
1934 2276 2077 2339 quse
2108 2260 2395 2323 educitur
2430 2263 2513 2324 de
2540 2263 2823 2342 potentia
2852 2263 3119 2341 subjecti
3140 2306 3157 2335 ,
3188 2282 3345 2342 pen-

1777 2352 1886 2413 det
1907 2354 2341 2415 essentialiter
2386 2372 2423 2416 a
2454 2357 2581 2417 Deo
2602 2399 2619 2429 ,
2652 2362 2715 2417 et
2746 2374 2787 2417 a
2834 2356 2969 2417 solo
3015 2356 3161 2429 illo;
3192 2358 3343 2434 quia

1775 2462 1890 2525 per
1917 2448 2115 2508 solam
2136 2448 2451 2510 actionem
2468 2450 2637 2511 illius
2658 2454 3090 2523 conservatur,
3116 2457 3179 2511 et
3208 2452 3343 2513 sola

1774 2541 1882 2603 illa
1927 2542 2493 2622 dependentia·est
2534 2545 2791 2605 omnino
2838 2543 3249 2622 invariabilis,
3281 2552 3345 2607 et

1777 2636 2143 2714 simpliciter
2171 2639 2523 2699 necessaria
2548 2644 2617 2699 ut
2644 2638 2787 2699 talis
2814 2654 2923 2699 res
2948 2638 3193 2699 existat.
3222 2640 3343 2700 Re·

1781 2731 2126 2810 spondetur
2192 2732 2553 2811 simpliciter
2618 2732 2913 2810 negando
2968 2732 3289 2809 sequelam
3316 2776 3339 2810 ,

1779 2825 2185 2887 concedendo
2212 2832 2421 2887 tamen
2470 2843 2599 2886 non
2626 2844 2811 2904 posse
2852 2843 3047 2887 unam
3074 2826 3341 2887 formam

1777 2924 2057 2979 creatam
2090 2919 2178 2979 ita
2204 2936 2463 2980 manare
2501 2918 2581 2979 ab
2610 2919 2732 2979 alia
2780 2918 2965 2980 etiam
3013 2937 3127 2997 per
3152 2936 3345 2997 gene·

1777 3012 2107 3087 rationem,
2140 3014 2291 3091 quin
2320 3012 2507 3074 simul
2538 3012 2919 3073 sufficienter
2964 3012 3073 3073 fiat
3099 3031 3215 3092 per
3242 3032 3343 3075 so·

1775 3105 1906 3165 lum
1932 3106 2241 3166 inflexum
2270 3124 2463 3187 quem
2503 3108 2671 3167 Deus
2697 3104 2891 3167 habet
2917 3106 2979 3165 in
3020 3105 3133 3166 tali
3172 3124 3343 3169 crea·

1777 3203 1955 3271 tura3
2012 3216 2141 3261 non
2196 3199 2403 3261 solum
2454 3204 2765 3277 quatenus
2830 3198 3147 3260 concurrit
3194 3218 3339 3261 cum

1777 3306 1969 3352 causa
1998 3292 2296 3365 secunda,
2330 3292 2441 3353 sed
2488 3292 2679 3353 etiam
2724 3298 3037 3370 quatenus
3066 3292 3191 3353 alia
3238 3292 3343 3353 via

1778 3390 1842 3445 et
1871 3386 2059 3445 modo
2088 3387 2225 3465 ipse
2250 3386 2419 3445 solus
2448 3386 2735 3447 eamdem
2776 3403 2913 3447 rem
2952 3392 3120 3447 creat
3146 3384 3213 3445 in
3238 3404 3341 3447 eo·

1776 3478 1922 3539 dem
1952 3478 2231 3553 instanti,
2256 3479 2499 3539 ratione
2522 3480 2703 3539 dictas
2728 3479 3079 3541 essentialis
3104 3479 3357 3557 depena·

1776 3571 2007 3632 dentioe
2030 3578 2329 3633 creaturoe
2358 3590 2399 3633 a
2424 3572 2579 3633 Deo.
2608 3572 2919 3645 Quinimo,
2946 3572 3093 3633 licet
3120 3572 3218 3633 hic
3246 3572 3341 3631 in·

1777 3666 1983 3725 fluxus
2033 3664 2147 3725 Dei
2198 3665 2386 3727 simul
2436 3671 2718 3744 tempore
2772 3666 2851 3727 sit
2900 3682 3047 3727 cnm
3092 3665 3337 3725 actione

1777 3774 1983 3818 causae
2033 3758 2347 3832 secundas,
2383 3765 2601 3819 tamen
2628 3758 2849 3819 ordine
2878 3762 3117 3819 naturoe
3162 3762 3341 3819 anto·

1777 3850 1965 3925 cedit,
1994 3852 2143 3930 quia
2174 3854 2269 3913 est
2298 3852 2571 3913 maxime
2600 3851 2949 3913 essentialis
2969 3896 2984 3923 ‚
3018 3858 3081 3913 et
3120 3868 3341 3913 neces-

1777 3946 1942 4006 sario
1972 3946 2349 4024 supponitur
2370 3943 2575 4006 alteri.
2604 3944 2731 4007 Sed
2754 3962 2885 4005 non
2916 3949 3011 4005 est
3037 3944 3137 4005 hic
3161 3943 3339 4005 locus

1771 4038 2079 4101 tractandi
2129 4038 2543 4116 quoestionem
2590 4038 2795 4112 hanc,
2847 4054 2987 4114 quoe
3030 4036 3339 4099 latissima

1774 4138 1892 4204 est,
1944 4136 2011 4195 et
2052 4130 2413 4212 postulabat
2469 4137 2541 4193 ut
2585 4132 3034 4211 explicaremus
3078 4131 3341 4193 modum

1773 4242 1900 4303 quo
1928 4244 2134 4288 caussa
2162 4224 2459 4287 secundm
2484 4232 2849 4305 operantur,
2878 4228 2943 4289 et
2984 4226 3153 4287 Deus
3190 4240 3335 4287 cum

1773 4318 1894 4380 illis
1923 4319 2260 4382 concurrit.

1857 4418 1957 4475 17.
2004 4412 2151 4475 Dico
2184 4432 2333 4495 ergo
2364 4414 2663 4489 breviter,
2703 4414 3075 4489 doctrinam,
3101 4430 3243 4493 qum
3270 4415 3335 4475 in

1777 4508 1897 4568 hoc
1927 4506 2117 4569 modo
2146 4507 2397 4569 dicendi
2416 4509 2817 4588 supponitur,
2850 4514 2911 4570 et
2924 4509 3147 4571 falsam
3168 4526 3331 4579 esse,

1779 4605 1842 4662 et
1872 4601 2375 4680 improbabilem,
2411 4608 2479 4663 et
2526 4602 2593 4663 in
2652 4602 2943 4682 praesenti
2990 4601 3337 4681 quaestione

1776 4712 1904 4754 non
1933 4694 2316 4755 satisfecere.
2348 4694 2629 4755 Primum
2656 4700 2853 4773 patet,
2880 4694 3029 4775 quia
3054 4694 3161 4755 illa
3186 4693 3336 4755 doc·

1773 4789 1933 4851 trina
1994 4788 2291 4867 supponit
2342 4804 2599 4849 omnem
2648 4788 2943 4849 effectum
2985 4804 3189 4849 causae
3240 4806 3335 4849 se·

1775 4880 1997 4942 cundia
2020 4881 2197 4959 prius
2216 4885 2443 4941 natura
2458 4880 2659 4942 creari
2685 4900 2723 4940 a
2752 4880 2885 4942 solo
2910 4882 3065 4954 Deo,
3087 4884 3151 4942 et
3164 4880 3337 4943 dein-

1775 4974 1858 5035 de
1885 4974 2026 5037 fieri
2056 4992 2095 5034 a
2126 4979 2433 5035 creatura.
2466 4972 2648 5045 Quod
2690 4976 2755 5035 in
2796 4972 3197 5054 philosophia
3229 4974 3337 5035 ab⁴

1775 5067 2037 5129 surdum
2067 5072 2201 5138 θεῖς
2234 5086 2383 5129 nam
2424 5068 2647 5148 reipsa
2680 5070 2801 5129 hoc
2818 5074 2916 5130 est
2952 5067 3173 5130 tollere
3196 5066 3336 5129 effi·-

1774 5162 2067 5225 oientiam
2120 5178 2452 5223 causarum
2506 5161 2925 5225 scendet-um
2946 5206 2963 5235 ‚
3011 5168 3073 5225 et
3130 5161 3335 5221 solum

1773 5254 1985 5318 verbis
2014 5254 2185 5315 illam
2210 5252 2557 5315 concedere
2582 5272 2601 5325 ς
2634 5260 2699 5317 et
2740 5255 2807 5315 in
2856 5252 3201 5333 Theologia
3227 5268 3335 5332 po⁴

1775 5356 1898 5412 test
1923 5347 1992 5409 id
2044 5364 2183 5409 esse
2226 5347 2673 5427 periculosum,
2718 5348 3063 5427 praesertim
3091 5346 3155 5407 in
3185 5347 3335 5407 acti·

1773 5444 1894 5507 bus
1912 5441 2155 5515 liberis,
2184 5447 2249 5503 et
2266 5442 2540 5505 maxime
2580 5442 2651 5505 in
2696 5442 2880 5505 malis
2925 5446 2989 5501 et
3034 5439 3329 5521 peccatis.

1776 5534 2137 5601 Secundum
2153 5540 2345 5616 patet,
2369 5536 2535 5615 quia,
2564 5541 2699 5599 ento
2726 5530 3149 5598 concedamus
3170 5532 3335 5595 hanc
