3892 6167
602 347 720 408 492

600 450 814 527 homo,
837 451 958 514 nisi
997 454 1241 517 ratione
1289 461 1527 520 naturae
1566 455 1882 536 humanae,
1910 461 1997 522 ita
2038 472 2159 520 nec

601 551 804 627 potest
849 545 970 610 dici
1017 548 1350 629 adoptatus
1371 597 1393 628 ,
1444 551 1566 614 nisi
1615 555 1860 617 ratione
1920 557 2159 616 naturaee

601 638 938 722 adoptatae.
963 639 1107 706 Haec
1133 661 1278 706 vero
1303 645 1483 723 ratio,
1509 645 1758 728 proprie
1781 645 1925 710 etin
1951 645 2159 726 rigore

603 740 877 816 sumpta,
907 735 1128 798 efficax
1152 755 1281 799 non
1305 744 1420 816 est,
1457 739 1608 820 quia
1638 742 1740 804 vel
1769 757 2160 822 consequen-

603 827 690 890 tia
714 845 841 888 non
863 833 960 890 est
984 827 1287 908 formalis,
1315 832 1417 894 vel
1451 832 1636 914 plane
1667 833 1731 897 in
1761 839 1892 898 tota
1917 833 2161 896 ratione

601 921 838 1000 petitur
861 921 1256 1004 principium,
1287 923 1407 988 nisi
1446 925 1656 1008 aliqua
1685 925 1790 990 via
1823 926 1906 989 ad
1939 926 2165 990 funda·

604 1015 934 1076 mentuma
953 1014 1133 1078 nobis
1145 1018 1414 1098 positum
1432 1019 1788 1084 reducatur.
1815 1019 1972 1084 Cum
1992 1019 2159 1082 enim

605 1109 871 1168 sumitur
913 1107 1366 1174 humanitatem
1416 1129 1546 1176 non
1593 1131 1730 1178 esse
1775 1111 2159 1196 adoptatam,

606 1205 714 1262 aut
739 1207 832 1264 est
858 1219 1103 1278 sensus,
1131 1223 1259 1267 non
1293 1225 1428 1270 esse
1453 1209 1518 1270 id
1542 1207 1714 1290 quod
1739 1207 1993 1290 proprie
2018 1205 2165 1270 ado·

603 1300 844 1376 ptatum
883 1300 1001 1371 est,
1024 1303 1132 1362 aut
1183 1317 1312 1362 non
1351 1319 1486 1366 esse
1525 1302 1859 1380 rationem,
1889 1319 2018 1382 qua
2034 1319 2163 1364 me·

603 1385 811 1450 diante
839 1385 1114 1454 Christus
1139 1397 1212 1457 ut
1233 1393 1422 1457 homo
1451 1393 1803 1477 adoptatur,
1835 1395 1936 1458 vel
1967 1395 2058 1478 (ut
2078 1395 2165 1458 ita

603 1479 834 1564 dicam)
855 1499 986 1546 non
1015 1503 1156 1548 esse
1183 1486 1625 1569 coadoptatam
1649 1507 1793 1554 cum
1828 1489 2067 1554 Christo
2096 1494 2168 1552 ut

601 1573 882 1638 homine.
918 1575 1162 1640 Primus
1185 1597 1409 1644 sensus
1427 1582 1673 1646 videtur
1701 1601 1841 1648 esse
1870 1582 2167 1666 propriis-

605 1667 802 1730 simus
831 1667 1004 1733 illius'
1015 1672 1466 1752 antecedentis,
1487 1675 1660 1756 quod
1677 1677 1747 1739 in
1767 1676 1993 1740 eodem
2021 1695 2167 1743 sen·

605 1761 688 1821 su‘
725 1763 1122 1826 verissimum
1157 1773 1275 1843 est,
1309 1771 1379 1828 ut
1405 1767 1594 1832 citato
1621 1768 1762 1832 loco
1783 1769 2115 1834 ostendam
2142 1790 2161 1846 ;

603 1859 816 1918 tamen
841 1861 1296 1940 consequentia
1339 1879 1467 1923 non
1496 1867 1666 1926 recte
1693 1861 1981 1938 infertur,
2019 1863 2170 1946 quia

603 1949 792 2012 etiam
819 1950 884 2011 in
912 1967 1073 2032 puro
1101 1953 1355 2018 homine
1385 1955 1744 2019 humanitas
1763 1975 1894 2020 non
1913 1957 2169 2038 adopta-

603 2047 729 2122 tur,
761 2063 970 2127 neque
1019 2064 1057 2110 a
1094 2047 1251 2124 Deo,
1285 2065 1491 2129 neque
1535 2049 1616 2113 ab
1660 2050 1960 2126 homine3
1992 2056 2056 2114 et
2102 2052 2170 2116 in

602 2139 969 2203 universum
1001 2141 1096 2220 (ut
1116 2141 1281 2205 dicta
1314 2149 1468 2206 sect.
1495 2145 1535 2206 4
1573 2143 1921 2226 ostendam)
1944 2144 2169 2208 huma-

603 2231 767 2295 nitas
796 2251 923 2296 non
961 2241 1057 2298 est
1083 2252 1282 2315 capax
1305 2236 1682 2320 adoptionis,
1711 2237 1913 2303 donec
1946 2257 2129 2322 perso
2146 2273 2165 2286 ·

603 2329 749 2388 nata
782 2327 896 2402 sit;
931 2333 994 2392 et
1017 2330 1326 2410 tuncjam
1357 2348 1488 2392 non
1519 2337 1612 2396 est
1662 2331 1794 2413 ipsa
1841 2351 1983 2414 quae
2018 2331 2166 2396 ado-

599 2423 837 2499 ptatur,
866 2419 980 2484 sed
1001 2421 1219 2498 homo,
1255 2425 1540 2504 quamvis
1573 2443 1690 2506 per
1719 2427 1916 2507 ipsam
1951 2443 2065 2488 seu
2100 2425 2167 2486 in

598 2509 738 2591 ipsa
782 2513 1115 2595 adoptetur
1133 2561 1155 2596 ,
1196 2521 1259 2580 et
1309 2517 1415 2580 illa
1469 2517 1658 2580 etiam
1711 2519 1906 2600 possit
1952 2517 2165 2600 aliquo

601 2604 788 2668 modo
817 2605 938 2670 dici
976 2609 1361 2694 coadoptari,
1401 2611 1656 2693 quando
1683 2612 1875 2675 homo
1907 2613 2169 2694 adopta·

601 2703 720 2761 tur.
741 2698 923 2771 Quod
949 2700 1000 2762 si
1025 2701 1148 2765 hoc
1178 2704 1368 2766 etiam
1389 2704 1578 2767 modo
1607 2705 1982 2768 antecedens
1999 2704 2165 2768 illius

599 2791 858 2854 rationis
897 2791 1283 2876 intelligatur
1325 2797 1510 2880 juxta
1559 2798 1971 2878 posteriorem
2026 2817 2167 2861 sen·

599 2901 738 2945 sum
769 2902 959 2967 supra
975 2889 1276 2969 positum,
1308 2895 1403 2953 est
1427 2889 1683 2970 quidem
1703 2889 1857 2954 illud
1877 2891 2069 2956 etiam
2100 2893 2167 2954 in

597 2993 674 3039 eo
707 2996 900 3042 sensu
947 3000 1188 3056 verum,
1227 2981 1342 3046 sed
1391 2983 1612 3046 inutile
1643 2982 1725 3045 ad
1771 2983 2165 3064 probandam

595 3074 1064 3138 conclusionem
1101 3077 1454 3153 intentam;
1507 3095 1682 3153 nam,
1711 3078 1810 3141 vel
1865 3079 2166 3161 supponit

597 3167 792 3244 illam,
813 3168 912 3230 vel
941 3187 1019 3231 ex
1051 3170 1154 3233 illa
1181 3170 1580 3252 probandum
1607 3177 1722 3235 est.
1757 3173 1821 3234 Si
1851 3172 2021 3236 enim
2050 3176 2165 3236 hu·

595 3261 866 3326 manitas
895 3261 1116 3329 Christi
1141 3263 1423 3346 adoptari
1449 3283 1578 3327 non
1617 3267 1818 3347 potuit
1845 3269 2163 3330 concomi-

597 3363 804 3420 tanter
817 3358 911 3438 (ut
937 3359 1028 3422 sic
1050 3359 1304 3442 dicam),
1332 3362 1474 3426 ideo
1500 3366 1596 3424 est
1626 3363 1774 3444 quia
1793 3361 2069 3426 Christus
2099 3370 2166 3427 ut

597 3446 785 3513 homo
800 3451 1084 3534 adoptari
1099 3471 1229 3517 non
1246 3455 1471 3535 potuit,
1487 3473 1636 3518 nam
1657 3456 2017 3520 humanitas
2036 3475 2165 3519 non

594 3544 1028 3630 coadoptatur,
1065 3547 1187 3610 nisi
1213 3567 1358 3611 cum
1383 3550 1576 3612 homo
1604 3549 1961 3632 adoptatur.
1988 3551 2063 3614 Et
2087 3551 2164 3614 si-

593 3637 848 3716 militer,
876 3641 928 3704 si
971 3639 1252 3706 Christus
1297 3661 1428 3708 non
1483 3645 1603 3706 fnit
1649 3645 1720 3706 in
1767 3643 2159 3709 humanitate

595 3731 944 3816 adoptatus,
981 3733 1050 3800 id
1077 3754 1207 3800 non
1233 3737 1435 3819 potuit
1463 3755 1542 3800 ex
1589 3738 1981 3802 humanitate
2020 3755 2161 3820 pro-

593 3827 831 3903 venire,
869 3845 1018 3894 nam
1053 3832 1216 3912 ipsa,
1250 3833 1560 3912 quantum
1605 3837 1698 3896 est
1755 3830 1837 3895 de
1890 3849 1983 3906 se.
2008 3831 2161 3896 ado-

591 3919 843 4002 ptabilis
873 3928 989 3999 est,
1017 3927 1085 3985 ut
1104 3941 1230 4006 quo
1258 3923 1348 4006 (ut
1371 3925 1458 3988 sic
1485 3923 1738 4008 dicam).
1778 3923 1957 3999 Quod
1998 3926 2050 3988 si
2093 3925 2157 3990 in

591 4013 832 4078 Christo
862 4033 990 4080 non
1032 4017 1233 4098 potuit
1283 4036 1423 4083 eam
1470 4019 1782 4082 rationem
1830 4037 2149 4098 exercere,

593 4113 689 4170 est
727 4107 973 4174 ratione
1016 4127 1326 4191 personae,
1363 4129 1504 4190 quoe
1557 4129 1811 4176 omnem
1855 4120 2151 4178 naturam

592 4200 708 4264 sibi
755 4199 1172 4284 personaliter
1217 4203 1625 4286 conjunctam
1649 4251 1668 4282 ,
1723 4205 1930 4268 reddit
1979 4205 2147 4269 inea·

592 4311 814 4378 pacem
858 4294 1232 4376 adoptionis.
1281 4297 1413 4362 Hoc
1458 4304 1676 4360 tamen
1717 4316 1850 4360 non
1898 4296 2155 4364 aliunde

592 4384 806 4463 babet,
828 4387 950 4450 nisi
973 4389 1124 4470 quia
1143 4408 1274 4454 non
1303 4396 1398 4454 est
1426 4408 1693 4472 persona
1723 4397 2025 4454 extranea
2048 4397 2158 4454 aut

591 4479 822 4556 aliena,
843 4499 973 4545 non
995 4481 1198 4547 solum
1225 4483 1574 4548 secundum
1601 4502 1694 4562 se,
1725 4484 1840 4548 sed
1867 4485 2056 4549 etiam
2087 4493 2157 4548 ut

592 4573 768 4638 unita
809 4575 1161 4660 cuicunque
1215 4583 1476 4654 naturae,
1517 4597 1635 4643 nec
1682 4579 1890 4642 solum
1934 4581 2150 4662 quoad

590 4686 727 4732 esse
778 4667 1190 4735 substantiale
1241 4679 1304 4736 et
1350 4670 1680 4753 personale
1711 4718 1733 4751 ,
1789 4673 1901 4738 sed
1960 4675 2147 4738 etiam

591 4763 804 4844 quoad
841 4761 1116 4828 divinam
1164 4763 1618 4840 hereditatem,
1636 4771 1708 4828 ut
1753 4767 2153 4848 participabi-

589 4855 718 4918 lem
758 4857 823 4920 in
851 4863 1171 4940 assumpta
1199 4865 1446 4922 natura.
1491 4857 1624 4921 Hoc
1670 4858 1862 4936 enim,
1892 4866 1963 4923 ut
1999 4859 2149 4940 dixi,

591 4965 841 5030 semper
874 4949 1107 5015 addere
1133 4955 1400 5033 oportet,
1423 4957 1492 5013 ut
1512 4948 1921 5017 concludatur
1947 4953 2157 5018 inten-

587 5045 752 5116 tum;
809 5041 958 5120 quia
1017 5045 1174 5106 alias
1226 5043 1306 5106 ad
1364 5061 1680 5108 summum
1737 5045 2105 5127 probabitur
2135 5092 2153 5120 ‚

590 5133 900 5196 Christum
921 5139 990 5196 ut
1013 5131 1339 5201 hominem
1359 5154 1487 5198 non
1513 5153 1651 5200 esse
1681 5136 2045 5220 adoptatum
2074 5137 2157 5202 ad

590 5246 730 5291 esse
771 5227 1102 5313 personale
1123 5229 1337 5306 Verbi,
1369 5231 1450 5293 de
1495 5247 1623 5310 quo
1672 5230 1807 5299 fere
1852 5232 2029 5296 nulla
2061 5240 2155 5296 est

591 5323 754 5385 inter
780 5321 1128 5388 Catholicae
1162 5325 1608 5402 controversia,
1633 5325 1748 5390 sed
1771 5325 1851 5390 de
1873 5327 2157 5409 adoptio·

589 5433 672 5485 ne
701 5413 784 5482 ad
809 5415 1246 5482 haereditatem
1279 5424 1604 5483 aeternam.
1640 5418 1844 5492 Unde,
1869 5419 2018 5484 licet
2046 5417 2154 5484 de-

591 5525 734 5570 mus
777 5508 1232 5574 humanitatem
1284 5529 1412 5574 non
1469 5529 1606 5576 esse
1655 5511 2014 5596 adoptatam
2072 5511 2157 5575 ad

1792 353 2027 426 Ωιι-εει.
2063 351 2237 408 xxm.
2274 351 2474 408 sarm.
2510 353 2589 408 w.

2238 453 2540 518 unionem
2568 453 3049 536 hypostaticam,
3080 451 3205 514 adh
3216 467 3289 512 uc
3320 461 3568 534 superest
3589 473 3699 538 qur·

2240 547 2357 610 stio
2412 565 2494 609 an
2540 547 2842 622 Christus,
2875 553 2945 609 ιιι
2989 545 3337 609 subsistens
3384 545 3444 607 in
3490 547 3624 626 ipsa,
3654 555 3699 614 sit

2240 641 2574 722 adoptatus
2604 641 2684 704 ad
2710 639 3139 704 haereditatem
3164 645 3481 702 aeternam.

2323 737 2424 798 24.
2470 737 2722 800 Sextam
2769 736 3079 798 rationem
3130 733 3419 796 nonnulli
3462 735 3560 798 viri
3600 737 3704 802 docti

2242 827 2505 906 addunt,
2532 829 2683 910 quia
2704 827 2918 892 filiatio
2949 827 3247 910 adoptiva
3278 826 3422 892 dicit
3446 839 3703 910 respectum

2244 922 2325 984 ad
2351 928 2547 986 totam
2584 923 2987 997 Trinitatem;
3023 921 3134 984 sed
3166 920 3475 997 Christus,
3502 924 3559 984 in
3578 941 3709 1002 quan-
3744 949 3746 958 2

2242 1022 2378 1080 tum
2408 1015 2597 1080 homo
2613 1062 2638 1095 ,
2675 1035 2805 1080 non
2848 1019 3052 1096 potest
3088 1015 3210 1077 dici
3252 1013 3416 1077 filius
3440 1017 3705 1090 Trinitatis;

2246 1129 2395 1192 ergo
2442 1129 2558 1173 nec
2596 1115 2804 1190 potest
2847 1108 2969 1172 dici
3010 1107 3175 1172 filius
3216 1106 3553 1190 adoptivus,
3580 1111 3711 1190 Major

2243 1211 2491 1272 constat
2521 1223 2599 1269 ex
2637 1205 2709 1266 D.
2740 1203 2982 1267 Thema
3013 1201 3139 1280 hic,
3172 1209 3296 1264 art.
3327 1206 3392 1289 ξ,
3420 1201 3515 1264 ubi
3543 1203 3709 1284 probat,

2242 1299 2543 1382 adoptare
2583 1298 2744 1362 filios
2786 1315 2922 1360 esse
2952 1315 3111 1380 opus
3144 1295 3343 1359 totius
3360 1295 3646 1358 Trinitatis.
3668 1299 3713 1362 a

2247 1395 2342 1458 est
2370 1411 2486 1477 per
2512 1411 2581 1455 se
2612 1389 3012 1455 manifestum
3039 1437 3055 1466 ,
3086 1390 3243 1470 quia
3282 1396 3378 1451 est
3403 1404 3545 1470 opus
3567 1390 3627 1451 ad
3647 1407 3713 1451 ex·
3746 1387 3753 1518 ι

2245 1494 2362 1552 tra.
2402 1485 2609 1550 Minor
2644 1485 2989 1568 probatur,
3032 1484 3181 1564 quia
3212 1481 3373 1543 alias
3408 1481 3713 1552 chrismam

2248 1587 2557 1662 quantum
2582 1579 2800 1657 homo,
2827 1583 2991 1640 esset
3012 1575 3179 1639 filius
3204 1575 3468 1657 Spiritus
3484 1575 3711 1650 Sancite

2248 1675 2415 1739 filius
2454 1673 2551 1738 sui
2599 1673 2832 1754 ipsius,
2864 1668 3035 1754 quod
3080 1675 3177 1732 est
3212 1675 3430 1732 contra
3460 1667 3713 1730 Concilium
3749 1641 3755 1731 i

2246 1767 2641 1844 Toletanum,
2666 1771 2729 1830 et
2748 1764 3195 1850 Augustinum.
3228 1760 3356 1824 Sed
3374 1761 3505 1824 hoec
3530 1759 3662 1838 ratio,
3682 1763 3711 1822 si
3752 1845 3754 1860 Ι

2250 1861 2469 1924 efficax
2501 1865 2709 1936 esset,
2747 1876 2874 1922 non
2909 1857 3109 1922 solum
3149 1855 3450 1937 probaret
3472 1853 3711 1922 Christum,

2252 1960 2322 2016 ut
2358 1953 2705 2031 hominem,
2735 1969 2865 2014 non
2894 1969 3030 2013 esse
3056 1948 3261 2012 filium
3292 1945 3713 2030 adoptivum,sed

2251 2047 2441 2112 etiam
2471 2047 2647 2110 nullo
2681 2045 2868 2110 modo
2910 2061 3049 2108 esse
3101 2050 3215 2105 aut
3245 2043 3456 2104 vocari
3496 2057 3639 2122 posse
3654 2037 3712 2100 a·

2248 2142 2403 2206 lium
2426 2139 2541 2206 Dei
2568 2187 2583 2216 ‚
2614 2159 2735 2204 nec
2766 2135 3139 2215 naturalem,
3174 2151 3385 2216 neque
3410 2133 3526 2196 ulla
3550 2133 3638 2194 alia
3656 2149 3710 2192 ra·

2248 2236 2459 2312 tione,
2488 2232 2657 2315 qnod
2698 2251 2837 2298 esse
2877 2229 3106 2294 falsum
3144 2227 3423 2310 probant
3448 2227 3622 2289 omnia
3646 2223 3710 2284 ad-

2247 2329 2434 2393 ducta
2456 2330 2524 2391 in
2547 2327 2669 2390 hac
2697 2333 2762 2390 et
2786 2323 3179 2408 praecedente
3212 2321 3487 2384 sectione
3508 2337 3527 2398 3
3546 2325 3595 2382 et
3620 2319 3709 2397 ipsi·

2246 2431 2399 2498 met,
2426 2423 2533 2504 qui
2565 2442 2643 2487 ea
2668 2421 2913 2486 ratione
2942 2423 3231 2496 utuntur,
3264 2415 3588 2480 concedunt
3605 2413 3709 2474 uui-
3758 2415 3760 2442 *

2248 2522 2415 2578 stum
2442 2521 2515 2579 ut
2538 2515 2863 2580 hominem
2908 2531 3047 2576 esse
3075 2509 3281 2574 filium
3316 2509 3423 2572 Dei
3455 2503 3707 2570 naturalem

2250 2609 2332 2673 ob
2358 2609 2626 2692 gratiam
2672 2606 2957 2684 unionis,
2988 2607 3055 2667 in
3100 2622 3256 2686 quo,
3290 2604 3389 2666 vel
3412 2617 3529 2663 non
3564 2615 3708 2660 conse·

2245 2706 2516 2784 quanter
2541 2703 2887 2785 loquuntur
2906 2743 2929 2777 ,
2976 2697 3080 2762 vel
3110 2695 3325 2780 (quod
3363 2697 3553 2778 potius
3578 2691 3709 2754 existi-

2244 2797 2387 2876 mo)
2414 2814 2545 2860 non
2570 2795 2915 2878 loquuntur
2939 2793 3019 2856 de
3044 2793 3292 2857 Christo
3320 2799 3390 2854 ut
3414 2789 3642 2860 homine,
3663 2801 3707 2844 eo
3763 2829 3764 2884 ᾖ

2246 2907 2432 2952 sensu
2460 2907 2586 2970 quo
2617 2909 2733 2952 nos
2758 2888 3103 2970 loquimur,
3134 2885 3395 2958 scilicet,
3419 2877 3710 2962 designando

2245 2980 2591 3046 formaliter
2607 2982 3069 3046 humanitatem
3092 2987 3163 3043 ut
3186 2979 3255 3043 id
3279 2979 3345 3041 in
3365 2995 3482 3060 quo
3507 2971 3709 3038 convenit

2246 3075 2487 3142 Christo
2515 3075 2656 3140 talis
2682 3076 2927 3152 relatio,
2973 3073 3085 3136 sed
3129 3071 3515 3156 designando
3542 3073 3708 3168 tantun
3765 3058 3766 3137 l

2246 3169 2639 3253 suppositum
2682 3177 2828 3233 actu
2874 3169 3256 3232 humanitati
3302 3169 3549 3231 unitum.
3574 3159 3707 3225 Sedu

2248 3267 2313 3328 in
2338 3265 2461 3330 hoc
2492 3265 2822 3349 posteriori
2848 3275 3035 3328 sensu
3064 3263 3432 3342 loquuntur,
3454 3261 3567 3322 sine
3586 3269 3707 3316 causa

2248 3359 2493 3440 ipsimet
2527 3365 2767 3440 negant
2804 3377 2945 3422 esse
2972 3358 3053 3420 de
3078 3357 3231 3434 fide,
3261 3354 3550 3422 Christum
3573 3359 3625 3412 ut
3640 3349 3708 3410 he

2245 3452 2483 3516 minem
2505 3471 2633 3516 non
2663 3471 2803 3516 esse
2825 3451 3211 3534 adoptivum,
3228 3451 3343 3514 sed
3363 3447 3652 3512 naturalem
3668 3441 3708 3503 fi-

2244 3545 2421 3622 lium,
2450 3565 2599 3610 nam
2625 3547 2983 3628 oppositum
3012 3551 3107 3610 est
3136 3551 3357 3625 aperta
3382 3540 3599 3608 haeresis
3612 3541 3707 3599 Nes

2243 3640 2489 3704 toriana
2548 3646 2612 3704 et
2664 3639 2975 3704 Feliciana
2994 3685 3019 3718 ,
3060 3639 3363 3702 damnata
3414 3638 3473 3698 in
3518 3630 3707 3698 Concilio

2240 3731 2529 3798 Francos.
2559 3780 2576 3811 ‚
2609 3737 2681 3798 ut
2709 3733 2914 3796 dicam
2942 3733 3222 3796 sectione
3254 3731 3543 3813 sequenti.
3574 3723 3707 3806 Igitur

2239 3826 2557 3907 loquendo
2584 3829 2649 3891 in
2689 3826 2883 3910 priori
2908 3845 3097 3890 sensu
3125 3826 3207 3889 de
3234 3825 3466 3894 Christo
3497 3829 3555 3885 ut
3574 3817 3705 3882 homi-

2240 3937 2344 3994 ne,
2391 3927 2462 3984 ut
2499 3921 2837 4004 loquimur,
2880 3938 3264 4004 quacunque
3290 3923 3516 3985 ratione
3536 3917 3703 3979 dicatur

2236 4031 2373 4076 esse
2410 4013 2578 4078 filius
2612 4015 2751 4092 Dei,
2778 4015 2909 4078 sive
2936 4015 3261 4091 naturalia,
3294 4019 3418 4078 sive
3440 4008 3701 4090 adoptivus.

2232 4107 2365 4172 sive
2390 4125 2508 4188 per
2550 4109 2841 4190 gratiam,
2889 4109 3247 4172 necessario
3296 4105 3593 4172 dicendum
3627 4101 3699 4168 est,

2230 4199 2351 4262 sub
2383 4218 2461 4265 ea
2490 4203 2733 4266 ratione
2768 4220 2901 4266 non
2944 4201 3155 4266 dicere
3182 4203 3533 4268 relationem
3565 4191 3701 4254 adse

2236 4291 2364 4357 lam
2418 4297 2690 4378 primam
2749 4314 3090 4378 personam
3132 4297 3442 4360 Trinitatis
3463 4341 3482 4370 ,
3526 4285 3611 4352 sed
3650 4279 3697 4342 ἃᾶ

2234 4385 2438 4452 Deum
2464 4395 2535 4452 ut
2563 4391 2784 4466 Deum,
2820 4395 2881 4454 et
2909 4399 3371 4473 consequenter
3394 4387 3467 4450 ad
3495 4393 3591 4448 tres
3612 4393 3697 4478 pet*

2238 4497 2425 4542 sonas
2473 4487 2545 4545 ut
2588 4488 2735 4546 sunt
2793 4500 2960 4545 unus
3007 4485 3201 4546 Deus.
3252 4483 3559 4554 Probatur,
3602 4484 3695 4552 (1⁸¹³

2236 4569 2517 4638 Christus
2544 4580 2614 4638 ut
2637 4575 2828 4638 homo
2862 4593 2994 4639 non
3022 4583 3121 4640 est
3144 4577 3313 4641 filius
3336 4595 3411 4637 ex
3434 4573 3485 4634 vi
3508 4578 3695 4670 gener?-

2230 4667 2421 4732 tionis
2447 4675 2692 4732 aeternae
2721 4675 2793 4731 ut
2824 4667 2915 4733 sic
2934 4715 2955 4748 ‚
2987 4670 3100 4734 sed
3134 4690 3211 4735 ex
3258 4689 3334 4734 eo
3362 4668 3512 4752 quod
3532 4663 3695 4746 gtiliatw

2232 4780 2426 4846 quam
2476 4761 2696 4826 habuit
2748 4781 2867 4845 per
2914 4765 3385 4846 generationem
3436 4769 3690 4826 aeternam.

2232 4857 2697 4922 communicata
2730 4863 2827 4920 est
2876 4864 2939 4922 et
2984 4858 3162 4922 unita
3200 4853 3690 4934 humanitatum

2236 4967 2314 5014 ex
2344 4967 2421 5014 eo
2446 4948 2681 5015 factum
2718 4955 2837 5028 est,
2879 4955 2948 5014 ut
2975 4949 3079 5014 hic
3103 4950 3293 5016 homo
3315 4952 3379 5015 in
3402 4948 3519 5032 ipsa
3539 4943 3693 5043 huqffi·

2238 5043 2435 5106 nitate
2462 5043 2543 5108 sit
2565 5050 2819 5107 sanctus
2850 5062 2929 5108 ex
2954 5043 3015 5108 vi
3044 5045 3315 5121 unionis,
3337 5051 3395 5110 et
3416 5039 3691 5133 hahenssuf

2237 5137 2319 5200 ad
2346 5137 2779 5202 haereditatem
2807 5139 2919 5204 Dei
2944 5139 3013 5202 in
3035 5139 3172 5220 ipsa
3194 5137 3545 5204 humanitate
3566 5127 3691 5226 part}-

2237 5231 2615 5312 cipandam;
2670 5231 2784 5296 sed
2836 5229 3011 5313 quod
3054 5233 3162 5296 illa
3208 5233 3420 5296 relatio
3460 5221 3689 5320 filiationis

2237 5331 2485 5390 aeternae
2510 5327 2971 5391 communicata
2994 5324 3073 5390 sit
3100 5331 3163 5392 et
3188 5328 3359 5390 unita
3384 5313 3686 5420 humaaitqtb

2236 5423 2332 5482 est
2360 5435 2518 5498 opus
2546 5419 2739 5484 totius
2760 5419 3075 5486 Trinitatis
3086 5441 3107 5496 ς
3131 5435 3281 5504 ergo
3298 5413 3500 5486 relatio
3520 5407 3688 5509 finnus

2236 5511 2353 5585 nis,
2388 5529 2526 5591 quoe
2546 5510 2692 5574 hinc
2720 5514 3003 5594 proxime
3044 5513 3302 5579 resultat
3318 5496 3343 5591 ,¹
3362 5517 3443 5576 est
3466 5505 3532 5570 ad
3549 5501 3684 5564 'rum-
