3892 6167
573 424 884 499 mundum,
915 427 1034 483 etc.
1065 419 1163 482 Ad
1197 420 1423 500 EpheS.
1453 422 1529 482 2:
1563 420 1727 484 Deve
1763 424 1963 483 autem
1982 465 2003 495 ,
2032 416 2139 499 qui

576 516 738 580 dices
767 521 859 579 eet
881 516 947 577 in
974 512 1409 588 misericordia,
1451 518 1699 593 propter
1725 510 1977 575 nimiam
2004 512 2137 575 cha-

573 610 824 673 ritatem
843 626 1038 684 suam,
1053 624 1171 688 qua
1185 606 1400 670 dilexit
1411 624 1538 683 noe,
1554 624 1688 669 cum
1708 622 1966 669 essemus
1979 622 2138 667 mor-

575 702 674 765 tui
701 706 962 782 peccato,
1008 695 1450 774 convivificavit
1485 714 1594 761 noe
1638 696 1905 761 Christo.
1950 698 2130 757 Rom.

579 798 620 859 δ
657 812 675 856 :
722 792 1108 859 Commendat
1133 794 1328 855 autem
1358 790 1718 855 charitatem
1741 808 1914 854 suam
1942 790 2130 864 Deus,

575 886 742 969 quia,
765 904 900 951 cum
923 886 1115 949 adhuc
1133 890 1462 965 peccatores
1483 900 1762 957 essemus,
1790 886 1906 945 etc.
1937 884 2139 957 Quem

573 982 780 1043 locum
825 986 1099 1041 tractans
1144 978 1563 1059 Augustinus,
1612 981 1857 1039 tractat.
1911 978 2032 1040 110
2072 977 2137 1039 in

575 1075 609 1136 J
615 1090 802 1135 oann.
829 1117 849 1147 ,
893 1072 1043 1132 dicit
1073 1086 1090 1131 ε
1131 1070 1278 1135 Non
1323 1069 1419 1133 ita
1467 1070 1755 1134 Christus
1793 1087 1902 1133 noe
1945 1070 2133 1133 Patri

575 1166 1032 1241 reconciliavit,
1061 1170 1134 1228 ut
1161 1163 1448 1243 inciperet
1477 1182 1682 1228 amare
1707 1182 1852 1245 quoe
1880 1164 2129 1238 oderat,

571 1262 732 1325 sicut
753 1258 1176 1323 reconciliatur
1197 1254 1478 1321 inimicus
1504 1256 1750 1321 inimico
1779 1303 1795 1332 ‚
1832 1261 1902 1319 ut
1929 1258 2135 1321 deinde

573 1356 704 1419 sint
731 1352 912 1417 amici
928 1397 945 1426 ,
977 1356 1036 1415 et
1055 1350 1306 1415 invicem
1329 1350 1590 1433 diliqaui
1617 1350 1724 1433 qui
1761 1351 2009 1413 oderant
2036 1350 2133 1413 in-

572 1449 778 1511 vicem.
825 1446 956 1511 Sed
973 1446 1115 1525 ,fam
1153 1460 1264 1507 ace
1305 1443 1586 1528 diliyeuti
1627 1443 2001 1507 reconciliati
2033 1461 2133 1507 eu·

573 1558 710 1604 mus
733 1540 832 1616 ei,
880 1556 1011 1603 cum
1035 1556 1146 1620 quo
1167 1543 1417 1620 propter
1430 1542 1744 1619 peceatum
1771 1534 2137 1601 inimiciciae

575 1634 953 1699 habebamus.
1009 1631 1202 1710 Igitur
1257 1649 1334 1693 ex
1387 1630 1696 1693 sententia
1743 1629 2073 1710 Augustini
2112 1676 2127 1705 ,

571 1728 748 1808 prins
795 1724 1166 1805 intelligitur
1217 1724 1382 1785 Deus
1433 1724 1725 1786 dilexisse
1779 1741 1898 1785 nos
1941 1742 2133 1803 quam

574 1820 855 1885 Christus
884 1837 1000 1879 nos
1027 1819 1087 1879 ei
1109 1816 1601 1880 reconciliaverit
1615 1839 1634 1891 3
1671 1816 1774 1879 illa
1798 1820 2011 1877 autem
2042 1816 2133 1879 di·

569 1914 756 1979 lectio
779 1932 911 1975 non
938 1917 1032 1974 est
1053 1910 1196 1987 alia,
1227 1910 1345 1973 nisi
1375 1926 1500 1987 qua
1525 1928 1642 1971 nos
1670 1908 1877 1989 lapsos
1905 1910 1973 1969 in
2002 1908 2133 1970 cul-

574 2026 721 2090 pam
771 2006 964 2088 gratis
1009 2004 1206 2067 voluit
1255 2020 1592 2082 reparare;
1631 2002 1696 2063 ln
1736 2019 1863 2080 qua
1899 2018 1967 2063 re
2016 2002 2132 2063 hu-

571 2120 760 2165 mana
787 2106 1010 2161 natura
1033 2098 1340 2177 majorem
1369 2096 1634 2175 gratiam
1657 2114 1694 2157 a
1713 2097 1844 2157 Deo
1868 2095 2132 2175 recepit,

569 2214 762 2277 quam
785 2192 1092 2273 angelica,
1121 2198 1190 2255 ut
1213 2194 1278 2254 in
1300 2192 1428 2255 tine
1447 2191 1608 2252 illius
1633 2194 1934 2253 metatus
1961 2190 2133 2251 idem

575 2288 963 2369 Augustinus
982 2284 1278 2361 declarat,
1300 2284 1533 2347 docens
1548 2300 1675 2346 non
1697 2301 1880 2362 posse
1913 2282 1977 2344 id
2012 2282 2133 2344 nisi

571 2383 801 2445 divinae
832 2382 1048 2461 gratiae
1079 2396 1153 2441 ac
1180 2376 1540 2440 liberalitati
1568 2375 1842 2439 attribui.
1881 2376 1961 2438 Et
1988 2392 2131 2437 con-

471 2465 482 2475 ’
570 2476 806 2539 firmari
831 2474 1086 2537 tandem
1116 2476 1342 2553 potest,
1380 2469 1524 2552 quia
1548 2469 1647 2533 vel
1668 2468 1953 2533 Christus
1975 2486 2131 2549 prae-

570 2570 914 2632 destinatus
941 2566 1060 2630 tuit
1081 2566 1286 2647 primo
1305 2566 1372 2625 in
1397 2564 1750 2627 remedium
1773 2563 2035 2644 peccati,
2068 2565 2132 2625 et

569 2669 711 2742 post
735 2660 888 2724 illud
929 2661 998 2723 in
1037 2659 1277 2721 Adamo
1307 2657 1640 2737 praevisum
1666 2703 1682 2728 ,
1727 2656 1829 2718 vel
1852 2674 1969 2737 per
1996 2674 2135 2719 sese

571 2756 690 2818 fuit
715 2754 1008 2836 primario
1034 2752 1264 2815 volitus
1289 2768 1364 2813 ac
1387 2750 1896 2830 praedestinatus;
1930 2748 1983 2811 si
2010 2749 2135 2827 pri·

573 2866 748 2909 mum
797 2846 1070 2921 dicatur,
1117 2844 1450 2907 manifeste
1503 2842 1920 2920 concluditur,
1974 2842 2135 2905 sicut

573 2938 849 3005 Christus
873 2958 998 3001 non
1023 2938 1141 3000 fuit
1163 2954 1354 2999 causa
1383 2956 1512 2999 suae
1536 2934 2128 3017 praedestinationiS,

570 3032 656 3095 ita
683 3050 802 3095 nec
825 3032 988 3093 illius
1014 3030 1375 3107 voluntatis,
1406 3047 1531 3109 qua
1553 3030 1899 3092 destinatus
1927 3033 2023 3091 est
2051 3027 2131 3090 ad

572 3144 690 3191 nos
711 3126 1151 3188 redimendum
1175 3145 1192 3200 3
1225 3142 1374 3204 ergo
1398 3141 1606 3202 neque
1625 3123 1791 3184 illius
1811 3132 1936 3202 qua
1962 3125 2130 3185 Deus

573 3218 768 3281 voluit
793 3219 1138 3299 generatim
1159 3235 1274 3279 nos
1293 3216 1627 3294 redimere3
1657 3218 1793 3277 haec
1822 3218 1992 3278 enim
2021 3220 2131 3277 aut

573 3312 886 3377 antecedit
913 3312 1108 3386 illam,
1137 3311 1338 3373 autin
1369 3328 1442 3373 ea
1471 3308 1832 3384 includitur,
1867 3328 1985 3371 seu
2002 3326 2131 3371 non

573 3413 670 3469 est
698 3406 822 3469 alia
851 3424 1042 3487 quam
1069 3404 1196 3467 illa.
1251 3405 1414 3465 Deus
1443 3404 1612 3465 enim
1633 3449 1655 3479 ,
1704 3403 1814 3481 qui
1843 3401 2030 3463 simul
2060 3420 2133 3463 ac

571 3501 846 3583 perfecte
885 3501 1021 3563 vult
1057 3498 1250 3562 finem
1283 3505 1346 3561 et
1377 3498 1681 3571 medium,
1714 3496 1986 3560 volendo
2016 3514 2133 3558 nos

572 3596 883 3658 redimere
909 3640 930 3672 ‚
979 3592 1172 3655 voluit
1201 3608 1314 3673 per
1343 3590 1658 3655 Christum
1691 3590 2025 3651 redimere.
2068 3588 2134 3652 Si

572 3707 722 3753 vero
774 3688 1055 3751 dicamus
1107 3684 1418 3751 Christum
1465 3683 1753 3745 absolute
1801 3689 1864 3743 et
1906 3700 2023 3762 per
2066 3700 2133 3745 se

569 3784 763 3845 fuisse
793 3782 967 3864 prius
991 3778 1528 3861 praedestinatum,
1557 3776 1781 3838 saltem
1806 3776 2137 3837 fatendum

571 3876 752 3939 nobis
783 3882 898 3951 est,
933 3874 1016 3936 ad
1045 3871 1319 3936 officium
1341 3868 1796 3949 RedemptoriS,
1827 3874 1889 3931 et
1913 3868 1995 3929 ad
2023 3888 2132 3930 su-

570 3969 867 4033 mendam
896 3984 1153 4031 carnem
1182 3964 1563 4047 passibilem,
1609 3980 1738 4023 non
1769 3980 1908 4023 esse
1941 3962 2133 4024 desti-

569 4070 786 4129 natum
817 4062 934 4124 nisi
965 4061 1292 4124 occasione
1321 4058 1584 4139 peccati.
1619 4061 1682 4117 et
1707 4054 1812 4117 illo
1843 4056 2129 4135 praeviso,

571 4174 762 4239 quam
806 4155 1242 4220 secundariam
1281 4156 1372 4232 (ut
1411 4152 1501 4213 ita
1541 4150 1768 4230 dicam)
1807 4150 2133 4229 praedesti-

569 4252 893 4312 nationem
961 4266 1075 4310 seu
1151 4246 1606 4308 ordinationem
1666 4242 1945 4305 Christus
2012 4242 2130 4311 sibi

573 4361 701 4406 non
731 4342 992 4419 meruit3
1021 4358 1149 4401 non
1181 4338 1348 4401 enim
1378 4335 1494 4399 sibi
1517 4338 1746 4398 meruit
1774 4340 1844 4397 ut
1869 4336 2135 4399 haberet

571 4456 800 4519 corpus
827 4434 1122 4517 passibile
1143 4478 1165 4509 ,
1212 4433 1324 4495 sed
1349 4449 1428 4493 ex
1455 4430 1666 4491 divina
1693 4434 1940 4493 tantum
1971 4430 2137 4491 ordi-

573 4532 824 4597 natIone
871 4529 936 4592 id
965 4528 1185 4591 habuit
1204 4572 1226 4605 ,
1276 4532 1346 4587 ut
1379 4524 1498 4589 illis
1523 4522 1731 4585 verbis
1774 4522 2083 4605 colligitur
2114 4542 2130 4597 3

575 4626 804 4707 cerpus
830 4630 1028 4690 autem
1055 4620 1366 4701 adaptasti
1393 4616 1564 4692 milti,
1593 4616 1676 4677 ad
1703 4616 2003 4679 Hebraeos
2029 4618 2129 4691 10,

573 4720 818 4783 Psalmo
843 4720 942 4783 39.
979 4714 1159 4781 Unde
1185 4714 1322 4795 ipse
1345 4710 1622 4775 Christus
1647 4710 1946 4771 Dominus
1970 4728 2131 4773 nun·

569 4830 759 4893 quam
784 4812 913 4875 suis
937 4808 1196 4881 meritis,
1228 4804 1339 4871 sed
1366 4802 1758 4883 heneplacito
1785 4802 2005 4877 Patris,
2033 4819 2129 4865 or-

570 4906 950 4969 dinationem
995 4901 1214 4965 mortis
1263 4916 1394 4963 suoe
1436 4895 1712 4959 attribuit
1737 4915 1752 4969 ;
1798 4900 1922 4957 tota
1977 4914 2131 4975 ergo

567 4999 698 5061 haec
745 4997 1048 5060 mirabilis
1092 4992 1488 5077 providentia
1507 5036 1523 5066 ,
1573 5006 1764 5069 quam
1807 4990 1977 5051 Deus
2016 4991 2132 5051 ha-

563 5092 702 5159 buit
723 5092 789 5155 in
808 5088 1131 5154 hominum
1151 5086 1600 5166 redemptione,
1626 5083 1836 5166 quoad
1859 5084 2131 5163 primam

563 5200 742 5249 snam
773 5184 1101 5265 originem,
1129 5183 1528 5262 primumque
1552 5178 1872 5240 decretum
1894 5174 2125 5237 divinae

560 5279 898 5342 voluntatis
919 5325 939 5355 ,
976 5296 1014 5339 a
1043 5294 1168 5360 quo
1197 5280 1326 5337 tota
1359 5271 1660 5355 processit
1687 5315 1702 5344 ,
1751 5288 1880 5332 non
1905 5270 2127 5332 habuit

563 5380 767 5441 ortum
803 5392 882 5437 ex
923 5371 1148 5436 Christi
1177 5370 1498 5430 voluntate
1535 5368 1646 5426 aut
1689 5364 1911 5429 merito
1932 5407 1955 5441 ,
2009 5362 2137 5455 sed·

559 5465 761 5532 solum
795 5484 871 5531 ex
898 5466 1218 5530 voluntate
1248 5458 1476 5527 divina.

1799 318 2035 383 QUAEST.
2070 318 2200 372 xlx.
2233 318 2435 371 Anne.
2470 318 2553 371 Ν.

2299 422 2396 482 11.
2444 418 2588 479 Haec
2639 414 2947 479 sententia
2994 416 3083 477 sic
3132 420 3416 497 exposita,
3460 430 3531 486 est
3560 443 3657 493 saus

2216 512 2578 594 probabiliS,
2610 510 2883 589 mihique
2907 508 3243 589 aliquando
3264 511 3486 589 placuit,
3507 526 3661 584 εἰναι-ε
3755 491 3767 552 ff

2217 608 2347 667 visa
2404 610 2519 667 est.
2576 602 2757 667 Nunc
2806 618 2953 664 vero
3008 602 3321 667 nonnullae
3370 604 3661 677 difficultate„

2218 700 2381 761 circa
2410 699 2580 759 illam
2609 700 2964 760 occurrunt.
2998 696 3201 757 Prima
3230 702 3344 768 est,
3379 702 3501 777 quia
3522 705 3661 767 into’...

2217 794 2337 854 hoc
2382 792 2671 853 discursu
2714 789 2985 870 supponi
3024 786 3272 851 videtur
3310 788 3511 853 habere
3536 794 3665 859 Deun

2216 887 2333 949 has
2362 886 2717 948 voluntates
2744 883 3126 945 universales
3149 928 3164 955 ‚
3204 890 3269 945 et
3296 886 3458 963 quasi
3480 887 3667 951 alsstrae-

2218 984 2315 1042 tas
2344 986 2407 1043 et
2426 979 2720 1043 confusas
2751 996 2829 1039 ex
2856 984 3031 1057 parte
3064 974 3292 1054 objecti
3317 994 3333 1047 ς
3364 978 3509 1055 quod
3530 988 3667 1045 tamen

2212 1072 2440 1135 falsum
2471 1090 2610 1134 esse
2640 1070 2901 1133 videtur.
2938 1070 3092 1141 Quia
3120 1070 3309 1142 DeuS,
3336 1068 3479 1131 sicut
3502 1070 3669 1137 distine-

2218 1166 2453 1229 tissime
2479 1165 2691 1227 omnia
2718 1162 3059 1245 cognoscit,
3090 1162 3179 1223 ita
3200 1168 3263 1223 et
3286 1162 3438 1233 vult:
3464 1166 3607 1236 unde,
3624 1168 3671 1229 si·
3779 1170 3780 1173 ’

2216 1266 2320 1323 cut
2350 1277 2478 1322 non
2508 1260 2801 1339 cognovit
2829 1276 2905 1319 ea
2932 1274 3069 1336 quae
3094 1255 3445 1317 communia
3466 1266 3577 1318 sunt
3594 1278 3673 1321 on:-

2214 1354 2400 1419 nibus
2428 1352 2808 1429 hominibus,
2840 1350 3051 1429 aliquo
3082 1350 3393 1411 communi
3424 1354 3477 1409 et
3498 1352 3671 1415 contuso

2215 1453 2521 1529 conceptu
2552 1492 2567 1521 ,
2623 1446 2781 1507 sicut
2810 1462 2925 1505 nos
2946 1490 2969 1520 ,
3020 1442 3133 1505 sed
3162 1442 3456 1503 intuendo
3480 1442 3673 1509 distincte

2216 1543 2427 1602 omnia
2457 1538 2799 1619 singularia
2831 1585 2848 1612 ,
2901 1544 2962 1601 et
2992 1536 3143 1617 qnid
3178 1536 3243 1597 in
3278 1552 3603 1615 unoquoque
3622 1548 3672 1599 eet

2216 1634 2418 1697 simile
2467 1633 2693 1709 alteri3
2752 1632 2899 1715 quia
2946 1630 3150 1695 omnis
3196 1628 3361 1691 alius
3406 1631 3677 1709 cognitionis
3781 1638 3782 1643 ’

2212 1728 2440 1789 modus
2495 1726 2755 1789 includit
2808 1724 3351 1805 imperfectionem
3404 1722 3516 1783 Deo
3559 1740 3678 1803 repu-

2214 1827 2551 1901 gnantem3
2576 1819 2729 1882 item
2756 1838 2883 1881 non
2906 1818 3039 1883 vult
3066 1836 3141 1879 ea
3164 1834 3307 1897 quae
3336 1822 3475 1875 sunt
3490 1834 3680 1877 commu·

2214 1916 2318 1975 nia
2365 1916 2656 1977 omnibus
2692 1914 3051 1976 bominibus
3078 1958 3097 1987 ,
3140 1911 3267 1973 nisi
3297 1908 3541 1971 volendo
3564 1911 3681 1971 simul

2216 2008 2477 2089 singulis
2514 2007 2873 2070 hominibus
2918 2008 3040 2068 tale
3075 2006 3341 2079 bonum,
3388 2004 3477 2065 vel
3501 2004 3681 2065 volendo

2214 2102 2491 2181 aliquam
2529 2120 2788 2165 causam
2831 2100 3219 2163 individuam
3251 2106 3316 2161 et
3342 2096 3681 2179 particularem
3783 2170 3784 2175 γ

2212 2196 2278 2257 in
2309 2212 2423 2256 suo
2467 2212 2603 2259 esse
2623 2242 2645 2273 ,
2680 2194 3099 2258 universalem
3136 2210 3291 2254 vero
3318 2191 3387 2251 in
3412 2208 3515 2250 sua
3536 2191 3685 2251 vittate
3783 2202 3784 2207 ’

2216 2295 2278 2351 et
2302 2289 2613 2363 utilitate3
2664 2286 2932 2349 volendo
2971 2281 3283 2367 (inquam)
3312 2284 3497 2357 illam,
3528 2286 3687 2345 utuni·
3782 2296 3784 2299 ⁴

2212 2384 2521 2445 versalem
2550 2383 2614 2443 in
2646 2381 2989 2456 causandO,
3023 2386 3086 2443 et
3112 2386 3183 2441 ut
3206 2377 3543 2441 benefaciat
3562 2378 3689 2437 omni·

2211 2475 2369 2551 bus;
2404 2475 2508 2538 hic
2551 2474 2719 2538 enim
2767 2474 2992 2537 modus
3038 2472 3299 2537 volendi
3336 2474 3432 2533 est
3462 2470 3689 2531 sufficiens

2213 2576 2276 2630 et
2313 2568 2629 2648 perfectus
2655 2613 2670 2641 ,
2722 2567 2883 2629 alius
2928 2584 3081 2629 vero
3128 2574 3191 2629 et
3226 2562 3594 2627 necessarius
3612 2580 3691 2623 non
3785 2640 3786 2647 ἵ

2217 2667 2345 2737 est,
2389 2667 2451 2723 et
2480 2660 3021 2740 imperfectionem
3044 2658 3331 2721 involvit.
3366 2654 3529 2728 Quod
3554 2662 3691 2715 autem
3785 2670 3786 2675 ¹

2214 2755 2281 2816 in
2323 2755 2607 2817 discursu
2650 2754 2815 2817 sacto
2862 2754 2926 2814 id
2972 2752 3141 2833 quod
3183 2751 3317 2813 dixi
3357 2750 3436 2810 de
3463 2746 3693 2809 voluntate

2216 2847 2475 2909 confusa
2514 2854 2578 2910 et
2620 2845 2956 2909 universali
2985 2850 3420 2925 supponatur,
3456 2841 3581 2903 satis
3602 2860 3693 2900 con-

2215 2947 2336 3003 stat
2365 2960 2443 3003 ex
2466 2940 2797 3021 ipsiusmet
2824 2940 3148 3001 sententiae
3180 2934 3581 3017 expositione,
3604 2934 3695 3013 quia

2216 3036 2447 3116 alioqui
2478 3054 2607 3097 non
2636 3038 2954 3115 oporteret
2982 3034 3377 3113 distinguere
3405 3032 3551 3092 inter
3572 3048 3695 3107 gene·

2214 3129 2409 3193 talem
2434 3128 2603 3189 illam
2627 3128 3114 3200 voluntatem‚et
3136 3124 3586 3207 particularem,
3597 3138 3697 3200 quas
3787 3118 3789 3143 ²

2212 3224 2379 3284 Deus
2404 3222 2597 3285 habet
2635 3221 2797 3283 circa
2832 3220 3225 3301 singulorum
3254 3218 3569 3281 hominum
3592 3216 3699 3275 sulu-

2212 3324 2338 3379 tem
2361 3332 2382 3393 ;
2428 3318 2553 3377 imo
2595 3332 2714 3377 nec
2760 3318 2911 3377 satis
2953 3314 3215 3395 intelligi
3246 3318 3464 3393 posset
3490 3310 3604 3373 talis
3624 3308 3699 3367 di<-

2212 3408 2427 3471 tinctio
2464 3428 2477 3469 :
2518 3410 2583 3469 in
2627 3426 2750 3488 quo
2788 3408 2957 3469 enim
2986 3407 3463 3487 distinguuntur
3488 3402 3603 3463 duae
3626 3401 3697 3459 illa„¹

2212 3502 2593 3573 voluntateS,
2646 3501 2699 3561 si
2745 3508 3009 3581 utraque
3058 3501 3223 3563 circa
3272 3496 3594 3577 singularia
3628 3494 3699 3553 i=u

2216 3595 2506 3657 distinete
2536 3602 2823 3657 versatur
2848 3598 2875 3654 't
2920 3591 3215 3673 supponit
3241 3608 3399 3671 ergo
3428 3586 3699 3651 necessario

2216 3688 2321 3749 illa
2349 3689 2683 3764 sententia,
2719 3688 2961 3767 priores
2990 3686 3129 3747 illas
3159 3684 3513 3745 voluntates
3535 3674 3701 3739 versui

2215 3782 2380 3844 circa
2418 3782 2704 3843 homines
2750 3781 2816 3841 in
2854 3780 3211 3855 communi,
3254 3794 3373 3841 seu
3408 3778 3557 3837 circa
3584 3780 3703 3831 natu-

2216 3892 2352 3935 ram
2406 3876 2749 3935 humanam
2804 3874 3093 3935 universe
3152 3878 3494 3951 sumptam.
3538 3862 3705 3927 Deinde

2212 3968 2565 4031 declaratur
2603 3968 2667 4029 in
2706 3968 2877 4029 hunc
2915 3966 3196 4040 modum,
3250 3982 3407 4025 nam
3458 3962 3597 4025 circa
3634 3960 3703 4017 1³2·-

2211 4067 2401 4137 trum,
2436 4060 2615 4123 verbi
2643 4062 2867 4141 gratia,
2905 4078 3095 4139 quem
3127 4076 3420 4139 suppono
3451 4072 3573 4118 esse
3598 4070 3705 4133 pra-

2214 4156 2596 4217 destinatum
2621 4200 2641 4230 ,
2694 4156 2863 4215 Deus
2891 4153 3113 4215 habuit
3142 4152 3467 4213 efficacem
3490 4147 3705 4209 volunta-

2213 4255 2340 4311 tem
2364 4266 2489 4327 qua
2514 4248 2691 4310 illum
2710 4248 2795 4309 ad
2817 4246 3083 4329 gloriam
3111 4246 3341 4325 elegit3
3372 4250 3477 4305 aut
3501 4258 3623 4320 ergo
3640 4240 3705 4297 he-

2212 4341 2347 4402 buit
2368 4340 2531 4402 circa
2548 4340 2839 4401 eumdem
2862 4338 3046 4401 aliam
3069 4339 3347 4418 priorem
3365 4335 3703 4401 voluntatem,

2216 4452 2343 4513 qua
2365 4432 2559 4495 voluit
2582 4432 2757 4495 illum
2778 4431 2860 4495 ad
2890 4432 3155 4511 gloriam
3184 4424 3597 4500 ordinare,vel
3614 4420 3705 4483 nul·

2215 4527 2343 4589 lam
2372 4527 2559 4587 aliam
2588 4526 2824 4589 habuit.
2881 4526 2947 4587 Si
2974 4524 3095 4587 hoc
3122 4521 3469 4585 secundum
3506 4519 3701 4581 dicatu.

2215 4620 2496 4701 sequitur
2523 4638 2651 4683 non
2670 4618 2969 4681 habuisse
2996 4618 3198 4679 Deum
3221 4616 3391 4680 illam
3410 4608 3699 4694 generalem

2210 4714 2597 4777 voluntatem
2640 4714 2805 4775 circa
2849 4728 3072 4774 omnes
3112 4710 3423 4781 homines,
3468 4712 3525 4769 et
3548 4718 3701 4767 couse-

2208 4814 2479 4889 quenter
2506 4808 2787 4887 sequitur
2805 4851 2822 4881 ,
2853 4806 3018 4869 circa
3045 4804 3289 4865 nullum
3316 4802 3611 4863 bominem
3634 4798 3703 4853 la-
3785 4836 3789 4851 .

2212 4900 2418 4963 baisse
2452 4899 2645 4963 talem
2678 4900 3061 4983 voluntatem
3094 4896 3492 4977 generalem,
3528 4889 3617 4953 sed
3638 4904 3704 4946 so-

2210 4993 2343 5055 lum
2376 4996 2543 5055 circa
2574 4992 2853 5073 singulos
2894 4988 3193 5053 habuisse
3233 4988 3594 5051 voluntatem
3617 4978 3701 5041 cffi-

2212 5102 2425 5149 cacem
2444 5130 2461 5159 ‚
2490 5086 2592 5147 vel
2619 5084 3097 5148 antecedentem
3134 5100 3249 5145 seu
3279 5080 3627 5143 inefficacem
3650 5070 3701 5129 dc

2208 5178 2705 5259 uniuscujusque
2735 5184 2897 5241 statu
2921 5182 2981 5239 et
3008 5174 3233 5241 salute.
3270 5176 3333 5237 Si
3358 5192 3499 5236 vero
3522 5168 3703 5230 dicatu.-

2204 5271 2477 5349 primum
2501 5317 2520 5346 ,
2558 5270 2797 5351 primo,
2843 5270 2908 5331 id
2931 5270 3321 5349 superfluum
3355 5273 3479 5335 est,
3514 5260 3633 5343 quia
3656 5256 3699 5315 in

2207 5364 2521 5427 voluntate
2563 5363 2799 5427 efficaci
2834 5362 3175 5429 includitur
3218 5360 3551 5423 sufficiens:
3590 5348 3697 5431 quid

2204 5475 2353 5539 ergo
2378 5474 2633 5521 necesse
2660 5464 2751 5521 est
2772 5462 2948 5520 actus
2972 5456 3391 5541 multiplicare
3414 5446 3695 5517 secundum
