3892 6167
1398 332 1720 391 ntsvuur.
1754 331 1877 387 Lw.
1904 332 2075 389 8851.
2111 336 2196 391 m.

168 442 323 501 tum
362 439 711 513 materiale,
754 442 825 503 ut
850 435 1115 512 dicitur:
1158 454 1313 519 ergo
1339 435 1515 499 nullo
1559 437 1751 499 modo

172 539 281 594 est
311 548 415 595 res
442 552 587 614 quoe
614 531 945 607 adoratui-3
986 549 1139 612 ergo
1166 548 1287 593 nec
1314 548 1463 593 vere
1502 528 1753 593 adorari

172 626 309 687 dici
340 632 549 707 potest
563 648 585 703 ς
620 642 769 688 nam
801 626 937 687 haec
964 623 1395 689 denominatio
1438 640 1589 685 vere
1620 640 1747 685 non

172 720 357 782 cadit
382 720 507 782 nisi
528 721 599 782 in
630 720 972 800 obiectum,
1016 736 1227 799 neque
1272 718 1461 781 aliam
1490 715 1749 779 habitu-

174 814 403 879 dinem
428 815 713 876 denotat.
738 815 817 875 Et
838 813 1267 887 confirmatur,
1294 830 1469 886 nam,
1514 810 1571 873 si
1614 814 1745 872 non

174 913 277 969 est
302 908 525 989 imago
554 908 872 988 objectum
906 906 1311 981 adorationis,
1340 924 1454 969 cur
1492 904 1740 979 dicitur,

172 1000 273 1062 vel
304 1001 597 1075 abusive,
637 1001 923 1064 adorari?
958 1000 1215 1063 Dicetur
1242 1018 1322 1062 ex
1350 997 1645 1062 Durando
1680 1001 1745 1059 et

172 1092 329 1157 Pico
374 1096 678 1171 Mirand„
732 1094 855 1158 dici
896 1094 1170 1169 adorari,
1214 1093 1421 1157 solum
1468 1092 1617 1171 quia
1667 1089 1751 1153 ad

170 1192 591 1268 praeentiam
616 1190 965 1270 imaginum
1000 1188 1343 1251 adorantur
1389 1190 1746 1267 prototypa,

170 1298 323 1361 qum
358 1298 481 1361 per
504 1282 815 1363 imagines
839 1282 923 1344 ad
948 1281 1319 1345 memoriam
1344 1285 1744 1343 revocantur.

172 1373 305 1437 Sed
334 1374 465 1437 hoc
488 1392 711 1437 revera
754 1375 911 1437 nihil
941 1374 1113 1437 aliud
1142 1381 1237 1437 est
1278 1393 1469 1455 quam
1508 1373 1747 1450 dicere,

172 1467 499 1549 imagines
528 1486 669 1531 esse
695 1469 1053 1531 occasiones
1076 1469 1177 1533 vel
1202 1468 1387 1549 signa
1414 1467 1753 1531 excitantia

170 1561 515 1625 hominem
534 1562 617 1625 ad
642 1562 1037 1627 adorandum
1065 1568 1421 1643 prototypa,
1444 1580 1572 1624 non
1598 1579 1749 1623 vero

170 1672 323 1718 esse
356 1675 467 1719 res
492 1674 637 1737 quie
658 1657 1023 1735 adorantur,
1055 1658 1201 1721 licet
1245 1656 1435 1736 vulgo
1462 1656 1549 1719 ita
1590 1655 1749 1719 exis-

172 1750 525 1828 timentia-3
558 1758 621 1815 et
640 1751 727 1813 ita
756 1749 945 1832 plane
976 1751 1173 1814 sensit
1192 1750 1543 1824 Durandus,
1572 1749 1747 1811 illam

170 1842 571 1907 locutionem
596 1845 799 1907 solum
822 1844 1179 1919 admittens,
1198 1845 1345 1925 quia
1359 1844 1449 1906 ita
1474 1844 1747 1924 loquun-

170 1944 277 1999 tur
304 1938 555 2017 plures,
584 1956 714 2001 non
739 1939 887 2019 quia
922 1956 1143 2001 revera
1161 1938 1251 2001 ita
1278 1938 1379 2001 sit.
1416 1937 1551 2009 Ono
1578 1936 1651 1999 fit
1676 1941 1747 2000 ut

172 2050 249 2094 ex
280 2033 483 2114 hujus
522 2032 833 2096 sententia
858 2032 1151 2113 proprius
1177 2037 1243 2095 et
1276 2030 1619 2112 rigorosius
1644 2030 1746 2092 lo-

170 2133 535 2205 querentur
568 2126 841 2189 hmretici
872 2142 1067 2206 quam
1114 2124 1435 2201 Catholici,
1481 2131 1546 2187 et
1590 2140 1745 2187 sane

174 2229 651 2303 consequenter
689 2220 971 2301 loquitur
978 2243 1000 2298 ς
1050 2238 1203 2283 nam
1246 2218 1379 2298 qui,
1420 2218 1556 2281 visa
1601 2218 1747 2299 pul-

174 2316 335 2377 chra
364 2316 582 2397 specie
606 2321 936 2391 creatum,
966 2315 1177 2378 animo
1208 2313 1473 2395 insurgit
1496 2312 1581 2375 ad
1604 2330 1749 2376 con·

176 2410 633 2473 siderationem
654 2410 977 2485 creatoris,
1022 2415 1086 2472 et
1110 2409 1287 2471 illum
1312 2408 1531 2471 laudat
1558 2426 1633 2471 ac
1658 2408 1749 2471 di-

176 2504 339 2586 ligit,
370 2523 503 2567 non
533 2510 735 2585 potest
756 2522 903 2567 vere
926 2504 1046 2567 dici
1070 2504 1331 2585 diligere
1354 2510 1465 2567 aut
1488 2502 1747 2565 laudare

186 2604 563 2671 creaturam,
596 2598 839 2659 etiamsi
881 2598 1215 2679 pra-sentia
1243 2604 1548 2659 creaturae
1578 2596 1749 2659 exci-

182 2693 407 2755 taverit
444 2708 733 2755 amorem
762 2691 1097 2768 creatoris3
1130 2708 1283 2772 ergo
1312 2690 1483 2753 idem
1510 2690 1631 2752 erit
1666 2688 1746 2751 de

174 2787 555 2850 adoratione
602 2786 981 2866 imaginum,
1035 2785 1083 2846 si
1131 2791 1375 2847 tantum
1416 2784 1481 2845 in
1528 2800 1747 2845 carum

178 2882 541 2960 praesentia
564 2881 918 2943 adorantur
965 2882 1342 2960 prototypa,
1400 2876 1549 2956 quia
1598 2883 1747 2939 tunc

166 2976 494 3057 imagines
508 2992 639 3037 non
662 2974 1025 3037 deserviunt
1038 2974 1159 3035 nisi
1180 2978 1249 3035 ut
1268 2972 1629 3035 occasiones
1648 2970 1749 3033 vel

176 3070 369 3149 signa
414 3068 751 3131 excitantia
775 3066 1171 3130 memoriam.
1223 3065 1383 3128 Hinc
1414 3064 1637 3127 merito
1681 3063 1749 3125 in

170 3164 283 3224 vll
314 3164 499 3243 Syn„
528 3170 649 3224 act.
682 3164 745 3237 6,
772 3162 1139 3243 gravissime
1168 3157 1743 3240 reprehenduntur,

166 3257 289 3336 qui
314 3254 613 3319 dicebant
667 3256 979 3335 imagines
1014 3252 1377 3317 retinendas
1410 3269 1547 3314 esse
1595 3269 1745 3331 pro-

164 3358 318 3429 pter
366 3348 770 3426 memoriam,
820 3367 947 3411 non
985 3354 1241 3429 propter
1286 3344 1743 3418 adorationem,

166 3444 349 3523 quod
394 3443 461 3503 in
488 3460 561 3505 re
586 3442 727 3506 fere
764 3442 1005 3517 dicunt,
1036 3441 1145 3521 qui
1180 3440 1378 3502 solam
1418 3438 1747 3513 abusivam

168 3536 615 3599 adorationem
642 3537 995 3617 imaginum
1020 3535 1087 3596 in
1112 3532 1409 3615 praedicto
1427 3549 1619 3595 sensu
1638 3529 1747 3593 ad-

168 3630 468 3704 mittunt;
502 3630 675 3709 quia,
706 3630 1025 3693 sitantum
1048 3628 1391 3691 adorantur
1412 3630 1747 3707 prototypa

168 3722 239 3783 in
263 3724 605 3803 praesentia
626 3722 996 3803 imaginum,
1028 3740 1183 3805 ergo
1209 3719 1519 3801 imagines
1541 3719 1749 3781 solum

168 3816 509 3880 memoriae
538 3816 929 3891 deserviunt,
962 3819 1055 3892 ut,
1078 3817 1173 3879 eis
1206 3815 1381 3892 visis,
1411 3817 1749 3895 prototypa

168 3930 293 3992 per
316 3911 826 3976 recordationem
852 3910 1216 3975 adorentur.
1248 3910 1467 3988 Neque
1515 3913 1615 3971 est
1644 3926 1749 3973 ve·

168 4006 460 4079 risimile,
493 4006 639 4067 illos
670 4004 1027 4079 haereticos,
1062 4004 1171 4085 qui
1210 4002 1503 4067 dicebant
1526 4000 1747 4082 imagi-

166 4118 292 4161 nes
314 4099 685 4161 retinendas
716 4114 855 4161 esse
883 4098 1089 4161 solum
1117 4096 1201 4161 ob
1219 4096 1590 4160 memoriam
1608 4112 1749 4176 pro-

166 4199 568 4273 totyporum,
594 4208 862 4273 negasse
889 4190 959 4253 in
994 4208 1219 4253 earum
1246 4189 1579 4270 praesentia
1607 4206 1748 4268 pos·

169 4304 245 4349 se
274 4286 529 4349 adorari
576 4284 987 4365 exemplaria,
1043 4302 1191 4347 cum
1234 4283 1301 4346 id
1344 4284 1516 4345 nulla
1554 4300 1747 4362 appa-

166 4381 339 4443 renti
383 4379 631 4442 ratione
657 4378 909 4441 fundari
944 4378 1141 4459 possit
1160 4394 1183 4456 3
1214 4395 1386 4454 nam,
1438 4376 1491 4437 si
1538 4392 1749 4437 exem·

168 4474 381 4555 plaria
424 4475 566 4554 ipsa
611 4492 728 4555 per
766 4491 833 4535 se
884 4478 1033 4535 sunt
1086 4470 1279 4551 digna
1334 4468 1743 4541 adoratione,

170 4568 331 4647 quid
376 4566 631 4629 obstare
662 4572 869 4649 potest
910 4565 1246 4647 praesentia
1272 4562 1567 4643 imaginis
1593 4578 1747 4641 quo-

168 4664 391 4725 minus
414 4660 665 4723 adorari
694 4662 986 4743 possint?
1016 4661 1174 4721 Hinc
1199 4676 1413 4721 rursus
1430 4658 1497 4717 in
1526 4656 1751 4718 eadem

170 4758 279 4818 vn
306 4755 576 4837 Synodo
602 4754 969 4835 frequenter
996 4752 1245 4827 dicitur,
1278 4750 1591 4831 imagines
1612 4767 1750 4813 esse

171 4848 567 4924 adorandas,
594 4864 723 4911 non
752 4854 967 4909 tamen
1015 4846 1197 4908 latria
1232 4861 1483 4907 summa
1506 4851 1571 4908 et
1608 4862 1751 4924 per-

170 4944 373 5016 fecta3
410 4948 477 5005 et
500 4947 599 5005 est
626 4958 861 5017 serm0,
902 4958 1035 5003 non
1056 4943 1305 5002 tantum
1332 4937 1413 5000 de
1456 4938 1749 5019 imagini-

172 5036 295 5099 bus
339 5036 759 5110 Sanctorum,
812 5032 928 5097 sed
964 5033 1157 5096 etiam
1200 5030 1283 5093 de
1325 5048 1511 5093 cruce
1566 5038 1631 5093 et
1668 5030 1749 5092 dc

170 5128 465 5210 imagine
484 5128 729 5203 Christi;
751 5134 1009 5205 atvero,
1030 5125 1085 5188 si
1096 5126 1307 5206 imago
1330 5128 1575 5187 tantum
1594 5120 1751 5186 abu-

172 5224 307 5286 sive
339 5222 675 5286 adoranda
716 5227 883 5285 esset
909 5222 975 5283 in
1014 5218 1315 5301 proedicto
1346 5236 1562 5293 sensu,
1604 5236 1753 5298 per-

172 5318 533 5382 fectissima
558 5318 739 5380 latria
770 5321 937 5379 esset
960 5312 1305 5387 adoranda,
1338 5311 1487 5393 quia
1512 5330 1629 5393 per
1652 5328 1752 5373 re-

175 5411 627 5477 cordationem
649 5417 715 5474 et
744 5411 815 5473 in
840 5408 1173 5491 praesentia
1198 5406 1489 5488 imaginis
1528 5403 1753 5468 Christi

178 5506 657 5590 perfectissima
694 5506 876 5571 latria
914 5504 1213 5568 adoratur
1250 5502 1527 5565 Christus
1538 5516 1561 5580 3
1598 5518 1750 5583 ergo

516 5626 687 5675 xvlu.

3273 336 3396 401 6⁰9

1834 436 2180 499 Concilium
2203 482 2220 512 ,
2249 452 2494 517 negans
2521 434 2865 519 imaginem
2887 438 2998 501 tali
3025 439 3394 507 adoratione

1832 528 1973 604 coli,
2001 538 2194 610 negat
2221 530 2482 611 abusive
2510 530 2654 603 coli,
2699 550 2812 594 seu
2841 531 3033 615 (quod
3057 534 3227 597 idem
3273 540 3392 617 est)

1829 631 2023 705 negat
2045 624 2236 687 talem
2253 625 2712 703 adorationem,
2743 644 2821 689 ex
2843 644 2920 690 eo
2945 630 3199 708 praecise
3222 632 3392 711 quod

1828 718 2200 782 terminetur
2225 720 2310 783 ad
2354 726 2738 801 prototypon
2787 725 2860 783 ut
2909 721 2992 783 ad
3047 741 3184 785 rem
3239 724 3395 787 ado·

1824 818 2056 887 ratam,
2087 812 2214 876 dici
2253 832 2440 894 posse
2489 814 2928 877 adorationem
2953 816 3289 897 imaginis3
3327 825 3393 883 et

1824 922 1863 968 e
1885 908 2222 985 contrario,
2243 909 2480 971 docens
2505 908 2852 990 imaginem
2881 910 3130 973 adorari
3155 912 3278 974 alia
3303 914 3394 975 in-

1824 1000 2038 1064 feriori
2086 1002 2482 1079 adoratione,
2514 1010 2976 1083 consequenter
3024 1005 3232 1083 docet,
3261 1026 3390 1070 non

1832 1094 2096 1157 abusive
2125 1100 2395 1171 tautum,
2441 1096 2555 1159 sed
2593 1097 2850 1179 proprie
2892 1098 3166 1163 adorari.
3213 1100 3394 1164 Unde

1831 1188 1897 1249 in
1926 1188 2153 1251 eadem
2195 1189 2474 1270 Synodo,
2505 1194 2626 1254 act.
2677 1193 2741 1268 3,
2772 1210 2902 1255 non
2935 1193 3140 1255 solum
3167 1193 3395 1256 dicitur

1830 1282 2084 1345 adorari
2111 1283 2434 1364 exemplar
2455 1284 2518 1345 in
2553 1285 2858 1365 imagine,
2887 1286 3218 1349 sedetiam
3242 1286 3394 1351 ado-

1832 1376 1960 1437 rari
1987 1376 2198 1457 imago
2219 1384 2478 1458 propter
2505 1378 2848 1459 exemplar.
2875 1380 2947 1442 In
2987 1398 3114 1460 quo
3143 1379 3394 1443 dicendi

1832 1469 2024 1531 modo
2057 1470 2208 1531 satis
2239 1470 2646 1551 significatur,
2677 1471 3024 1553 imaginem
3071 1492 3214 1537 esse
3255 1492 3394 1537 rem

1830 1564 2158 1627 adoratam
2186 1571 2440 1645 propter
2467 1564 2790 1647 exemplar
2813 1574 3116 1647 tanquam
3137 1574 3396 1650 propter

1828 1660 2143 1723 rationem
2183 1658 2510 1723 adorandi.
2561 1660 2738 1733 Quod
2776 1661 2968 1723 etiam
3021 1662 3397 1743 significavit

1824 1752 1911 1815 ibi
1939 1752 2260 1825 Leontius,
2291 1757 2415 1816 act.
2455 1757 2520 1828 4,
2563 1752 3196 1836 dicens21maqiuem
3249 1757 3392 1821 ado-

1823 1862 2000 1924 ram,
2031 1865 2152 1911 non
2177 1848 2502 1912 maurium
2531 1854 2640 1912 aut
2667 1848 2914 1925 colores,
2959 1849 3065 1912 eod
3091 1848 3392 1914 inanima-

1826 1952 1956 2005 tum
1987 1939 2220 2005 christi
2244 1941 2652 2005 character-m
2679 1941 2920 2007 adorat.

1908 2037 2012 2099 20.
2061 2035 2274 2100 Tertia
2323 2036 2645 2099 conclusio.
2673 2068 2757 2083 —
2787 2036 2996 2099 Tertio
3052 2036 3390 2103 dicendum

1830 2133 1947 2204 est,
1983 2146 2114 2191 non
2145 2128 2314 2191 solas
2361 2130 2644 2191 actiones
2687 2134 2980 2193 externas
3007 2131 3390 2197 adorationis

1828 2223 1994 2285 circa
2016 2222 2324 2301 imagines
2343 2238 2479 2285 esse
2505 2222 2909 2298 exercendas,
2941 2224 3056 2286 sed
3081 2226 3270 2288 etiam
3290 2226 3388 2289 in-

1830 2315 2127 2379 teriorem
2153 2314 2566 2378 intentionem
2583 2315 2809 2389 cultus,
2827 2319 2891 2378 et
2905 2315 3290 2380 adorationis
3305 2319 3388 2381 ad

1829 2426 1937 2472 eas
1965 2426 2105 2471 esse
2133 2407 2552 2489 dirigendam.
2583 2408 2730 2471 Haec
2757 2410 3021 2472 assertio
3050 2417 3147 2473 est
3174 2420 3392 2475 contra

1830 2502 2119 2565 ultimum
2171 2501 2429 2564 modum
2467 2502 2817 2584 explicandi
2847 2503 3123 2584 priorem
3169 2507 3394 2569 Catho-

1828 2596 2096 2660 licorum
2149 2597 2548 2672 sententiam,
2611 2612 2802 2677 quem
2858 2597 3010 2660 solis
3059 2599 3264 2661 verbis
3315 2600 3393 2663 ab

1830 2691 2126 2772 opinione
2168 2689 2446 2751 Durandi
2487 2689 2740 2752 differre
2769 2690 2919 2753 dixi.
2967 2692 3125 2755 Nam
3155 2692 3393 2755 Duran-

1828 2783 1950 2846 dus
1979 2784 2170 2847 etiam
2213 2783 2502 2845 concedit
2541 2784 2818 2848 actiones
2861 2790 3155 2847 externas
3191 2785 3394 2850 cultus

1828 2879 1998 2941 circa
2024 2878 2338 2957 imagines
2379 2878 2660 2940 exerceri
2678 2899 2697 2953 3
2731 2878 2846 2941 sed
2893 2880 3046 2959 quia
3079 2880 3394 2943 existima-

1828 2971 1918 3033 vit
1944 2971 2358 3035 intentionem
2385 2968 2592 3033 cultus
2619 2970 2704 3031 ad
2731 2970 2866 3033 sola
2889 2973 3276 3054 exemplaria
3303 2972 3394 3037 di·

1828 3066 1971 3145 rigi,
2003 3064 2260 3146 ncgavit
2289 3063 2460 3125 illam
2491 3080 2630 3127 esse
2677 3064 2995 3145 propriam
3041 3065 3392 3143 imaginum

1828 3158 2294 3231 adorationem:
2323 3156 2429 3221 alii
2457 3176 2610 3221 vero
2641 3157 3032 3221 contendunt
3067 3178 3208 3223 esse
3249 3160 3395 3223 sim-

1828 3250 2072 3331 pliciter
2122 3269 2199 3314 ac
2233 3252 2484 3333 proprie
2513 3251 2972 3329 adorationem,
3020 3253 3086 3313 in
3133 3270 3260 3332 quo
3299 3254 3394 3336 (ut

1828 3342 2068 3426 opinor)
2093 3345 2302 3407 minus
2329 3352 2792 3425 consequenter
2817 3364 3010 3426 quam
3055 3348 3388 3413 Dux-andus

1828 3439 2198 3519 loquuntur,
2229 3446 2293 3501 et
2319 3440 2462 3501 ideo
2504 3458 2726 3502 eorum
2772 3439 2982 3521 opinio
3008 3441 3390 3521 probabilior

1827 3552 1958 3597 non
2005 3540 2120 3597 cst.
2181 3534 2386 3598 Prima
2429 3552 2584 3616 ergo
2633 3534 2792 3597 ratio
2828 3536 3244 3600 conclusionis
3273 3544 3388 3615 est,

1830 3630 1980 3710 quia
2019 3628 2151 3690 sola
2181 3628 2453 3691 exterior
2504 3626 2665 3690 actio
2699 3629 2834 3691 sine
2884 3627 3234 3693 intentione
3288 3649 3392 3694 co·

1830 3722 2002 3784 leudi
2027 3740 2160 3784 non
2195 3726 2294 3783 est
2321 3722 2626 3796 adoratiO,
2656 3722 2779 3784 nisi
2819 3721 3084 3786 fortasse
3112 3724 3258 3789 ficta
3287 3726 3392 3789 vel

1828 3830 2179 3896 apparens3
2223 3820 2318 3877 est
2345 3816 2521 3877 enim
2549 3814 2841 3891 intentio,
2871 3816 3054 3894 quasi
3087 3816 3300 3879 anima
3327 3826 3394 3881 et

1826 3909 1954 3971 vita
1985 3908 2394 3985 adorationis,
2433 3921 2577 3987 quae
2603 3908 2694 3969 illi
2720 3908 2829 3970 dat
2855 3926 2996 3971 esse
3025 3909 3094 3971 in
3141 3911 3386 3975 ratione

1831 4001 2232 4065 adorationis.
2267 4000 2448 4065 Unde
2467 4000 2538 4065 fit
2567 4007 2636 4065 ut
2663 4001 2887 4065 eadem
2927 4002 3088 4065 actio
3131 4010 3388 4068 externa

1830 4114 1911 4158 ex
1932 4096 2180 4158 diversa
2207 4095 2556 4157 intentione
2573 4094 2885 4159 diversam
2906 4095 3217 4161 rationem
3239 4097 3390 4161 ado-

1828 4189 2090 4253 rationis
2119 4189 2402 4269 recipiat,
2443 4197 2513 4252 ut
2550 4188 2618 4251 in
2637 4189 2946 4271 principio
2975 4190 3166 4271 hujus
3191 4197 3388 4255 mate-

1828 4284 1939 4345 τίω
1963 4283 2337 4345 notavimus.
2361 4282 2622 4363 Propter
2637 4282 2809 4363 quod
2819 4288 2990 4346 recte
3012 4283 3170 4346 dixit
3189 4284 3389 4347 Leon·

1828 4378 1977 4452 tine,
2010 4376 2074 4438 in
2093 4375 2243 4439 dial.
2277 4382 2443 4439 cont.
2471 4374 2648 4449 Jud„
2683 4375 2748 4437 in
2776 4380 2898 4438 act.
2924 4381 2964 4438 4
2997 4378 3102 4441 vn
3123 4378 3274 4459 Syn.
3306 4379 3391 4441 ci-

1828 4476 2016 4546 tatus,
2045 4472 2116 4535 in
2158 4472 2321 4535 omni
2361 4470 2714 4535 adoratione
2757 4470 3150 4537 interitionem
3188 4472 3392 4553 ipsam

1827 4566 2065 4649 requiri
2091 4571 2148 4629 et
2169 4565 2498 4646 expectari,
2546 4580 2662 4627 seu
2695 4564 2965 4645 spectari
2993 4568 3057 4627 et
3110 4566 3394 4631 conside-

1828 4660 1956 4723 rari
1985 4658 2248 4733 doben-03
2278 4656 2386 4718 ubi
2417 4674 2569 4737 ergo
2594 4655 2768 4719 nulla
2789 4664 2884 4721 est
2903 4658 3168 4721 intentio
3189 4662 3391 4723 cultus

1832 4759 1897 4815 et
1922 4750 2208 4828 honoria,
2237 4750 2412 4811 nulla
2443 4756 2539 4813 est
2582 4767 2735 4811 vera
2761 4749 3065 4813 adoratio·
3114 4752 3394 4833 Respon-

1830 4844 2007 4920 dent,
2037 4842 2120 4907 ad
2163 4844 2328 4905 hanc
2360 4842 2796 4905 adorationem
2854 4844 3004 4905 satis
3039 4860 3180 4907 esse
3221 4846 3394 4926 quod

1828 4936 2130 5018 procedat
2163 4955 2240 4999 ex
2275 4935 2544 5016 simplici
2591 4936 2820 4999 affectu
2859 4937 3197 5005 exhibendi
3235 4940 3395 5001 ima-

1830 5032 1962 5112 gini
2002 5031 2253 5113 signum
2285 5028 2466 5106 illud,
2488 5036 2601 5091 ant
2627 5034 2842 5091 notam
2861 5030 3144 5107 honoris,
3171 5050 3392 5112 quam·

1828 5126 1923 5187 vis
1949 5142 2078 5186 non
2107 5123 2411 5204 procedat
2433 5140 2510 5184 ex
2535 5122 2880 5185 intentione
2916 5122 3269 5185 honorandi
3291 5124 3394 5187 vel

1834 5217 2087 5281 colendi
2113 5218 2338 5299 ipsam,
2371 5217 2484 5279 sed
2507 5222 2752 5279 tantum
2781 5232 2916 5277 rem
2935 5216 3004 5278 in
3029 5216 3136 5279 illa
3164 5234 3393 5297 reprae-

1834 5318 2169 5386 sentatam,
2211 5312 2360 5392 quia
2415 5307 2696 5373 adoratio
2733 5309 2800 5371 in
2847 5315 3104 5371 externa
3143 5312 3392 5373 actione

1830 5405 2241 5489 principalius
2266 5404 2591 5479 consistit3
2644 5402 2841 5480 unde,
2885 5404 3044 5466 sicut
3070 5420 3218 5467 vere
3240 5403 3394 5467 dici-

1831 5516 1976 5563 mur
1997 5498 2350 5564 deosculari
2377 5498 2710 5580 imagines,
2744 5515 2952 5579 genua
2980 5497 3067 5559 eis
3110 5496 3388 5573 flectere,
