3892 6167
525 316 644 378 334

520 423 664 482 dem
687 419 904 480 formae
921 418 1060 480 fieri
1081 423 1288 497 potest
1307 420 1388 480 de
1409 419 1796 482 orationibus
1813 420 2081 480 aliorum

521 515 890 588 beatorum,
922 512 1194 574 maxime
1239 513 1494 591 quando
1532 512 1647 574 sibi
1675 511 1915 590 aliquid
1941 527 2087 590 pos·-

521 607 746 680 tulant‚
779 612 888 680 ut,
917 606 1090 668 verbi
1123 607 1354 687 gratia,
1386 606 1912 670 resurrectionem
1941 623 2085 666 suo·

523 717 668 760 rum
705 717 1064 779 corporum.
1091 701 1270 764 Ratio
1303 719 1450 762 vero
1485 707 1598 773 est,
1632 701 1780 778 quia
1807 699 2085 761 Christus

524 811 658 856 non
687 800 824 856 orat
849 812 1020 856 nnnc
1046 799 1116 856 ut
1141 813 1254 873 per
1287 793 1490 874 ipsam
1516 795 1862 856 orationem
1899 793 2087 856 faciat

527 887 644 948 sibi
692 888 912 950 deberi
951 907 1086 952 rem
1135 906 1326 968 quem
1375 888 1682 968 postulat,
1721 887 1832 948 sed
1879 889 2087 967 potius

524 987 830 1062 tanquam
881 983 1140 1064 exigens
1190 984 1358 1064 quod
1403 984 1560 1046 alias
1607 983 1788 1045 titulo
1832 983 2088 1062 justitiae

527 1076 646 1138 sibi
667 1076 804 1155 jam
831 1082 925 1138 est
953 1076 1264 1150 debitum;
1289 1079 1497 1159 itaquo
1521 1079 1625 1140 illa
1649 1079 1848 1142 oratio
1869 1078 2089 1140 nititur

525 1170 1028 1249 praecedentibus
1058 1170 1328 1248 meritis,
1359 1191 1490 1234 nou
1516 1174 1726 1236 denuo
1773 1179 2081 1247 meretur;

527 1263 690 1325 sicut
706 1262 874 1326 inter
897 1264 1186 1328 homines
1207 1266 1458 1344 quando
1485 1267 1914 1330 mercenarius
1931 1265 2093 1348 petit

525 1358 886 1422 mercedem
915 1377 1116 1434 suam,
1147 1377 1338 1439 quam
1367 1363 1742 1440 promeruit,
1773 1379 1903 1424 non
1941 1363 2088 1423 ideo

527 1453 686 1532 petit
713 1458 784 1514 ut
810 1452 982 1516 illam
1009 1459 1328 1516 mereatur
1348 1499 1364 1529 ,
1395 1455 1507 1516 sed
1547 1462 1619 1518 ut
1651 1458 1823 1519 illam
1851 1458 2083 1536 exigat.

528 1547 830 1620 Quocirca
852 1547 964 1608 illa
985 1547 1112 1622 lex,
1139 1548 1203 1608 in
1232 1567 1358 1627 qua
1381 1549 1680 1613 fundatur
1707 1557 1878 1614 certa
1909 1559 1973 1614 et
1998 1552 2094 1611 in·-

527 1641 804 1704 fallibilis
851 1641 1205 1721 impetratio
1253 1641 1396 1704 talis
1443 1645 1766 1722 orationis,
1813 1651 1910 1708 est
1954 1647 2090 1724 ipsa

531 1735 887 1814 promissio,
907 1752 984 1796 ex
1003 1753 1130 1814 qua
1149 1735 1418 1798 debetur
1433 1739 1758 1801 retributio
1777 1739 2091 1819 prioribus

529 1827 792 1905 meritis,
827 1847 958 1890 11011
987 1828 1274 1907 specialis
1305 1831 1516 1909 alique
1555 1831 1658 1893 lex
1684 1833 1785 1894 vel
1825 1835 2093 1912 promis-

531 1921 649 1996 sio,
661 1927 916 2001 propter
935 1939 1122 2000 quam
1145 1923 1230 1983 illi
1251 1925 1516 1986 orationi
1537 1926 1860 1988 retributio
1877 1925 2093 2006 aliqua

531 2014 856 2078 debeatur.
889 2017 1034 2078 Haec
1075 2021 1170 2078 est
1211 2016 1496 2080 doctrina
1533 2021 1607 2080 D.
1637 2021 1894 2084 Thomas
1931 2023 1991 2082 2.
2025 2025 2087 2096 23

531 2126 592 2187 q.
625 2109 731 2184 83,
763 2115 879 2172 art.
915 2113 1014 2185 11,
1046 2109 1130 2172 sd
1171 2113 1232 2187 1,
1259 2127 1451 2191 quam
1491 2113 1804 2177 indicasse
1843 2115 2095 2178 videtur

529 2203 787 2282 Rupert.
817 2203 1006 2279 Ahb„
1035 2203 1144 2265 lib.
1177 2208 1242 2283 9,
1265 2206 1346 2267 de
1373 2207 1572 2269 Divin.
1602 2209 1794 2285 offic„
1823 2227 1878 2272 0.
1911 2210 1973 2286 3,
2004 2211 2093 2272 sie

529 2297 858 2375 iuquiens:
882 2299 1012 2362 Illa
1031 2299 1462 2380 interpellatio,
1480 2303 1806 2366 Doctorum
1825 2305 2094 2368 omnium

530 2409 678 2458 ocra
715 2394 1047 2458 assertione
1062 2439 1082 2469 ‚
1111 2411 1232 2458 mm
1272 2397 1576 2461 seobmissa
1609 2405 1698 2462 est
1735 2399 2091 2478 postulatio,

531 2487 639 2552 eod
656 2485 970 2568 passionis
1006 2487 1171 2568 ejus,
1201 2505 1334 2568 μω
1359 2490 1540 2552 semel
1559 2507 1676 2571 pro
1707 2491 1876 2554 nobie
1901 2491 1969 2554 in
1996 2509 2095 2555 aa·

533 2580 830 2658 orificium
883 2579 1082 2644 oblata
1133 2585 1222 2644 est
1239 2623 1254 2654 ‚
1313 2587 1542 2646 aterna
1597 2584 2087 2648 commemoratio.

531 2672 763 2736 Dices:
793 2691 984 2754 ergo,
1015 2691 1160 2736 cum
1201 2675 1476 2737 Christus
1527 2677 1746 2740 orabat
1785 2679 1850 2739 in
1876 2685 2087 2742 terra:

538 2765 832 2838 Glarifioa
855 2785 972 2841 mo,
1000 2769 1217 2845 Pater,
1247 2775 1366 2831 etc.
1387 2815 1404 2844 ‚
1437 2787 1567 2832 non
1595 2771 1957 2834 merebatur
1980 2791 2097 2852 per

532 2859 708 2922 illem
737 2861 1119 2939 orationem,
1147 2862 1264 2926 scd
1293 2863 1584 2944 exigebat
1615 2883 1750 2926 rem
1775 2866 1892 2927 sihi
1919 2867 2097 2928 debi-

535 2958 664 3014 tam
709 2955 952 3020 ratione
1001 2956 1271 3019 unionis.
1319 2957 1756 3036 Respondetur
1801 2960 2095 3040 negando

539 3050 1075 3127 consequentiam,
1109 3050 1258 3128 quia
1287 3069 1402 3130 per
1427 3052 1598 3113 illam
1629 3054 1973 3116 orationem
2019 3056 2097 3116 si-
2127 3128 2136 3137 Ι

535 3141 668 3202 111111
705 3159 849 3204 011111
880 3143 1020 3206 01110
1048 3145 1367 3224 operibus,
1399 3151 1464 3207 et
1500 3147 1859 3226 passionem
1887 3165 2090 3223 susm,

537 3235 865 3314 acquisivit
883 3237 990 3316 jus
1011 3238 1302 3318 justitiae,
1337 3239 1508 3317 quod
1539 3245 1631 3302 est
1675 3242 1924 3322 proprie
1966 3259 2097 3304 me·

532 3329 696 3406 reri3
728 3347 856 3408 quo
899 3332 1090 3394 modo
1137 3350 1268 3395 non
1297 3333 1647 3396 debehatur
1685 3334 1777 3396 illi
1821 3335 2091 3411 claritas,

535 3439 648 3486 seu
691 3424 896 3502 glorio.
943 3425 1186 3488 ratione
1233 3427 1508 3501 unionis,
1549 3427 1665 3489 sed
1711 3429 1914 3492 solum
1953 3431 2097 3510 jure

533 3517 810 3595 quodam
857 3518 1204 3593 filiationis,
1253 3537 1368 3582 seu
1417 3521 1838 3603 proportionis
1879 3525 2099 3604 cujus·

532 3608 709 3684 dam3
745 3617 814 3674 ut
845 3629 996 3674 vero
1025 3631 1142 3692 per
1183 3614 1532 3676 orationem
1577 3633 1768 3695 quam
1797 3616 1989 3678 hebet
2032 3617 2097 3677 in

531 3704 690 3766 coelo
710 3749 726 3778 ,
761 3703 1004 3768 nullum
1033 3725 1264 3770 novum
1290 3708 1395 3788 jus
1423 3708 1722 3786 acquirit,
1765 3715 1835 3772 ut
1862 3708 2097 3772 dictum

533 3802 650 3860 est.

611 3895 713 3955 10.
763 3891 1020 3973 objectio
1047 3895 1306 3960 sectanda
1329 3921 1352 3957 .·
1385 3911 1466 3959 cm
1489 3913 1603 3977 per
1631 3898 1854 3962 vulnus
1879 3897 2099 3964 lancea·

536 3983 824 4050 Christus
851 3990 1160 4053 meruerit.
1175 4021 1253 4038 --
1272 3991 1621 4071 Responsio.
1639 4021 1720 4038 --
1745 3989 1973 4054 Contra
2002 4008 2096 4054 se-

531 4081 740 4142 cundo
777 4125 794 4154 ,
851 4081 1000 4160 quia
1059 4083 1288 4144 vulnus
1349 4083 1587 4146 lunceae
1641 4085 1947 4148 inflictum
1998 4089 2095 4148 est

533 4174 756 4236 Christi
800 4177 1048 4256 corpori
1087 4183 1226 4256 post
1254 4187 1522 4240 mortem
1555 4180 1692 4259 ejus
1716 4225 1737 4256 ‚
1785 4187 1848 4242 et
1877 4187 2091 4242 tamen

531 4285 648 4346 per
708 4269 864 4330 illud
913 4271 1184 4331 maxime
1237 4272 1586 4349 promeruit
1615 4291 1632 4346 ς
1695 4281 2091 4335 sacramenta

535 4363 704 4423 enim
751 4363 814 4422 in
860 4361 1082 4426 Christi
1111 4363 1346 4425 meritis
1369 4362 1743 4441 fundantur,
1775 4373 1839 4428 et
1879 4372 2092 4429 tamen

533 4455 728 4518 virtus
766 4472 988 4518 corum
1024 4457 1276 4519 fluxisse
1313 4457 1539 4520 dicitur
1577 4477 1616 4520 a
1644 4459 1842 4523 latere
1867 4459 2091 4523 Christi

531 4549 864 4628 pendentis
887 4549 956 4611 in
983 4567 1194 4626 cruce,
1223 4556 1294 4612 ut
1315 4552 1592 4631 loquitur
1610 4553 1734 4615 Leo
1762 4555 1952 4634 Papa,
1986 4573 2085 4636 ep.

532 4645 594 4718 4,
625 4661 681 4704 c.
703 4645 768 4718 6,
797 4643 1050 4706 dicens:
1077 4643 1252 4708 Tunc
1269 4647 1740 4726 reyonerationir
1753 4649 2094 4727 potentiam

531 4739 762 4813 sancit,
793 4739 1030 4819 quondo
1057 4739 1126 4802 dc
1151 4739 1342 4802 latere
1361 4739 1494 4820 ejus
1512 4743 1936 4820 profluxerunt
1955 4759 2093 4805 san-

531 4833 674 4911 quis
699 4832 1144 4911 redemptionis,
1175 4838 1230 4896 et
1249 4851 1408 4912 aqua
1429 4835 1838 4913 baptismatis.
1870 4835 1946 4896 Et
1972 4837 2092 4896 An-

535 4931 738 5004 gust.,
779 4931 957 4986 tract.
995 4927 1109 5000 ⁴5,
1155 4927 1658 4987 011201010οη.
1691 4975 1704 5000 ,
1749 4929 1990 5006 inquit:
2042 4930 2093 4990 Ο

531 5037 717 5091 mors,
747 5021 904 5082 unde
929 5018 1156 5080 mortui
1181 5017 1545 5083 reviviscunt
1569 5043 1596 5094 ,·
1626 5021 1772 5100 qnid
1796 5021 2093 5100 sanquine

531 5114 652 5176 isto
679 5113 986 5185 mundius,
1015 5113 1166 5193 quid
1187 5111 1430 5176 ouium
1451 5115 1572 5175 isto
1601 5114 1909 5175 salubrius
1927 5113 1958 5173 2
1994 5113 2093 5175 Si·-

532 5206 706 5268 milia
733 5205 926 5268 habet
947 5204 1054 5266 lib.
1087 5208 1128 5268 2
1163 5206 1244 5270 de
1273 5206 1570 5287 Symbolo
1597 5205 1682 5267 ad
1707 5206 2087 5281 catechum,

534 5315 671 5378 cap.
703 5302 764 5376 6,
805 5299 916 5362 lib.
949 5301 1024 5362 15
1052 5299 1134 5360 de
1155 5297 1362 5372 civit„
1401 5318 1458 5362 0.
1486 5301 1587 5376 26,
1627 5298 1736 5360 lib.
1771 5302 1850 5361 12
1875 5305 2095 5360 contra

535 5391 775 5469 Faust„
817 5411 874 5456 0.
906 5394 1025 5466 110;
1055 5391 1368 5472 chrysost.
1398 5437 1414 5467 ,
1446 5392 1616 5456 hom.
1657 5393 1738 5456 84
1763 5393 1834 5455 111
1855 5395 2043 5456 Joan.
2070 5413 2085 5467 3

537 5486 752 5568 Cyril„
802 5487 910 5552 lib.
952 5489 1052 5566 111,
1097 5505 1150 5550 0.
1187 5489 1288 5564 39,
1333 5505 1405 5548 00
1445 5487 1720 5566 denique
1765 5489 1876 5550 lib.
1913 5491 1993 5550 10
2028 5489 2092 5550 in

1745 316 1985 381 QUAEST.
2016 314 2147 368 xlx.
2180 315 2381 372 Anno.
2416 317 2503 372 m.

2162 421 2310 482 Luc.
2317 464 2338 497 ,
2370 437 2425 482 c.
2466 419 2545 482 de
2573 416 3129 482 commendatione
3168 417 3419 478 Μαι-1011
3452 419 3667 499 millo,

2162 516 2363 596 inquit
2383 562 2404 593 ,
2432 515 2783 594 incorrupto
2812 527 3053 593 corpore
3076 557 3094 586 ,
3134 514 3237 575 sed
3264 511 3523 590 defuncto
3540 560 3558 590 ,
3585 533 3671 576 om-

2162 611 2331 672 nium
2354 611 2484 672 sita
2506 607 2792 672 manabat
2810 629 2839 678 ,·
2876 622 3035 686 aqua
3056 606 3207 667 mim
3237 611 3297 668 ct
3318 607 3555 686 301191ιί1
3574 611 3667 670 ezi-

2166 702 2290 776 vit;
2314 703 2449 778 illa,
2472 719 2603 784 quw
2622 701 2839 774 diluat,
2865 699 2999 772 isto,
3024 701 3128 780 qui
3148 699 3428 762 redimat.
3454 699 3669 776 Quidam

2168 797 2441 858 haeretici
2484 796 2778 857 dixerunt
2804 794 3033 855 vulnus
3063 793 3215 854 illud
3250 791 3544 855 inflictum
3570 811 3671 858 esse

2170 889 2410 954 Christo
2438 889 2645 952 adhuc
2669 887 2923 952 viventi.
2960 887 3085 949 Sed
3112 893 3207 949 est
3230 885 3483 948 haeresis
3506 897 3674 950 contra

2170 999 2535 1065 expressum
2554 983 2975 1046 testimonium
2994 983 3030 1044 J
3034 997 3203 1056 0011.,
3223 999 3283 1042 c.
3308 981 3407 1054 19,
3431 979 3674 1044 damnata

2169 1082 2235 1142 in
2286 1077 2515 1142 Concil.
2552 1076 2919 1151 Viennensi,
2972 1073 3365 1138 Clementiae
3408 1076 3581 1137 1111100
3620 1075 3675 1136 de

2171 1176 2432 1236 Summa
2454 1171 2627 1234 Trin.
2660 1169 3099 1252 Respondetur
3122 1187 3301 1250 ergo,
3334 1169 3399 1229 in
3416 1169 3565 1230 illius
3582 1169 3675 1230 rul-

2170 1269 2340 1331 neris
2386 1267 2781 1346 susceptione
2803 1310 2824 1341 ,
2878 1282 3021 1326 cum
3060 1265 3277 1346 ipsum
3326 1263 3547 1325 factum
3590 1274 3673 1336 est,

2172 1363 2415 1424 nullum
2456 1361 2651 1422 fuisse
2692 1375 2929 1421 novum
2968 1359 3261 1420 meritum
3291 1405 3309 1432 ,
3350 1357 3491 1437 quia
3516 1375 3675 1436 neque

2172 1457 2377 1538 ipsum
2402 1473 2633 1535 corpus
2654 1454 2943 1516 examine
2961 1453 3097 1532 jam
3120 1457 3262 1514 erat
3278 1468 3471 1531 capax
3496 1453 3675 1522 meriti,

2171 1569 2379 1631 neque
2408 1550 2619 1611 anima
2648 1553 2937 1629 separata
2972 1595 2987 1621 ,
3032 1545 3326 1626 quamvis
3354 1544 3679 1623 intelligatur

2171 1644 2519 1708 voluntarie
2544 1647 2905 1722 acceptasse
2933 1641 3231 1720 injuriam
3254 1639 3431 1700 illam
3458 1638 3679 1699 01111100-

2172 1747 2301 1802 tam
2329 1739 2395 1799 in
2425 1755 2539 1800 suo
2568 1753 2854 1818 corpore,
2888 1741 3023 1796 erat
3044 1735 3176 1813 30111
3200 1734 3269 1795 111
3300 1739 3461 1794 statu
3486 1749 3680 1794 meren-

2173 1834 2277 1907 111;
2326 1831 2593 1912 intelligi
2634 1839 2851 1892 tamen
2906 1833 3112 1908 potest
3164 1825 3479 1890 Christum
3518 1827 3679 1906 ipsum

2174 1926 2325 1988 dum
2354 1925 2595 1987 viveret
2624 1923 3007 2004 praevidisse,
3036 1927 3103 1984 et
3128 1921 3331 1983 libere
3355 1925 3679 2000 acceptasse,

2174 2027 2240 2084 et
2266 2019 2707 2098 obtulissepro
2734 2015 2919 2078 nobis
2938 2013 3375 2090 1σ’111111101111111,
3403 2021 3464 2076 et
3484 2013 3681 2076 dedisse

2174 2114 2363 2178 etiam
2382 2113 2449 2173 in
2466 2111 2739 2193 pretium
2761 2109 3213 2191 redemptionis
3232 2113 3467 2170 nostrae
3484 2107 3683 2188 sangui-

2172 2225 2321 2272 nem
2350 2207 2457 2287 qui
2484 2207 2565 2268 de
2589 2206 2699 2268 illo
2728 2204 2939 2267 exivit.
2986 2205 3062 2266 Et
3094 2203 3215 2266 1100
3252 2203 3493 2265 ratione
3516 2207 3683 2282 posset

2174 2304 2369 2364 virtus
2397 2305 2933 2363 sacramentorum
2960 2299 3026 2359 in
3054 2298 3176 2359 1100
3204 2297 3435 2359 merito
3458 2294 3679 2370 fundari,

2176 2411 2539 2476 quanquam
2578 2393 2750 2456 citati
2796 2392 3009 2455 Patres
3052 2406 3182 2453 non
3216 2397 3356 2454 tam
3400 2391 3477 2452 de
3506 2389 3679 2452 merito

2176 2505 2367 2570 quam
2409 2489 2489 2551 de
2530 2487 2983 2568 significatione
3022 2486 3392 2566 loquantur,
3432 2483 3677 2556 1110011100,

2176 2599 2408 2662 aquam
2438 2589 2501 2645 et
2526 2583 2899 2662 sanguinem
2926 2579 3319 2661 significasse
3350 2581 3680 2640 sacramenta

2175 2677 2465 2740 Ecclesiae
2500 2722 2516 2752 ,
2576 2675 2807 2755 quibus
2866 2673 3293 2755 J'ustifiesmur
3316 2716 3339 2750 ,
3396 2671 3680 2752 111-0100111111

2176 2771 2555 2850 baptismum
2582 2776 2645 2832 et
2660 2768 3140 2844 Eucharistiam,
3168 2767 3252 2829 ed
3276 2769 3419 2848 quae
3434 2769 3679 2843 tanquam

2179 2866 2260 2928 ad
2282 2867 2543 2946 januam
2588 2869 2651 2926 et
2690 2861 3309 2926 consummationem
3332 2860 3590 2922 omnium
3612 2875 3683 2917 sa-

2180 2965 2637 3022 cramentorum
2657 2963 2881 3020 caetera
2898 2962 3300 3030 revocantum
3322 2955 3527 3018 dieunt
3540 2954 3679 3015 etiam

2178 3052 2597 3133 significatum
2628 3069 2790 3126 esse,
2820 3050 3115 3112 virtutem
3144 3054 3681 3111 sacramentorum

2177 3146 2401 3211 Christi
2438 3150 2643 3207 morte
2680 3161 2973 3208 manasse
2998 3187 3019 3219 ,
3060 3144 3399 3224 ipsumque
3426 3141 3678 3206 Christum

2175 3239 2369 3302 fuisse
2398 3238 2594 3302 veluti
2631 3237 2871 3299 fontem
2896 3255 2977 3298 ex
3012 3253 3137 3316 quo
3168 3241 3549 3299 sacramenta
3574 3247 3679 3312 pro-

2178 3333 2511 3395 fluxerunt.

2259 3430 2364 3489 11.
2398 3424 2681 3506 objectio·
2702 3457 2784 3472 —
2802 3425 3157 3504 Responsio·
3180 3457 3263 3472 -
3285 3423 3531 3487 Instatis
3564 3435 3681 3478 mor·

2179 3521 2289 3596 tie,
2304 3520 2461 3584 siout
2486 3517 2647 3594 viter,
2670 3524 2729 3584 et
2746 3520 2885 3594 oia,
2903 3520 2999 3584 ita
3018 3523 3073 3583 oi
3098 3519 3313 3582 merito
3340 3515 3678 3580 mmmmm

2179 3612 2583 3677 este-Tertio
2614 3613 2925 3692 objicitur,
2948 3631 3099 3674 nam
3124 3612 3407 3674 Christus
3430 3606 3679 3672 Dominus

2177 3723 2290 3786 per
2314 3713 2579 3768 mortem
2610 3724 2796 3769 suam
2822 3723 2939 3767 nos
2961 3706 3229 3768 redemit
3254 3725 3272 3780 3
3309 3722 3455 3784 ergo
3498 3697 3679 3761 meruit

2177 3800 2243 3860 in
2284 3817 2359 3861 eo
2406 3800 2663 3860 instanti
2692 3800 2756 3860 in
2784 3815 2913 3879 quo
2944 3805 3381 3861 consummata
3406 3799 3495 3858 est
3514 3807 3675 3860 mom

2178 3893 2293 3956 sed
2342 3894 2407 3955 in
2452 3893 2557 3956 illo
2599 3894 2734 3972 jam
2780 3893 2991 3954 anima
3020 3909 3145 3955 non
3192 3893 3417 3954 eratin
3440 3901 3675 3966 corpore.

2176 3989 2327 4069 quia
2352 3987 2543 4048 homo
2568 3989 2835 4050 moritur
2860 4003 2974 4066 per
2996 3989 3273 4066 primum
3294 3986 3393 4046 sui
3410 4000 3526 4044 non
3544 3993 3673 4046 esse3

2176 4099 2351 4162 ergo.
2376 4081 2495 4155 Qui
2522 4081 2741 4144 dieunt
2762 4081 3087 4143 homine-m
3116 4082 3277 4142 mori
3308 4097 3420 4161 per
3437 4075 3675 4139 ultimum

2174 4175 2272 4239 sui
2320 4193 2481 4251 esse,
2512 4175 2697 4237 facile
2726 4193 2793 4238 se
2824 4175 3171 4254 expediunt
3197 4175 3281 4236 ab
3318 4175 3435 4234 hac
3463 4163 3676 4231 difficul-

2172 4275 2324 4344 tate,
2356 4275 2419 4332 et
2440 4269 2523 4330 ab
2552 4269 2689 4331 aliis
2716 4267 3040 4344 similibus,
3068 4283 3210 4348 quse
3241 4267 3327 4330 de
3354 4258 3673 4342 martyribus

2172 4364 2425 4426 tractari
2469 4363 2693 4425 solent.
2734 4363 3163 4442 supponendo
3190 4367 3403 4423 tamen
3444 4369 3673 4418 commu-

2174 4459 2418 4520 niorem
2446 4458 2965 4538 philosophorum
3004 4457 3408 4531 sententiam,
3435 4444 3661 4529 Caici-‚¹

2172 4569 2267 4633 p.,
2296 4570 2358 4631 q.
2388 4553 2489 4625 63,
2522 4567 2580 4614 0.
2614 4553 2677 4628 6,
2704 4552 2853 4614 dicit
2892 4553 2960 4612 in
3004 4552 3261 4613 instanti
3286 4545 3495 4610 mortis
3514 4537 3669 4604 homi·

2172 4645 2272 4706 nis
2300 4663 2437 4707 esse
2466 4646 2785 4720 meritum,
2812 4663 2941 4707 non
2970 4653 3273 4725 tanquam
3313 4645 3375 4704 in
3413 4655 3552 4721 pura
3574 4631 3663 4701 via,

2174 4739 2285 4801 sed
2308 4745 2617 4819 tanquam
2654 4740 2720 4800 in
2758 4739 3027 4802 termino
3054 4739 3213 4813 viae3
3246 4737 3415 4798 unde
3452 4749 3551 4812 pro
3588 4724 3667 4784 illo

2175 4833 2439 4894 termino
2476 4833 2768 4894 concedit
2807 4834 3105 4896 meritum
3133 4833 3201 4893 in
3230 4833 3433 4893 anima
3460 4833 3667 4903 separa·

2175 4933 2232 4988 la
2248 4943 2269 5004 3
2298 4934 2361 4988 et
2388 4928 2451 4986 in
2482 4927 2735 5006 speciali
2786 4928 3053 5006 loquens
3094 4927 3173 4988 de
3217 4921 3431 4987 Christi
3476 4918 3661 4984 anima,

2170 5021 2355 5094 infra,
2388 5039 2450 5099 q.
2484 5021 2601 5096 50,
2634 5039 2692 5080 0.
2736 5023 2807 5098 6,
2844 5022 3129 5084 similiter
3176 5020 3403 5084 sentire
3444 5011 3657 5074 videtur,

2170 5113 2455 5194 quamvis
2475 5113 2918 5176 obscurissime
2935 5115 3245 5193 loquutur.
3276 5111 3395 5175 Sed
3412 5109 3531 5170 haec
3548 5113 3661 5161 sen-

2174 5207 2367 5268 tentia
2392 5205 2565 5267 mihi
2592 5225 2843 5288 semper
2870 5209 3203 5288 displicuit,
3234 5197 3539 5287 quiaillud
3566 5194 3661 5252 ins·

2174 5305 2314 5361 tans
2337 5301 2559 5362 mortis
2588 5309 2683 5364 est
2710 5302 3019 5366 terminus
3037 5303 3411 5364 extrinsecus
3432 5295 3657 5386 viaeiu‘ff‘

2174 5393 2255 5455 de
2282 5395 2443 5456 sicut
2468 5393 2533 5455 in
2562 5395 2669 5457 ille
2689 5396 2823 5476 jam
2848 5413 2977 5460 non
3008 5400 3106 5458 est
3128 5395 3251 5468 via,
3281 5397 3363 5457 ita
3384 5405 3492 5452 nec
3508 5393 3657 5444 men-

2176 5494 2329 5551 tum.
2379 5489 2619 5552 Eodem
2672 5507 2821 5571 ergo
2882 5491 3071 5553 modo
3114 5489 3432 5553 dicendum
3474 5483 3551 5542 est
3594 5470 3655 5532 de
