3892 6167
401 343 520 406 322
1621 343 1858 410 Quam.
1891 345 2022 401 XIX.
2055 347 2257 402 Anne.
2296 349 2378 402 ΙΙΙ.

400 455 668 528 quenter
697 450 936 514 habere
965 450 1196 510 statum
1231 444 1518 510 merendi
1539 489 1562 524 ,
1594 447 1744 526 qnia
1773 448 1959 510 meri-

397 547 534 606 tum
579 551 676 607 est
725 544 828 608 via
877 541 958 604 ad
987 541 1338 622 praemium.
1387 541 1561 604 Sicut
1605 542 1797 604 etiam
1843 541 1961 604 tuit

397 635 674 699 Christus
723 655 799 700 eo
853 642 1138 715 tempore
1179 636 1244 698 in
1295 639 1462 696 statu
1509 632 1955 706 satisfaciendi,

397 736 736 812 propterea
777 730 948 794 enim
987 747 1218 810 corpus
1259 729 1558 809 passibile
1591 729 1952 808 assumpsit.

397 824 576 887 Unde
617 825 712 902 fit,
739 825 886 887 licet
911 823 1098 886 fuerit
1122 823 1606 896 miraculosum,
1635 829 1698 886 et
1730 829 1959 903 proeter

395 918 630 1000 legem,
655 919 966 982 Christum
993 917 1180 980 simul
1207 935 1344 980 esse
1371 917 1676 980 viatorem
1703 921 1765 979 et
1791 933 1959 980 com·-

395 1014 876 1093 prehensorem‚
897 1011 1218 1092 supposito
1238 1016 1452 1073 tamen
1469 1009 1578 1072 illo
1597 1015 1790 1084 statu,
1809 1028 1959 1072 con·

397 1122 674 1186 sequens
699 1106 893 1168 fuisse
920 1111 992 1168 ut
1019 1111 1180 1168 esset
1214 1123 1410 1186 capax
1437 1104 1674 1180 meriti,
1717 1121 1848 1166 non
1879 1123 1959 1168 ex

396 1197 890 1280 dispensatione,
939 1198 1053 1262 sed
1097 1203 1346 1264 servata
1381 1197 1556 1260 omni
1605 1197 1860 1278 propria
1895 1202 1962 1260 et

393 1291 678 1372 rigorose
701 1292 842 1374 lege
865 1291 1098 1366 meriti3
1126 1291 1296 1372 quia,
1321 1292 1466 1355 licet
1485 1309 1624 1354 esse
1651 1291 1958 1354 viatorem

395 1385 842 1450 miraculosum
877 1387 979 1461 sit,
1000 1389 1218 1450 tamen
1241 1387 1541 1450 viatorem
1567 1385 1800 1448 mereri
1825 1403 1956 1446 non

396 1487 494 1544 est
517 1481 994 1559 miraculosum,
1013 1481 1126 1546 sed
1147 1481 1615 1562 quodammodo
1636 1479 1951 1542 naturale.

392 1575 564 1640 Sicut
607 1577 796 1640 etiam
843 1577 1042 1638 Deum
1089 1593 1230 1638 esse
1285 1574 1608 1638 bominem
1645 1573 1764 1636 fuit
1795 1590 1955 1654 opus

393 1669 863 1744 miraculosum,
881 1687 996 1732 seu
1017 1669 1526 1750 supernaturale-23
1549 1675 1787 1744 tamen,
1812 1685 1955 1748 sup-

391 1765 596 1845 posito
623 1763 732 1826 illo
759 1779 976 1844 opere,
1010 1763 1212 1826 Deum
1247 1762 1570 1826 hominem
1603 1761 1953 1838 ambulare,

391 1857 635 1932 videre,
663 1864 730 1920 et
753 1858 878 1920 alia
901 1875 1094 1939 opera
1117 1875 1438 1932 exercere,
1483 1857 1770 1920 naturale
1811 1855 1950 1918 fuit.

390 1953 610 2033 Neque
635 1958 732 2016 est
757 1951 926 2014 ullus
944 1953 1410 2033 'theologorum
1429 1951 1537 2032 qui
1562 1951 1628 2013 in
1653 1951 1776 2016 hoc
1805 1967 1957 2014 con-

389 2046 686 2122 tradicat3
719 2063 1086 2126 quanquam
1133 2046 1304 2108 enim
1341 2047 1530 2110 Seoto
1567 2045 1768 2108 soleat
1807 2061 1957 2106 con-

387 2139 583 2202 traria
601 2139 914 2204 sententia
927 2139 1189 2220 imponi,
1211 2144 1426 2202 tamen
1445 2139 1782 2216 immerito,
1804 2155 1955 2200 nam

389 2232 456 2294 in
477 2236 542 2310 3,
573 2233 717 2296 dist.
751 2235 854 2311 18,
885 2234 1174 2298 eamdem
1205 2233 1400 2298 habet
1439 2233 1811 2298 doctrinam.
1853 2231 1957 2296 Di-

389 2344 496 2392 ces
525 2341 546 2389 2
581 2345 730 2408 ergo
779 2327 1006 2390 animm
1056 2328 1389 2391 beatorum
1437 2333 1623 2390 erunt
1666 2345 1836 2390 nunc
1882 2327 1955 2388 in

390 2426 556 2486 statu
581 2422 892 2498 merendi,
935 2421 1084 2502 quia
1127 2428 1347 2486 carent
1392 2421 1594 2503 gloria
1647 2419 1945 2501 corporis.

385 2515 829 2596 Respondetur
871 2515 1167 2596 negando
1213 2515 1732 2597 consequentiam
1752 2557 1768 2590 ,
1816 2520 1954 2576 tum

387 2609 537 2690 quia
565 2609 683 2672 illae
711 2609 964 2686 animae,
991 2627 1068 2672 eo
1107 2609 1296 2672 modo
1324 2627 1452 2690 quo
1481 2609 1779 2685 existunt,
1807 2612 1955 2670 sunt

387 2703 644 2766 omnino
667 2702 893 2778 beatae,
923 2708 985 2766 et
1015 2709 1194 2766 extra
1217 2709 1452 2766 statum
1474 2703 1630 2780 vioe3
1655 2707 1792 2764 tum
1813 2719 1951 2763 ma-

385 2797 554 2860 xime
577 2799 726 2877 quia
759 2797 1064 2860 terminus
1091 2797 1208 2860 viae
1239 2799 1480 2879 exlege
1497 2797 1614 2862 Dei
1631 2796 1950 2860 ordinaria

385 2891 625 2974 positus
655 2898 753 2955 est
777 2893 842 2956 in
881 2891 1010 2956 fine
1037 2893 1320 2956 mortalis
1349 2893 1518 2967 vitae,
1549 2897 1609 2956 et
1634 2891 1780 2956 ideo
1817 2909 1949 2954 non

387 2985 594 3048 solum
621 2987 844 3048 animae
872 2987 1079 3052 beatae
1099 3031 1116 3060 ‚
1151 2985 1266 3050 sed
1297 2986 1488 3050 etiam
1517 2987 1742 3050 animae
1765 3005 1953 3048 sanc-

385 3084 593 3143 torum
615 3081 892 3160 Patr-um,
915 3097 1056 3161 quae
1076 3087 1258 3144 erant
1283 3081 1352 3142 in
1383 3080 1600 3157 limbo,
1628 3087 1690 3144 et
1726 3081 1953 3144 animae

387 3173 754 3255 purgatorii,
789 3179 934 3236 sunt
962 3179 1136 3236 extra
1159 3181 1391 3238 statum
1419 3174 1728 3240 merendi.

467 3269 530 3330 8.
577 3269 768 3332 Sexta
807 3267 1082 3330 conditio
1104 3312 1120 3343 ‚
1153 3287 1294 3350 quae
1319 3287 1398 3331 ex
1425 3275 1602 3350 parte
1639 3271 1756 3334 Dei
1799 3271 1955 3334 assi-

390 3361 568 3444 gnari
613 3362 794 3437 solet,
842 3361 924 3426 ad
971 3379 1160 3440 quem
1195 3363 1466 3443 pertinet
1511 3367 1574 3426 et
1625 3372 1953 3445 acceptare

385 3453 706 3532 meritum,
739 3461 802 3520 et
829 3455 1160 3536 praemium
1195 3457 1568 3532 retribuere,
1601 3462 1722 3533 est,
1759 3464 1828 3522 ut
1856 3459 1955 3520 in·

385 3549 667 3614 tercedat
694 3555 946 3630 pactum
975 3567 1090 3614 seu
1115 3551 1448 3630 promissio
1480 3551 1620 3628 Dei,
1649 3557 1720 3613 ut
1741 3551 1820 3615 sit
1847 3571 1953 3616 ve-

385 3641 498 3704 luti
532 3641 1017 3706 fundamentum
1047 3642 1236 3724 hujus
1265 3643 1508 3720 meriti,
1553 3663 1666 3706 seu
1714 3644 1953 3723 obliga-

384 3735 572 3797 tionis
587 3735 864 3816 justitiae,
889 3753 1028 3816 qum
1051 3755 1129 3798 ex
1157 3737 1262 3798 ilto
1287 3737 1462 3800 nasci
1485 3745 1711 3817 potest.
1739 3739 1810 3800 In
1829 3739 1953 3802 hac

386 3845 538 3892 vero
585 3829 958 3910 explicanda
1013 3829 1372 3895 conditione
1419 3832 1580 3894 duas
1635 3838 1951 3896 extremas

386 3924 732 3986 sententias
783 3921 1073 3986 vitandas
1115 3943 1370 3987 censeo.
1406 3924 1618 3988 Altera
1651 3933 1773 4002 est,
1809 3945 1951 4006 quae

386 4023 586 4080 totum
611 4017 894 4080 valorem
923 4019 1132 4099 operis
1167 4019 1500 4093 meritorii,
1534 4025 1664 4082 tam
1691 4021 1762 4080 in
1781 4020 1947 4082 Chri·

387 4115 484 4174 sto
507 4129 699 4190 qnam
724 4111 792 4172 in
817 4110 955 4174 aliis
981 4111 1366 4188 hominibus,
1391 4111 1570 4194 ponit
1587 4113 1652 4175 in
1671 4113 1947 4193 quadam

389 4203 742 4266 extrinseca
767 4205 880 4266 Dei
905 4207 1367 4285 acceptatione;
1407 4206 1498 4268 ita
1535 4212 1606 4268 ut
1645 4225 1774 4268 non
1803 4207 1944 4269 ideo

389 4315 550 4378 opus
593 4303 945 4377 acceptetur
973 4295 1056 4359 ad
1094 4299 1456 4378 proemium,
1513 4300 1664 4378 quia
1717 4299 1821 4362 ino
1851 4301 1949 4362 di·

390 4409 588 4474 gnum
615 4393 716 4468 sit,
742 4391 877 4468 sed,
909 4411 946 4454 e
969 4395 1305 4467 contrario,
1339 4395 1548 4474 potius
1573 4395 1718 4457 ideo
1751 4394 1832 4457 sit
1857 4396 1946 4456 di-

390 4503 588 4566 gnum
609 4484 885 4566 proemio,
910 4485 1060 4564 quia
1083 4486 1168 4548 ad
1189 4486 1344 4548 illud
1363 4491 1740 4568 acceptatur.
1764 4489 1944 4554 Unde

387 4577 462 4640 fit
487 4577 812 4659 quodlibet
837 4597 998 4660 opus
1019 4597 1206 4659 posse
1233 4599 1374 4644 esse
1397 4581 1788 4644 meritorium
1815 4601 1944 4646 ma·

382 4671 546 4751 joris
566 4671 664 4734 vel
697 4672 960 4735 minoris
981 4673 1242 4751 praemii,
1273 4681 1460 4754 prout
1480 4675 1746 4738 voluerit
1778 4677 1944 4740 Deus

387 4765 545 4828 illud
572 4771 918 4846 acceptare.
943 4765 1092 4842 Quae
1118 4766 1398 4830 doctrina
1433 4773 1528 4832 est
1561 4769 1724 4832 Scoti
1746 4815 1761 4845 ,
1789 4771 1854 4832 in
1880 4774 1938 4846 1,

389 4859 454 4922 d.
487 4862 588 4934 17,
618 4875 682 4938 q.
717 4859 778 4936 3,
819 4859 972 4921 etin
997 4861 1034 4921 3
1057 4905 1073 4936 ,
1113 4859 1176 4922 d.
1209 4861 1310 4936 19,
1344 4861 1508 4924 etin
1537 4863 1616 4938 4,
1651 4861 1791 4924 dist.
1825 4866 1937 4939 15;

388 4971 579 5032 qnam
595 4953 782 5014 Gabr.
815 4953 1210 5033 amplectitur
1234 4956 1302 5016 in
1335 4957 1392 5030 1,
1425 4955 1610 5032 (1.17,
1633 4973 1695 5036 q.
1729 4959 1933 5034 unica,

386 5053 507 5109 art.
533 5051 598 5120 3,
629 5045 777 5109 dub.
813 5048 874 5124 2,
907 5053 970 5110 et
993 5047 1060 5108 in
1093 5049 1153 5122 2,
1191 5047 1332 5110 dist.
1367 5049 1466 5124 27,
1495 5068 1556 5128 q.
1591 5049 1794 5127 unica,
1820 5059 1936 5116 art.

385 5141 448 5218 3,
471 5139 620 5204 dub.
645 5143 707 5218 2,
734 5147 796 5202 et
815 5141 880 5202 in
895 5142 954 5216 3,
975 5141 1040 5202 d.
1065 5143 1165 5219 19,
1197 5159 1259 5221 q.
1298 5147 1355 5216 1,
1379 5144 1588 5204 notab.
1616 5145 1677 5218 3,
1709 5151 1769 5208 et
1795 5163 1941 5208 con-

383 5233 539 5296 clus.
569 5239 642 5308 1;
670 5231 915 5314 Almay.
951 5239 1014 5297 et
1039 5234 1171 5298 fere
1199 5234 1305 5298 alii
1327 5235 1686 5300 Nominales
1716 5238 1940 5300 iisdem

382 5319 553 5390 locis.
601 5327 728 5390 Sed
754 5333 849 5390 est
873 5325 1030 5390 falsa
1067 5329 1416 5406 sententia,
1455 5347 1596 5410 quae
1623 5349 1834 5394 veram
1877 5340 1942 5396 et

383 5421 702 5502 propriam
747 5421 1056 5486 rationem
1085 5424 1290 5486 metiti
1327 5423 1521 5503 tollit,
1555 5428 1626 5488 ut
1652 5426 1838 5490 latius
1871 5428 1936 5490 in

380 5515 643 5578 materia
665 5515 743 5578 de
765 5517 988 5580 merito
1025 5515 1505 5582 demonstratur.
1535 5519 1606 5584 Et
1627 5519 1938 5584 indicatur

2041 449 2359 528 breviter,
2406 447 2555 529 quia
2602 463 2823 512 verum
2858 447 3155 511 meritum
3188 452 3279 508 est
3310 463 3475 527 opus
3520 447 3615 508 di-

2041 561 2236 623 gnum
2285 543 2585 624 proemi03
2618 541 2755 604 sola
2782 547 3001 606 autem
3036 541 3395 605 extrinseca
3422 557 3616 602 acce-

2040 637 2237 716 ptatio
2270 655 2399 698 non
2434 640 2640 715 potest:
2670 634 2850 714 operi
2878 633 3167 698 conferre
3200 636 3371 698 banc
3398 632 3617 713 digni-

2040 735 2237 792 tatem
2264 751 2278 790 ε
2310 730 2473 792 sicut
2505 745 2623 792 nec
2648 734 2857 808 potest
2880 745 2995 807 per
3034 728 3457 792 extrinsecam
3492 728 3618 786 im-

2038 823 2427 903 putationem
2457 821 2631 899 fieri‚
2674 827 2747 882 ut
2784 839 2947 902 opus
2985 822 3063 882 sit
3090 821 3354 902 dignum
3382 837 3619 902 paena,

2038 918 2157 980 nisi
2185 917 2389 997 ipsum
2416 917 2481 978 in
2510 935 2579 978 se
2600 916 2727 980 tale
2756 915 2856 978 sit.
2896 916 3111 978 Altera
3130 916 3445 980 sententia
3474 933 3626 975 om·

2037 1011 2190 1074 nino
2220 1014 2413 1091 negat
2438 1009 2921 1091 promissionem
2956 1027 3071 1072 seu
3096 1015 3351 1090 pactum
3366 1009 3483 1072 Dei
3512 1008 3628 1070 vel

2038 1105 2465 1168 necessarium
2496 1121 2655 1180 esse,
2686 1103 2785 1166 vel
2810 1121 2999 1184 posse
3034 1103 3270 1182 aliquid
3297 1103 3381 1169 ad
3412 1101 3629 1164 meri·

2036 1207 2173 1263 tum
2202 1200 2509 1262 conferre.
2536 1199 2684 1272 Quae
2713 1197 2958 1260 videtur
2992 1216 3127 1262 esse
3158 1198 3477 1262 sententia
3497 1199 3631 1262 Ca-

2030 1293 2255 1375 Jetani,
2285 1301 2349 1356 et
2366 1293 2831 1356 Themistarum
2852 1291 2913 1352 in
2939 1293 2997 1354 1.
3022 1295 3085 1364 2,
3118 1309 3181 1372 q.
3218 1295 3355 1366 114,
3384 1297 3519 1354 art.
3550 1291 3625 1352 3.

2037 1389 2313 1462 Quorum
2340 1387 2823 1450 fundamentum
2844 1404 2985 1450 esse
3010 1391 3214 1466 potest
3230 1385 3415 1462 illud,
3430 1384 3635 1465 quod

2036 1483 2227 1563 paulo
2254 1489 2441 1544 antea
2458 1480 2802 1562 tetigimus,
2830 1479 3089 1558 scilicet,
3119 1479 3634 1560 promissionem

2034 1577 2137 1638 vel
2176 1575 2673 1658 acceptationem
2711 1575 2823 1636 Dei
2864 1575 3110 1636 nullum
3136 1574 3455 1650 valorem,
3511 1571 3635 1632 vel

2038 1671 2407 1752 dignitatem
2448 1669 2735 1732 conferre
2778 1668 2977 1750 operi,
3020 1687 3164 1732 cnm
3210 1668 3290 1730 sit
3334 1668 3635 1730 omnino

2038 1766 2389 1830 extrinseca
2436 1765 2522 1826 illi
2570 1781 2585 1826 ε
2628 1765 2924 1828 meritum
2960 1769 3173 1826 autem
3202 1761 3525 1826 fundatur
3558 1761 3635 1822 in

2037 1860 2343 1940 dignitate
2374 1865 2439 1922 et
2468 1859 2683 1922 valore
2713 1859 2942 1940 operiS.
2974 1858 3193 1934 Unde,
3224 1863 3429 1920 stante
3486 1857 3637 1917 hoc

2036 1955 2273 2031 valore,
2312 1954 2502 2016 etiam
2540 1953 2591 2014 si
2622 1953 2795 2016 nulla
2824 1951 3163 2033 promissio
3188 1950 3628 2032 precesserit,

2036 2050 2203 2110 Deus
2226 2065 2301 2110 ex
2318 2065 2433 2108 sua
2448 2046 2693 2126 justitia
2710 2045 3109 2110 distributiva
3128 2045 3312 2108 debet
3330 2042 3631 2124 aliquod

2034 2141 2361 2224 praemium
2402 2139 2645 2202 ratione
2696 2135 2865 2202 illius
2912 2138 3197 2202 conferre
3240 2155 3255 2198 :
3300 2137 3419 2200 sed
3448 2153 3633 2218 pro-

2033 2235 2249 2298 missio
2282 2253 2411 2297 non
2436 2239 2641 2314 potest
2667 2233 2853 2296 aliam
2880 2233 3193 2296 rationem
3208 2229 3471 2312 justitiae
3502 2230 3629 2290 ad-

2035 2329 2212 2405 dere,
2243 2327 2363 2390 nisi
2399 2327 2805 2394 distributivae
2851 2347 2868 2388 =
2897 2345 3049 2408 ergo
3084 2345 3213 2388 non
3242 2331 3333 2388 est
3360 2343 3629 2387 neces-

2034 2423 2223 2486 saria.
2272 2422 2453 2496 Quod
2498 2420 2845 2502 praesertim
2898 2439 3117 2484 verum
3169 2425 3267 2483 est
3308 2419 3389 2482 de
3439 2437 3623 2480 vero

2034 2517 2257 2578 merito
2286 2535 2363 2578 ex
2390 2515 2669 2597 perfecta
2688 2515 2953 2596 justitia,
2998 2513 3189 2596 quale
3226 2512 3339 2576 fnit
3364 2513 3625 2574 Christi

2034 2611 2327 2672 meritum
2353 2627 2533 2672 :cum
2560 2609 2729 2672 enim
2754 2610 3101 2690 acceptatio
3128 2627 3241 2670 seu
3256 2606 3623 2688 promissio

2030 2703 2142 2766 Dei
2171 2703 2443 2784 gratuita
2470 2705 2571 2782 sit,
2594 2721 2719 2782 qno
2738 2702 2944 2782 magis
2972 2702 3271 2766 fundatur
3292 2699 3625 2762 meritum

2028 2797 2097 2858 in
2142 2795 2510 2876 hujusmodi
2548 2796 3014 2876 acceptatione,
3047 2811 3123 2857 eo
3160 2794 3369 2856 minus
3398 2791 3627 2854 habet

2031 2890 2111 2952 de
2136 2889 2526 2970 perfectione
2549 2889 2825 2970 justitias.

2114 2987 2361 3048 9.1nter
2380 2983 2497 3046 has
2524 2985 2716 3065 igitur
2744 2988 3057 3046 extremas
3077 2981 3441 3059 sententias,
3468 2999 3627 3044 me-

2034 3079 2139 3144 dia
2158 3079 2257 3142 via
2283 3079 2701 3142 incedendum
2722 3094 2976 3158 cense03
3005 3079 3289 3140 existimo
3312 3077 3501 3140 enim
3525 3077 3621 3138 dc

2034 3178 2279 3242 ratione
2298 3177 2505 3242 meriti
2522 3167 2785 3258 perfecti
2807 3195 2967 3252 esse,
2986 3182 3059 3237 ut
3087 3194 3242 3256 opus
3262 3175 3509 3254 ipsum,
3526 3175 3621 3236 de

2036 3291 2103 3338 se
2126 3293 2237 3336 seu
2266 3272 2587 3336 moraliter
2614 3272 3104 3347 consideratum,
3132 3275 3315 3351 prout
3332 3270 3419 3332 ab
3440 3288 3623 3350 ope·

2032 3373 2211 3430 rante
2240 3367 2345 3436 fit,
2388 3368 2625 3430 habeat
2655 3367 3063 3428 sufficientem
3094 3362 3621 3445 proportionem,

2036 3467 2098 3524 et
2122 3461 2505 3541 condignum
2520 3460 2801 3523 valorem
2822 3464 3111 3539 respectu
3132 3458 3293 3519 illius
3323 3459 3619 3536 praemii,

2032 3555 2113 3616 ad
2142 3555 2315 3634 quod
2334 3554 2693 3616 ordinatur:
2724 3553 3055 3633 quia‘alias
3078 3569 3207 3614 non
3233 3557 3623 3612 servaretur

2033 3649 2356 3727 aequalitas
2376 3694 2397 3725 ‚
2440 3665 2627 3726 quam
2653 3647 2900 3726 justitia
2948 3645 3255 3726 postulat:
3287 3644 3615 3706 meritum

2034 3745 2243 3802 autem
2262 3789 2277 3814 ,
2302 3740 2383 3804 de
2412 3758 2537 3819 quo
2565 3739 2922 3820 loquimur,
2954 3757 3091 3802 esse
3116 3738 3302 3800 debet
3328 3755 3411 3798 ex
3450 3755 3619 3816 pro-

2030 3835 2177 3916 pria‘
2193 3834 2458 3914 justitia,
2486 3835 2583 3896 vel
2610 3834 2799 3896 etiam
2824 3851 2905 3896 ex
2930 3833 3207 3914 perfecta
3222 3877 3245 3908 ,
3272 3831 3323 3894 si
3354 3831 3421 3892 in
3452 3849 3611 3912 spe·

2031 3927 2175 3990 ciali
2202 3947 2408 3992 sermo
2436 3929 2515 3990 sit
2542 3927 2621 3990 de
2642 3926 2867 3991 Christi
2894 3928 3143 3989 merito.
3168 3927 3397 3990 Praeter
3422 3927 3619 3988 hanc

2028 4029 2241 4084 autern
2300 4023 2503 4102 operis
2552 4022 3024 4102 proportionem
3074 4026 3141 4082 et
3184 4020 3611 4099 dignitatem,

2030 4115 2309 4178 existimo
2339 4115 2763 4178 necessariam
2786 4131 2928 4180 esse
2956 4111 3437 4194 promissionem
3468 4114 3613 4174 sub

2029 4207 2384 4270 conditione
2416 4209 2643 4288 operia,
2669 4209 2735 4270 in
2764 4225 2890 4288 qua
2931 4207 3057 4268 tale
3100 4223 3255 4286 opus
3304 4205 3605 4268 nitatur:

2028 4309 2125 4364 est
2150 4303 2318 4364 enim
2352 4303 2647 4364 meritum
2676 4301 2779 4384 (ut
2808 4319 3027 4364 omnes
3052 4299 3351 4379 Theologi
3384 4297 3611 4360 faten-

2026 4398 2169 4474 tur)
2194 4401 2412 4472 actuS,
2448 4395 2549 4458 cui
2592 4395 2860 4457 debetur
2912 4413 2991 4458 ex
3040 4390 3281 4472 justitia
3310 4409 3603 4465 merom,

2028 4489 2197 4550 unde
2222 4507 2351 4551 non
2378 4489 2525 4552 satis
2553 4493 2673 4564 est,
2700 4495 2772 4550 ut
2798 4489 2879 4552 de
2906 4506 2977 4550 se
3012 4487 3094 4548 sit
3118 4486 3497 4566 condignum,
3532 4493 3609 4548 et

2026 4582 2529 4664 proportionatus
2548 4583 2830 4662 praemia,
2863 4581 2977 4646 sed
3004 4581 3193 4646 etiam
3212 4585 3491 4660 oportet,
3524 4589 3599 4644 ut

2025 4677 2258 4740 habeat
2283 4677 2411 4738 vim
2438 4675 2775 4740 inducendi
2818 4675 3265 4756 obligationem
3298 4692 3375 4737 ex
3404 4675 3601 4754 justi-

2026 4771 2137 4848 tia,
2156 4789 2235 4834 ex
2255 4789 2379 4851 qna
2398 4771 2819 4832 illi-debeatur
2840 4770 3193 4851 praemium.
3224 4769 3454 4832 Nullus
3470 4787 3597 4830 au-

2025 4869 2155 4926 tem
2182 4871 2359 4928 actus
2397 4863 2752 4928 meritorius
2780 4863 2950 4944 apud
2978 4863 3177 4926 Deum
3203 4867 3413 4943 potest
3453 4881 3601 4924 rcs-

2023 4964 2211 5036 pectu
2252 4959 2421 5021 illius
2470 4957 2705 5020 habere
2736 4958 2901 5019 hanc
2927 4957 3053 5020 vim
3078 5001 3099 5032 ,
3140 4955 3259 5016 nisi
3290 4956 3356 5018 in
3386 4956 3595 5038 ipsius

2023 5052 2457 5131 promissione,
2488 5052 2587 5112 vel
2621 5059 2803 5132 pacto
2842 5047 3181 5112 fundatur:
3228 5050 3404 5128 quia,
3438 5069 3591 5112 cum

2023 5146 2189 5207 Deus
2243 5147 2322 5208 sit
2375 5145 2703 5206 absolutus
2757 5150 2823 5208 et
2864 5157 3197 5224 supremus
3246 5143 3585 5214 DominuS,

2022 5238 2233 5302 nullus
2267 5239 2421 5300 alius
2448 5243 2655 5319 potest
2698 5257 2814 5318 per
2860 5256 2929 5299 se
2982 5237 3261 5318 obligare
3290 5235 3473 5298 illum
3502 5253 3585 5296 ex

2015 5334 2280 5412 justitia,
2311 5333 2555 5396 seclusa
2579 5331 2999 5412 promissione
3030 5331 3167 5410 eJ'us
3196 5349 3211 5392 ε
3239 5329 3447 5411 posita
3470 5347 3583 5390 au·

2020 5427 2147 5489 ter'n
2177 5427 2286 5491 tali
2332 5425 2748 5507 promissione
2784 5424 2903 5488 sub
2948 5424 3309 5489 conditione
3342 5424 3578 5506 operte,

2020 5527 2189 5586 recte
2206 5522 2573 5604 intelligitur
2594 5539 2757 5603 opus
2784 5521 2985 5603 ipsum
3004 5519 3239 5582 factum
3259 5519 3327 5581 in
3348 5519 3577 5582 virtute
