<?xml version="1.0" encoding="UTF-8"?>
<!DOCTYPE html PUBLIC "-//W3C//DTD XHTML 1.0 Transitional//EN"
    "http://www.w3.org/TR/xhtml1/DTD/xhtml1-transitional.dtd">
<html xmlns="http://www.w3.org/1999/xhtml" xml:lang="en" lang="en">
 <head>
  <title>
</title>
<meta http-equiv="Content-Type" content="text/html;charset=utf-8" />
  <meta name='ocr-system' content='tesseract 3.04.00' />
  <meta name='ocr-capabilities' content='ocr_page ocr_carea ocr_par ocr_line ocrx_word'/>
</head>
<body>
  <div class='ocr_page' id='page_1' title='image "./rpfranciscisuar00unkngoog_0703.png"; bbox 0 0 3892 6167; ppageno 0'>
   <div class='ocr_carea' id='block_1_1' title="bbox 226 422 1729 555">
    <p class='ocr_par' dir='ltr' id='par_1_1' title="bbox 226 422 1729 555">
     <span class='ocr_line' id='line_1_1' title="bbox 226 422 1729 555; baseline 0.003 -73"><span class='ocrx_word' id='word_1_1' title='bbox 226 434 360 555; x_wconf 53' lang='lat' dir='ltr'><strong>{gn</strong></span> <span class='ocrx_word' id='word_1_2' title='bbox 378 422 489 483; x_wconf 74' lang='lat' dir='ltr'><strong>tuit</strong></span> <span class='ocrx_word' id='word_1_3' title='bbox 502 422 813 497; x_wconf 75' lang='lat' dir='ltr'><strong>olympiade</strong></span> <span class='ocrx_word' id='word_1_4' title='bbox 830 425 1129 486; x_wconf 72' lang='lat' dir='ltr'><strong>centesima</strong></span> <span class='ocrx_word' id='word_1_5' title='bbox 1144 427 1499 497; x_wconf 74' lang='lat' dir='ltr'><strong>nonagesima</strong></span> <span class='ocrx_word' id='word_1_6' title='bbox 1518 438 1729 497; x_wconf 76' lang='lat' dir='ltr'><strong>quarta,</strong></span> 
     </span>
    </p>
   </div>
   <div class='ocr_carea' id='block_1_2' title="bbox 104 576 1730 649">
    <p class='ocr_par' dir='ltr' id='par_1_2' title="bbox 104 576 1730 649">
     <span class='ocr_line' id='line_1_2' title="bbox 104 576 1730 649; baseline 0.006 -21"><span class='ocrx_word' id='word_1_7' title='bbox 104 576 359 631; x_wconf 72' lang='lat' dir='ltr'><strong>Annus</strong></span> <span class='ocrx_word' id='word_1_8' title='bbox 390 577 788 634; x_wconf 75' lang='lat' dir='ltr'><strong>incarnationis</strong></span> <span class='ocrx_word' id='word_1_9' title='bbox 812 578 919 633; x_wconf 81' lang='lat' dir='ltr'><strong>fult</strong></span> <span class='ocrx_word' id='word_1_10' title='bbox 934 591 1087 635; x_wconf 87' lang='lat' dir='ltr'><strong>anno</strong></span> <span class='ocrx_word' id='word_1_11' title='bbox 1111 580 1529 648; x_wconf 69' lang='lat' dir='ltr'><strong>quadragesimo</strong></span> <span class='ocrx_word' id='word_1_12' title='bbox 1552 583 1730 649; x_wconf 86' lang='lat' dir='ltr'><strong>primo</strong></span> 
     </span>
    </p>
   </div>
   <div class='ocr_carea' id='block_1_3' title="bbox 219 654 1725 794">
    <p class='ocr_par' dir='ltr' id='par_1_3' title="bbox 219 654 1725 794">
     <span class='ocr_line' id='line_1_3' title="bbox 219 654 1725 785; baseline 0.005 -78"><span class='ocrx_word' id='word_1_13' title='bbox 219 654 473 785; x_wconf 37' lang='lat' dir='ltr'><strong>Augus-t}&gt;</strong></span> <span class='ocrx_word' id='word_1_14' title='bbox 488 654 735 715; x_wconf 68' lang='lat' dir='ltr'><strong>casaris.</strong></span> <span class='ocrx_word' id='word_1_15' title='bbox 758 654 911 721; x_wconf 74' lang='lat' dir='ltr'><strong>juxta</strong></span> <span class='ocrx_word' id='word_1_16' title='bbox 944 656 1405 724; x_wconf 75' lang='lat' dir='ltr'><strong>computationem</strong></span> <span class='ocrx_word' id='word_1_17' title='bbox 1451 658 1725 715; x_wconf 63' lang='lat' dir='ltr'><strong>Muteno·</strong></span> 
     </span>
     <span class='ocr_line' id='line_1_4' title="bbox 222 741 489 794; baseline 0.004 -14"><span class='ocrx_word' id='word_1_18' title='bbox 222 741 375 794; x_wconf 86' lang='lat' dir='ltr'><strong>rum,</strong></span> <span class='ocrx_word' id='word_1_19' title='bbox 412 744 428 783; x_wconf 86' lang='lat' dir='ltr'><strong>t</strong></span> <span class='ocrx_word' id='word_1_20' title='bbox 478 770 489 781; x_wconf 97' lang='lat'><strong>.</strong></span> 
     </span>
    </p>
   </div>
   <div class='ocr_carea' id='block_1_4' title="bbox 766 840 1132 883">
    <p class='ocr_par' dir='ltr' id='par_1_4' title="bbox 766 840 1132 883">
     <span class='ocr_line' id='line_1_5' title="bbox 766 840 1132 883; baseline -0.003 -2"><span class='ocrx_word' id='word_1_21' title='bbox 766 840 1132 883; x_wconf 66' lang='lat' dir='ltr'><strong>AMEBMUS.</strong></span> 
     </span>
    </p>
   </div>
   <div class='ocr_carea' id='block_1_5' title="bbox 112 955 1729 1024">
    <p class='ocr_par' dir='ltr' id='par_1_5' title="bbox 112 955 1729 1024">
     <span class='ocr_line' id='line_1_6' title="bbox 112 955 1729 1024; baseline 0.006 -17"><span class='ocrx_word' id='word_1_22' title='bbox 112 955 531 1011; x_wconf 76' lang='lat' dir='ltr'><strong>Antichristus</strong></span> <span class='ocrx_word' id='word_1_23' title='bbox 550 958 767 1013; x_wconf 79' lang='lat' dir='ltr'><strong>daemon</strong></span> <span class='ocrx_word' id='word_1_24' title='bbox 787 958 1005 1013; x_wconf 82' lang='lat' dir='ltr'><strong>futurus</strong></span> <span class='ocrx_word' id='word_1_25' title='bbox 1026 971 1137 1014; x_wconf 88' lang='lat' dir='ltr'><strong>non</strong></span> <span class='ocrx_word' id='word_1_26' title='bbox 1154 965 1253 1019; x_wconf 87' lang='lat' dir='ltr'><strong>est.</strong></span> <span class='ocrx_word' id='word_1_27' title='bbox 1266 973 1369 1015; x_wconf 88' lang='lat' dir='ltr'><strong>nee</strong></span> <span class='ocrx_word' id='word_1_28' title='bbox 1383 964 1543 1024; x_wconf 82' lang='lat' dir='ltr'><strong>neus,</strong></span> <span class='ocrx_word' id='word_1_29' title='bbox 1562 964 1729 1018; x_wconf 81' lang='lat' dir='ltr'><strong>etiam</strong></span> 
     </span>
    </p>
   </div>
   <div class='ocr_carea' id='block_1_6' title="bbox 214 1031 1725 1161">
    <p class='ocr_par' dir='ltr' id='par_1_6' title="bbox 214 1031 1725 1161">
     <span class='ocr_line' id='line_1_7' title="bbox 214 1031 1725 1157; baseline 0.005 -74"><span class='ocrx_word' id='word_1_30' title='bbox 214 1031 270 1083; x_wconf 85' lang='lat' dir='ltr'><strong>si</strong></span> <span class='ocrx_word' id='word_1_31' title='bbox 300 1040 501 1157; x_wconf 51' lang='lat' dir='ltr'><strong>posset,</strong></span> <span class='ocrx_word' id='word_1_32' title='bbox 538 1033 597 1089; x_wconf 91' lang='lat' dir='ltr'><strong>id</strong></span> <span class='ocrx_word' id='word_1_33' title='bbox 629 1034 831 1089; x_wconf 77' lang='lat' dir='ltr'><strong>faceret</strong></span> <span class='ocrx_word' id='word_1_34' title='bbox 852 1036 925 1089; x_wconf 85' lang='lat' dir='ltr'><strong>ad</strong></span> <span class='ocrx_word' id='word_1_35' title='bbox 964 1042 1075 1089; x_wconf 86' lang='lat' dir='ltr'><strong>tam</strong></span> <span class='ocrx_word' id='word_1_36' title='bbox 1103 1050 1332 1103; x_wconf 78' lang='lat' dir='ltr'><strong>pravum</strong></span> <span class='ocrx_word' id='word_1_37' title='bbox 1365 1039 1551 1104; x_wconf 86' lang='lat' dir='ltr'><strong>tinem,</strong></span> <span class='ocrx_word' id='word_1_38' title='bbox 1592 1040 1647 1095; x_wconf 90' lang='lat' dir='ltr'><strong>d.</strong></span> <span class='ocrx_word' id='word_1_39' title='bbox 1676 1046 1725 1105; x_wconf 79' lang='lat'><strong>8,</strong></span> 
     </span>
     <span class='ocr_line' id='line_1_8' title="bbox 214 1122 359 1161; baseline -0.014 0"><span class='ocrx_word' id='word_1_40' title='bbox 214 1122 272 1161; x_wconf 90' lang='lat' dir='ltr'><strong>s.</strong></span> <span class='ocrx_word' id='word_1_41' title='bbox 347 1146 359 1159; x_wconf 93' lang='lat'><strong>.</strong></span> 
     </span>
    </p>
   </div>
   <div class='ocr_carea' id='block_1_7' title="bbox 114 1183 1727 1327">
    <p class='ocr_par' dir='ltr' id='par_1_7' title="bbox 114 1183 1727 1327">
     <span class='ocr_line' id='line_1_9' title="bbox 114 1183 1727 1253; baseline 0.004 -16"><span class='ocrx_word' id='word_1_42' title='bbox 114 1183 545 1249; x_wconf 68' lang='lat' dir='ltr'><strong>Antichristus,</strong></span> <span class='ocrx_word' id='word_1_43' title='bbox 569 1190 789 1253; x_wconf 86' lang='lat' dir='ltr'><strong>propter</strong></span> <span class='ocrx_word' id='word_1_44' title='bbox 806 1185 1029 1239; x_wconf 68' lang='lat' dir='ltr'><strong>malitias</strong></span> <span class='ocrx_word' id='word_1_45' title='bbox 1049 1187 1459 1253; x_wconf 77' lang='lat' dir='ltr'><strong>perfectionem,</strong></span> <span class='ocrx_word' id='word_1_46' title='bbox 1476 1189 1727 1245; x_wconf 83' lang='lat' dir='ltr'><strong>omnium</strong></span> 
     </span>
     <span class='ocr_line' id='line_1_10' title="bbox 210 1258 1300 1327; baseline 0.005 -15"><span class='ocrx_word' id='word_1_47' title='bbox 210 1258 499 1315; x_wconf 85' lang='lat' dir='ltr'><strong>malorum</strong></span> <span class='ocrx_word' id='word_1_48' title='bbox 526 1267 691 1327; x_wconf 82' lang='lat' dir='ltr'><strong>caput</strong></span> <span class='ocrx_word' id='word_1_49' title='bbox 720 1261 939 1319; x_wconf 87' lang='lat' dir='ltr'><strong>dicitur.</strong></span> <span class='ocrx_word' id='word_1_50' title='bbox 974 1262 1031 1316; x_wconf 88' lang='lat' dir='ltr'><strong>d.</strong></span> <span class='ocrx_word' id='word_1_51' title='bbox 1067 1268 1151 1321; x_wconf 73' lang='lat'><strong>2³.</strong></span> <span class='ocrx_word' id='word_1_52' title='bbox 1176 1277 1221 1318; x_wconf 92' lang='lat' dir='ltr'><strong>s.</strong></span> <span class='ocrx_word' id='word_1_53' title='bbox 1250 1268 1300 1317; x_wconf 68' lang='grc' dir='ltr'><strong>ί.</strong></span> 
     </span>
    </p>
   </div>
   <div class='ocr_carea' id='block_1_8' title="bbox 118 1334 1727 1477">
    <p class='ocr_par' dir='ltr' id='par_1_8' title="bbox 118 1334 1727 1477">
     <span class='ocr_line' id='line_1_11' title="bbox 118 1334 1727 1400; baseline 0.005 -13"><span class='ocrx_word' id='word_1_54' title='bbox 118 1334 497 1400; x_wconf 74' lang='lat' dir='ltr'><strong>Apollinaris</strong></span> <span class='ocrx_word' id='word_1_55' title='bbox 528 1348 680 1389; x_wconf 88' lang='lat' dir='ltr'><strong>error</strong></span> <span class='ocrx_word' id='word_1_56' title='bbox 710 1334 1053 1391; x_wconf 86' lang='lat' dir='ltr'><strong>divinitatem</strong></span> <span class='ocrx_word' id='word_1_57' title='bbox 1095 1351 1412 1395; x_wconf 71' lang='lat' dir='ltr'><strong>conversam</strong></span> <span class='ocrx_word' id='word_1_58' title='bbox 1465 1340 1635 1397; x_wconf 78' lang='lat' dir='ltr'><strong>tuisse</strong></span> <span class='ocrx_word' id='word_1_59' title='bbox 1668 1342 1727 1395; x_wconf 88' lang='lat' dir='ltr'><strong>in</strong></span> 
     </span>
     <span class='ocr_line' id='line_1_12' title="bbox 214 1410 955 1477; baseline 0.001 -14"><span class='ocrx_word' id='word_1_60' title='bbox 214 1410 641 1475; x_wconf 75' lang='lat' dir='ltr'><strong>humanitatem,</strong></span> <span class='ocrx_word' id='word_1_61' title='bbox 666 1412 724 1467; x_wconf 89' lang='lat' dir='ltr'><strong>d.</strong></span> <span class='ocrx_word' id='word_1_62' title='bbox 750 1415 799 1477; x_wconf 72' lang='grc'><strong>4,</strong></span> <span class='ocrx_word' id='word_1_63' title='bbox 829 1425 877 1464; x_wconf 89' lang='lat' dir='ltr'><strong>e.</strong></span> <span class='ocrx_word' id='word_1_64' title='bbox 908 1417 955 1464; x_wconf 75' lang='lat'><strong>⁸.</strong></span> 
     </span>
    </p>
   </div>
   <div class='ocr_carea' id='block_1_9' title="bbox 539 1574 1359 1628">
    <p class='ocr_par' dir='ltr' id='par_1_9' title="bbox 539 1574 1359 1628">
     <span class='ocr_line' id='line_1_13' title="bbox 539 1574 1359 1628; baseline 0.007 -15"><span class='ocrx_word' id='word_1_65' title='bbox 539 1574 819 1628; x_wconf 59' lang='lat' dir='ltr'><strong>Arar-two,</strong></span> <span class='ocrx_word' id='word_1_66' title='bbox 852 1575 1117 1619; x_wconf 57' lang='lat' dir='ltr'><strong>firmuis</strong></span> <span class='ocrx_word' id='word_1_67' title='bbox 1147 1578 1359 1620; x_wconf 62' lang='grc' dir='ltr'><strong>61111βῖ1.</strong></span> 
     </span>
    </p>
   </div>
   <div class='ocr_carea' id='block_1_10' title="bbox 118 1708 1726 3207">
    <p class='ocr_par' dir='ltr' id='par_1_10' title="bbox 118 1708 1726 1925">
     <span class='ocr_line' id='line_1_14' title="bbox 118 1708 1726 1783; baseline 0.005 -20"><span class='ocrx_word' id='word_1_68' title='bbox 118 1708 447 1777; x_wconf 72' lang='lat' dir='ltr'><strong>Appetitas</strong></span> <span class='ocrx_word' id='word_1_69' title='bbox 466 1708 579 1765; x_wconf 86' lang='lat' dir='ltr'><strong>duo</strong></span> <span class='ocrx_word' id='word_1_70' title='bbox 612 1708 671 1763; x_wconf 88' lang='lat' dir='ltr'><strong>in</strong></span> <span class='ocrx_word' id='word_1_71' title='bbox 706 1710 945 1771; x_wconf 81' lang='lat' dir='ltr'><strong>bomine.</strong></span> <span class='ocrx_word' id='word_1_72' title='bbox 978 1724 1213 1778; x_wconf 82' lang='lat' dir='ltr'><strong>quorum</strong></span> <span class='ocrx_word' id='word_1_73' title='bbox 1240 1714 1287 1768; x_wconf 87' lang='lat' dir='ltr'><strong>si</strong></span> <span class='ocrx_word' id='word_1_74' title='bbox 1322 1714 1555 1770; x_wconf 78' lang='lat' dir='ltr'><strong>inferior</strong></span> <span class='ocrx_word' id='word_1_75' title='bbox 1593 1729 1726 1783; x_wconf 87' lang='lat' dir='ltr'><strong>pec·</strong></span> 
     </span>
     <span class='ocr_line' id='line_1_15' title="bbox 212 1784 1723 1859; baseline 0.005 -22"><span class='ocrx_word' id='word_1_76' title='bbox 212 1784 449 1846; x_wconf 79' lang='lat' dir='ltr'><strong>caverit,</strong></span> <span class='ocrx_word' id='word_1_77' title='bbox 498 1786 767 1853; x_wconf 80' lang='lat' dir='ltr'><strong>superiori</strong></span> <span class='ocrx_word' id='word_1_78' title='bbox 808 1788 1085 1855; x_wconf 76' lang='lat' dir='ltr'><strong>tribuitur,</strong></span> <span class='ocrx_word' id='word_1_79' title='bbox 1124 1790 1171 1843; x_wconf 88' lang='lat' dir='ltr'><strong>si</strong></span> <span class='ocrx_word' id='word_1_80' title='bbox 1217 1791 1393 1857; x_wconf 82' lang='lat' dir='ltr'><strong>potuit</strong></span> <span class='ocrx_word' id='word_1_81' title='bbox 1434 1792 1723 1859; x_wconf 86' lang='lat' dir='ltr'><strong>impedire,</strong></span> 
     </span>
     <span class='ocr_line' id='line_1_16' title="bbox 216 1862 530 1925; baseline 0 -10"><span class='ocrx_word' id='word_1_82' title='bbox 216 1862 280 1915; x_wconf 85' lang='lat' dir='ltr'><strong>d.</strong></span> <span class='ocrx_word' id='word_1_83' title='bbox 300 1867 388 1925; x_wconf 74' lang='grc'><strong>33,</strong></span> <span class='ocrx_word' id='word_1_84' title='bbox 414 1874 458 1914; x_wconf 89' lang='lat' dir='ltr'><strong>s.</strong></span> <span class='ocrx_word' id='word_1_85' title='bbox 482 1866 530 1915; x_wconf 66' lang='grc' dir='ltr'><strong>ἰ.</strong></span> 
     </span>
    </p>

    <p class='ocr_par' dir='ltr' id='par_1_11' title="bbox 122 1937 1723 2313">
     <span class='ocr_line' id='line_1_17' title="bbox 122 1937 1721 2005; baseline 0.005 -14"><span class='ocrx_word' id='word_1_86' title='bbox 122 1937 443 2005; x_wconf 71' lang='lat' dir='ltr'><strong>Appetitas</strong></span> <span class='ocrx_word' id='word_1_87' title='bbox 462 1937 757 1993; x_wconf 82' lang='lat' dir='ltr'><strong>sensitivus</strong></span> <span class='ocrx_word' id='word_1_88' title='bbox 776 1952 937 1993; x_wconf 84' lang='lat' dir='ltr'><strong>verus</strong></span> <span class='ocrx_word' id='word_1_89' title='bbox 958 1941 1015 1994; x_wconf 88' lang='lat' dir='ltr'><strong>in</strong></span> <span class='ocrx_word' id='word_1_90' title='bbox 1038 1942 1251 1995; x_wconf 80' lang='lat' dir='ltr'><strong>Christo</strong></span> <span class='ocrx_word' id='word_1_91' title='bbox 1280 1941 1401 1999; x_wconf 80' lang='lat' dir='ltr'><strong>ruit.</strong></span> <span class='ocrx_word' id='word_1_92' title='bbox 1424 1944 1480 1998; x_wconf 91' lang='lat' dir='ltr'><strong>d.</strong></span> <span class='ocrx_word' id='word_1_93' title='bbox 1503 1948 1583 2001; x_wconf 71' lang='grc'><strong>36.</strong></span> <span class='ocrx_word' id='word_1_94' title='bbox 1606 1959 1647 1997; x_wconf 90' lang='lat' dir='ltr'><strong>s.</strong></span> <span class='ocrx_word' id='word_1_95' title='bbox 1674 1950 1721 1999; x_wconf 78' lang='lat'><strong>1.</strong></span> 
     </span>
     <span class='ocr_line' id='line_1_18' title="bbox 214 2014 1723 2087; baseline 0.006 -20"><span class='ocrx_word' id='word_1_96' title='bbox 214 2015 460 2081; x_wconf 71' lang='lat' dir='ltr'><strong>Eiusque</strong></span> <span class='ocrx_word' id='word_1_97' title='bbox 486 2014 603 2069; x_wconf 82' lang='lat' dir='ltr'><strong>veri</strong></span> <span class='ocrx_word' id='word_1_98' title='bbox 640 2021 696 2069; x_wconf 87' lang='lat' dir='ltr'><strong>et</strong></span> <span class='ocrx_word' id='word_1_99' title='bbox 736 2015 941 2083; x_wconf 84' lang='lat' dir='ltr'><strong>proprii</strong></span> <span class='ocrx_word' id='word_1_100' title='bbox 978 2024 1129 2072; x_wconf 81' lang='lat' dir='ltr'><strong>aetus</strong></span> <span class='ocrx_word' id='word_1_101' title='bbox 1152 2019 1211 2071; x_wconf 90' lang='lat' dir='ltr'><strong>in</strong></span> <span class='ocrx_word' id='word_1_102' title='bbox 1238 2020 1451 2075; x_wconf 82' lang='lat' dir='ltr'><strong>Christo</strong></span> <span class='ocrx_word' id='word_1_103' title='bbox 1480 2021 1723 2087; x_wconf 82' lang='lat' dir='ltr'><strong>fuerunt,</strong></span> 
     </span>
     <span class='ocr_line' id='line_1_19' title="bbox 214 2090 773 2155; baseline 0.004 -12"><span class='ocrx_word' id='word_1_104' title='bbox 214 2090 281 2143; x_wconf 90' lang='lat' dir='ltr'><strong>d.</strong></span> <span class='ocrx_word' id='word_1_105' title='bbox 308 2095 395 2151; x_wconf 72' lang='lat'><strong>34,</strong></span> <span class='ocrx_word' id='word_1_106' title='bbox 415 2104 457 2143; x_wconf 84' lang='lat' dir='ltr'><strong>s.</strong></span> <span class='ocrx_word' id='word_1_107' title='bbox 484 2094 533 2144; x_wconf 88' lang='lat'><strong>1.</strong></span> <span class='ocrx_word' id='word_1_108' title='bbox 766 2150 773 2155; x_wconf 23' lang='lat'>⁶</span> 
     </span>
     <span class='ocr_line' id='line_1_20' title="bbox 210 2166 1718 2239; baseline 0.007 -22"><span class='ocrx_word' id='word_1_109' title='bbox 210 2166 337 2219; x_wconf 83' lang='lat' dir='ltr'><strong>Non</strong></span> <span class='ocrx_word' id='word_1_110' title='bbox 367 2177 495 2218; x_wconf 82' lang='lat' dir='ltr'><strong>vero</strong></span> <span class='ocrx_word' id='word_1_111' title='bbox 525 2166 733 2232; x_wconf 85' lang='lat' dir='ltr'><strong>absque</strong></span> <span class='ocrx_word' id='word_1_112' title='bbox 764 2179 1037 2223; x_wconf 81' lang='lat' dir='ltr'><strong>consensu</strong></span> <span class='ocrx_word' id='word_1_113' title='bbox 1068 2170 1297 2225; x_wconf 84' lang='lat' dir='ltr'><strong>rationis</strong></span> <span class='ocrx_word' id='word_1_114' title='bbox 1320 2174 1375 2225; x_wconf 82' lang='lat' dir='ltr'><strong>et</strong></span> <span class='ocrx_word' id='word_1_115' title='bbox 1406 2171 1718 2239; x_wconf 79' lang='lat' dir='ltr'><strong>voluntatis,</strong></span> 
     </span>
     <span class='ocr_line' id='line_1_21' title="bbox 212 2244 1457 2313; baseline 0.003 -18"><span class='ocrx_word' id='word_1_116' title='bbox 212 2253 384 2307; x_wconf 87' lang='lat' dir='ltr'><strong>quem</strong></span> <span class='ocrx_word' id='word_1_117' title='bbox 408 2254 691 2307; x_wconf 78' lang='lat' dir='ltr'><strong>nunquam</strong></span> <span class='ocrx_word' id='word_1_118' title='bbox 720 2244 1023 2311; x_wconf 76' lang='lat' dir='ltr'><strong>praevenire</strong></span> <span class='ocrx_word' id='word_1_119' title='bbox 1046 2252 1357 2313; x_wconf 88' lang='lat' dir='ltr'><strong>potuerunt,</strong></span> <span class='ocrx_word' id='word_1_120' title='bbox 1380 2247 1457 2299; x_wconf 88' lang='lat' dir='ltr'><strong>ib.</strong></span> 
     </span>
    </p>

    <p class='ocr_par' dir='ltr' id='par_1_12' title="bbox 130 2316 1721 2541">
     <span class='ocr_line' id='line_1_22' title="bbox 130 2316 1719 2391; baseline 0.004 -20"><span class='ocrx_word' id='word_1_121' title='bbox 130 2316 440 2383; x_wconf 73' lang='lat' dir='ltr'><strong>Appetitus</strong></span> <span class='ocrx_word' id='word_1_122' title='bbox 466 2317 628 2382; x_wconf 76' lang='lat' dir='ltr'><strong>hujus</strong></span> <span class='ocrx_word' id='word_1_123' title='bbox 659 2325 809 2373; x_wconf 86' lang='lat' dir='ltr'><strong>actus</strong></span> <span class='ocrx_word' id='word_1_124' title='bbox 838 2333 909 2373; x_wconf 86' lang='lat' dir='ltr'><strong>an</strong></span> <span class='ocrx_word' id='word_1_125' title='bbox 946 2320 1152 2375; x_wconf 79' lang='lat' dir='ltr'><strong>suerint</strong></span> <span class='ocrx_word' id='word_1_126' title='bbox 1175 2322 1231 2375; x_wconf 89' lang='lat' dir='ltr'><strong>in</strong></span> <span class='ocrx_word' id='word_1_127' title='bbox 1251 2322 1463 2377; x_wconf 81' lang='lat' dir='ltr'><strong>Christo</strong></span> <span class='ocrx_word' id='word_1_128' title='bbox 1492 2324 1719 2391; x_wconf 77' lang='lat' dir='ltr'><strong>profecti</strong></span> 
     </span>
     <span class='ocr_line' id='line_1_23' title="bbox 212 2391 1721 2463; baseline 0.007 -18"><span class='ocrx_word' id='word_1_129' title='bbox 212 2391 521 2459; x_wconf 77' lang='lat' dir='ltr'><strong>expositive</strong></span> <span class='ocrx_word' id='word_1_130' title='bbox 566 2405 865 2457; x_wconf 87' lang='lat' dir='ltr'><strong>consensu,</strong></span> <span class='ocrx_word' id='word_1_131' title='bbox 906 2402 963 2451; x_wconf 91' lang='lat' dir='ltr'><strong>et</strong></span> <span class='ocrx_word' id='word_1_132' title='bbox 1006 2396 1247 2453; x_wconf 85' lang='lat' dir='ltr'><strong>motione</strong></span> <span class='ocrx_word' id='word_1_133' title='bbox 1278 2398 1605 2463; x_wconf 82' lang='lat' dir='ltr'><strong>voluntatis;</strong></span> <span class='ocrx_word' id='word_1_134' title='bbox 1646 2413 1721 2455; x_wconf 85' lang='lat' dir='ltr'><strong>an</strong></span> 
     </span>
     <span class='ocr_line' id='line_1_24' title="bbox 212 2468 1608 2541; baseline 0.006 -21"><span class='ocrx_word' id='word_1_135' title='bbox 212 2480 347 2521; x_wconf 76' lang='lat' dir='ltr'><strong>vero</strong></span> <span class='ocrx_word' id='word_1_136' title='bbox 372 2468 647 2523; x_wconf 85' lang='lat' dir='ltr'><strong>interdum</strong></span> <span class='ocrx_word' id='word_1_137' title='bbox 678 2470 883 2525; x_wconf 82' lang='lat' dir='ltr'><strong>suerint</strong></span> <span class='ocrx_word' id='word_1_138' title='bbox 906 2473 1121 2538; x_wconf 77' lang='lat' dir='ltr'><strong>praevisi</strong></span> <span class='ocrx_word' id='word_1_139' title='bbox 1150 2480 1205 2529; x_wconf 89' lang='lat' dir='ltr'><strong>et</strong></span> <span class='ocrx_word' id='word_1_140' title='bbox 1236 2475 1509 2541; x_wconf 87' lang='lat' dir='ltr'><strong>permissi,</strong></span> <span class='ocrx_word' id='word_1_141' title='bbox 1533 2476 1608 2530; x_wconf 84' lang='lat' dir='ltr'><strong>ib.</strong></span> 
     </span>
    </p>

    <p class='ocr_par' dir='ltr' id='par_1_13' title="bbox 138 2543 1719 2682">
     <span class='ocr_line' id='line_1_25' title="bbox 138 2543 1719 2620; baseline 0.006 -22"><span class='ocrx_word' id='word_1_142' title='bbox 138 2543 439 2611; x_wconf 73' lang='lat' dir='ltr'><strong>Appetitas</strong></span> <span class='ocrx_word' id='word_1_143' title='bbox 468 2545 767 2615; x_wconf 82' lang='lat' dir='ltr'><strong>sensitivus</strong></span> <span class='ocrx_word' id='word_1_144' title='bbox 784 2547 984 2601; x_wconf 81' lang='lat' dir='ltr'><strong>christi</strong></span> <span class='ocrx_word' id='word_1_145' title='bbox 1004 2555 1061 2603; x_wconf 87' lang='lat' dir='ltr'><strong>et</strong></span> <span class='ocrx_word' id='word_1_146' title='bbox 1080 2550 1403 2617; x_wconf 76' lang='lat' dir='ltr'><strong>refugiebat,</strong></span> <span class='ocrx_word' id='word_1_147' title='bbox 1426 2558 1481 2607; x_wconf 87' lang='lat' dir='ltr'><strong>et</strong></span> <span class='ocrx_word' id='word_1_148' title='bbox 1498 2559 1719 2620; x_wconf 88' lang='lat' dir='ltr'><strong>appete·</strong></span> 
     </span>
     <span class='ocr_line' id='line_1_26' title="bbox 214 2620 751 2682; baseline 0.007 -11"><span class='ocrx_word' id='word_1_149' title='bbox 214 2620 314 2672; x_wconf 86' lang='lat' dir='ltr'><strong>bat</strong></span> <span class='ocrx_word' id='word_1_150' title='bbox 345 2626 597 2682; x_wconf 82' lang='lat' dir='ltr'><strong>mortem,</strong></span> <span class='ocrx_word' id='word_1_151' title='bbox 627 2636 673 2675; x_wconf 91' lang='lat' dir='ltr'><strong>s.</strong></span> <span class='ocrx_word' id='word_1_152' title='bbox 703 2625 751 2675; x_wconf 68' lang='grc' dir='ltr'><strong>Ξ.</strong></span> 
     </span>
    </p>

    <p class='ocr_par' dir='ltr' id='par_1_14' title="bbox 142 2696 1721 2919">
     <span class='ocr_line' id='line_1_27' title="bbox 142 2696 1721 2769; baseline 0.008 -22"><span class='ocrx_word' id='word_1_153' title='bbox 142 2698 439 2761; x_wconf 76' lang='lat' dir='ltr'><strong>Appetitas</strong></span> <span class='ocrx_word' id='word_1_154' title='bbox 464 2696 759 2753; x_wconf 81' lang='lat' dir='ltr'><strong>sensitivus</strong></span> <span class='ocrx_word' id='word_1_155' title='bbox 786 2700 985 2753; x_wconf 78' lang='lat' dir='ltr'><strong>Christi</strong></span> <span class='ocrx_word' id='word_1_156' title='bbox 1012 2699 1119 2755; x_wconf 85' lang='lat' dir='ltr'><strong>suit</strong></span> <span class='ocrx_word' id='word_1_157' title='bbox 1156 2701 1344 2769; x_wconf 87' lang='lat' dir='ltr'><strong>aliquo</strong></span> <span class='ocrx_word' id='word_1_158' title='bbox 1382 2704 1547 2759; x_wconf 89' lang='lat' dir='ltr'><strong>modo</strong></span> <span class='ocrx_word' id='word_1_159' title='bbox 1582 2717 1721 2759; x_wconf 85' lang='lat' dir='ltr'><strong>oon·</strong></span> 
     </span>
     <span class='ocr_line' id='line_1_28' title="bbox 217 2770 1721 2847; baseline 0.007 -24"><span class='ocrx_word' id='word_1_160' title='bbox 217 2770 415 2825; x_wconf 78' lang='lat' dir='ltr'><strong>formis</strong></span> <span class='ocrx_word' id='word_1_161' title='bbox 433 2772 639 2827; x_wconf 81' lang='lat' dir='ltr'><strong>divinae</strong></span> <span class='ocrx_word' id='word_1_162' title='bbox 660 2774 925 2829; x_wconf 84' lang='lat' dir='ltr'><strong>voluntati</strong></span> <span class='ocrx_word' id='word_1_163' title='bbox 948 2777 1093 2829; x_wconf 88' lang='lat' dir='ltr'><strong>eirca</strong></span> <span class='ocrx_word' id='word_1_164' title='bbox 1118 2778 1331 2843; x_wconf 85' lang='lat' dir='ltr'><strong>objecta</strong></span> <span class='ocrx_word' id='word_1_165' title='bbox 1360 2781 1721 2847; x_wconf 76' lang='lat' dir='ltr'><strong>repugnantia</strong></span> 
     </span>
     <span class='ocr_line' id='line_1_29' title="bbox 216 2849 1501 2919; baseline 0.009 -20"><span class='ocrx_word' id='word_1_166' title='bbox 216 2859 289 2899; x_wconf 82' lang='lat' dir='ltr'><strong>ex</strong></span> <span class='ocrx_word' id='word_1_167' title='bbox 306 2849 547 2903; x_wconf 86' lang='lat' dir='ltr'><strong>motione</strong></span> <span class='ocrx_word' id='word_1_168' title='bbox 567 2850 835 2918; x_wconf 81' lang='lat' dir='ltr'><strong>portionis</strong></span> <span class='ocrx_word' id='word_1_169' title='bbox 854 2852 1169 2919; x_wconf 73' lang='lat' dir='ltr'><strong>superioris.</strong></span> <span class='ocrx_word' id='word_1_170' title='bbox 1190 2853 1247 2908; x_wconf 92' lang='lat' dir='ltr'><strong>d.</strong></span> <span class='ocrx_word' id='word_1_171' title='bbox 1270 2857 1354 2911; x_wconf 79' lang='grc'><strong>37.</strong></span> <span class='ocrx_word' id='word_1_172' title='bbox 1374 2868 1419 2907; x_wconf 88' lang='lat' dir='ltr'><strong>s.</strong></span> <span class='ocrx_word' id='word_1_173' title='bbox 1450 2862 1501 2910; x_wconf 74' lang='lat'><strong>5.</strong></span> 
     </span>
    </p>

    <p class='ocr_par' dir='ltr' id='par_1_15' title="bbox 216 2922 1719 3207">
     <span class='ocr_line' id='line_1_30' title="bbox 216 2922 1719 2999; baseline 0.01 -27"><span class='ocrx_word' id='word_1_174' title='bbox 216 2922 356 2976; x_wconf 82' lang='lat' dir='ltr'><strong>Vide</strong></span> <span class='ocrx_word' id='word_1_175' title='bbox 406 2925 849 2992; x_wconf 72' lang='lat' dir='ltr'><strong>Concupiscentia</strong></span> <span class='ocrx_word' id='word_1_176' title='bbox 868 2968 881 2993; x_wconf 91' lang='lat'><strong>,</strong></span> <span class='ocrx_word' id='word_1_177' title='bbox 936 2928 1267 2983; x_wconf 82' lang='lat' dir='ltr'><strong>sensualitas</strong></span> <span class='ocrx_word' id='word_1_178' title='bbox 1288 2969 1301 2993; x_wconf 89' lang='lat'><strong>,</strong></span> <span class='ocrx_word' id='word_1_179' title='bbox 1348 2930 1571 2999; x_wconf 76' lang='lat' dir='ltr'><strong>FomeS,</strong></span> <span class='ocrx_word' id='word_1_180' title='bbox 1612 2932 1719 2987; x_wconf 86' lang='lat' dir='ltr'><strong>Vo-</strong></span> 
     </span>
     <span class='ocr_line' id='line_1_31' title="bbox 220 2997 427 3055; baseline 0.029 -5"><span class='ocrx_word' id='word_1_181' title='bbox 220 2997 427 3055; x_wconf 80' lang='lat' dir='ltr'><strong>luntas.</strong></span> 
     </span>
     <span class='ocr_line' id='line_1_32' title="bbox 448 3150 1438 3207; baseline 0.007 -17"><span class='ocrx_word' id='word_1_182' title='bbox 448 3150 727 3207; x_wconf 62' lang='lat' dir='ltr'><strong>assumo,</strong></span> <span class='ocrx_word' id='word_1_183' title='bbox 761 3154 1031 3207; x_wconf 64' lang='lat' dir='ltr'><strong>assensn,</strong></span> <span class='ocrx_word' id='word_1_184' title='bbox 1066 3156 1438 3197; x_wconf 64' lang='lat' dir='ltr'><strong>Assuurrmus.</strong></span> 
     </span>
    </p>
   </div>
   <div class='ocr_carea' id='block_1_11' title="bbox 156 3302 1717 3446">
    <p class='ocr_par' dir='ltr' id='par_1_16' title="bbox 156 3302 1717 3446">
     <span class='ocr_line' id='line_1_33' title="bbox 156 3302 1717 3381; baseline 0.009 -26"><span class='ocrx_word' id='word_1_185' title='bbox 156 3302 563 3369; x_wconf 73' lang='lat' dir='ltr'><strong>Assumptibilis</strong></span> <span class='ocrx_word' id='word_1_186' title='bbox 592 3305 808 3361; x_wconf 85' lang='lat' dir='ltr'><strong>duobus</strong></span> <span class='ocrx_word' id='word_1_187' title='bbox 840 3306 1020 3362; x_wconf 84' lang='lat' dir='ltr'><strong>modis</strong></span> <span class='ocrx_word' id='word_1_188' title='bbox 1046 3308 1233 3376; x_wconf 86' lang='lat' dir='ltr'><strong>aliqua</strong></span> <span class='ocrx_word' id='word_1_189' title='bbox 1274 3314 1469 3367; x_wconf 87' lang='lat' dir='ltr'><strong>natura</strong></span> <span class='ocrx_word' id='word_1_190' title='bbox 1494 3312 1717 3381; x_wconf 87' lang='lat' dir='ltr'><strong>dicitur,</strong></span> 
     </span>
     <span class='ocr_line' id='line_1_34' title="bbox 220 3379 871 3446; baseline 0.011 -16"><span class='ocrx_word' id='word_1_191' title='bbox 220 3379 521 3444; x_wconf 79' lang='lat' dir='ltr'><strong>atquibus.</strong></span> <span class='ocrx_word' id='word_1_192' title='bbox 548 3382 602 3435; x_wconf 88' lang='lat' dir='ltr'><strong>d.</strong></span> <span class='ocrx_word' id='word_1_193' title='bbox 642 3386 719 3446; x_wconf 78' lang='grc'><strong>13,</strong></span> <span class='ocrx_word' id='word_1_194' title='bbox 744 3397 788 3436; x_wconf 92' lang='lat' dir='ltr'><strong>s.</strong></span> <span class='ocrx_word' id='word_1_195' title='bbox 824 3388 871 3437; x_wconf 77' lang='lat'><strong>⁴.</strong></span> 
     </span>
    </p>
   </div>
   <div class='ocr_carea' id='block_1_12' title="bbox 152 3451 1713 3658">
    <p class='ocr_par' dir='ltr' id='par_1_17' title="bbox 152 3451 1713 3658">
     <span class='ocr_line' id='line_1_35' title="bbox 155 3451 1713 3528; baseline 0.012 -27"><span class='ocrx_word' id='word_1_196' title='bbox 155 3451 307 3513; x_wconf 73' lang='lat' dir='ltr'><strong>Quod</strong></span> <span class='ocrx_word' id='word_1_197' title='bbox 336 3458 643 3513; x_wconf 71' lang='lat' dir='ltr'><strong>assumitur.</strong></span> <span class='ocrx_word' id='word_1_198' title='bbox 672 3462 991 3525; x_wconf 70' lang='lat' dir='ltr'><strong>supponitur</strong></span> <span class='ocrx_word' id='word_1_199' title='bbox 1012 3463 1379 3527; x_wconf 66' lang='lat' dir='ltr'><strong>assumptioni,</strong></span> <span class='ocrx_word' id='word_1_200' title='bbox 1400 3463 1457 3517; x_wconf 88' lang='lat' dir='ltr'><strong>d.</strong></span> <span class='ocrx_word' id='word_1_201' title='bbox 1480 3468 1561 3528; x_wconf 80' lang='lat'><strong>10,</strong></span> <span class='ocrx_word' id='word_1_202' title='bbox 1592 3479 1636 3517; x_wconf 79' lang='lat' dir='ltr'><strong>s,</strong></span> <span class='ocrx_word' id='word_1_203' title='bbox 1660 3472 1713 3519; x_wconf 74' lang='lat'><strong>8.</strong></span> 
     </span>
     <span class='ocr_line' id='line_1_36' title="bbox 152 3527 1713 3658; baseline 0.012 -79"><span class='ocrx_word' id='word_1_204' title='bbox 152 3527 371 3658; x_wconf 43' lang='lat' dir='ltr'><strong>Asiszmzi</strong></span> <span class='ocrx_word' id='word_1_205' title='bbox 400 3542 513 3658; x_wconf 50' lang='grc' dir='ltr'><strong>Ιζιοιι</strong></span> <span class='ocrx_word' id='word_1_206' title='bbox 548 3540 779 3599; x_wconf 87' lang='lat' dir='ltr'><strong>possunt</strong></span> <span class='ocrx_word' id='word_1_207' title='bbox 806 3541 983 3601; x_wconf 87' lang='lat' dir='ltr'><strong>partes</strong></span> <span class='ocrx_word' id='word_1_208' title='bbox 1015 3538 1376 3605; x_wconf 74' lang='lat' dir='ltr'><strong>metaphysica</strong></span> <span class='ocrx_word' id='word_1_209' title='bbox 1408 3544 1463 3592; x_wconf 86' lang='lat' dir='ltr'><strong>et</strong></span> <span class='ocrx_word' id='word_1_210' title='bbox 1496 3552 1611 3606; x_wconf 87' lang='lat' dir='ltr'><strong>our,</strong></span> <span class='ocrx_word' id='word_1_211' title='bbox 1650 3542 1713 3597; x_wconf 84' lang='lat' dir='ltr'><strong>d.</strong></span> 
     </span>
    </p>
   </div>
   <div class='ocr_carea' id='block_1_13' title="bbox 154 3680 1717 3828">
    <p class='ocr_par' dir='ltr' id='par_1_18' title="bbox 154 3680 1717 3828">
     <span class='ocr_line' id='line_1_37' title="bbox 154 3680 1717 3757; baseline 0.01 -27"><span class='ocrx_word' id='word_1_212' title='bbox 154 3680 563 3749; x_wconf 78' lang='lat' dir='ltr'><strong>Assumptibilis</strong></span> <span class='ocrx_word' id='word_1_213' title='bbox 592 3690 677 3737; x_wconf 91' lang='lat' dir='ltr'><strong>est</strong></span> <span class='ocrx_word' id='word_1_214' title='bbox 705 3685 931 3741; x_wconf 84' lang='lat' dir='ltr'><strong>materia</strong></span> <span class='ocrx_word' id='word_1_215' title='bbox 954 3688 1133 3755; x_wconf 85' lang='lat' dir='ltr'><strong>prima</strong></span> <span class='ocrx_word' id='word_1_216' title='bbox 1165 3689 1288 3744; x_wconf 85' lang='lat' dir='ltr'><strong>sine</strong></span> <span class='ocrx_word' id='word_1_217' title='bbox 1320 3690 1515 3757; x_wconf 76' lang='lat' dir='ltr'><strong>sonna,</strong></span> <span class='ocrx_word' id='word_1_218' title='bbox 1540 3696 1595 3747; x_wconf 87' lang='lat' dir='ltr'><strong>et</strong></span> <span class='ocrx_word' id='word_1_219' title='bbox 1614 3706 1717 3747; x_wconf 87' lang='lat' dir='ltr'><strong>na-</strong></span> 
     </span>
     <span class='ocr_line' id='line_1_38' title="bbox 220 3757 1079 3828; baseline 0.01 -20"><span class='ocrx_word' id='word_1_220' title='bbox 220 3761 341 3809; x_wconf 86' lang='lat' dir='ltr'><strong>tura</strong></span> <span class='ocrx_word' id='word_1_221' title='bbox 368 3757 577 3824; x_wconf 70' lang='lat' dir='ltr'><strong>integra</strong></span> <span class='ocrx_word' id='word_1_222' title='bbox 603 3767 657 3813; x_wconf 87' lang='lat' dir='ltr'><strong>et</strong></span> <span class='ocrx_word' id='word_1_223' title='bbox 682 3762 967 3828; x_wconf 86' lang='lat' dir='ltr'><strong>completa.</strong></span> <span class='ocrx_word' id='word_1_224' title='bbox 1005 3765 1079 3817; x_wconf 89' lang='lat' dir='ltr'><strong>ib.</strong></span> 
     </span>
    </p>
   </div>
   <div class='ocr_carea' id='block_1_14' title="bbox 153 3833 1721 4565">
    <p class='ocr_par' dir='ltr' id='par_1_19' title="bbox 154 3833 1721 3963">
     <span class='ocr_line' id='line_1_39' title="bbox 154 3833 1721 3963; baseline 0.008 -78"><span class='ocrx_word' id='word_1_225' title='bbox 154 3833 563 3963; x_wconf 54' lang='lat' dir='ltr'><strong>Astseurnptilbilis</strong></span> <span class='ocrx_word' id='word_1_226' title='bbox 586 3840 669 3889; x_wconf 85' lang='lat' dir='ltr'><strong>est</strong></span> <span class='ocrx_word' id='word_1_227' title='bbox 694 3837 871 3893; x_wconf 82' lang='lat' dir='ltr'><strong>fortna</strong></span> <span class='ocrx_word' id='word_1_228' title='bbox 899 3839 1267 3895; x_wconf 85' lang='lat' dir='ltr'><strong>substantialis</strong></span> <span class='ocrx_word' id='word_1_229' title='bbox 1284 3848 1533 3909; x_wconf 84' lang='lat' dir='ltr'><strong>separata</strong></span> <span class='ocrx_word' id='word_1_230' title='bbox 1550 3856 1585 3895; x_wconf 90' lang='lat' dir='ltr'><strong>a</strong></span> <span class='ocrx_word' id='word_1_231' title='bbox 1608 3856 1721 3897; x_wconf 88' lang='lat' dir='ltr'><strong>ma-</strong></span> 
     </span>
    </p>

    <p class='ocr_par' dir='ltr' id='par_1_20' title="bbox 301 3924 473 3963">
     <span class='ocr_line' id='line_1_40' title="bbox 301 3924 473 3963; baseline 0.017 -3"><span class='ocrx_word' id='word_1_232' title='bbox 301 3924 315 3960; x_wconf 85' lang='lat' dir='ltr'><strong>l</strong></span> <span class='ocrx_word' id='word_1_233' title='bbox 461 3952 473 3963; x_wconf 94' lang='lat'><strong>.</strong></span> 
     </span>
    </p>

    <p class='ocr_par' dir='ltr' id='par_1_21' title="bbox 153 3922 1713 4111">
     <span class='ocr_line' id='line_1_41' title="bbox 153 3922 1713 4111; baseline 0.007 -74"><span class='ocrx_word' id='word_1_234' title='bbox 153 3922 373 4111; x_wconf 43' lang='lat' dir='ltr'><strong>Asstfrzffi’</strong></span> <span class='ocrx_word' id='word_1_235' title='bbox 394 3924 507 4039; x_wconf 63' lang='lat' dir='ltr'><strong>non</strong></span> <span class='ocrx_word' id='word_1_236' title='bbox 526 3990 703 4053; x_wconf 83' lang='lat' dir='ltr'><strong>potest</strong></span> <span class='ocrx_word' id='word_1_237' title='bbox 718 4001 847 4057; x_wconf 87' lang='lat' dir='ltr'><strong>pars</strong></span> <span class='ocrx_word' id='word_1_238' title='bbox 868 3990 1151 4059; x_wconf 78' lang='lat' dir='ltr'><strong>integralis</strong></span> <span class='ocrx_word' id='word_1_239' title='bbox 1166 3992 1289 4047; x_wconf 87' lang='lat' dir='ltr'><strong>sine</strong></span> <span class='ocrx_word' id='word_1_240' title='bbox 1308 3993 1435 4049; x_wconf 85' lang='lat' dir='ltr'><strong>aliis</strong></span> <span class='ocrx_word' id='word_1_241' title='bbox 1452 3995 1713 4062; x_wconf 87' lang='lat' dir='ltr'><strong>partibus,</strong></span> 
     </span>
    </p>

    <p class='ocr_par' dir='ltr' id='par_1_22' title="bbox 154 4078 1716 4279">
     <span class='ocr_line' id='line_1_42' title="bbox 154 4078 1716 4203; baseline 0.007 -16"><span class='ocrx_word' id='word_1_242' title='bbox 154 4078 374 4189; x_wconf 50' lang='lat' dir='ltr'><strong>Asbsumi</strong></span> <span class='ocrx_word' id='word_1_243' title='bbox 405 4146 517 4190; x_wconf 89' lang='lat' dir='ltr'><strong>non</strong></span> <span class='ocrx_word' id='word_1_244' title='bbox 550 4140 721 4203; x_wconf 84' lang='lat' dir='ltr'><strong>potest</strong></span> <span class='ocrx_word' id='word_1_245' title='bbox 749 4138 925 4193; x_wconf 78' lang='lat' dir='ltr'><strong>sor-rna</strong></span> <span class='ocrx_word' id='word_1_246' title='bbox 956 4142 1310 4196; x_wconf 84' lang='lat' dir='ltr'><strong>accidentalis</strong></span> <span class='ocrx_word' id='word_1_247' title='bbox 1336 4143 1406 4196; x_wconf 90' lang='lat' dir='ltr'><strong>ad</strong></span> <span class='ocrx_word' id='word_1_248' title='bbox 1454 4144 1716 4198; x_wconf 84' lang='lat' dir='ltr'><strong>unionem</strong></span> 
     </span>
     <span class='ocr_line' id='line_1_43' title="bbox 220 4210 729 4279; baseline 0.008 -16"><span class='ocrx_word' id='word_1_249' title='bbox 220 4210 629 4279; x_wconf 77' lang='lat' dir='ltr'><strong>hypostaticam,</strong></span> <span class='ocrx_word' id='word_1_250' title='bbox 656 4214 729 4267; x_wconf 88' lang='lat' dir='ltr'><strong>ib.</strong></span> 
     </span>
    </p>

    <p class='ocr_par' dir='ltr' id='par_1_23' title="bbox 154 4289 1721 4565">
     <span class='ocr_line' id='line_1_44' title="bbox 154 4289 1719 4362; baseline 0.005 -23"><span class='ocrx_word' id='word_1_251' title='bbox 154 4289 445 4353; x_wconf 71' lang='lat' dir='ltr'><strong>Assumpta</strong></span> <span class='ocrx_word' id='word_1_252' title='bbox 465 4294 638 4355; x_wconf 83' lang='lat' dir='ltr'><strong>potest</strong></span> <span class='ocrx_word' id='word_1_253' title='bbox 664 4290 771 4344; x_wconf 88' lang='lat' dir='ltr'><strong>diei</strong></span> <span class='ocrx_word' id='word_1_254' title='bbox 802 4295 1030 4357; x_wconf 87' lang='lat' dir='ltr'><strong>utraque</strong></span> <span class='ocrx_word' id='word_1_255' title='bbox 1058 4306 1184 4362; x_wconf 86' lang='lat' dir='ltr'><strong>pars</strong></span> <span class='ocrx_word' id='word_1_256' title='bbox 1198 4292 1352 4360; x_wconf 88' lang='lat' dir='ltr'><strong>prius</strong></span> <span class='ocrx_word' id='word_1_257' title='bbox 1366 4292 1561 4347; x_wconf 84' lang='lat' dir='ltr'><strong>ordine</strong></span> <span class='ocrx_word' id='word_1_258' title='bbox 1592 4306 1719 4347; x_wconf 82' lang='lat' dir='ltr'><strong>exe-</strong></span> 
     </span>
     <span class='ocr_line' id='line_1_45' title="bbox 220 4360 1721 4435; baseline 0.005 -21"><span class='ocrx_word' id='word_1_259' title='bbox 220 4360 461 4415; x_wconf 86' lang='lat' dir='ltr'><strong>cutionis</strong></span> <span class='ocrx_word' id='word_1_260' title='bbox 491 4377 657 4429; x_wconf 84' lang='lat' dir='ltr'><strong>quam</strong></span> <span class='ocrx_word' id='word_1_261' title='bbox 688 4364 799 4419; x_wconf 87' lang='lat' dir='ltr'><strong>alia</strong></span> <span class='ocrx_word' id='word_1_262' title='bbox 831 4366 889 4419; x_wconf 90' lang='lat' dir='ltr'><strong>in</strong></span> <span class='ocrx_word' id='word_1_263' title='bbox 918 4381 1019 4423; x_wconf 89' lang='lat' dir='ltr'><strong>suo</strong></span> <span class='ocrx_word' id='word_1_264' title='bbox 1043 4380 1271 4435; x_wconf 77' lang='lat' dir='ltr'><strong>gener03</strong></span> <span class='ocrx_word' id='word_1_265' title='bbox 1292 4367 1615 4435; x_wconf 79' lang='lat' dir='ltr'><strong>simpliciter</strong></span> <span class='ocrx_word' id='word_1_266' title='bbox 1638 4374 1721 4422; x_wconf 77' lang='lat' dir='ltr'><strong>ta-</strong></span> 
     </span>
     <span class='ocr_line' id='line_1_46' title="bbox 220 4440 1717 4565; baseline 0.004 -76"><span class='ocrx_word' id='word_1_267' title='bbox 220 4449 350 4565; x_wconf 60' lang='lat' dir='ltr'><strong>sne-&#39;tn</strong></span> <span class='ocrx_word' id='word_1_268' title='bbox 371 4440 669 4506; x_wconf 87' lang='lat' dir='ltr'><strong>assumptio</strong></span> <span class='ocrx_word' id='word_1_269' title='bbox 692 4442 938 4507; x_wconf 85' lang='lat' dir='ltr'><strong>eorporis</strong></span> <span class='ocrx_word' id='word_1_270' title='bbox 958 4444 1175 4497; x_wconf 84' lang='lat' dir='ltr'><strong>videtur</strong></span> <span class='ocrx_word' id='word_1_271' title='bbox 1203 4445 1541 4507; x_wconf 85' lang='lat' dir='ltr'><strong>antecedere,</strong></span> <span class='ocrx_word' id='word_1_272' title='bbox 1561 4444 1615 4498; x_wconf 91' lang='lat' dir='ltr'><strong>d.</strong></span> <span class='ocrx_word' id='word_1_273' title='bbox 1636 4450 1717 4509; x_wconf 82' lang='lat'><strong>17,</strong></span> 
     </span>
    </p>
   </div>
   <div class='ocr_carea' id='block_1_15' title="bbox 153 4592 1725 5267">
    <p class='ocr_par' dir='ltr' id='par_1_24' title="bbox 153 4592 1725 5267">
     <span class='ocr_line' id='line_1_47' title="bbox 153 4592 1721 4663; baseline 0.004 -20"><span class='ocrx_word' id='word_1_274' title='bbox 153 4594 446 4657; x_wconf 79' lang='lat' dir='ltr'><strong>Assumpta</strong></span> <span class='ocrx_word' id='word_1_275' title='bbox 476 4596 559 4646; x_wconf 85' lang='lat' dir='ltr'><strong>est</strong></span> <span class='ocrx_word' id='word_1_276' title='bbox 590 4592 743 4659; x_wconf 88' lang='lat' dir='ltr'><strong>prius</strong></span> <span class='ocrx_word' id='word_1_277' title='bbox 761 4594 1061 4649; x_wconf 85' lang='lat' dir='ltr'><strong>substantia</strong></span> <span class='ocrx_word' id='word_1_278' title='bbox 1078 4609 1244 4663; x_wconf 86' lang='lat' dir='ltr'><strong>quam</strong></span> <span class='ocrx_word' id='word_1_279' title='bbox 1267 4594 1525 4650; x_wconf 81' lang='lat' dir='ltr'><strong>adveniat</strong></span> <span class='ocrx_word' id='word_1_280' title='bbox 1540 4596 1591 4651; x_wconf 88' lang='lat' dir='ltr'><strong>ei</strong></span> <span class='ocrx_word' id='word_1_281' title='bbox 1616 4596 1721 4649; x_wconf 86' lang='lat' dir='ltr'><strong>ali-</strong></span> 
     </span>
     <span class='ocr_line' id='line_1_48' title="bbox 225 4666 1033 4732; baseline 0.006 -14"><span class='ocrx_word' id='word_1_282' title='bbox 225 4666 375 4732; x_wconf 85' lang='lat' dir='ltr'><strong>quod</strong></span> <span class='ocrx_word' id='word_1_283' title='bbox 396 4667 671 4732; x_wconf 87' lang='lat' dir='ltr'><strong>accidens,</strong></span> <span class='ocrx_word' id='word_1_284' title='bbox 701 4669 755 4721; x_wconf 87' lang='lat' dir='ltr'><strong>d.</strong></span> <span class='ocrx_word' id='word_1_285' title='bbox 792 4674 873 4730; x_wconf 74' lang='lat'><strong>15,</strong></span> <span class='ocrx_word' id='word_1_286' title='bbox 907 4684 951 4723; x_wconf 84' lang='lat' dir='ltr'><strong>S.</strong></span> <span class='ocrx_word' id='word_1_287' title='bbox 982 4675 1033 4723; x_wconf 81' lang='lat'><strong>8.</strong></span> 
     </span>
     <span class='ocr_line' id='line_1_49' title="bbox 225 4740 1719 4827; baseline 0.007 -36"><span class='ocrx_word' id='word_1_288' title='bbox 225 4740 401 4827; x_wconf 52' lang='lat' dir='ltr'><strong>{itiam</strong></span> <span class='ocrx_word' id='word_1_289' title='bbox 432 4743 477 4795; x_wconf 91' lang='lat' dir='ltr'><strong>si</strong></span> <span class='ocrx_word' id='word_1_290' title='bbox 528 4743 633 4797; x_wconf 87' lang='lat' dir='ltr'><strong>tale</strong></span> <span class='ocrx_word' id='word_1_291' title='bbox 670 4744 957 4798; x_wconf 84' lang='lat' dir='ltr'><strong>duratione</strong></span> <span class='ocrx_word' id='word_1_292' title='bbox 996 4747 1329 4811; x_wconf 80' lang='lat' dir='ltr'><strong>praecesserit</strong></span> <span class='ocrx_word' id='word_1_293' title='bbox 1374 4746 1431 4799; x_wconf 89' lang='lat' dir='ltr'><strong>in</strong></span> <span class='ocrx_word' id='word_1_294' title='bbox 1474 4748 1719 4810; x_wconf 86' lang='lat' dir='ltr'><strong>materia,</strong></span> 
     </span>
     <span class='ocr_line' id='line_1_50' title="bbox 160 4818 1723 4966; baseline 0.004 -21"><span class='ocrx_word' id='word_1_295' title='bbox 160 4818 451 4947; x_wconf 48' lang='lat' dir='ltr'><strong>Aslsss’mere</strong></span> <span class='ocrx_word' id='word_1_296' title='bbox 486 4895 657 4947; x_wconf 84' lang='lat' dir='ltr'><strong>Deum</strong></span> <span class='ocrx_word' id='word_1_297' title='bbox 690 4902 937 4949; x_wconf 82' lang='lat' dir='ltr'><strong>naturam</strong></span> <span class='ocrx_word' id='word_1_298' title='bbox 961 4908 1086 4961; x_wconf 82' lang='lat' dir='ltr'><strong>quoe</strong></span> <span class='ocrx_word' id='word_1_299' title='bbox 1110 4896 1167 4949; x_wconf 88' lang='lat' dir='ltr'><strong>in</strong></span> <span class='ocrx_word' id='word_1_300' title='bbox 1195 4898 1415 4966; x_wconf 87' lang='lat' dir='ltr'><strong>proprio</strong></span> <span class='ocrx_word' id='word_1_301' title='bbox 1442 4898 1723 4965; x_wconf 85' lang='lat' dir='ltr'><strong>supposito</strong></span> 
     </span>
     <span class='ocr_line' id='line_1_51' title="bbox 230 4968 1723 5041; baseline 0.003 -21"><span class='ocrx_word' id='word_1_302' title='bbox 230 4968 397 5023; x_wconf 84' lang='lat' dir='ltr'><strong>suerit</strong></span> <span class='ocrx_word' id='word_1_303' title='bbox 414 4972 915 5038; x_wconf 80' lang='lat' dir='ltr'><strong>peceatosubjecta,</strong></span> <span class='ocrx_word' id='word_1_304' title='bbox 946 4984 1057 5025; x_wconf 90' lang='lat' dir='ltr'><strong>non</strong></span> <span class='ocrx_word' id='word_1_305' title='bbox 1082 4978 1163 5025; x_wconf 90' lang='lat' dir='ltr'><strong>est</strong></span> <span class='ocrx_word' id='word_1_306' title='bbox 1186 4972 1541 5039; x_wconf 86' lang='lat' dir='ltr'><strong>impossibile,</strong></span> <span class='ocrx_word' id='word_1_307' title='bbox 1562 4974 1617 5028; x_wconf 88' lang='lat' dir='ltr'><strong>d.</strong></span> <span class='ocrx_word' id='word_1_308' title='bbox 1642 4979 1723 5041; x_wconf 75' lang='grc'><strong>33,</strong></span> 
     </span>
     <span class='ocr_line' id='line_1_52' title="bbox 228 5048 1725 5191; baseline 0.003 -19"><span class='ocrx_word' id='word_1_309' title='bbox 228 5048 383 5173; x_wconf 51' lang='lat' dir='ltr'><strong>gage</strong></span> <span class='ocrx_word' id='word_1_310' title='bbox 414 5128 595 5177; x_wconf 87' lang='lat' dir='ltr'><strong>tamen</strong></span> <span class='ocrx_word' id='word_1_311' title='bbox 624 5135 737 5177; x_wconf 88' lang='lat' dir='ltr'><strong>non</strong></span> <span class='ocrx_word' id='word_1_312' title='bbox 764 5130 905 5179; x_wconf 86' lang='lat' dir='ltr'><strong>esset</strong></span> <span class='ocrx_word' id='word_1_313' title='bbox 938 5136 1130 5179; x_wconf 71' lang='lat' dir='ltr'><strong>rerum</strong></span> <span class='ocrx_word' id='word_1_314' title='bbox 1164 5123 1363 5191; x_wconf 78' lang='lat' dir='ltr'><strong>dicere,</strong></span> <span class='ocrx_word' id='word_1_315' title='bbox 1408 5125 1579 5178; x_wconf 83' lang='lat' dir='ltr'><strong>Deum</strong></span> <span class='ocrx_word' id='word_1_316' title='bbox 1618 5124 1725 5177; x_wconf 86' lang='lat' dir='ltr'><strong>ali·</strong></span> 
     </span>
     <span class='ocr_line' id='line_1_53' title="bbox 232 5196 855 5267; baseline 0.008 -19"><span class='ocrx_word' id='word_1_317' title='bbox 232 5196 454 5263; x_wconf 83' lang='lat' dir='ltr'><strong>quando</strong></span> <span class='ocrx_word' id='word_1_318' title='bbox 482 5211 748 5267; x_wconf 82' lang='lat' dir='ltr'><strong>peccasse,</strong></span> <span class='ocrx_word' id='word_1_319' title='bbox 782 5200 855 5255; x_wconf 87' lang='lat' dir='ltr'><strong>ib.</strong></span> 
     </span>
    </p>
   </div>
   <div class='ocr_carea' id='block_1_16' title="bbox 896 5332 1003 5371">
    <p class='ocr_par' dir='ltr' id='par_1_25' title="bbox 896 5332 1003 5371">
     <span class='ocr_line' id='line_1_54' title="bbox 896 5332 1003 5371; baseline 0.019 -2"><span class='ocrx_word' id='word_1_320' title='bbox 896 5332 1003 5371; x_wconf 64' lang='lat' dir='ltr'><strong>au.</strong></span> 
     </span>
    </p>
   </div>
   <div class='ocr_carea' id='block_1_17' title="bbox 172 5421 1643 5567">
    <p class='ocr_par' dir='ltr' id='par_1_26' title="bbox 172 5421 1643 5567">
     <span class='ocr_line' id='line_1_55' title="bbox 172 5421 1643 5499; baseline -0.003 -19"><span class='ocrx_word' id='word_1_321' title='bbox 172 5424 271 5480; x_wconf 68' lang='lat' dir='ltr'><strong>Ars</strong></span> <span class='ocrx_word' id='word_1_322' title='bbox 290 5421 617 5477; x_wconf 80' lang='lat' dir='ltr'><strong>factibilium</strong></span> <span class='ocrx_word' id='word_1_323' title='bbox 640 5423 697 5477; x_wconf 91' lang='lat' dir='ltr'><strong>in</strong></span> <span class='ocrx_word' id='word_1_324' title='bbox 725 5423 937 5479; x_wconf 83' lang='lat' dir='ltr'><strong>Christo</strong></span> <span class='ocrx_word' id='word_1_325' title='bbox 966 5423 1087 5488; x_wconf 77' lang='lat' dir='ltr'><strong>fuit,</strong></span> <span class='ocrx_word' id='word_1_326' title='bbox 1110 5425 1166 5480; x_wconf 88' lang='lat' dir='ltr'><strong>d.</strong></span> <span class='ocrx_word' id='word_1_327' title='bbox 1196 5430 1279 5489; x_wconf 71' lang='lat'><strong>25,</strong></span> <span class='ocrx_word' id='word_1_328' title='bbox 1302 5437 1347 5478; x_wconf 76' lang='lat' dir='ltr'><strong>s.</strong></span> <span class='ocrx_word' id='word_1_329' title='bbox 1371 5430 1421 5477; x_wconf 71' lang='lat'><strong>2.</strong></span> <span class='ocrx_word' id='word_1_330' title='bbox 1636 5491 1643 5499; x_wconf 33' lang='grc' dir='ltr'>Ι</span> 
     </span>
     <span class='ocr_line' id='line_1_56' title="bbox 175 5496 1581 5567; baseline 0 -16"><span class='ocrx_word' id='word_1_331' title='bbox 175 5500 275 5553; x_wconf 72' lang='lat' dir='ltr'><strong>Ars</strong></span> <span class='ocrx_word' id='word_1_332' title='bbox 296 5496 545 5554; x_wconf 73' lang='lat' dir='ltr'><strong>effectiva</strong></span> <span class='ocrx_word' id='word_1_333' title='bbox 574 5498 873 5565; x_wconf 79' lang='lat' dir='ltr'><strong>imaginum</strong></span> <span class='ocrx_word' id='word_1_334' title='bbox 906 5501 1131 5555; x_wconf 76' lang='lat' dir='ltr'><strong>honesta</strong></span> <span class='ocrx_word' id='word_1_335' title='bbox 1158 5506 1255 5567; x_wconf 87' lang='lat' dir='ltr'><strong>est,</strong></span> <span class='ocrx_word' id='word_1_336' title='bbox 1276 5500 1335 5555; x_wconf 88' lang='lat' dir='ltr'><strong>d.</strong></span> <span class='ocrx_word' id='word_1_337' title='bbox 1357 5504 1439 5566; x_wconf 68' lang='lat'><strong>³¹0,</strong></span> <span class='ocrx_word' id='word_1_338' title='bbox 1464 5514 1507 5553; x_wconf 85' lang='lat' dir='ltr'><strong>s.</strong></span> <span class='ocrx_word' id='word_1_339' title='bbox 1537 5504 1581 5553; x_wconf 84' lang='lat'><strong>1.</strong></span> 
     </span>
    </p>
   </div>
   <div class='ocr_carea' id='block_1_18' title="bbox 2443 494 2734 538">
    <p class='ocr_par' dir='ltr' id='par_1_27' title="bbox 2443 494 2734 538">
     <span class='ocr_line' id='line_1_57' title="bbox 2443 494 2734 538; baseline -0.007 -1"><span class='ocrx_word' id='word_1_340' title='bbox 2443 494 2534 537; x_wconf 71' lang='lat' dir='ltr'><strong>An·</strong></span> <span class='ocrx_word' id='word_1_341' title='bbox 2541 495 2711 538; x_wconf 70' lang='lat' dir='ltr'><strong>nanu</strong></span> <span class='ocrx_word' id='word_1_342' title='bbox 2721 522 2734 535; x_wconf 85' lang='lat'><strong>.</strong></span> 
     </span>
    </p>
   </div>
   <div class='ocr_carea' id='block_1_19' title="bbox 1806 573 3366 1323">
    <p class='ocr_par' dir='ltr' id='par_1_28' title="bbox 1806 573 3364 720">
     <span class='ocr_line' id='line_1_58' title="bbox 1806 573 3364 643; baseline 0.005 -13"><span class='ocrx_word' id='word_1_343' title='bbox 1806 573 2074 631; x_wconf 76' lang='lat' dir='ltr'><strong>Attributa</strong></span> <span class='ocrx_word' id='word_1_344' title='bbox 2106 574 2420 643; x_wconf 81' lang='lat' dir='ltr'><strong>personalia</strong></span> <span class='ocrx_word' id='word_1_345' title='bbox 2461 578 2634 631; x_wconf 79' lang='lat' dir='ltr'><strong>Patris</strong></span> <span class='ocrx_word' id='word_1_346' title='bbox 2667 582 2722 633; x_wconf 86' lang='lat' dir='ltr'><strong>et</strong></span> <span class='ocrx_word' id='word_1_347' title='bbox 2751 576 2984 643; x_wconf 79' lang='lat' dir='ltr'><strong>Spiritus</strong></span> <span class='ocrx_word' id='word_1_348' title='bbox 3013 576 3196 633; x_wconf 81' lang='lat' dir='ltr'><strong>Sancti</strong></span> <span class='ocrx_word' id='word_1_349' title='bbox 3249 588 3364 638; x_wconf 67' lang='lat'><strong>110⁸</strong></span> 
     </span>
     <span class='ocr_line' id='line_1_59' title="bbox 1872 653 2943 720; baseline 0.001 -14"><span class='ocrx_word' id='word_1_350' title='bbox 1872 653 2238 720; x_wconf 74' lang='lat' dir='ltr'><strong>praedicantur</strong></span> <span class='ocrx_word' id='word_1_351' title='bbox 2268 653 2338 708; x_wconf 89' lang='lat' dir='ltr'><strong>de</strong></span> <span class='ocrx_word' id='word_1_352' title='bbox 2370 654 2601 714; x_wconf 85' lang='lat' dir='ltr'><strong>christo.</strong></span> <span class='ocrx_word' id='word_1_353' title='bbox 2625 655 2662 708; x_wconf 93' lang='lat' dir='ltr'><strong>d</strong></span> <span class='ocrx_word' id='word_1_354' title='bbox 2713 659 2794 711; x_wconf 71' lang='lat'><strong>³5.</strong></span> <span class='ocrx_word' id='word_1_355' title='bbox 2815 668 2857 709; x_wconf 86' lang='lat' dir='ltr'><strong>s.</strong></span> <span class='ocrx_word' id='word_1_356' title='bbox 2895 660 2943 707; x_wconf 83' lang='lat' dir='ltr'><strong>t.</strong></span> 
     </span>
    </p>

    <p class='ocr_par' dir='ltr' id='par_1_29' title="bbox 1807 728 3362 871">
     <span class='ocr_line' id='line_1_60' title="bbox 1807 728 3362 793; baseline 0.003 -8"><span class='ocrx_word' id='word_1_357' title='bbox 1807 728 2074 785; x_wconf 70' lang='lat' dir='ltr'><strong>Attributa</strong></span> <span class='ocrx_word' id='word_1_358' title='bbox 2103 728 2298 785; x_wconf 79' lang='lat' dir='ltr'><strong>divina</strong></span> <span class='ocrx_word' id='word_1_359' title='bbox 2319 730 2582 786; x_wconf 74' lang='lat' dir='ltr'><strong>dicuntur</strong></span> <span class='ocrx_word' id='word_1_360' title='bbox 2613 730 2684 785; x_wconf 85' lang='lat' dir='ltr'><strong>de</strong></span> <span class='ocrx_word' id='word_1_361' title='bbox 2715 729 2945 793; x_wconf 79' lang='lat' dir='ltr'><strong>Christo.</strong></span> <span class='ocrx_word' id='word_1_362' title='bbox 2971 732 3070 787; x_wconf 78' lang='lat' dir='ltr'><strong>sed</strong></span> <span class='ocrx_word' id='word_1_363' title='bbox 3101 743 3214 787; x_wconf 87' lang='lat' dir='ltr'><strong>non</strong></span> <span class='ocrx_word' id='word_1_364' title='bbox 3234 744 3362 789; x_wconf 78' lang='lat' dir='ltr'><strong>eunt</strong></span> 
     </span>
     <span class='ocr_line' id='line_1_61' title="bbox 1871 803 2708 871; baseline 0.005 -14"><span class='ocrx_word' id='word_1_365' title='bbox 1871 803 2304 871; x_wconf 84' lang='lat' dir='ltr'><strong>reduplicatione</strong></span> <span class='ocrx_word' id='word_1_366' title='bbox 2335 812 2396 859; x_wconf 91' lang='lat' dir='ltr'><strong>ut</strong></span> <span class='ocrx_word' id='word_1_367' title='bbox 2420 807 2602 869; x_wconf 79' lang='lat' dir='ltr'><strong>bomo,</strong></span> <span class='ocrx_word' id='word_1_368' title='bbox 2633 806 2708 861; x_wconf 90' lang='lat' dir='ltr'><strong>ib.</strong></span> 
     </span>
    </p>

    <p class='ocr_par' dir='ltr' id='par_1_30' title="bbox 1807 880 3366 1102">
     <span class='ocr_line' id='line_1_62' title="bbox 1810 880 3366 947; baseline 0.001 -12"><span class='ocrx_word' id='word_1_369' title='bbox 1810 880 2076 935; x_wconf 72' lang='lat' dir='ltr'><strong>Attributa</strong></span> <span class='ocrx_word' id='word_1_370' title='bbox 2088 881 2340 947; x_wconf 83' lang='lat' dir='ltr'><strong>qnaedam</strong></span> <span class='ocrx_word' id='word_1_371' title='bbox 2356 882 2568 939; x_wconf 72' lang='lat' dir='ltr'><strong>Christo</strong></span> <span class='ocrx_word' id='word_1_372' title='bbox 2587 882 2926 938; x_wconf 83' lang='lat' dir='ltr'><strong>conveniunt</strong></span> <span class='ocrx_word' id='word_1_373' title='bbox 2941 882 3150 937; x_wconf 82' lang='lat' dir='ltr'><strong>ratione</strong></span> <span class='ocrx_word' id='word_1_374' title='bbox 3171 882 3366 938; x_wconf 83' lang='lat' dir='ltr'><strong>utrius·</strong></span> 
     </span>
     <span class='ocr_line' id='line_1_63' title="bbox 1871 961 3295 1022; baseline -0.003 -13"><span class='ocrx_word' id='word_1_375' title='bbox 1871 969 1980 1022; x_wconf 82' lang='lat' dir='ltr'><strong>que</strong></span> <span class='ocrx_word' id='word_1_376' title='bbox 2014 963 2240 1019; x_wconf 88' lang='lat' dir='ltr'><strong>naturae,</strong></span> <span class='ocrx_word' id='word_1_377' title='bbox 2271 961 2386 1011; x_wconf 55' lang='lat' dir='ltr'><strong>s.1⁴.</strong></span> <span class='ocrx_word' id='word_1_378' title='bbox 3287 998 3295 1005; x_wconf 92' lang='grc'><strong>.</strong></span> 
     </span>
     <span class='ocr_line' id='line_1_64' title="bbox 1807 1031 3366 1102; baseline 0.003 -15"><span class='ocrx_word' id='word_1_379' title='bbox 1807 1031 2076 1087; x_wconf 80' lang='lat' dir='ltr'><strong>Attributa</strong></span> <span class='ocrx_word' id='word_1_380' title='bbox 2105 1039 2474 1091; x_wconf 85' lang='lat' dir='ltr'><strong>creaturarum</strong></span> <span class='ocrx_word' id='word_1_381' title='bbox 2513 1033 2853 1089; x_wconf 84' lang='lat' dir='ltr'><strong>conveniunt</strong></span> <span class='ocrx_word' id='word_1_382' title='bbox 2881 1034 3110 1090; x_wconf 83' lang='lat' dir='ltr'><strong>chri-sto.</strong></span> <span class='ocrx_word' id='word_1_383' title='bbox 3145 1034 3366 1102; x_wconf 76' lang='lat' dir='ltr'><strong>quando</strong></span> 
     </span>
    </p>

    <p class='ocr_par' dir='ltr' id='par_1_31' title="bbox 1810 1106 3366 1323">
     <span class='ocr_line' id='line_1_65' title="bbox 1871 1106 3366 1178; baseline 0.003 -17"><span class='ocrx_word' id='word_1_384' title='bbox 1871 1117 1984 1161; x_wconf 87' lang='lat' dir='ltr'><strong>non</strong></span> <span class='ocrx_word' id='word_1_385' title='bbox 2015 1106 2308 1165; x_wconf 88' lang='lat' dir='ltr'><strong>includunt</strong></span> <span class='ocrx_word' id='word_1_386' title='bbox 2328 1111 2672 1178; x_wconf 83' lang='lat' dir='ltr'><strong>suppositum</strong></span> <span class='ocrx_word' id='word_1_387' title='bbox 2705 1116 2964 1171; x_wconf 71' lang='lat' dir='ltr'><strong>creauim.</strong></span> <span class='ocrx_word' id='word_1_388' title='bbox 3004 1115 3061 1165; x_wconf 87' lang='lat' dir='ltr'><strong>et</strong></span> <span class='ocrx_word' id='word_1_389' title='bbox 3096 1123 3161 1165; x_wconf 82' lang='lat' dir='ltr'><strong>ex</strong></span> <span class='ocrx_word' id='word_1_390' title='bbox 3189 1109 3366 1165; x_wconf 85' lang='lat' dir='ltr'><strong>nihilo</strong></span> 
     </span>
     <span class='ocr_line' id='line_1_66' title="bbox 1868 1184 2318 1247; baseline 0.002 -12"><span class='ocrx_word' id='word_1_391' title='bbox 1868 1184 2213 1247; x_wconf 87' lang='lat' dir='ltr'><strong>productum,</strong></span> <span class='ocrx_word' id='word_1_392' title='bbox 2243 1186 2318 1238; x_wconf 89' lang='lat' dir='ltr'><strong>ib.</strong></span> 
     </span>
     <span class='ocr_line' id='line_1_67' title="bbox 1810 1259 3361 1323; baseline 0.001 -10"><span class='ocrx_word' id='word_1_393' title='bbox 1810 1259 2074 1315; x_wconf 66' lang='lat' dir='ltr'><strong>Attribuia</strong></span> <span class='ocrx_word' id='word_1_394' title='bbox 2103 1261 2425 1323; x_wconf 81' lang='lat' dir='ltr'><strong>divinitatis,</strong></span> <span class='ocrx_word' id='word_1_395' title='bbox 2451 1262 2565 1317; x_wconf 88' lang='lat' dir='ltr'><strong>sive</strong></span> <span class='ocrx_word' id='word_1_396' title='bbox 2601 1261 2658 1315; x_wconf 87' lang='lat' dir='ltr'><strong>in</strong></span> <span class='ocrx_word' id='word_1_397' title='bbox 2701 1267 2972 1322; x_wconf 83' lang='lat' dir='ltr'><strong>concreto,</strong></span> <span class='ocrx_word' id='word_1_398' title='bbox 3017 1260 3132 1315; x_wconf 77' lang='lat' dir='ltr'><strong>sive</strong></span> <span class='ocrx_word' id='word_1_399' title='bbox 3165 1260 3222 1315; x_wconf 90' lang='lat' dir='ltr'><strong>in</strong></span> <span class='ocrx_word' id='word_1_400' title='bbox 3263 1262 3361 1315; x_wconf 81' lang='lat' dir='ltr'><strong>ab·</strong></span> 
     </span>
    </p>
   </div>
   <div class='ocr_carea' id='block_1_20' title="bbox 1871 1336 3361 1465">
    <p class='ocr_par' dir='ltr' id='par_1_32' title="bbox 1871 1336 3361 1465">
     <span class='ocr_line' id='line_1_68' title="bbox 1871 1336 3361 1463; baseline 0.001 -75"><span class='ocrx_word' id='word_1_401' title='bbox 1871 1342 2103 1463; x_wconf 50' lang='lat' dir='ltr'><strong>stracto,</strong></span> <span class='ocrx_word' id='word_1_402' title='bbox 2140 1350 2252 1393; x_wconf 87' lang='lat' dir='ltr'><strong>non</strong></span> <span class='ocrx_word' id='word_1_403' title='bbox 2295 1344 2522 1406; x_wconf 86' lang='lat' dir='ltr'><strong>possunt</strong></span> <span class='ocrx_word' id='word_1_404' title='bbox 2569 1340 2640 1393; x_wconf 87' lang='lat' dir='ltr'><strong>de</strong></span> <span class='ocrx_word' id='word_1_405' title='bbox 2688 1336 3023 1393; x_wconf 82' lang='lat' dir='ltr'><strong>humanitate</strong></span> <span class='ocrx_word' id='word_1_406' title='bbox 3057 1337 3361 1404; x_wconf 76' lang='lat' dir='ltr'><strong>praedicari,</strong></span> 
     </span>
     <span class='ocr_line' id='line_1_69' title="bbox 1871 1425 1999 1465; baseline 0.008 -1"><span class='ocrx_word' id='word_1_407' title='bbox 1871 1425 1915 1465; x_wconf 88' lang='lat' dir='ltr'><strong>s.</strong></span> <span class='ocrx_word' id='word_1_408' title='bbox 1989 1454 1999 1465; x_wconf 96' lang='lat'><strong>.</strong></span> 
     </span>
    </p>
   </div>
   <div class='ocr_carea' id='block_1_21' title="bbox 1802 1487 3368 2162">
    <p class='ocr_par' dir='ltr' id='par_1_33' title="bbox 1806 1487 3367 1705">
     <span class='ocr_line' id='line_1_70' title="bbox 1806 1487 3367 1556; baseline 0 -14"><span class='ocrx_word' id='word_1_409' title='bbox 1806 1487 2072 1542; x_wconf 77' lang='lat' dir='ltr'><strong>Attributa</strong></span> <span class='ocrx_word' id='word_1_410' title='bbox 2111 1488 2206 1543; x_wconf 81' lang='lat' dir='ltr'><strong>Dei</strong></span> <span class='ocrx_word' id='word_1_411' title='bbox 2239 1488 2562 1556; x_wconf 83' lang='lat' dir='ltr'><strong>simpliciter</strong></span> <span class='ocrx_word' id='word_1_412' title='bbox 2596 1489 2961 1555; x_wconf 74' lang='lat' dir='ltr'><strong>praedicantur</strong></span> <span class='ocrx_word' id='word_1_413' title='bbox 2980 1490 3048 1544; x_wconf 88' lang='lat' dir='ltr'><strong>de</strong></span> <span class='ocrx_word' id='word_1_414' title='bbox 3073 1488 3286 1543; x_wconf 84' lang='lat' dir='ltr'><strong>Christo</strong></span> <span class='ocrx_word' id='word_1_415' title='bbox 3313 1494 3367 1542; x_wconf 87' lang='lat' dir='ltr'><strong>et</strong></span> 
     </span>
     <span class='ocr_line' id='line_1_71' title="bbox 1872 1562 3366 1632; baseline 0.001 -15"><span class='ocrx_word' id='word_1_416' title='bbox 1872 1562 1943 1617; x_wconf 87' lang='lat' dir='ltr'><strong>de</strong></span> <span class='ocrx_word' id='word_1_417' title='bbox 1977 1564 2200 1617; x_wconf 81' lang='lat' dir='ltr'><strong>homine</strong></span> <span class='ocrx_word' id='word_1_418' title='bbox 2228 1564 2568 1619; x_wconf 80' lang='lat' dir='ltr'><strong>substantiali</strong></span> <span class='ocrx_word' id='word_1_419' title='bbox 2605 1565 2990 1632; x_wconf 68' lang='lat' dir='ltr'><strong>praedicatione</strong></span> <span class='ocrx_word' id='word_1_420' title='bbox 3009 1576 3136 1621; x_wconf 79' lang='lat' dir='ltr'><strong>vera</strong></span> <span class='ocrx_word' id='word_1_421' title='bbox 3157 1571 3214 1619; x_wconf 88' lang='lat' dir='ltr'><strong>et</strong></span> <span class='ocrx_word' id='word_1_422' title='bbox 3244 1574 3366 1631; x_wconf 82' lang='lat' dir='ltr'><strong>pro·</strong></span> 
     </span>
     <span class='ocr_line' id='line_1_72' title="bbox 1871 1638 2174 1705; baseline 0.007 -14"><span class='ocrx_word' id='word_1_423' title='bbox 1871 1638 2010 1705; x_wconf 86' lang='lat' dir='ltr'><strong>pria,</strong></span> <span class='ocrx_word' id='word_1_424' title='bbox 2043 1654 2088 1695; x_wconf 73' lang='grc' dir='ltr'><strong>ε.</strong></span> <span class='ocrx_word' id='word_1_425' title='bbox 2125 1645 2174 1693; x_wconf 74' lang='grc'><strong>8.</strong></span> 
     </span>
    </p>

    <p class='ocr_par' dir='ltr' id='par_1_34' title="bbox 1804 1715 3368 1858">
     <span class='ocr_line' id='line_1_73' title="bbox 1804 1715 3368 1783; baseline 0 -13"><span class='ocrx_word' id='word_1_426' title='bbox 1804 1715 2074 1770; x_wconf 80' lang='lat' dir='ltr'><strong>Attributa</strong></span> <span class='ocrx_word' id='word_1_427' title='bbox 2111 1715 2420 1769; x_wconf 83' lang='lat' dir='ltr'><strong>divinitatis</strong></span> <span class='ocrx_word' id='word_1_428' title='bbox 2461 1721 2516 1770; x_wconf 81' lang='lat' dir='ltr'><strong>et</strong></span> <span class='ocrx_word' id='word_1_429' title='bbox 2545 1716 2661 1783; x_wconf 86' lang='lat' dir='ltr'><strong>ipsa</strong></span> <span class='ocrx_word' id='word_1_430' title='bbox 2693 1715 2955 1772; x_wconf 86' lang='lat' dir='ltr'><strong>divinitas</strong></span> <span class='ocrx_word' id='word_1_431' title='bbox 2994 1728 3108 1773; x_wconf 87' lang='lat' dir='ltr'><strong>non</strong></span> <span class='ocrx_word' id='word_1_432' title='bbox 3142 1721 3368 1783; x_wconf 80' lang='lat' dir='ltr'><strong>possunt</strong></span> 
     </span>
     <span class='ocr_line' id='line_1_74' title="bbox 1867 1791 3044 1858; baseline -0.002 -13"><span class='ocrx_word' id='word_1_433' title='bbox 1867 1791 2154 1858; x_wconf 77' lang='lat' dir='ltr'><strong>praedicari</strong></span> <span class='ocrx_word' id='word_1_434' title='bbox 2181 1791 2250 1845; x_wconf 86' lang='lat' dir='ltr'><strong>de</strong></span> <span class='ocrx_word' id='word_1_435' title='bbox 2272 1792 2482 1845; x_wconf 84' lang='lat' dir='ltr'><strong>cbristo</strong></span> <span class='ocrx_word' id='word_1_436' title='bbox 2503 1792 2932 1853; x_wconf 79' lang='lat' dir='ltr'><strong>denominative,</strong></span> <span class='ocrx_word' id='word_1_437' title='bbox 2969 1792 3044 1845; x_wconf 86' lang='lat' dir='ltr'><strong>ib.</strong></span> 
     </span>
    </p>

    <p class='ocr_par' dir='ltr' id='par_1_35' title="bbox 1802 1867 3364 2009">
     <span class='ocr_line' id='line_1_75' title="bbox 1802 1867 3364 1936; baseline 0.001 -15"><span class='ocrx_word' id='word_1_438' title='bbox 1802 1867 2072 1921; x_wconf 74' lang='lat' dir='ltr'><strong>Attributa</strong></span> <span class='ocrx_word' id='word_1_439' title='bbox 2097 1868 2396 1922; x_wconf 65' lang='lat' dir='ltr'><strong>divinitatis</strong></span> <span class='ocrx_word' id='word_1_440' title='bbox 2430 1881 2538 1936; x_wconf 84' lang='lat' dir='ltr'><strong>qua</strong></span> <span class='ocrx_word' id='word_1_441' title='bbox 2576 1868 2785 1923; x_wconf 87' lang='lat' dir='ltr'><strong>ratione</strong></span> <span class='ocrx_word' id='word_1_442' title='bbox 2815 1867 3136 1923; x_wconf 82' lang='lat' dir='ltr'><strong>humanitati</strong></span> <span class='ocrx_word' id='word_1_443' title='bbox 3166 1867 3364 1923; x_wconf 80' lang='lat' dir='ltr'><strong>Christi</strong></span> 
     </span>
     <span class='ocr_line' id='line_1_76' title="bbox 1868 1942 2927 2009; baseline 0.001 -15"><span class='ocrx_word' id='word_1_444' title='bbox 1868 1942 2142 1997; x_wconf 86' lang='lat' dir='ltr'><strong>interdum</strong></span> <span class='ocrx_word' id='word_1_445' title='bbox 2169 1943 2562 1999; x_wconf 84' lang='lat' dir='ltr'><strong>communicari</strong></span> <span class='ocrx_word' id='word_1_446' title='bbox 2599 1944 2826 2009; x_wconf 84' lang='lat' dir='ltr'><strong>possint,</strong></span> <span class='ocrx_word' id='word_1_447' title='bbox 2852 1943 2927 1997; x_wconf 88' lang='lat' dir='ltr'><strong>ib.</strong></span> 
     </span>
    </p>

    <p class='ocr_par' dir='ltr' id='par_1_36' title="bbox 1802 2018 3360 2162">
     <span class='ocr_line' id='line_1_77' title="bbox 1802 2018 3360 2085; baseline -0.003 -12"><span class='ocrx_word' id='word_1_448' title='bbox 1802 2018 2070 2073; x_wconf 77' lang='lat' dir='ltr'><strong>Attributa</strong></span> <span class='ocrx_word' id='word_1_449' title='bbox 2095 2019 2462 2079; x_wconf 85' lang='lat' dir='ltr'><strong>humanitatis,</strong></span> <span class='ocrx_word' id='word_1_450' title='bbox 2491 2030 2672 2085; x_wconf 87' lang='lat' dir='ltr'><strong>neque</strong></span> <span class='ocrx_word' id='word_1_451' title='bbox 2705 2019 2762 2072; x_wconf 89' lang='lat' dir='ltr'><strong>in</strong></span> <span class='ocrx_word' id='word_1_452' title='bbox 2795 2025 3066 2078; x_wconf 87' lang='lat' dir='ltr'><strong>concreto.</strong></span> <span class='ocrx_word' id='word_1_453' title='bbox 3103 2030 3282 2085; x_wconf 79' lang='lat' dir='ltr'><strong>neque</strong></span> <span class='ocrx_word' id='word_1_454' title='bbox 3306 2018 3360 2069; x_wconf 85' lang='lat' dir='ltr'><strong>in</strong></span> 
     </span>
     <span class='ocr_line' id='line_1_78' title="bbox 1866 2094 3236 2162; baseline -0.001 -13"><span class='ocrx_word' id='word_1_455' title='bbox 1866 2095 2152 2159; x_wconf 78' lang='lat' dir='ltr'><strong>abstracto,</strong></span> <span class='ocrx_word' id='word_1_456' title='bbox 2185 2095 2254 2149; x_wconf 88' lang='lat' dir='ltr'><strong>de</strong></span> <span class='ocrx_word' id='word_1_457' title='bbox 2277 2094 2558 2149; x_wconf 80' lang='lat' dir='ltr'><strong>divinitate</strong></span> <span class='ocrx_word' id='word_1_458' title='bbox 2587 2094 2866 2161; x_wconf 76' lang='lat' dir='ltr'><strong>praedicari</strong></span> <span class='ocrx_word' id='word_1_459' title='bbox 2891 2100 3134 2162; x_wconf 84' lang='lat' dir='ltr'><strong>possunt,</strong></span> <span class='ocrx_word' id='word_1_460' title='bbox 3160 2094 3236 2147; x_wconf 88' lang='lat' dir='ltr'><strong>ib.</strong></span> 
     </span>
    </p>
   </div>
   <div class='ocr_carea' id='block_1_22' title="bbox 2465 2224 2707 2263">
    <p class='ocr_par' dir='ltr' id='par_1_37' title="bbox 2465 2224 2707 2263">
     <span class='ocr_line' id='line_1_79' title="bbox 2465 2224 2707 2263; baseline 0 -1"><span class='ocrx_word' id='word_1_461' title='bbox 2465 2224 2707 2263; x_wconf 69' lang='lat' dir='ltr'><strong>Annulo.</strong></span> 
     </span>
    </p>
   </div>
   <div class='ocr_carea' id='block_1_23' title="bbox 1799 2322 3362 2696">
    <p class='ocr_par' dir='ltr' id='par_1_38' title="bbox 1802 2322 3362 2391">
     <span class='ocr_line' id='line_1_80' title="bbox 1802 2322 3362 2391; baseline -0.001 -12"><span class='ocrx_word' id='word_1_462' title='bbox 1802 2322 2018 2379; x_wconf 75' lang='lat' dir='ltr'><strong>Attritio</strong></span> <span class='ocrx_word' id='word_1_463' title='bbox 2033 2322 2247 2379; x_wconf 85' lang='lat' dir='ltr'><strong>nullum</strong></span> <span class='ocrx_word' id='word_1_464' title='bbox 2267 2336 2508 2379; x_wconf 87' lang='lat' dir='ltr'><strong>amorem</strong></span> <span class='ocrx_word' id='word_1_465' title='bbox 2524 2322 2754 2391; x_wconf 83' lang='lat' dir='ltr'><strong>requirit</strong></span> <span class='ocrx_word' id='word_1_466' title='bbox 2771 2322 2936 2377; x_wconf 88' lang='lat' dir='ltr'><strong>etiam</strong></span> <span class='ocrx_word' id='word_1_467' title='bbox 2961 2322 3362 2391; x_wconf 73' lang='lat' dir='ltr'><strong>imperfectum,</strong></span> 
     </span>
    </p>

    <p class='ocr_par' dir='ltr' id='par_1_39' title="bbox 1799 2399 3362 2696">
     <span class='ocr_line' id='line_1_81' title="bbox 1799 2399 3360 2543; baseline -0.001 -12"><span class='ocrx_word' id='word_1_468' title='bbox 1799 2399 2193 2542; x_wconf 45' lang='grc' dir='ltr'><strong>Ᾰιῇῑιῗὸῗᾙῧιὶεε</strong></span> <span class='ocrx_word' id='word_1_469' title='bbox 2230 2476 2299 2531; x_wconf 88' lang='lat' dir='ltr'><strong>de</strong></span> <span class='ocrx_word' id='word_1_470' title='bbox 2339 2490 2397 2530; x_wconf 89' lang='lat' dir='ltr'><strong>se</strong></span> <span class='ocrx_word' id='word_1_471' title='bbox 2432 2489 2543 2531; x_wconf 86' lang='lat' dir='ltr'><strong>non</strong></span> <span class='ocrx_word' id='word_1_472' title='bbox 2567 2482 2647 2531; x_wconf 89' lang='lat' dir='ltr'><strong>est</strong></span> <span class='ocrx_word' id='word_1_473' title='bbox 2676 2476 2950 2531; x_wconf 79' lang='lat' dir='ltr'><strong>sufficiens</strong></span> <span class='ocrx_word' id='word_1_474' title='bbox 2969 2475 3254 2543; x_wconf 80' lang='lat' dir='ltr'><strong>dispositio</strong></span> <span class='ocrx_word' id='word_1_475' title='bbox 3289 2476 3360 2530; x_wconf 86' lang='lat' dir='ltr'><strong>ad</strong></span> 
     </span>
     <span class='ocr_line' id='line_1_82' title="bbox 1860 2551 3362 2620; baseline -0.003 -13"><span class='ocrx_word' id='word_1_476' title='bbox 1860 2553 2321 2619; x_wconf 74' lang='lat' dir='ltr'><strong>justificationem.</strong></span> <span class='ocrx_word' id='word_1_477' title='bbox 2355 2552 2412 2607; x_wconf 89' lang='lat' dir='ltr'><strong>in</strong></span> <span class='ocrx_word' id='word_1_478' title='bbox 2431 2558 2770 2608; x_wconf 83' lang='lat' dir='ltr'><strong>sacramento</strong></span> <span class='ocrx_word' id='word_1_479' title='bbox 2789 2557 3008 2620; x_wconf 81' lang='lat' dir='ltr'><strong>propter</strong></span> <span class='ocrx_word' id='word_1_480' title='bbox 3033 2551 3230 2607; x_wconf 83' lang='lat' dir='ltr'><strong>Christi</strong></span> <span class='ocrx_word' id='word_1_481' title='bbox 3251 2562 3362 2605; x_wconf 85' lang='lat' dir='ltr'><strong>me-</strong></span> 
     </span>
     <span class='ocr_line' id='line_1_83' title="bbox 1864 2627 3090 2696; baseline 0 -13"><span class='ocrx_word' id='word_1_482' title='bbox 1864 2630 2030 2683; x_wconf 84' lang='lat' dir='ltr'><strong>ritum</strong></span> <span class='ocrx_word' id='word_1_483' title='bbox 2049 2634 2355 2696; x_wconf 83' lang='lat' dir='ltr'><strong>acceptatur</strong></span> <span class='ocrx_word' id='word_1_484' title='bbox 2387 2635 2448 2682; x_wconf 89' lang='lat' dir='ltr'><strong>ut</strong></span> <span class='ocrx_word' id='word_1_485' title='bbox 2472 2629 2764 2693; x_wconf 81' lang='lat' dir='ltr'><strong>sufficiens,</strong></span> <span class='ocrx_word' id='word_1_486' title='bbox 2789 2627 2845 2683; x_wconf 89' lang='lat' dir='ltr'><strong>d.</strong></span> <span class='ocrx_word' id='word_1_487' title='bbox 2868 2632 2952 2691; x_wconf 66' lang='lat' dir='ltr'><strong>kt,</strong></span> <span class='ocrx_word' id='word_1_488' title='bbox 2971 2642 3017 2683; x_wconf 86' lang='lat' dir='ltr'><strong>s.</strong></span> <span class='ocrx_word' id='word_1_489' title='bbox 3039 2632 3090 2683; x_wconf 70' lang='grc'><strong>9.</strong></span> 
     </span>
    </p>
   </div>
   <div class='ocr_carea' id='block_1_24' title="bbox 2356 2756 2816 2800">
    <p class='ocr_par' dir='ltr' id='par_1_40' title="bbox 2356 2756 2816 2800">
     <span class='ocr_line' id='line_1_84' title="bbox 2356 2756 2816 2800; baseline -0.002 -2"><span class='ocrx_word' id='word_1_490' title='bbox 2356 2757 2572 2800; x_wconf 73' lang='lat' dir='ltr'><strong>AunActA</strong></span> <span class='ocrx_word' id='word_1_491' title='bbox 2605 2756 2816 2798; x_wconf 76' lang='lat' dir='ltr'><strong>cunlsn.</strong></span> 
     </span>
    </p>
   </div>
   <div class='ocr_carea' id='block_1_25' title="bbox 1797 2855 3360 3078">
    <p class='ocr_par' dir='ltr' id='par_1_41' title="bbox 1797 2855 3360 3078">
     <span class='ocr_line' id='line_1_85' title="bbox 1800 2855 3360 2928; baseline -0.003 -15"><span class='ocrx_word' id='word_1_492' title='bbox 1800 2858 2044 2913; x_wconf 73' lang='lat' dir='ltr'><strong>Audacia</strong></span> <span class='ocrx_word' id='word_1_493' title='bbox 2061 2859 2332 2928; x_wconf 86' lang='lat' dir='ltr'><strong>appetitus</strong></span> <span class='ocrx_word' id='word_1_494' title='bbox 2357 2858 2634 2926; x_wconf 85' lang='lat' dir='ltr'><strong>quomodo</strong></span> <span class='ocrx_word' id='word_1_495' title='bbox 2659 2857 2718 2911; x_wconf 89' lang='lat' dir='ltr'><strong>in</strong></span> <span class='ocrx_word' id='word_1_496' title='bbox 2745 2856 2956 2913; x_wconf 84' lang='lat' dir='ltr'><strong>christo</strong></span> <span class='ocrx_word' id='word_1_497' title='bbox 2985 2855 3168 2921; x_wconf 72' lang='lat' dir='ltr'><strong>fuerit,</strong></span> <span class='ocrx_word' id='word_1_498' title='bbox 3195 2856 3252 2909; x_wconf 91' lang='lat' dir='ltr'><strong>d.</strong></span> <span class='ocrx_word' id='word_1_499' title='bbox 3276 2859 3360 2919; x_wconf 66' lang='lat'><strong>⁸⁴,</strong></span> 
     </span>
     <span class='ocr_line' id='line_1_86' title="bbox 1797 2940 3296 3078; baseline -0.001 -15"><span class='ocrx_word' id='word_1_500' title='bbox 1797 2940 2036 3065; x_wconf 48' lang='lat' dir='ltr'><strong>Ausdatia</strong></span> <span class='ocrx_word' id='word_1_501' title='bbox 2069 3010 2459 3078; x_wconf 77' lang='lat' dir='ltr'><strong>perfectissime</strong></span> <span class='ocrx_word' id='word_1_502' title='bbox 2493 3010 2550 3062; x_wconf 89' lang='lat' dir='ltr'><strong>in</strong></span> <span class='ocrx_word' id='word_1_503' title='bbox 2583 3009 2795 3065; x_wconf 78' lang='lat' dir='ltr'><strong>Christo</strong></span> <span class='ocrx_word' id='word_1_504' title='bbox 2825 3008 2950 3075; x_wconf 77' lang='lat' dir='ltr'><strong>fuit,</strong></span> <span class='ocrx_word' id='word_1_505' title='bbox 2971 3008 3028 3064; x_wconf 88' lang='lat' dir='ltr'><strong>d.</strong></span> <span class='ocrx_word' id='word_1_506' title='bbox 3053 3012 3132 3074; x_wconf 77' lang='lat'><strong>⁸8,</strong></span> <span class='ocrx_word' id='word_1_507' title='bbox 3165 3021 3210 3061; x_wconf 86' lang='lat' dir='ltr'><strong>s.</strong></span> <span class='ocrx_word' id='word_1_508' title='bbox 3245 3013 3296 3061; x_wconf 62' lang='grc' dir='ltr'><strong>Ω.</strong></span> 
     </span>
    </p>
   </div>
   <div class='ocr_carea' id='block_1_26' title="bbox 2454 3139 2714 3180">
    <p class='ocr_par' dir='ltr' id='par_1_42' title="bbox 2454 3139 2714 3180">
     <span class='ocr_line' id='line_1_87' title="bbox 2454 3139 2714 3180; baseline 0.004 -2"><span class='ocrx_word' id='word_1_509' title='bbox 2454 3139 2714 3180; x_wconf 69' lang='lat' dir='ltr'><strong>Auximon.</strong></span> 
     </span>
    </p>
   </div>
   <div class='ocr_carea' id='block_1_27' title="bbox 1794 3236 3362 3829">
    <p class='ocr_par' dir='ltr' id='par_1_43' title="bbox 1798 3236 3362 3452">
     <span class='ocr_line' id='line_1_88' title="bbox 1798 3236 3358 3303; baseline 0.001 -14"><span class='ocrx_word' id='word_1_510' title='bbox 1798 3236 2076 3290; x_wconf 70' lang='lat' dir='ltr'><strong>Auxilium</strong></span> <span class='ocrx_word' id='word_1_511' title='bbox 2108 3249 2272 3289; x_wconf 88' lang='lat' dir='ltr'><strong>omne</strong></span> <span class='ocrx_word' id='word_1_512' title='bbox 2300 3237 2486 3303; x_wconf 79' lang='lat' dir='ltr'><strong>gratiae</strong></span> <span class='ocrx_word' id='word_1_513' title='bbox 2527 3236 2808 3291; x_wconf 86' lang='lat' dir='ltr'><strong>excitantis</strong></span> <span class='ocrx_word' id='word_1_514' title='bbox 2838 3242 2893 3291; x_wconf 85' lang='lat' dir='ltr'><strong>et</strong></span> <span class='ocrx_word' id='word_1_515' title='bbox 2923 3236 3232 3302; x_wconf 78' lang='lat' dir='ltr'><strong>adjuvantis</strong></span> <span class='ocrx_word' id='word_1_516' title='bbox 3261 3246 3358 3290; x_wconf 86' lang='lat' dir='ltr'><strong>us-</strong></span> 
     </span>
     <span class='ocr_line' id='line_1_89' title="bbox 1862 3311 3362 3379; baseline -0.003 -12"><span class='ocrx_word' id='word_1_517' title='bbox 1862 3324 1972 3379; x_wconf 79' lang='lat' dir='ltr'><strong>que</strong></span> <span class='ocrx_word' id='word_1_518' title='bbox 2023 3313 2094 3367; x_wconf 88' lang='lat' dir='ltr'><strong>ad</strong></span> <span class='ocrx_word' id='word_1_519' title='bbox 2143 3312 2582 3377; x_wconf 75' lang='lat' dir='ltr'><strong>justificationem</strong></span> <span class='ocrx_word' id='word_1_520' title='bbox 2635 3312 2795 3367; x_wconf 86' lang='lat' dir='ltr'><strong>datur</strong></span> <span class='ocrx_word' id='word_1_521' title='bbox 2827 3312 2991 3365; x_wconf 86' lang='lat' dir='ltr'><strong>nobis</strong></span> <span class='ocrx_word' id='word_1_522' title='bbox 3037 3324 3105 3365; x_wconf 85' lang='lat' dir='ltr'><strong>ex</strong></span> <span class='ocrx_word' id='word_1_523' title='bbox 3153 3311 3362 3365; x_wconf 83' lang='lat' dir='ltr'><strong>meritis</strong></span> 
     </span>
     <span class='ocr_line' id='line_1_90' title="bbox 1861 3386 2437 3452; baseline 0.002 -13"><span class='ocrx_word' id='word_1_524' title='bbox 1861 3386 2058 3440; x_wconf 82' lang='lat' dir='ltr'><strong>Christi</strong></span> <span class='ocrx_word' id='word_1_525' title='bbox 2103 3386 2156 3440; x_wconf 88' lang='lat' dir='ltr'><strong>d.</strong></span> <span class='ocrx_word' id='word_1_526' title='bbox 2196 3390 2274 3452; x_wconf 73' lang='grc' dir='ltr'><strong>Η,</strong></span> <span class='ocrx_word' id='word_1_527' title='bbox 2308 3402 2350 3440; x_wconf 90' lang='lat' dir='ltr'><strong>s.</strong></span> <span class='ocrx_word' id='word_1_528' title='bbox 2388 3391 2437 3440; x_wconf 69' lang='grc' dir='ltr'><strong>Ξ.</strong></span> 
     </span>
    </p>

    <p class='ocr_par' dir='ltr' id='par_1_44' title="bbox 1799 3460 3360 3601">
     <span class='ocr_line' id='line_1_91' title="bbox 1799 3460 3360 3529; baseline -0.003 -10"><span class='ocrx_word' id='word_1_529' title='bbox 1799 3462 2012 3519; x_wconf 76' lang='lat' dir='ltr'><strong>Auxilia</strong></span> <span class='ocrx_word' id='word_1_530' title='bbox 2055 3463 2244 3529; x_wconf 62' lang='lat' dir='ltr'><strong>gratiae</strong></span> <span class='ocrx_word' id='word_1_531' title='bbox 2285 3462 2490 3524; x_wconf 84' lang='lat' dir='ltr'><strong>omnia,</strong></span> <span class='ocrx_word' id='word_1_532' title='bbox 2524 3472 2649 3529; x_wconf 77' lang='lat' dir='ltr'><strong>quoe</strong></span> <span class='ocrx_word' id='word_1_533' title='bbox 2693 3461 3008 3515; x_wconf 84' lang='lat' dir='ltr'><strong>bominibus</strong></span> <span class='ocrx_word' id='word_1_534' title='bbox 3053 3460 3360 3527; x_wconf 82' lang='lat' dir='ltr'><strong>justificatis</strong></span> 
     </span>
     <span class='ocr_line' id='line_1_92' title="bbox 1860 3535 3110 3601; baseline -0.005 -6"><span class='ocrx_word' id='word_1_535' title='bbox 1860 3539 2240 3601; x_wconf 78' lang='lat' dir='ltr'><strong>conferuntur,</strong></span> <span class='ocrx_word' id='word_1_536' title='bbox 2265 3546 2396 3595; x_wconf 87' lang='lat' dir='ltr'><strong>sunt</strong></span> <span class='ocrx_word' id='word_1_537' title='bbox 2419 3551 2486 3592; x_wconf 84' lang='lat' dir='ltr'><strong>ex</strong></span> <span class='ocrx_word' id='word_1_538' title='bbox 2517 3537 2730 3591; x_wconf 87' lang='lat' dir='ltr'><strong>meritis</strong></span> <span class='ocrx_word' id='word_1_539' title='bbox 2754 3535 2972 3600; x_wconf 79' lang='lat' dir='ltr'><strong>Christi,</strong></span> <span class='ocrx_word' id='word_1_540' title='bbox 2993 3550 3038 3591; x_wconf 88' lang='lat' dir='ltr'><strong>s.</strong></span> <span class='ocrx_word' id='word_1_541' title='bbox 3062 3542 3110 3589; x_wconf 76' lang='lat'><strong>8.</strong></span> 
     </span>
    </p>

    <p class='ocr_par' dir='ltr' id='par_1_45' title="bbox 1794 3611 3361 3829">
     <span class='ocr_line' id='line_1_93' title="bbox 1794 3611 3360 3681; baseline -0.005 -8"><span class='ocrx_word' id='word_1_542' title='bbox 1794 3616 2010 3673; x_wconf 76' lang='lat' dir='ltr'><strong>Auxilia</strong></span> <span class='ocrx_word' id='word_1_543' title='bbox 2041 3614 2232 3681; x_wconf 75' lang='lat' dir='ltr'><strong>gratiae</strong></span> <span class='ocrx_word' id='word_1_544' title='bbox 2261 3612 2688 3669; x_wconf 80' lang='lat' dir='ltr'><strong>extraordinaria</strong></span> <span class='ocrx_word' id='word_1_545' title='bbox 2719 3618 2774 3665; x_wconf 91' lang='lat' dir='ltr'><strong>et</strong></span> <span class='ocrx_word' id='word_1_546' title='bbox 2805 3612 3078 3670; x_wconf 83' lang='lat' dir='ltr'><strong>uberiora.</strong></span> <span class='ocrx_word' id='word_1_547' title='bbox 3115 3623 3240 3679; x_wconf 74' lang='lat' dir='ltr'><strong>quie</strong></span> <span class='ocrx_word' id='word_1_548' title='bbox 3269 3611 3360 3665; x_wconf 80' lang='lat' dir='ltr'><strong>in·</strong></span> 
     </span>
     <span class='ocr_line' id='line_1_94' title="bbox 1858 3685 3361 3755; baseline -0.004 -12"><span class='ocrx_word' id='word_1_549' title='bbox 1858 3690 2074 3744; x_wconf 87' lang='lat' dir='ltr'><strong>terdum</strong></span> <span class='ocrx_word' id='word_1_550' title='bbox 2135 3688 2344 3743; x_wconf 80' lang='lat' dir='ltr'><strong>homini</strong></span> <span class='ocrx_word' id='word_1_551' title='bbox 2393 3690 2539 3755; x_wconf 77' lang='lat' dir='ltr'><strong>justo</strong></span> <span class='ocrx_word' id='word_1_552' title='bbox 2581 3686 2968 3751; x_wconf 77' lang='lat' dir='ltr'><strong>conteruntur,</strong></span> <span class='ocrx_word' id='word_1_553' title='bbox 3025 3698 3092 3741; x_wconf 80' lang='lat' dir='ltr'><strong>ex</strong></span> <span class='ocrx_word' id='word_1_554' title='bbox 3151 3685 3361 3740; x_wconf 86' lang='lat' dir='ltr'><strong>meritis</strong></span> 
     </span>
     <span class='ocr_line' id='line_1_95' title="bbox 1860 3765 3348 3829; baseline -0.005 -8"><span class='ocrx_word' id='word_1_555' title='bbox 1860 3765 2058 3822; x_wconf 82' lang='lat' dir='ltr'><strong>christi</strong></span> <span class='ocrx_word' id='word_1_556' title='bbox 2082 3766 2300 3829; x_wconf 86' lang='lat' dir='ltr'><strong>dantur,</strong></span> <span class='ocrx_word' id='word_1_557' title='bbox 2323 3765 2395 3818; x_wconf 87' lang='lat' dir='ltr'><strong>ib.</strong></span> <span class='ocrx_word' id='word_1_558' title='bbox 2644 3779 2657 3787; x_wconf 92' lang='lat'>·</span> <span class='ocrx_word' id='word_1_559' title='bbox 3343 3795 3348 3803; x_wconf 83' lang='lat'><em>-</em></span> 
     </span>
    </p>
   </div>
   <div class='ocr_carea' id='block_1_28' title="bbox 2463 3882 2708 4132">
    <p class='ocr_par' dir='ltr' id='par_1_46' title="bbox 2463 3882 2708 4132">
     <span class='ocr_line' id='line_1_96' title="bbox 2551 3882 2708 3991; baseline 0.006 -103"><span class='ocrx_word' id='word_1_560' title='bbox 2551 3917 2608 3991; x_wconf 75' lang='lat' dir='ltr'><strong>B</strong></span> <span class='ocrx_word' id='word_1_561' title='bbox 2702 3882 2708 3889; x_wconf 86' lang='lat'><strong>.</strong></span> 
     </span>
     <span class='ocr_line' id='line_1_97' title="bbox 2463 4091 2698 4132; baseline 0.009 -2"><span class='ocrx_word' id='word_1_562' title='bbox 2463 4091 2698 4132; x_wconf 65' lang='lat' dir='ltr'><strong>m...</strong></span> 
     </span>
    </p>
   </div>
   <div class='ocr_carea' id='block_1_29' title="bbox 1796 4212 3359 4752">
    <p class='ocr_par' dir='ltr' id='par_1_47' title="bbox 1796 4212 3359 4752">
     <span class='ocr_line' id='line_1_98' title="bbox 1796 4212 3188 4281; baseline -0.002 -13"><span class='ocrx_word' id='word_1_563' title='bbox 1796 4212 2136 4281; x_wconf 63' lang='lat' dir='ltr'><strong>Babylonica</strong></span> <span class='ocrx_word' id='word_1_564' title='bbox 2159 4212 2494 4281; x_wconf 85' lang='lat' dir='ltr'><strong>captivitates</strong></span> <span class='ocrx_word' id='word_1_565' title='bbox 2517 4218 2626 4267; x_wconf 83' lang='lat' dir='ltr'><strong>tres</strong></span> <span class='ocrx_word' id='word_1_566' title='bbox 2653 4212 2896 4273; x_wconf 83' lang='lat' dir='ltr'><strong>ruerunt.</strong></span> <span class='ocrx_word' id='word_1_567' title='bbox 2915 4212 2969 4267; x_wconf 89' lang='lat' dir='ltr'><strong>d.</strong></span> <span class='ocrx_word' id='word_1_568' title='bbox 2994 4218 3044 4271; x_wconf 73' lang='lat'><strong>6.</strong></span> <span class='ocrx_word' id='word_1_569' title='bbox 3069 4224 3114 4267; x_wconf 89' lang='lat' dir='ltr'><strong>s.</strong></span> <span class='ocrx_word' id='word_1_570' title='bbox 3139 4216 3188 4273; x_wconf 68' lang='grc' dir='ltr'><strong>ι.</strong></span> 
     </span>
     <span class='ocr_line' id='line_1_99' title="bbox 1798 4285 3355 4357; baseline -0.004 -13"><span class='ocrx_word' id='word_1_571' title='bbox 1798 4288 2140 4357; x_wconf 71' lang='lat' dir='ltr'><strong>babylonicae</strong></span> <span class='ocrx_word' id='word_1_572' title='bbox 2173 4286 2497 4355; x_wconf 85' lang='lat' dir='ltr'><strong>captivitatis</strong></span> <span class='ocrx_word' id='word_1_573' title='bbox 2535 4286 2878 4354; x_wconf 73' lang='lat' dir='ltr'><strong>septuaginta</strong></span> <span class='ocrx_word' id='word_1_574' title='bbox 2913 4286 3069 4353; x_wconf 84' lang='lat' dir='ltr'><strong>anni,</strong></span> <span class='ocrx_word' id='word_1_575' title='bbox 3093 4286 3243 4342; x_wconf 88' lang='lat' dir='ltr'><strong>unde</strong></span> <span class='ocrx_word' id='word_1_576' title='bbox 3268 4285 3355 4339; x_wconf 84' lang='lat' dir='ltr'><strong>in·</strong></span> 
     </span>
     <span class='ocr_line' id='line_1_100' title="bbox 1863 4362 2244 4425; baseline -0.005 -9"><span class='ocrx_word' id='word_1_577' title='bbox 1863 4364 2146 4425; x_wconf 77' lang='lat' dir='ltr'><strong>elioentur,</strong></span> <span class='ocrx_word' id='word_1_578' title='bbox 2172 4362 2244 4414; x_wconf 88' lang='lat' dir='ltr'><strong>ib.</strong></span> 
     </span>
     <span class='ocr_line' id='line_1_101' title="bbox 1800 4438 2439 4503; baseline -0.003 -10"><span class='ocrx_word' id='word_1_579' title='bbox 1800 4438 2028 4503; x_wconf 80' lang='lat' dir='ltr'><strong>Quando</strong></span> <span class='ocrx_word' id='word_1_580' title='bbox 2057 4438 2338 4501; x_wconf 84' lang='lat' dir='ltr'><strong>liniantur,</strong></span> <span class='ocrx_word' id='word_1_581' title='bbox 2363 4438 2439 4491; x_wconf 87' lang='lat' dir='ltr'><strong>ib.</strong></span> 
     </span>
     <span class='ocr_line' id='line_1_102' title="bbox 1799 4512 3359 4582; baseline 0.003 -15"><span class='ocrx_word' id='word_1_582' title='bbox 1799 4513 2090 4580; x_wconf 75' lang='lat' dir='ltr'><strong>Babylonis</strong></span> <span class='ocrx_word' id='word_1_583' title='bbox 2121 4526 2274 4581; x_wconf 78' lang='lat' dir='ltr'><strong>reges</strong></span> <span class='ocrx_word' id='word_1_584' title='bbox 2309 4512 2636 4581; x_wconf 84' lang='lat' dir='ltr'><strong>captivitatis</strong></span> <span class='ocrx_word' id='word_1_585' title='bbox 2673 4518 2916 4582; x_wconf 88' lang='lat' dir='ltr'><strong>tempore</strong></span> <span class='ocrx_word' id='word_1_586' title='bbox 2946 4518 3082 4581; x_wconf 80' lang='lat' dir='ltr'><strong>quot</strong></span> <span class='ocrx_word' id='word_1_587' title='bbox 3119 4513 3359 4571; x_wconf 76' lang='lat' dir='ltr'><strong>fuerunt.</strong></span> 
     </span>
     <span class='ocr_line' id='line_1_103' title="bbox 1866 4590 1943 4642; baseline -0.026 0"><span class='ocrx_word' id='word_1_588' title='bbox 1866 4590 1943 4642; x_wconf 84' lang='lat' dir='ltr'><strong>ib.</strong></span> 
     </span>
     <span class='ocr_line' id='line_1_104' title="bbox 2320 4701 2840 4752; baseline 0.004 -13"><span class='ocrx_word' id='word_1_589' title='bbox 2320 4701 2520 4752; x_wconf 67' lang='lat' dir='ltr'><strong>turus,</strong></span> <span class='ocrx_word' id='word_1_590' title='bbox 2552 4702 2840 4743; x_wconf 69' lang='lat' dir='ltr'><strong>numum.</strong></span> 
     </span>
    </p>
   </div>
   <div class='ocr_carea' id='block_1_30' title="bbox 1799 4814 3364 5549">
    <p class='ocr_par' dir='ltr' id='par_1_48' title="bbox 1799 4814 3355 4954">
     <span class='ocr_line' id='line_1_105' title="bbox 1799 4814 3355 4881; baseline -0.001 -11"><span class='ocrx_word' id='word_1_591' title='bbox 1799 4816 2076 4871; x_wconf 83' lang='lat' dir='ltr'><strong>Beatitudo</strong></span> <span class='ocrx_word' id='word_1_592' title='bbox 2105 4814 2304 4870; x_wconf 86' lang='lat' dir='ltr'><strong>dicitur</strong></span> <span class='ocrx_word' id='word_1_593' title='bbox 2332 4816 2452 4871; x_wconf 87' lang='lat' dir='ltr'><strong>dari</strong></span> <span class='ocrx_word' id='word_1_594' title='bbox 2486 4821 2547 4871; x_wconf 88' lang='lat' dir='ltr'><strong>ut</strong></span> <span class='ocrx_word' id='word_1_595' title='bbox 2577 4828 2784 4871; x_wconf 87' lang='lat' dir='ltr'><strong>merces</strong></span> <span class='ocrx_word' id='word_1_596' title='bbox 2806 4820 2860 4869; x_wconf 85' lang='lat' dir='ltr'><strong>et</strong></span> <span class='ocrx_word' id='word_1_597' title='bbox 2885 4825 3087 4868; x_wconf 88' lang='lat' dir='ltr'><strong>corona</strong></span> <span class='ocrx_word' id='word_1_598' title='bbox 3114 4815 3355 4881; x_wconf 74' lang='lat' dir='ltr'><strong>justitiae,</strong></span> 
     </span>
     <span class='ocr_line' id='line_1_106' title="bbox 1864 4893 2147 4954; baseline -0.018 -7"><span class='ocrx_word' id='word_1_599' title='bbox 1864 4893 1921 4947; x_wconf 91' lang='lat' dir='ltr'><strong>d.</strong></span> <span class='ocrx_word' id='word_1_600' title='bbox 1955 4896 2004 4954; x_wconf 73' lang='lat'><strong>¹0,</strong></span> <span class='ocrx_word' id='word_1_601' title='bbox 2030 4905 2073 4945; x_wconf 86' lang='lat' dir='ltr'><strong>s.</strong></span> <span class='ocrx_word' id='word_1_602' title='bbox 2099 4898 2147 4943; x_wconf 74' lang='grc'><strong>5.</strong></span> 
     </span>
    </p>

    <p class='ocr_par' dir='ltr' id='par_1_49' title="bbox 1802 4962 3357 5110">
     <span class='ocr_line' id='line_1_107' title="bbox 1802 4962 3357 5031; baseline -0.003 -10"><span class='ocrx_word' id='word_1_603' title='bbox 1802 4968 1947 5021; x_wconf 86' lang='lat' dir='ltr'><strong>Beati</strong></span> <span class='ocrx_word' id='word_1_604' title='bbox 1972 4966 2162 5021; x_wconf 85' lang='lat' dir='ltr'><strong>vident</strong></span> <span class='ocrx_word' id='word_1_605' title='bbox 2193 4966 2252 5019; x_wconf 88' lang='lat' dir='ltr'><strong>in</strong></span> <span class='ocrx_word' id='word_1_606' title='bbox 2279 4967 2388 5021; x_wconf 85' lang='lat' dir='ltr'><strong>Deo</strong></span> <span class='ocrx_word' id='word_1_607' title='bbox 2421 4964 2608 5020; x_wconf 88' lang='lat' dir='ltr'><strong>omnia</strong></span> <span class='ocrx_word' id='word_1_608' title='bbox 2639 4976 2763 5031; x_wconf 86' lang='lat' dir='ltr'><strong>quae</strong></span> <span class='ocrx_word' id='word_1_609' title='bbox 2807 4962 3106 5018; x_wconf 77' lang='lat' dir='ltr'><strong>formaliter</strong></span> <span class='ocrx_word' id='word_1_610' title='bbox 3143 4968 3274 5018; x_wconf 88' lang='lat' dir='ltr'><strong>suut</strong></span> <span class='ocrx_word' id='word_1_611' title='bbox 3301 4965 3357 5016; x_wconf 89' lang='lat' dir='ltr'><strong>in</strong></span> 
     </span>
     <span class='ocr_line' id='line_1_108' title="bbox 1868 5043 2332 5110; baseline -0.004 -15"><span class='ocrx_word' id='word_1_612' title='bbox 1868 5043 2005 5110; x_wconf 78' lang='lat' dir='ltr'><strong>ipsu.</strong></span> <span class='ocrx_word' id='word_1_613' title='bbox 2029 5043 2081 5096; x_wconf 84' lang='lat' dir='ltr'><strong>d.</strong></span> <span class='ocrx_word' id='word_1_614' title='bbox 2108 5048 2193 5099; x_wconf 68' lang='lat'><strong>26.</strong></span> <span class='ocrx_word' id='word_1_615' title='bbox 2211 5056 2254 5095; x_wconf 89' lang='lat' dir='ltr'><strong>s.</strong></span> <span class='ocrx_word' id='word_1_616' title='bbox 2282 5047 2332 5094; x_wconf 83' lang='lat'><strong>1.</strong></span> 
     </span>
    </p>

    <p class='ocr_par' dir='ltr' id='par_1_50' title="bbox 1803 5112 3363 5325">
     <span class='ocr_line' id='line_1_109' title="bbox 1803 5112 3363 5182; baseline -0.002 -13"><span class='ocrx_word' id='word_1_617' title='bbox 1803 5118 1996 5171; x_wconf 87' lang='lat' dir='ltr'><strong>Beatus</strong></span> <span class='ocrx_word' id='word_1_618' title='bbox 2037 5117 2234 5169; x_wconf 83' lang='lat' dir='ltr'><strong>videns</strong></span> <span class='ocrx_word' id='word_1_619' title='bbox 2261 5117 2428 5169; x_wconf 84' lang='lat' dir='ltr'><strong>Deum</strong></span> <span class='ocrx_word' id='word_1_620' title='bbox 2460 5118 2630 5182; x_wconf 84' lang='lat' dir='ltr'><strong>potest</strong></span> <span class='ocrx_word' id='word_1_621' title='bbox 2660 5114 2847 5167; x_wconf 84' lang='lat' dir='ltr'><strong>videre</strong></span> <span class='ocrx_word' id='word_1_622' title='bbox 2883 5112 2942 5165; x_wconf 90' lang='lat' dir='ltr'><strong>in</strong></span> <span class='ocrx_word' id='word_1_623' title='bbox 2983 5124 3049 5165; x_wconf 89' lang='lat' dir='ltr'><strong>eo</strong></span> <span class='ocrx_word' id='word_1_624' title='bbox 3092 5118 3363 5167; x_wconf 86' lang='lat' dir='ltr'><strong>creaturas</strong></span> 
     </span>
     <span class='ocr_line' id='line_1_110' title="bbox 1866 5186 3361 5259; baseline -0.004 -14"><span class='ocrx_word' id='word_1_625' title='bbox 1866 5205 1991 5259; x_wconf 82' lang='lat' dir='ltr'><strong>quae</strong></span> <span class='ocrx_word' id='word_1_626' title='bbox 2033 5192 2091 5245; x_wconf 89' lang='lat' dir='ltr'><strong>in</strong></span> <span class='ocrx_word' id='word_1_627' title='bbox 2117 5204 2183 5245; x_wconf 91' lang='lat' dir='ltr'><strong>eo</strong></span> <span class='ocrx_word' id='word_1_628' title='bbox 2222 5190 2572 5244; x_wconf 86' lang='lat' dir='ltr'><strong>continentur</strong></span> <span class='ocrx_word' id='word_1_629' title='bbox 2597 5188 2935 5253; x_wconf 86' lang='lat' dir='ltr'><strong>eminenter;</strong></span> <span class='ocrx_word' id='word_1_630' title='bbox 2972 5199 3084 5240; x_wconf 86' lang='lat' dir='ltr'><strong>non</strong></span> <span class='ocrx_word' id='word_1_631' title='bbox 3119 5186 3361 5239; x_wconf 76' lang='lat' dir='ltr'><strong>effective</strong></span> 
     </span>
     <span class='ocr_line' id='line_1_111' title="bbox 1866 5264 2684 5325; baseline -0.007 -2"><span class='ocrx_word' id='word_1_632' title='bbox 1866 5270 2064 5325; x_wconf 71' lang='lat' dir='ltr'><strong>solum.</strong></span> <span class='ocrx_word' id='word_1_633' title='bbox 2089 5266 2184 5321; x_wconf 87' lang='lat' dir='ltr'><strong>sed</strong></span> <span class='ocrx_word' id='word_1_634' title='bbox 2213 5264 2528 5325; x_wconf 79' lang='lat' dir='ltr'><strong>formaliter,</strong></span> <span class='ocrx_word' id='word_1_635' title='bbox 2551 5278 2595 5317; x_wconf 72' lang='lat' dir='ltr'><strong>s,</strong></span> <span class='ocrx_word' id='word_1_636' title='bbox 2629 5270 2684 5317; x_wconf 77' lang='lat' dir='ltr'><strong>a.-</strong></span> 
     </span>
    </p>

    <p class='ocr_par' dir='ltr' id='par_1_51' title="bbox 1802 5336 3364 5478">
     <span class='ocr_line' id='line_1_112' title="bbox 1802 5336 3364 5403; baseline -0.005 -4"><span class='ocrx_word' id='word_1_637' title='bbox 1802 5344 1946 5399; x_wconf 87' lang='lat' dir='ltr'><strong>Beati</strong></span> <span class='ocrx_word' id='word_1_638' title='bbox 1976 5344 2032 5399; x_wconf 88' lang='lat' dir='ltr'><strong>in</strong></span> <span class='ocrx_word' id='word_1_639' title='bbox 2062 5344 2188 5402; x_wconf 83' lang='lat' dir='ltr'><strong>Deo,</strong></span> <span class='ocrx_word' id='word_1_640' title='bbox 2212 5340 2330 5395; x_wconf 86' lang='lat' dir='ltr'><strong>visa</strong></span> <span class='ocrx_word' id='word_1_641' title='bbox 2356 5353 2468 5395; x_wconf 89' lang='lat' dir='ltr'><strong>una</strong></span> <span class='ocrx_word' id='word_1_642' title='bbox 2489 5344 2754 5403; x_wconf 86' lang='lat' dir='ltr'><strong>creatura,</strong></span> <span class='ocrx_word' id='word_1_643' title='bbox 2793 5350 2906 5395; x_wconf 85' lang='lat' dir='ltr'><strong>non</strong></span> <span class='ocrx_word' id='word_1_644' title='bbox 2935 5337 3239 5393; x_wconf 85' lang='lat' dir='ltr'><strong>necessario</strong></span> <span class='ocrx_word' id='word_1_645' title='bbox 3275 5336 3364 5391; x_wconf 80' lang='lat' dir='ltr'><strong>vi-</strong></span> 
     </span>
     <span class='ocr_line' id='line_1_113' title="bbox 1866 5416 2338 5478; baseline -0.017 -1"><span class='ocrx_word' id='word_1_646' title='bbox 1866 5422 2002 5478; x_wconf 83' lang='lat' dir='ltr'><strong>dent</strong></span> <span class='ocrx_word' id='word_1_647' title='bbox 2025 5430 2235 5475; x_wconf 86' lang='lat' dir='ltr'><strong>omnes.</strong></span> <span class='ocrx_word' id='word_1_648' title='bbox 2263 5416 2338 5471; x_wconf 91' lang='lat' dir='ltr'><strong>ib.</strong></span> 
     </span>
    </p>

    <p class='ocr_par' dir='ltr' id='par_1_52' title="bbox 1804 5488 3359 5549">
     <span class='ocr_line' id='line_1_114' title="bbox 1804 5488 3359 5549; baseline -0.006 0"><span class='ocrx_word' id='word_1_649' title='bbox 1804 5488 1995 5549; x_wconf 60' lang='lat' dir='ltr'><strong>beatus</strong></span> <span class='ocrx_word' id='word_1_650' title='bbox 2021 5492 2080 5548; x_wconf 86' lang='lat' dir='ltr'><strong>in</strong></span> <span class='ocrx_word' id='word_1_651' title='bbox 2102 5494 2210 5547; x_wconf 84' lang='lat' dir='ltr'><strong>Deo</strong></span> <span class='ocrx_word' id='word_1_652' title='bbox 2237 5490 2386 5545; x_wconf 75' lang='lat' dir='ltr'><strong>videt</strong></span> <span class='ocrx_word' id='word_1_653' title='bbox 2417 5496 2688 5545; x_wconf 83' lang='lat' dir='ltr'><strong>creaturas</strong></span> <span class='ocrx_word' id='word_1_654' title='bbox 2721 5504 2831 5545; x_wconf 89' lang='lat' dir='ltr'><strong>non</strong></span> <span class='ocrx_word' id='word_1_655' title='bbox 2861 5490 3038 5545; x_wconf 90' lang='lat' dir='ltr'><strong>solum</strong></span> <span class='ocrx_word' id='word_1_656' title='bbox 3060 5489 3359 5545; x_wconf 85' lang='lat' dir='ltr'><strong>seeundum</strong></span> 
     </span>
    </p>
   </div>
  </div>
 </body>
</html>
