3892 6167
572 319 694 381 4¹2

570 420 881 486 sententia
904 435 927 499 ;
968 436 1115 481 nam
1137 465 1159 496 ,
1204 425 1271 482 ut
1296 425 1465 482 recte
1493 421 1925 482 Damascenus
1954 413 2128 487 dixit,

569 516 933 580 attributum
962 513 1123 575 servi
1153 532 1231 576 ex
1256 513 1355 575 his
1384 520 1479 576 est
1498 557 1519 589 ‚
1570 529 1709 592 quoe
1744 510 1826 572 ad
1862 508 2130 570 alterum

571 611 865 672 dicuutur
888 653 903 679 ,
945 613 1011 669 vet
1044 607 1113 668 in
1146 606 1451 670 relatione
1490 605 1879 676 consistunt;
1924 600 2038 662 sed
2065 601 2128 660 in

567 703 811 766 Christo
840 705 909 764 ut
933 701 1187 764 homine
1214 701 1533 762 invenitur
1558 697 1875 760 sufficiens
1902 695 2130 756 funda-

570 803 857 857 mentum
916 801 978 855 et
1029 793 1334 856 terminus
1388 791 1711 854 relationis
1766 787 2080 852 servitutis
2107 807 2126 862 3

572 905 725 970 ergo
750 894 811 951 et
836 887 1055 950 relatio
1086 886 1437 961 servitutis3
1468 901 1620 966 ergo
1652 884 1735 946 ab
1756 883 1865 944 illa
1884 899 2034 944 vere
2057 897 2130 941 ac

570 983 823 1065 proprie
850 981 1091 1044 dicetur
1115 997 1353 1042 servus.
1390 979 1695 1042 Probatur
1720 977 1950 1049 minor,
1983 991 2132 1034 nam

569 1075 790 1138 relatio
818 1075 1137 1136 servitutis
1162 1073 1243 1134 ad
1274 1075 1467 1134 Deum
1492 1117 1511 1147 ‚
1547 1071 1597 1134 si
1626 1068 2008 1150 generaliter
2033 1085 2130 1128 su-

572 1173 802 1245 matur,
824 1186 954 1228 non
974 1165 1164 1228 habet
1184 1165 1355 1227 aliud
1376 1165 1857 1226 fundamentum
1880 1163 1945 1223 in
1965 1179 2134 1222 crea·

571 1269 712 1324 tura
734 1307 754 1336 ,
800 1265 1026 1340 praeter
1077 1259 1477 1322 essentialem
1528 1255 2020 1340 dependentium
2071 1259 2134 1316 et

572 1353 1149 1418 subordinationem
1190 1371 1381 1434 quam
1414 1352 1605 1414 habet
1640 1350 1724 1413 ad
1758 1351 1958 1412 Deum
1981 1395 1996 1422 ,
2033 1365 2133 1412 ra-

572 1447 741 1510 tione
790 1448 969 1526 cujus
1012 1453 1073 1508 et
1116 1453 1215 1508 est
1252 1447 1369 1507 sub
1404 1451 1713 1526 potestate
1752 1451 1817 1506 et
1852 1443 2130 1505 dominio

571 1539 705 1616 Dei,
746 1546 819 1602 ut
841 1539 1041 1620 possit
1072 1539 1179 1600 illa
1208 1541 1295 1601 uti
1336 1545 1521 1620 prout
1550 1537 1669 1599 sibi
1698 1535 2024 1617 placuerit,
2071 1541 2134 1597 et

574 1651 653 1694 ex
696 1649 761 1694 se
814 1638 962 1694 nata
1008 1637 1103 1694 est
1144 1633 1401 1694 obedire
1444 1633 1594 1693 Deo.
1640 1629 1821 1693 Unde
1866 1629 2132 1709 cyrillus

574 1726 778 1801 Alex„
812 1725 921 1787 lib.
952 1732 1015 1801 4,
1052 1725 1283 1804 dialog.
1316 1726 1395 1788 de
1422 1725 1670 1798 Trinit„
1706 1723 1827 1784 col.
1850 1723 1895 1782 6
1924 1723 2133 1787 :Scr-

572 1819 692 1882 vile
724 1819 969 1898 (inquit)
1004 1822 1245 1896 sactum
1288 1824 1399 1892 ost,
1446 1815 1741 1899 quidquid
1776 1817 2132 1896 productum

574 1929 647 1974 ez
675 1912 867 1974 nihilo
882 1937 907 1985 ;
934 1914 1030 1975 ita
1058 1917 1117 1975 et
1142 1912 1381 1976 divinet
1416 1911 1587 1974 nobis
1616 1909 1900 1974 domavit
1930 1909 2136 1972 David

574 2006 660 2068 ad
674 2006 977 2068 dominam
1000 2006 1415 2068 universorum
1438 2005 1633 2067 Deum
1646 2027 1671 2064 .·
1704 1999 1996 2078 Quoniam
2016 2019 2134 2064 om-

572 2099 686 2161 nia
706 2099 980 2162 serviunt
1009 2099 1143 2162 tibi.
1182 2096 1359 2160 Unde
1390 2096 1616 2172 infert,
1668 2095 1945 2157 Verbum
1975 2094 2134 2156 divi-

572 2209 728 2253 num
756 2209 883 2252 non
912 2209 1051 2254 esse
1080 2195 1429 2252 creaturam
1450 2235 1470 2264 ,
1512 2207 1659 2252 cum
1686 2189 1767 2251 sit
1794 2193 1972 2250 extra
1999 2205 2136 2250 om-

576 2301 725 2344 nem
752 2285 1137 2346 servitutem.
1171 2285 1247 2345 Et
1271 2283 1551 2359 inferius,
1586 2282 1705 2345 col.
1738 2285 1777 2344 8
1803 2300 1818 2346 ε
1858 2281 2031 2357 Quod
2047 2282 2136 2344 lo-

574 2381 755 2440 catvr
782 2376 1030 2456 (inquit)
1062 2396 1197 2441 cnm
1224 2383 1532 2452 creatura,
1550 2393 1661 2438 noe
1676 2377 1865 2452 Deus,
1889 2394 1994 2440 nee
2019 2375 2136 2438 Fi-

572 2470 719 2547 lius,
754 2489 861 2535 nec
898 2471 1177 2536 dominus
1206 2491 1339 2536 vere
1362 2490 1484 2536 osee
1502 2477 1723 2556 potest,
1761 2473 1869 2536 sed
1908 2477 1980 2534 ut
2007 2472 2133 2535 σαι·-

572 2563 739 2626 mius
764 2566 927 2628 ister
952 2565 1269 2630 minimos
1296 2571 1354 2629 et
1384 2565 1654 2628 subditos
1675 2591 1701 2638 ;
1742 2570 1805 2626 et
1840 2563 2129 2640 inferius,

574 2672 773 2738 agens
796 2659 877 2720 de
895 2659 1103 2721 Verbo
1126 2677 1142 2720 ε
1180 2659 1369 2723 Solus
1392 2659 1639 2738 (inquit)
1664 2659 1793 2738 ipse
1810 2659 1963 2723 liber
1979 2665 2040 2724 et
2055 2659 2132 2722 li-

572 2751 796 2828 bertas,
826 2769 957 2815 oum
978 2752 1173 2816 omnis
1196 2757 1479 2815 creatura
1500 2751 1623 2814 Deo
1644 2751 1921 2814 sanilam
1942 2754 2132 2816 cervi·-

570 2863 693 2908 oem
738 2843 1057 2908 submittat
1083 2869 1109 2916 ,·
1158 2861 1310 2923 ergo
1327 2888 1348 2919 ,
1392 2861 1471 2904 ex
1513 2844 1823 2906 sententia
1868 2845 2128 2924 cyrilli,

572 2935 1056 2998 fundamentum
1086 2938 1272 3016 hujus
1300 2936 1612 2998 servitutis
1646 2941 1741 2998 est
1768 2936 2133 3016 dependen-

572 3032 659 3094 tia
688 3047 753 3093 et
776 3030 1205 3094 subordinatio
1233 3031 1594 3106 intrinseca,
1624 3047 1815 3110 quam
1842 3037 2130 3097 creatura

574 3124 767 3188 babet
818 3125 898 3186 ad
950 3127 1182 3199 Deum3
1225 3125 1532 3186 terminus
1572 3130 1785 3186 autem
1826 3130 1923 3186 est
1967 3126 2132 3188 Deus

572 3218 707 3300 ipse
726 3263 747 3294 ,
784 3224 1095 3298 quatenus
1132 3223 1505 3298 potestatem
1542 3217 1729 3279 habet
1758 3217 2130 3282 dominandi

570 3318 875 3375 creaturas
894 3359 911 3386 ,
946 3318 1009 3374 el
1038 3311 1437 3392 praecipiendi
1466 3312 1555 3372 illi
1572 3357 1592 3388 ‚
1624 3311 1721 3374 vel
1748 3330 1857 3388 ea,
1889 3331 2006 3374 suo
2029 3331 2129 3374 ar-

570 3407 777 3481 bitrio,
797 3407 1037 3472 utendi.
1065 3407 1318 3468 Constat
1336 3412 1569 3481 autem,
1582 3406 1647 3466 in
1666 3406 1907 3468 Christo
1928 3413 2002 3468 ut
2017 3407 2130 3468 ho·

570 3502 741 3564 mine
776 3519 918 3564 esse
944 3499 1428 3580 dependentiam
1456 3506 1517 3562 et
1544 3500 2126 3564 subordinationem

570 3595 655 3656 ad
674 3597 881 3658 -Deum
904 3639 921 3669 ,
964 3602 1031 3657 ut
1058 3596 1135 3656 ad
1162 3595 1499 3657 habentem
1528 3611 1889 3674 supremam
1920 3601 2126 3674 potes-

566 3692 761 3752 tatem
787 3689 855 3750 in
882 3689 1129 3768 ipsum;
1178 3707 1335 3769 ergo
1374 3695 1471 3750 est
1514 3688 1579 3750 in
1612 3688 1720 3748 illo
1758 3687 2130 3749 fundamen-

568 3787 707 3844 tum
730 3788 798 3844 et
830 3781 1135 3844 terminus
1162 3781 1485 3844 relationis
1512 3781 1843 3843 servitutis.

646 3877 749 3936 25.
798 3873 959 3948 Quid
991 3876 1073 3938 ad
1106 3874 1525 3957 proeoedontem
1558 3875 1851 3938 rationem
1886 3890 2127 3952 respon·

566 3969 746 4034 deant
768 3969 983 4049 aliqui.
1014 3999 1095 4016 -
1128 3969 1521 4044 Rofutantar.
1564 3999 1647 4018 -—
1682 3967 1807 4030 Sed
1838 3965 1922 4028 ad
1953 3985 2129 4028 ever-

566 4061 829 4124 tendum
863 4063 983 4122 hoc
1008 4060 1489 4124 fundamentum
1511 4105 1532 4136 ,
1572 4059 1744 4138 quod
1774 4077 1927 4121 sane
1959 4059 2128 4121 vide·

567 4162 669 4217 tur
692 4155 1213 4226 efficacissimum,
1240 4155 1663 4234 excogitatum
1684 4159 1773 4216 esi
1796 4153 1970 4214 aliud
1985 4153 2127 4214 fun-

564 4247 933 4310 damentum
954 4247 1141 4328 hujus
1160 4247 1503 4320 relationis,
1530 4246 1703 4325 qnod
1728 4265 1857 4308 non
1878 4252 2128 4307 tantum

566 4341 846 4404 includat
868 4341 1037 4402 illam
1058 4341 1369 4402 rationem
1394 4341 1724 4421 positivam
1750 4361 1787 4404 a
1810 4342 1996 4403 nobis
2017 4342 2130 4403 de-

566 4434 867 4496 claratam
890 4477 911 4510 ‚
944 4434 1053 4495 sed
1080 4433 1269 4494 simul
1293 4435 1575 4512 requirat
1600 4431 2030 4498 conditionem
2055 4435 2130 4496 il·

564 4527 693 4588 lam
718 4527 1111 4605 privativam,
1154 4545 1271 4588 seu
1296 4527 1679 4607 negativam,
1706 4528 2130 4590 communica·

570 4619 757 4681 tionis
778 4617 843 4680 in
876 4618 1079 4682 bonis.
1113 4619 1241 4682 Sed
1274 4638 1401 4699 qua
1433 4619 1728 4684 facilitate
1751 4621 1889 4682 haec
1913 4620 2129 4684 condi-

566 4713 655 4776 tio
706 4712 958 4774 inventa
1012 4711 1260 4774 videtur
1292 4759 1309 4788 ‚
1370 4712 1577 4776 solum
1622 4712 1707 4775 ad
1761 4712 2128 4794 fugiendam

567 4806 693 4866 vim
747 4808 1151 4886 argumenti,
1206 4807 1429 4870 eadem
1488 4807 1785 4870 facilitate
1842 4807 2126 4888 rejicien-

566 4897 649 4960 da
696 4905 791 4961 cst
832 4906 895 4962 et
940 4900 1233 4980 neganda
1276 4901 1421 4962 talis
1466 4900 1765 4975 conditio,
1814 4901 1966 4981 quia
2017 4919 2126 4962 ne·

567 5009 691 5072 que
720 5009 758 5052 a
784 4991 1173 5072 philosophis
1212 5000 1321 5056 aut
1364 4993 1701 5072 'theologis
1724 4995 1803 5056 de
1828 4995 2126 5056 servitute

568 5085 976 5148 tractantibus
1004 5087 1209 5166 posita
1237 5093 1373 5161 est;
1403 5105 1520 5149 nec
1552 5088 1767 5150 Patres
1792 5087 1990 5164 citati,
2022 5087 2128 5167 qui

568 5177 651 5241 de
696 5179 997 5240 servitute
1046 5179 1266 5242 Christi
1317 5180 1751 5242 disseruerunt
1782 5225 1799 5255 ,
1854 5179 2130 5261 aliquam

570 5270 759 5349 hujus
800 5271 1173 5334 conditionis
1212 5275 1603 5336 mentionem
1646 5274 1969 5346 fecerunt3
2015 5291 2132 5334 ne-

568 5381 693 5443 que
736 5364 925 5426 etiam
972 5383 1049 5428 ex
1080 5365 1213 5428 sola
1250 5367 1341 5430 rei
1382 5373 1609 5430 natura
1646 5367 1855 5448 colligi
1898 5373 2124 5448 potest.

565 5457 745 5533 Nam,
782 5459 833 5520 si
863 5461 1345 5524 communicatio
1375 5461 1439 5523 in
1474 5461 1654 5524 bonis
1676 5461 1821 5524 telis
1848 5461 1950 5537 sit,
1987 5477 2130 5540 qum

1824 314 2062 380 enas-r.
2095 312 2204 368 xx.
2237 313 2440 368 aeri-c.
2477 315 2538 368 n.

2211 427 2342 474 non
2389 411 2634 476 auferat
2677 407 3258 474 subordinationem
3305 415 3369 472 et
3413 427 3710 490 supremam

2211 509 2582 586 potestatem
2605 551 2626 581 ,
2669 524 2800 570 non
2839 510 2939 568 est
2974 523 3088 568 cur
3119 503 3370 568 auferat
3403 503 3710 572 relationem

2213 599 2548 664 servitutis.
2595 598 2778 673 Quod
2805 597 3158 662 declaratur
3186 597 3392 678 primo
3417 641 3434 670 ,
3463 617 3590 660 nam
3613 603 3713 666 hae

2209 693 2430 756 relatio
2453 691 2772 756 servitutis
2797 692 2866 756 in
2891 691 3102 770 aliqua
3121 693 3392 773 positiva
3412 692 3714 758 habitudine

2211 787 2494 850 consistit
2510 803 2532 864 3
2563 786 2692 848 imo
2717 834 2734 860 ,
2769 785 2822 850 si
2859 787 3034 864 loqui
3073 787 3372 850 volumus
3397 791 3568 864 prout
3590 807 3715 850 eom-

2213 881 2491 944 muuiter
2516 881 2818 960 Theologi
2851 881 3220 962 loquuntur,
3257 879 3476 945 relatio
3501 882 3713 944 servitu-

2211 975 2294 1036 tis
2319 973 2404 1036 ad
2439 975 2634 1036 Deum
2667 991 2748 1036 ex
2774 979 2956 1054 parte
2983 979 3290 1038 areanum
3313 977 3410 1036 est
3437 971 3602 1034 realis
3619 1019 3634 1046 ‚
3667 983 3714 1038 ut

2211 1068 2400 1130 sentit
2423 1070 2498 1130 D.
2527 1069 2775 1142 Thom„
2812 1072 2842 1129 1
2872 1085 2966 1147 p..
2997 1085 3058 1147 q.
3091 1068 3192 1142 12,
3223 1073 3345 1129 art.
3375 1069 3435 1138 -7,
3465 1072 3526 1130 et
3549 1066 3620 1128 ibi
3639 1085 3716 1128 ex·

2213 1161 2524 1242 petitores
2545 1207 2562 1236 ,
2595 1167 2660 1224 et
2699 1161 2808 1224 alii
2839 1159 3141 1240 Theologi
3175 1177 3340 1237 quos
3375 1159 3488 1238 ipsi
3527 1160 3710 1232 citant:

2213 1256 2348 1316 hese
2375 1273 2530 1334 ergo
2557 1255 2816 1332 relatio,
2853 1256 3169 1334 quatenus
3197 1253 3272 1316 in
3303 1253 3560 1332 positiva
3583 1254 3716 1314 habi·

2213 1348 2432 1412 tudine
2461 1349 2767 1423 consistit,
2793 1366 2926 1410 non
2949 1354 3156 1429 potest
3178 1348 3246 1408 in
3275 1346 3594 1426 negatione
3613 1346 3716 1409 iun·

2212 1443 2346 1505 dari
2379 1488 2396 1517 ,
2445 1443 2559 1505 sed
2585 1443 2650 1504 in
2693 1442 2954 1524 positiva
2983 1440 3502 1504 subordinatione
3525 1445 3622 1502 aut
3637 1441 3718 1502 de—

2209 1537 2574 1618 pendentia,
2602 1538 2752 1617 quia
2777 1537 3032 1617 negatio
3060 1536 3249 1598 uteie
3271 1552 3410 1596 non
3423 1533 3622 1596 fundat
3643 1535 3716 1596 ba-

2213 1631 2564 1693 bitudinem
2580 1630 2933 1710 positivam.
2959 1631 3170 1710 Neque
3193 1629 3392 1690 etiam
3417 1644 3546 1689 esse
3562 1632 3716 1704 potest

2213 1722 2486 1786 conditio
2516 1723 2892 1798 necessaria,
2921 1723 2976 1784 si
3003 1740 3130 1784 non
3160 1721 3244 1783 sit
3272 1721 3461 1783 etiam
3489 1737 3716 1782 necessa·

2213 1816 2308 1877 ria
2336 1815 2610 1878 conditio
2639 1815 2724 1878 ad
2763 1821 2968 1878 totum
3001 1815 3068 1877 id
3105 1815 3284 1894 quod
3319 1820 3416 1874 est
3443 1811 3714 1892 positivam

2213 1911 2278 1972 in
2301 1909 2712 1972 fundamento
2737 1915 2800 1972 et
2821 1911 3091 1972 termino
3121 1907 3451 1972 relationis
3471 1905 3713 1985 positive.

2215 2004 2344 2066 Nec
2369 2004 2600 2084 poterit
2623 2003 2930 2083 assignari
2967 2002 3176 2084 aliqua
3208 2001 3338 2063 alia
3363 2000 3567 2062 relatio
3592 1999 3714 2078 posi·

2215 2097 2364 2173 tiva,
2389 2115 2526 2177 qum
2553 2097 2822 2159 similem
2843 2097 3258 2177 negationem
3281 2095 3350 2156 in
3369 2092 3715 2154 fundamento

2215 2190 2517 2269 requirat.
2551 2191 2766 2269 Neque
2799 2190 2992 2252 ctiam
3015 2188 3328 2268 assignari
3347 2187 3562 2267 poterit
3580 2185 3712 2256 ratio,

2215 2283 2298 2346 ob
2340 2301 2530 2363 quam
2575 2283 2852 2365 negatio,
2893 2301 3036 2362 quae
3071 2283 3236 2344 nihil
3271 2280 3534 2344 destruit
3555 2278 3714 2358 positi-

2213 2397 2362 2440 vum
2389 2379 2454 2440 in
2483 2379 2894 2440 fundamento
2922 2385 2986 2440 et
3010 2377 3285 2440 termino
3313 2374 3577 2455 positiva.
3597 2373 3712 2433 rela-

2211 2474 2426 2549 tionis,
2453 2473 2652 2553 possit
2681 2471 2900 2534 tollere
2929 2476 3039 2533 aut
3063 2469 3380 2550 impedire
3405 2467 3710 2529 relationem

2211 2567 2438 2648 ipsam.
2469 2569 2570 2641 Ut,
2603 2567 2654 2627 si
2677 2571 2854 2628 tanta
2879 2566 3197 2644 quantitas
3225 2563 3543 2639 utriusque
3567 2566 3710 2620 extre·

2211 2661 2302 2722 mi
2353 2666 2450 2722 est
2481 2659 2798 2722 sufficiens
2831 2658 3316 2720 fundamentum
3356 2662 3424 2718 et
3466 2652 3711 2716 terminus

2214 2755 2512 2835 positivus
2555 2752 2882 2816 relationis
2928 2751 3310 2832 :equalitatis
3329 2795 3350 2824 ‚
3381 2761 3710 2828 quaecunque

2211 2849 2466 2928 negatio
2501 2847 2954 2912 convenientias
2991 2845 3062 2906 in
3095 2846 3220 2907 alia
3245 2839 3582 2916 forma,vel
3605 2855 3712 2916 qua-

2211 2942 2409 3017 litate,
2425 2942 2526 3004 vel
2553 2940 2964 3021 perfectione,
2983 2957 3114 3002 non
3141 2938 3376 3018 poterit
3403 2933 3710 2998 relationem

2211 3035 2582 3115 aequalitatis
2610 3033 2915 3114 impedire
2939 3048 2959 3112 3
2999 3037 3132 3108 aut,
3161 3049 3198 3093 e
3227 3029 3532 3094 sonnatio
3550 3071 3568 3102 ,
3593 3025 3636 3084 si
3655 3021 3712 3082 ad

2211 3129 2590 3208 quantitates
2617 3133 2810 3190 tantae
2833 3125 3294 3206 magnitudinis
3317 3122 3585 3204 sequitur
3595 3117 3708 3180 rela-

2209 3223 2298 3284 tio
2328 3221 2770 3300 inaequalitatis
2788 3265 2804 3294 ,
2849 3221 3037 3282 etiam
3065 3219 3120 3280 si
3159 3219 3227 3280 in
3255 3219 3398 3280 aliis
3421 3214 3614 3276 formis
3639 3208 3708 3270 vel

2207 3315 2695 3398 perfectionibus
2725 3315 2808 3374 sit
2829 3331 3080 3375 summa
3097 3309 3526 3374 convenientia
3544 3311 3596 3367 et
3613 3303 3706 3364 uni-

2207 3415 2326 3484 tas,
2363 3427 2492 3470 non
2522 3408 2860 3487 impeditur
2887 3407 3184 3488 praedieta
3209 3402 3620 3483 inaequalitas?
3645 3397 3706 3457 ⁸5⁰

2209 3519 2360 3582 ergo
2405 3501 2471 3562 in
2515 3501 2830 3580 praesenti,
2874 3501 2925 3562 si
2955 3499 3446 3562 ¹communicatio
3485 3495 3542 3556 in
3571 3489 3707 3553 bonis

2207 3595 2351 3657 talis
2379 3601 2498 3670 est,
2525 3611 2666 3674 quoe
2689 3611 2821 3654 non
2849 3593 3022 3656 tollat
3041 3611 3262 3654 veram
3288 3585 3706 3672 dependendam

2213 3692 2282 3752 et
2305 3687 2884 3752 subordinationem
2913 3687 3246 3768 positivam
3276 3705 3352 3748 ex
3380 3688 3542 3765 parte
3565 3677 3706 3740 unius

2211 3783 2494 3856 extremi,
2549 3787 2612 3843 et
2649 3797 3017 3860 supremam
3059 3785 3436 3859 potestatem
3468 3793 3542 3838 ex
3575 3776 3706 3852 parte

2211 3875 2488 3949 alterius,
2520 3892 2649 3936 non
2677 3875 2906 3954 poterit
2927 3873 3036 3933 illa
3061 3873 3374 3952 impedire
3399 3869 3702 3932 relationem

2211 3969 2548 4030 servitutis.
2595 3969 2812 4046 Neque
2855 3966 3108 4046 negatio
3143 3965 3316 4026 illius
3350 3958 3705 4026 communica·

2210 4063 2394 4124 tionis
2436 4066 2644 4141 potest
2681 4058 3135 4122 rationabiliter
3175 4055 3482 4138 assignari
3511 4061 3568 4115 ut
3597 4052 3702 4112 fun·

2209 4155 2576 4218 dementum
2619 4154 2718 4215 vel
2758 4151 3116 4215 necessaria
3158 4151 3432 4214 conditio
3463 4148 3536 4210 ad
3559 4144 3698 4208 talem

2209 4249 2606 4310 relationem.

2287 4343 2390 4405 26.
2433 4338 2825 4420 Responderi
2853 4347 3082 4419 potest,
3121 4355 3475 4421 quanquam
3507 4336 3610 4397 hnc
3629 4348 3699 4389 ar·

2211 4441 2582 4517 gumentum
2609 4433 2908 4513 procedat
2929 4432 3008 4496 de
3043 4433 3352 4496 relatione
3377 4433 3474 4493 illa
3501 4425 3698 4510 physice

2211 4529 2624 4604 considerata,
2649 4545 2790 4607 quac
2817 4527 3084 4590 fortasse
3115 4526 3238 4588 alia
3267 4545 3396 4588 non
3423 4529 3509 4586 est
3529 4541 3560 4582 a
3583 4517 3698 4580 rela-

2207 4623 2381 4684 tione
2406 4627 2708 4683 creaturae
2732 4666 2748 4696 ,
2779 4638 2910 4682 non
2934 4626 3150 4682 tamen
3185 4619 3496 4682 moraliter
3521 4615 3588 4676 de
3605 4625 3698 4670 ser-

2208 4715 2438 4791 vitute,
2481 4731 2623 4793 quae
2649 4713 2857 4794 potius
2889 4719 2984 4774 est
3011 4712 3264 4776 moralis
3291 4729 3472 4794 quam
3497 4705 3694 4789 physica

2207 4807 2658 4870 denominatio.
2709 4807 2890 4870 Unde
2933 4823 3068 4868 non
3116 4807 3354 4888 pendet
3394 4808 3602 4867 tantum
3641 4811 3694 4855 ex

2207 4901 2468 4983 physica
2495 4899 2698 4962 forma
2746 4900 2848 4962 vel
2895 4900 3201 4963 relatione
3220 4947 3242 4978 ‚
3291 4899 3402 4963 sed
3441 4897 3601 4960 etiam
3640 4903 3694 4948 ex

2209 4994 2554 5056 moralibus
2591 4993 3056 5055 conditionibus
3102 4993 3184 5054 ad
3226 4993 3414 5054 talem
3441 4994 3630 5050 statum
3651 4983 3694 5038 et

2213 5087 2638 5150 conditionem
2687 5088 3003 5150 servitutis
3055 5087 3442 5160 necessariis,
3485 5087 3688 5160 quarum

2213 5181 2324 5244 illa
2349 5179 2601 5243 videtur
2629 5198 2770 5242 esse
2792 5181 3142 5261 potissima,
3169 5181 3338 5262 qnod
3375 5180 3522 5240 inter
3543 5165 3693 5232 domi·

2211 5291 2364 5338 num
2409 5281 2476 5336 et
2515 5293 2766 5336 servum
2803 5274 2882 5336 sit
2909 5272 3206 5354 quaedam
3235 5269 3508 5336 distantia
3527 5265 3586 5324 in
3614 5275 3688 5320 ex·

2209 5367 2504 5431 cellentia
2533 5375 2598 5431 et
2622 5369 2884 5443 honore,
2912 5385 3052 5446 quae
3074 5367 3422 5430 declaratur
3444 5374 3544 5443 per
3563 5354 3687 5416 illam

2211 5462 2614 5542 negationem
2663 5462 3248 5524 communicationis
3299 5460 3362 5522 in
3403 5453 3576 5519 honis.
3605 5441 3684 5505 Vel
