3892 6167
1339 371 2063 431 mspunv.x1.1x.ssscr.
2100 377 2162 434 11.

121 478 266 559 quia
309 481 411 558 (ut
451 481 636 544 reete
671 481 854 556 urget
897 475 1302 558 Scotus>1psa
1344 475 1701 539 humanitas

119 571 288 652 ptius
341 579 590 638 natura
647 569 864 647 extitit,
895 585 1087 650 quam
1123 567 1232 632 illa
1274 571 1476 652 gratia
1513 569 1702 633 fuerit

119 665 378 746 affeeta3
410 669 599 744 imo,
645 666 700 728 si
749 681 876 742 qua
929 664 1033 726 via
1083 671 1296 745 posset
1339 664 1698 728 hnmanitas

118 757 336 824 Christi
383 759 648 824 censeri
691 758 1009 841 adoptata,
1045 757 1112 820 i'd
1139 763 1306 822 esset
1337 757 1698 838 recipiendo

117 854 287 932 prius
315 857 561 918 natura
596 851 863 934 gratiam
889 850 1279 914 habitualem
1315 867 1394 914 ex
1421 849 1556 913 solo
1584 850 1700 914 Dei

117 946 552 1027 beneplacito,
576 951 644 1009 et
679 961 808 1006 non
857 960 937 1006 ex
961 944 1024 1006 vi
1055 945 1336 1008 unionis.‘
1360 945 1490 1008 Nos
1531 943 1700 1006 enim

117 1037 254 1100 ideo
271 1039 696 1121 adoptamur,
721 1037 873 1118 quia
899 1037 1021 1101 hoe
1054 1035 1246 1100 modo
1272 1055 1392 1120 per
1415 1035 1702 1100 habitua-

117 1131 234 1193 lem
259 1133 544 1214 gratiam
585 1130 1071 1194 sanctificamur.
1099 1130 1283 1196 Unde
1324 1131 1568 1205 scotus,
1599 1146 1704 1193 ar-

121 1231 423 1306 gumento
459 1235 755 1306 pressus,
785 1224 943 1287 nihil
997 1223 1360 1305 respondet,
1391 1221 1505 1286 sed
1555 1222 1692 1285 ait:

125 1317 330 1394 Qum-0
358 1319 782 1391 solutionem;
807 1325 872 1383 et
898 1318 1210 1402 aliquibus
1235 1317 1570 1381 insolubile
1597 1335 1698 1379 ar-

120 1417 495 1491 gumentum
535 1409 700 1474 iilud
724 1411 932 1476 visum
959 1417 1055 1476 est
1098 1417 1317 1476 eontra
1338 1409 1697 1494 praedietam

119 1504 458 1568 rationem.

193 1600 291 1661 ³5.
331 1599 478 1682 Eg'o
511 1614 672 1663 vero
689 1598 1000 1674 existimo,
1031 1597 1341 1662 rationem
1365 1597 1564 1674 illam,
1583 1596 1698 1660 be-

119 1706 194 1754 ne
215 1691 636 1772 intelleetam‚
663 1693 984 1756 effieaeem
1013 1711 1167 1769 esse,
1193 1699 1260 1756 et
1279 1711 1358 1756 ex
1383 1693 1693 1772 illaquam

124 1786 402 1866 superius
430 1787 888 1868 proposuimus
921 1787 1253 1851 manifeste
1285 1786 1484 1868 sequi,
1515 1785 1692 1850 etita

123 1879 182 1938 in
209 1878 374 1942 dioto
409 1879 703 1944 Concilio
731 1879 1132 1945 Franeoford.
1163 1895 1334 1964 saepe
1363 1880 1687 1944 insinuari.

123 1971 292 2048 Nam,
320 1973 448 2036 hoe
475 1973 622 2055 ipso
653 1973 826 2056 quod
851 1991 1156 2055 persona,
1187 1989 1330 2054 ques
1362 1972 1693 2056 adoptatur

125 2065 189 2126 in
209 2063 428 2142 filium,
463 2071 567 2130 est
593 2073 921 2144 extranea,
951 2068 1308 2131 necessario
1331 2068 1402 2130 fit
1430 2073 1498 2131 ut
1519 2067 1694 2150 prius

130 2157 339 2222 saltem
358 2165 603 2224 natura
634 2160 736 2233 sit,
771 2175 966 2239 quam
1010 2161 1090 2223 sit
1123 2160 1297 2224 filius
1323 2160 1651 2242 adoptivus
1672 2205 1692 2239 ,

135 2249 270 2330 quia
297 2253 564 2334 adeptio
591 2254 844 2319 additur
857 2254 946 2316 ini
975 2253 1056 2317 ad
1073 2254 1333 2318 modum
1360 2253 1698 2318 accidentis

138 2345 514 2409 extrinsecus
555 2346 652 2411 iffi
695 2346 1108 2423 advenientis,
1133 2352 1196 2410 et
1223 2346 1370 2411 ideo
1403 2347 1700 2428 supponit

137 2436 480 2518 subjeetum
503 2441 680 2504 eirea
707 2439 880 2522 quod
903 2440 1014 2504 ssat
1042 2459 1058 2518 ;
1091 2443 1157 2504 et
1193 2439 1317 2504 boo
1364 2441 1556 2504 modo
1603 2443 1700 2505 est

140 2536 296 2593 serta
327 2533 540 2614 major
565 2534 914 2616 propositio
939 2535 1005 2596 in
1033 2533 1200 2598 dieta
1247 2535 1492 2598 ratlone
1529 2551 1702 2596 sum·

136 2628 252 2703 pta.
295 2624 501 2699 Quam
537 2628 824 2692 insinuat
867 2627 1188 2702 Paulinus,
1219 2628 1288 2690 in
1327 2628 1496 2692 dieto
1534 2627 1698 2693 libro

135 2715 594 2800 Sacrosyltnbo,
617 2721 734 2786 eol.
763 2725 827 2798 ¹1,
853 2721 1112 2784 disens:
1140 2721 1284 2786 Hoc
1313 2721 1442 2787 ideo
1476 2739 1700 2805 propo-

135 2811 376 2890 nium,
393 2818 470 2879 vt
499 2817 796 2897 patenter
811 2815 1072 2880 darom·
1090 2813 1382 2896 inultm,
1411 2831 1546 2880 eum
1569 2813 1700 2879 dici

136 2901 492 2983 adoptatum,
536 2907 644 2989 qni
667 2908 930 2972 wadum
951 2904 1132 2990 prius
1156 2909 1369 2987 fuerat
1401 2906 1692 2992 proprius

131 2994 286 3070 filius
307 2999 696 3082 manne.
721 3000 900 3063 Hane
929 3005 1144 3062 autem
1167 2997 1590 3064 conditionem
1613 3017 1693 3064 ex

137 3101 208 3146 eo
225 3087 429 3167 infert,
447 3092 637 3174 quod
665 3091 834 3155 filius
861 3091 1190 3174 adoptivus
1219 3091 1450 3157 dicitur
1481 3094 1694 3157 abusi-

141 3187 276 3243 vest
299 3198 428 3246 non
456 3185 890 3250 essentialiter
911 3186 992 3249 de
1017 3201 1122 3263 eo,
1151 3187 1257 3267 qui
1291 3190 1428 3250 erat
1452 3186 1694 3250 alienus

139 3277 562 3356 generatione,
590 3279 872 3362 nihilque
909 3279 970 3342 ei
1007 3279 1090 3342 ab
1129 3280 1472 3361 adoptante
1499 3279 1696 3343 debe-

139 3365 324 3445 batur,
351 3372 468 3435 sed
511 3373 708 3454 gratis
729 3391 810 3436 ex
833 3373 1225 3455 induigentia
1260 3375 1329 3435 in
1363 3373 1563 3436 filium
1589 3371 1702 3436 ad·

139 3461 348 3525 missus
371 3471 504 3530 est-
547 3466 754 3529 Minor
773 3467 966 3532 etiam
1007 3466 1354 3530 certissima
1397 3473 1514 3544 est,
1545 3468 1695 3546 quia

141 3554 420 3636 imprimis
441 3560 527 3622 in
559 3578 636 3624 ea
657 3577 784 3623 nou
807 3567 902 3624 est
941 3577 1154 3625 sermo
1173 3560 1254 3624 de
1275 3561 1691 3638 humanitate,

142 3649 240 3712 sed
252 3651 333 3716 de
342 3651 600 3718 vchristo
618 3660 690 3718 ut
703 3656 959 3719 bomine
977 3670 994 3730 ς
1021 3655 1190 3717 unde
1209 3654 1531 3734 instantia,
1551 3669 1692 3738 quoe

144 3739 204 3804 fit
246 3743 771 3824 dehumanitate,
803 3748 973 3829 qnod
1029 3747 1384 3812 secundum
1423 3767 1492 3812 se
1520 3749 1696 3831 prius

146 3843 350 3902 natura
405 3842 492 3904 sit
541 3857 734 3922 quam
781 3842 862 3904 sit
907 3848 1111 3923 grata,
1139 3859 1270 3905 non
1299 3843 1505 3907 estad
1529 3859 1690 3918 rem,

103 4007 112 4016 ¹
147 3929 298 4006 quie,
318 3939 396 3996 >ut
415 3949 592 4016 soepe
615 3933 769 4013 dixi,
779 3933 954 3998 aliud
987 3941 1084 3998 est
1109 3933 1495 4014 hnmanitas,
1521 3935 1696 3999 alind

147 4017 403 4088 Christus
447 4035 522 4090 nt
553 4026 787 4103 hom03
819 4033 882 4092 et
906 4027 1056 4092 lieet
1105 4027 1465 4093 humanitas
1515 4029 1694 4110 prius

147 4122 352 4181 natura
368 4119 458 4185 sit
477 4137 676 4200 quem
693 4119 774 4184 sit
798 4125 1000 4202 grata,
1011 4135 1146 4184 non
1169 4125 1388 4186 tamen
1413 4121 1692 4186 Christus

147 4208 323 4276 etiam
339 4219 410 4278 ut
426 4214 648 4279 homo.
662 4213 849 4279 Unde
865 4215 1130 4278 ulterius
1145 4215 1304 4278 nihil
1321 4213 1503 4279 obest
1523 4216 1694 4296 qnod

147 4303 332 4380 gratia
381 4306 724 4372 habitualis
777 4309 1092 4388 posterius
1127 4314 1358 4372 natura
1395 4309 1544 4373 insit
1580 4310 1694 4372 bu·

148 4396 438 4478 manituti,
459 4417 657 4482 quam
679 4400 818 4483 ipsa
844 4403 947 4479 sit,
975 4400 1108 4465 imo
1133 4407 1198 4466 et
1237 4419 1430 4484 quam
1455 4402 1538 4466 sit
1562 4408 1699 4469 uni·

147 4491 244 4562 ta;
267 4494 436 4570 quia,
459 4511 608 4558 enm
635 4493 702 4558 in
725 4493 972 4558 ratione
997 4495 1105 4558 illa
1123 4496 1515 4561 subsumitnr
1527 4497 1702 4561 chri-

149 4585 298 4645 stum
319 4603 454 4651 non
481 4588 660 4670 prius
701 4593 932 4652 natura
960 4605 1104 4652 esse
1152 4589 1478 4654 hominem
1503 4605 1699 4672 qnam

145 4669 352 4752 filium,
377 4699 509 4746 non
556 4680 975 4763 intelligimus
1000 4699 1142 4747 esse
1166 4683 1392 4749 filium
1395 4699 1512 4766 per
1549 4699 1700 4767 gra·

147 4763 288 4830 tiam
323 4773 737 4851 habitualem,
769 4774 882 4838 sed
909 4793 1026 4858 per
1067 4777 1338 4858 gratiam
1390 4777 1693 4855 unionis,

147 4872 274 4934 ΨΩ.
288 4867 602 4944 potentior
621 4868 820 4933 estad
839 4869 1352 4934 constituendum
1373 4867 1572 4934 fllium
1586 4887 1702 4933 na-

147 4953 398 5021 turalem
401 4977 640 5043 ‚qnam
665 4962 744 5026 sit
783 4962 986 5044 gratia
1027 4963 1367 5027 habitualis
1395 4962 1481 5026 ad
1519 4979 1700 5028 eons-

147 5043 486 5202 ῒίἑίοιιᾱιιιιι
539 5053 744 5118 fllium
796 5054 1206 5139 adoptivum,
1246 5061 1318 5120 ut
1373 5063 1698 5120 ostensum

153 5153 184 5197 e

223 5237 317 5301 16.
343 5241 549 5324 Atque
575 5243 666 5308 ita
691 5249 938 5310 constat
961 5244 1137 5310 unde
1165 5246 1250 5309 sit
1286 5246 1546 5310 evidens
1569 5245 1698 5308 die-

155 5331 211 5388 ta
239 5337 576 5417 propontio
623 5335 1018 5422 subsumpta,
1043 5341 1194 5422 quia
1235 5339 1516 5404 Christus
1563 5355 1696 5402 non

153 5421 314 5495 prius
335 5437 565 5495 ustura
588 5439 687 5496 est
711 5431 816 5498 bie
839 5433 1056 5512 homo,
1078 5449 1272 5515 quam
1297 5433 1500 5517 gratia
1511 5431 1701 5496 unio-

158 5513 244 5575 nis
267 5519 396 5598 ejus
428 5523 803 5590 humanitati
825 5527 992 5591 faeta
1021 5529 1122 5606 sit,
1147 5540 1296 5590 nam
1321 5543 1436 5610 per
1467 5529 1696 5609 ipsam·-

1780 480 1910 539 met
1939 478 2204 558 gratiam
2224 477 2476 544 unionis
2498 480 2599 544 hie
2612 479 2801 544 homo
2824 483 3168 564 consui-gin
3196 502 3349 568 ergo

1777 585 1908 632 nou
1931 571 2190 651 prius,e
2154 571 2341 634 etiam
2368 581 2620 652 natura,
2652 579 2742 636 est
2776 574 2881 637 hie
2917 575 3131 650 homo,
3156 573 3349 658 quam

1777 662 1860 726 sit
1877 661 2068 726 Filius
2076 665 2219 744 Dei3
2204 667 2396 730 ·sIeut
2408 667 2577 730 enim
2586 668 2777 732 homo
2793 687 2920 730 nou
2933 671 3106 750 prius
3121 677 3347 736 natura

1781 762 1876 817 est
1891 765 2111 836 gratus
2138 775 2331 838 quam
2360 759 2526 822 filius
2556 761 2668 824 Dei
2690 761 3041 842 adoptivus,
3058 761 3145 826 ita
3174 761 3349 828 chri-

1781 853 1914 910 stus
1947 856 2021 913 ut
2048 850 2148 914 hie
2176 852 2369 916 homo
2396 871 2525 916 non
2553 853 2727 934 prius
2750 861 2979 917 natura
3002 860 3096 917 est
3117 853 3347 918 eonsti-

1778 945 1951 1004 tutus
1977 961 2095 1024 per
2121 948 2389 1024 gratiam
2412 946 2685 1024 unionis,
2705 965 2894 1028 quam
2925 947 3003 1010 sit
3022 947 3212 1009 Filius
3232 947 3347 1010 Dei

1779 1037 2104 1101 naturalis.
2134 1039 2244 1101 Est
2272 1041 2443 1104 enim
2478 1041 3032 1118 considerandum,
3066 1059 3210 1103 cum
3256 1041 3351 1103 di·

1781 1128 1940 1193 citur
1982 1129 2146 1194 filius
2198 1134 2497 1197 naturalis
2543 1153 2673 1198 non
2716 1135 2886 1216 prius
2931 1140 3159 1197 natura
3210 1151 3347 1196 esse

1779 1239 1973 1301 quam
1996 1224 2079 1286 sit
2102 1223 2293 1303 filius,
2323 1227 2589 1308 intelligi
2632 1233 2939 1308 quantum
2968 1227 3049 1290 ad
3076 1227 3346 1290 formam

1777 1314 1949 1378 illam
1976 1333 2091 1398 per
2116 1335 2308 1399 quam
2336 1320 2503 1383 filius
2530 1322 2939 1398 constituitur,
2981 1339 3109 1386 non
3150 1339 3348 1400 quan-

1775 1413 1914 1472 tum
1950 1410 2036 1474 ad
2062 1411 2434 1477 relationem
2462 1415 2813 1478 seeundum
2845 1433 2984 1478 esse
3012 1416 3078 1477 in
3101 1416 3348 1478 ratione

1775 1502 1886 1566 filii
1900 1519 1923 1584 3
1950 1503 2074 1568 hoe
2102 1507 2274 1570 enim
2294 1506 2508 1585 modo,
2542 1508 2734 1572 etiam
2762 1508 2830 1572 in
2855 1509 3149 1571 humanis
3179 1507 3347 1570 filius

1775 1602 1872 1660 est
1897 1597 2075 1678 prius
2103 1605 2329 1664 natura
2360 1600 2712 1666 seeundum
2756 1620 2943 1666 suum
2990 1619 3130 1666 esse
3166 1601 3346 1664 abso-

1771 1689 2000 1770 lutum,
2032 1709 2223 1773 qnam
2264 1695 2573 1759 referatur
2613 1696 2695 1759 ad
2722 1701 2987 1778 patrem.
3018 1695 3189 1759 Et'in
3216 1693 3345 1758 filio

1773 1783 2067 1864 adoptivo
2108 1786 2224 1849 Dei
2277 1789 2451 1869 prius
2492 1795 2718 1854 natura
2766 1788 3137 1872 intelligitur
3180 1789 3345 1852 affici

1772 1879 1975 1959 gratia
2014 1879 2249 1958 infusa,
2286 1887 2357 1946 ut
2414 1887 2510 1946 est
2546 1882 2753 1948 forma
2798 1881 3106 1960 absoluta,
3156 1899 3347 1962 quam

1773 1971 1944 2054 qnod
1975 1972 2057 2034 ah
2074 1973 2184 2036 illa
2215 1975 2478 2038 resultet
2509 1975 2753 2053 relatio,
2781 1975 3085 2058 quidquid
3110 1974 3219 2038 illa
3242 1975 3347 2055 sit3

1775 2065 2109 2146 solumque
2158 2067 2228 2130 in
2274 2067 2499 2131 divinis
2558 2069 2901 2152 contingit,
2944 2069 3169 2132 Filium
3219 2085 3349 2130 non

1775 2159 1951 2242 prius
1996 2167 2221 2223 natura
2244 2163 2539 2225 constitui
2558 2181 2751 2244 quam
2772 2162 3016 2238 referri,
3047 2162 3197 2244 quia
3226 2159 3350 2244 pri*-

1777 2269 1882 2314 mo
1907 2258 1972 2317 et
2004 2271 2121 2334 per
2135 2271 2203 2316 se
2234 2255 2635 2319 constituitur
2661 2255 3041 2337 proprietate
3062 2253 3345 2320 relativa.

1780 2347 1935 2409 Cum
1964 2363 2115 2428 ergo
2140 2347 2367 2412 dieitur
2392 2347 2563 2411 filius
2592 2348 2921 2431 adoptivus
2953 2349 3130 2430 prins
3166 2351 3353 2410 natu-⁵

1777 2455 1851 2501 ra
1870 2439 2157 2514 existere,
2180 2459 2375 2522 quam
2399 2443 2477 2508 sit
2498 2441 2690 2520 filius,
2715 2441 3083 2523 intelligitur
3098 2459 3229 2504 non
3250 2441 3351 2503 so‘-

1777 2533 1910 2596 lum
1941 2541 2253 2613 quantum
2293 2535 2374 2598 ad
2412 2535 2782 2600 relationem
2828 2534 2939 2598 filii
2944 2551 2964 2613 3
2996 2535 3109 2598 sed
3146 2532 3351 2614 quan-'-

1777 2630 1912 2689 tum
1939 2625 2024 2688 ad
2047 2625 2316 2690 formam
2358 2628 2556 2707 illam,
2585 2629 2719 2692 sive
2758 2627 3186 2704 intrinsecam,
3216 2627 3349 2688 sive

1779 2719 2355 2801 extr-insecutum&
2378 2735 2573 2802 quam
2616 2722 2955 2803 adoptatur
2967 2737 2989 2800 3
3014 2725 3077 2784 et
3112 2738 3149 2783 ο
3196 2737 3347 2783 eon-

1773 2811 1993 2889 trario,
2022 2829 2167 2875 enm
2206 2813 2437 2877 dieitur
2463 2813 2631 2876 fitius
2669 2814 2975 2878 naturalis
3004 2831 3132 2876 non
3168 2814 3347 2894 prius

1771 2910 1999 2968 natura
2048 2905 2319 2970 existere
2362 2923 2553 2989 quam
2608 2907 2688 2972 sit
2725 2907 2893 2972 fliius
2908 2953 2933 2986 ‚
2976 2906 3347 2988 intelligitur

1771 3004 2077 3078 quantum
2106 2999 2191 3063 ad
2213 2999 2487 3064 formam
2518 3017 2647 3083 qua
2680 3001 3085 3064 eonstituitur
3138 2999 3204 3062 in
3234 2999 3345 3060 illo

1774 3107 1938 3169 esse,
1970 3092 2053 3155 ad
2086 3092 2259 3174 quod
2300 3096 2709 3176 consequitur
2734 3095 2837 3159 vel
2862 3093 3125 3158 resultat
3173 3092 3349 3156 reia·-

1772 3184 1862 3247 tio
1902 3183 2038 3246 filii.
2069 3187 2146 3248 Et
2172 3187 2291 3250 hoe
2330 3187 2525 3250 modo
2552 3205 2683 3252 non
2708 3189 2887 3271 prius
2912 3191 3140 3252 natura
3173 3186 3347 3250 Chri-

1774 3284 1906 3340 stus
1933 3285 2029 3340 est
2056 3279 2163 3343 hie
2180 3279 2392 3358 homo,
2412 3291 2604 3361 quam
2632 3283 2712 3345 sit
2726 3287 2983 3345 sanctus
3002 3299 3119 3362 per
3138 3281 3347 3362 ipsam·

1777 3373 2103 3450 unionem,
2136 3379 2201 3436 et
2229 3373 2418 3449 filius,
2445 3376 2635 3437 etiam
2663 3374 2729 3436 in
2750 3381 3059 3456 quantum
3087 3374 3301 3436 boma·

1859 3468 1959 3528 17.
1994 3463 2172 3539 Quod
2213 3465 2266 3528 si
2318 3483 2572 3548 urgeas,
2622 3469 2771 3548 quia
2826 3469 3096 3549 ipsamet
3148 3467 3347 3548 gratia

1778 3558 2029 3624 unionis
2053 3559 2229 3640 prius
2252 3567 2481 3624 natura
2512 3561 2695 3623 estin
2718 3559 2966 3623 ratione
3008 3559 3351 3623 subsisten-

1773 3653 1876 3716 tioe
1905 3697 1926 3728 ,
1976 3656 2043 3716 et
2092 3654 2272 3734 quasi
2320 3653 2539 3717 formae
2592 3653 2965 3735 complentis
3004 3653 3348 3734 quamdam

1774 3745 2212 3823 substantiam,
2253 3762 2446 3828 quam
2486 3747 2552 3810 in
2584 3747 2829 3810 ratione
2875 3746 3095 3809 formes
3118 3747 3348 3808 saneti·

1773 3839 2043 3919 fieantis,
2070 3841 2421 3922 respondeo
2458 3841 2687 3922 primo,
2720 3842 2884 3904 hane
2913 3840 3165 3924 proprie
3214 3855 3346 3901 non

1775 3951 1918 3998 esse
1945 3933 2331 4015 prioritatem
2346 3939 2609 4010 naturoe,
2642 3935 2757 3998 sed
2782 3934 3044 3998 rationis
3072 3938 3345 4008 tantum,

1772 4027 2246 4108 proeseindentis
2266 4045 2345 4090 ea
2370 4043 2515 4108 quae
2554 4027 2621 4090 in
2648 4045 2717 4091 re
2766 4027 2945 4090 nullo
2982 4025 3173 4089 modo
3200 4032 3349 4088 suut

1773 4120 1997 4198 divisa,
2028 4121 2143 4184 sed
2176 4126 2421 4186 tantum
2444 4120 2791 4184 virtualiter
2808 4137 2923 4183 seu
2953 4120 3343 4190 eminentem

1773 4213 1884 4276 ubi
1918 4220 2135 4278 autem
2180 4232 2311 4277 nou
2362 4219 2461 4278 est
2499 4213 2813 4278 distinctio
2840 4231 2919 4276 ex
2957 4218 3185 4276 natura
3230 4211 3346 4287 rei,

1778 4323 1900 4370 neo
1937 4307 2093 4372 ordo
2133 4308 2325 4372 realis
2380 4307 2733 4371 seeundum
2786 4313 3031 4370 naturas
3060 4305 3351 4387 priorita-

1777 4407 1907 4464 tem
1964 4419 2105 4464 esse
2152 4407 2381 4483 potest.
2431 4401 2719 4465 Secundo
2752 4446 2769 4477 ,
2814 4401 3007 4464 etiam
3062 4400 3117 4460 si
3166 4413 3351 4460 mens

1775 4495 2171 4576 praescindat,
2202 4495 2341 4577 ipsa
2386 4495 2783 4578 subsistentia
2818 4494 3032 4558 divina
3052 4509 3131 4555 ex
3172 4507 3243 4554 se
3285 4495 3351 4554 et

1776 4588 2117 4652 intrinsece
2153 4587 2523 4670 intelligitur
2557 4605 2697 4651 esse
2722 4588 2928 4650 forma
2952 4584 3351 4649 sanctificans

1776 4681 2123 4745 formaliter
2150 4699 2267 4764 per
2288 4697 2357 4745 se
2374 4681 2579 4763 ipsam
2608 4687 2673 4745 et
2693 4678 3223 4762 inseparabiliter,
3260 4677 3347 4738 ita

1780 4782 1850 4839 ut
1875 4775 2024 4840 lieet
2058 4775 2444 4858 concipiatur
2472 4793 2511 4838 a
2557 4774 2741 4838 nobis
2783 4775 2891 4837 iile
2924 4773 3185 4838 effeetus
3208 4778 3353 4833 tan-

1779 4887 1973 4952 quam
2000 4869 2435 4946 seeundarius,
2454 4887 2585 4932 nou
2610 4875 2824 4932 tamen
2862 4873 2937 4930 ut
2962 4866 3353 4930 extrinsecus

1777 4964 1878 5027 vel
1902 4963 2281 5027 adventitius
2305 4981 2323 5038 ;
2354 4970 2419 5028 et
2445 4963 2591 5027 ideo
2617 4963 2719 5025 hie
2743 4962 2937 5025 homo
2952 4959 3257 5036 Christus,
3281 4967 3351 5022 ut

1774 5058 2092 5140 perillam
2118 5057 2387 5120 formam
2433 5057 2833 5130 constitutus,
2868 5071 3003 5117 non
3050 5054 3351 5116 extrinse-

1777 5167 1890 5214 cus
1915 5149 1989 5214 fit
2020 5149 2214 5228 filius,
2234 5150 2347 5213 sed
2372 5150 2750 5213 intrinsecus
2778 5154 2847 5211 et·
2860 5166 2937 5211 ex
2960 5147 3021 5210 vi
3048 5165 3183 5209 suae
3202 5161 3353 5208 eon·

1779 5245 2117 5309 stitutionis
2170 5243 2523 5326 personalis
2541 5259 2562 5322 3
2597 5241 2811 5305 etheo
2846 5248 2942 5304 est
2970 5257 3109 5302 esse
3148 5237 3350 5300 filium

1775 5339 2155 5404 naturalem.
2214 5338 2609 5421 Quapropter
2660 5337 2955 5400 instantia
3014 5331 3099 5395 de
3151 5331 3352 5413 gratia

1775 5433 2104 5510 habituali,
2135 5434 2309 5516 quia,
2339 5432 2596 5508 scilieet,
2636 5429 2915 5498 Christus
2953 5429 3145 5491 homo
3174 5426 3350 5509 prins

1775 5533 2003 5593 natura
2032 5533 2129 5592 est
2150 5543 2345 5606 quam
2372 5527 2605 5590 habeat
2651 5527 2815 5587 hane
2833 5550 2841 5560 ·
2862 5523 3151 5604 gratiam,
3184 5519 3342 5583 nihil
