3892 6167
1294 342 1615 399 msrtl‘rn.
1648 340 1748 395 Lu.
1784 344 1954 399 ssscT.
1991 346 2071 399 m.

130 456 287 521 ternis
324 451 619 532 primario
660 450 899 512 colatur
942 450 1110 510 Deus
1122 492 1140 522 ,
1173 450 1236 509 et
1264 444 1639 509 secundario

132 547 319 619 Sancti,
348 551 414 605 ut
441 544 503 604 in
544 542 971 623 superioribus
1008 541 1149 603 fuse
1193 541 1343 603 satis
1376 539 1641 621 explica-

130 658 237 707 tum
261 646 361 702 est.

186 739 236 796 9.
282 728 597 810 Responsio
636 730 723 792 ιιᾶ
758 728 1434 806 evectionem-Circa
1476 727 1641 789 hanc

131 826 531 895 difficultatem,
593 822 857 891 Mai-sil„
914 822 979 883 in
1033 825 1097 893 3,
1156 840 1219 902 q.
1272 826 1335 895 8,
1378 818 1647 885 articulo'

130 924 311 1006 primo,
354 916 541 977 sentit
592 914 879 976 habitum
921 916 1119 977 latriae
1150 921 1214 978 et
1264 914 1449 977 duliae
1504 928 1641 975 esse

132 1032 283 1079 unum
311 1016 371 1072 et
412 1008 737 1072 eumdem.
766 1009 915 1083 Quis
942 1008 1249 1071 sententia
1290 1008 1477 1087 plane
1504 1024 1642 1085 pro·

130 1108 307 1175 habilis
336 1111 448 1174 est,
482 1102 674 1181 eique
706 1101 896 1163 tidem
938 1102 1177 1165 faciunt
1206 1104 1483 1164 rationes
1512 1100 1641 1162 fac-

130 1214 217 1273 tm
242 1216 373 1260 nam
404 1214 565 1275 quas
606 1194 919 1257 Mat-silius
970 1196 1491 1275 adducit,parum
1532 1199 1643 1255 aut

128 1294 246 1359 nihil
292 1289 696 1355 concludunt.
724 1306 883 1367 quas
908 1308 981 1351 ea
1010 1289 1091 1350 de
1134 1306 1325 1351 causa
1352 1289 1643 1350 omitten-

128 1386 397 1457 (instinxi,
425 1390 557 1445 tum
598 1383 789 1443 etiam
836 1400 915 1445 ne
958 1383 1289 1463 plusjusto
1316 1384 1383 1443 in
1423 1400 1491 1445 re
1521 1383 1639 1443 bac

127 1487 459 1547 immorarer.
488 1476 715 1538 Verior
730 1484 942 1539 tamen
974 1484 1067 1538 est
1080 1478 1477 1539 communior
1498 1495 1639 1538 sen-

128 1576 298 1649 tentia,
328 1588 464 1651 quae·
492 1570 751 1631 habitus
778 1570 1037 1631 istarum
1068 1570 1367 1631 virtutum
1390 1570 1556 1632 inter
1573 1587 1639 1631 se

126 1667 415 1745 distinguit,
444 1680 641 1743 quam
672 1664 859 1725 tradit
886 1670 1103 1744 aperte
1127 1664 1197 1725 D.
1222 1664 1447 1725 Tbom.
1478 1666 1538 1725 2.
1574 1669 1636 1739 2,

130 1780 171 1841 q.
200 1758 410 1833 8t‚nbi
448 1756 659 1818 solum
714 1758 907 1819 Deum
956 1758 1279 1819 constituit
1324 1757 1643 1834 religionis

130 1858 411 1933 objectum,
443 1858 506 1913 et
539 1869 606 1929 q.
650 1853 769 1914 102
790 1860 853 1913 et
884 1853 1023 1924 103,
1062 1852 1233 1930 ponit
1262 1850 1417 1912 alias
1444 1852 1637 1912 virtu-

132 1960 201 2013 tes
220 1947 285 2009 ad
306 1944 589 2006 homines
616 1945 938 2011 colendos.
960 1952 1021 2007 et
1040 1946 1455 2007 differentiam
1472 1962 1639 2005 sem·

130 2062 213 2124 per
234 2038 533 2102 constituit
553 2038 727 2099 inter
754 2036 1185 2100 adorationem
1216 2046 1279 2100 et
1308 2056 1590 2100 amorem
1614 2056 1629 2115 ς

134 2138 255 2197 idem
276 2132 443 2194 docet
468 2132 853 2207 Bonavent„
884 2132 947 2193 in
974 2134 1035 2205 3,
1060 2132 1203 2194 dist.
1234 2133 1301 2207 9,
1332 2141 1447 2194 art.
1474 2134 1540 2206 Ξ,
1569 2150 1629 2211 q.

134 2235 176 2302 4,
208 2228 293 2287 nbi
346 2225 545 2286 caeteri
590 2225 885 2287 doctores
906 2270 927 2301 ,
972 2233 1037 2286 et
1068 2226 1201 2287 fere
1254 2227 1636 2288 recentiores

134 2320 369 2399 Theologi
396 2362 413 2392 ,
470 2318 579 2398 qui
618 2319 699 2379 de
741 2319 861 2381 hac
900 2320 1163 2381 materia
1206 2321 1592 2399 scripserunt
1616 2362 1634 2394 ,

134 2432 233 2476 rem
252 2414 393 2473 hanc
414 2419 751 2473 etcertum
778 2419 969 2492 atqua
997 2412 1381 2491 exploratam
1410 2428 1638 2492 suppo·

136 2515 271 2569 nunt.
296 2506 462 2567 natio
480 2522 643 2567 vero
665 2513 786 2581 est,
807 2506 955 2586 quis
984 2505 1271 2568 adoratio
1290 2522 1403 2586 per
1424 2522 1493 2566 se
1520 2506 1639 2585 pri·

138 2618 213 2662 mo
234 2599 405 2660 tendit
428 2599 508 2659 ad
534 2599 974 2661 excellentiam
994 2606 1061 2661 ut
1089 2600 1180 2661 sic
1205 2620 1224 2673 ς
1256 2608 1641 2679 quapropter

138 2692 215 2755 ubi
242 2699 391 2753 tanta
433 2696 527 2752 est
574 2692 909 2755 diversitas
964 2694 1371 2762 excellentias,
1403 2698 1638 2770 quanta

138 2794 205 2849 est
234 2786 375 2846 inter
398 2784 603 2847 Deum
635 2792 699 2849 et
738 2792 1117 2860 creaturam,
1145 2786 1549 2847 adorationes
1578 2792 1641 2847 et

136 2882 361 2949 virtutes,
382 2894 521 2957 quoe
552 2884 705 2940 sunt
742 2896 961 2941 earum
1006 2880 1335 2959 principia,
1361 2880 1639 2941 diversas

138 2992 237 3035 esse
260 2990 495 3033 necesse
526 2980 651 3034 est.
684 2974 833 3047 Quae
858 2976 1019 3035 ratio
1060 2972 1125 3034 in
1158 2973 1469 3036 solutione
1500 2990 1639 3051 pro·

134 3068 299 3147 positoe
322 3066 698 3128 difficultatis
726 3070 931 3147 magis
950 3066 1381 3147 explicabitur.

196 3163 273 3220 10.
300 3160 385 3221 Ad
422 3161 733 3221 rationem
764 3176 917 3240 ergo
944 3160 1271 3221 dubitandi
1296 3177 1487 3238 supra
1528 3176 1639 3237 po·

138 3257 295 3325 sitam,
320 3254 513 3331 primo
546 3255 771 3332 negari
797 3259 999 3333 potest
1022 3254 1373 3315 dilectionis
1404 3260 1634 3325 actum,

141 3366 231 3425 quo
277 3353 504 3407 amatur
550 3349 877 3426 proximus
904 3357 1163 3427 propter
1213 3349 1511 3408 virtutem
1540 3347 1638 3408 vel

140 3440 465 3501 sanctitatem
520 3448 801 3501 creatam
858 3459 1001 3520 quse
1033 3441 1100 3502 in
1136 3442 1273 3521 ipso
1331 3440 1597 3501 inhaeret
1620 3482 1637 3512 ‚

144 3534 283 3593 etiam
324 3534 369 3595 si
402 3534 897 3612 supernaturalis
926 3536 1026 3608 sit,
1060 3552 1097 3595 a
1125 3534 1379 3613 propria
1416 3534 1641 3595 virtute

142 3626 401 3688 cliaritatis
426 3627 595 3701 elici,
626 3628 738 3689 sed
766 3646 803 3688 a
852 3627 1077 3689 virtute
1102 3628 1311 3689 infusa
1352 3627 1641 3689 amicitias

143 3720 399 3797 humanm,
434 3738 579 3801 quas
604 3738 731 3783 non
760 3728 859 3783 est
889 3719 1085 3783 virtus
1116 3722 1489 3802 theologica,
1531 3718 1639 3783 sed

142 3813 360 3875 moralis.
392 3814 581 3894 Cujus
632 3814 959 3876 solutionis
998 3814 1479 3877 fundamentum
1506 3830 1643 3892 pro-

144 3906 305 3969 babile
324 3906 573 3986 quidem
604 3915 723 3979 est,
756 3909 870 3970 sed
914 3926 1045 3969 non
1091 3914 1293 3986 potest
1344 3908 1463 3968 boc
1503 3908 1641 3968 loco

140 3999 253 4058 satis
272 4002 619 4077 examinari,
654 4008 725 4062 ut
772 4018 877 4063 res
918 4000 1243 4081 postulare
1270 4000 1601 4061 videbatur
1622 4042 1639 4072 ‚

142 4108 303 4171 neque
323 4102 583 4174 oportet,
610 4096 771 4157 nain
786 4112 1055 4157 messem
1082 4094 1353 4157 alienam
1381 4110 1643 4155 manum

144 4188 442 4263 mittamus3
474 4190 543 4253 id
564 4208 717 4252 vero
746 4191 883 4251 sine
897 4188 1019 4250 hac
1046 4189 1387 4251 sufficienti.
1406 4187 1643 4248 discus-

144 4280 279 4342 sione
310 4284 595 4346 affirmari
622 4289 733 4345 ant
756 4283 1091 4363 approbari
1116 4298 1521 4361 nequaquam
1547 4282 1642 4360 ju-

146 4371 249 4433 dico
297 4378 577 4455 expedire
608 4422 625 4449 ,
666 4376 1009 4455 praesertim
1067 4392 1209 4438 cnm
1239 4376 1309 4438 D.
1342 4376 1639 4447 Thomas„

147 4467 223 4543 qui
244 4467 297 4527 in
318 4471 505 4533 tribus
526 4471 677 4532 locis
702 4473 767 4533 2.
800 4474 861 4539 2,
894 4469 1058 4531 hanc
1096 4468 1527 4531 difficultatem
1556 4476 1644 4531 te·

148 4558 267 4637 tigit,
302 4560 707 4627 differentiam
742 4564 905 4625 inter
938 4580 1215 4625 amorem
1242 4566 1305 4623 et
1332 4562 1643 4625 adoratio·

146 4666 259 4711 nem
294 4656 585 4719 collocare
648 4662 911 4719 conatus
960 4656 1057 4717 sit.
1110 4654 1387 4716 Primum
1435 4656 1645 4717 locum

144 4742 244 4819 jam
268 4748 585 4828 attigimus.
616 4749 947 4812 Secundus
986 4754 1085 4811 est
1106 4748 1169 4809 iu
1208 4768 1271 4827 q.
1297 4753 1399 4825 2³5,
1434 4758 1551 4811 art.
1583 4755 1638 4824 1.

150 4835 211 4895 ad
231 4840 281 4910 2,
306 4840 399 4902 ubi
428 4844 517 4906 sic
556 4842 763 4923 inquit
795 4861 811 4901 ε
846 4840 1035 4905 Amor
1070 4841 1315 4921 respicit
1342 4845 1553 4906 bonum
1578 4845 1646 4907 iu

151 4937 413 5011 communi,
439 4938 627 4999 honor
647 4952 785 4999 vero
818 4934 1131 5015 propo-im
1158 4936 1371 4998 bonum
1396 4936 1645 4999 honora-

153 5020 210 5087 ti:
230 5024 459 5102 defertur
482 5028 637 5093 enim
664 5029 851 5092 diost·
864 5028 935 5090 ia
958 5029 1363 5090 testimonium
1375 5032 1647 5111 proprie

153 5112 389 5192 viv-tutin
414 5133 470 5186 ot
488 5122 621 5186 ideo
648 5125 888 5186 diversa
911 5122 1223 5202 quantitas
1247 5123 1536 5186 bonitatis
1558 5124 1647 5187 di-

153 5222 400 5275 versorum
432 5232 551 5277 nou
596 5218 813 5279 causat
862 5216 1275 5279 diversitatem
1309 5216 1643 5296 specificam

156 5299 207 5358 is
251 5320 421 5370 amore
445 5354 463 5384 ,
508 5310 653 5371 dum
701 5310 872 5371 modo
908 5312 1254 5386 referantur
1284 5310 1367 5371 ad
1404 5309 1649 5389 aliquod

156 5405 299 5457 susm
316 5398 511 5465 bonum
549 5418 849 5467 mmmm
869 5428 895 5476 ,·
918 5402 1028 5466 sod
1052 5402 1239 5464 bonor
1280 5403 1649 5483 diversifica·

160 5486 237 5545 tur
252 5496 535 5563 smmum
579 5497 837 5579 propria
872 5496 1027 5561 bona
1050 5495 1455 5577 tinnulos-um.
1500 5496 1651 5557 Ter-

1726 444 1846 505 tius
1878 446 2051 509 locus
2105 454 2198 511 est
2235 451 2304 511 in
2333 470 2396 531 q.
2439 456 2541 515 81.
2573 459 2690 513 art.
2721 454 2781 518 ⁴.
2811 454 2890 513 ad
2919 456 2984 527 3,
3013 456 3119 517 ubi
3164 458 3286 521 boc

1723 541 1925 620 magis
1951 542 2268 620 explicans
2297 544 2443 607 dicit
2470 564 2485 607 ε
2519 544 2824 623 objectum
2847 550 3074 611 amorii
3087 558 3178 615 eet
3195 552 3288 614 bo-

1722 650 1869 697 mtm
1895 661 1919 708 ,·
1952 638 2239 715 objectum
2269 645 2464 701 autem
2516 642 2760 702 lionoris
2799 642 2894 701 val
2939 647 3286 709 reverentioe

1722 734 1813 792 est
1850 730 2090 811 aliquid
2127 734 2418 796 excellens
2445 756 2472 803 ,·
2499 733 2737 796 bonitas
2762 739 2958 797 autem
2991 735 3106 799 Dei
3127 754 3286 798 com·

1721 824 2074 886 munientur
2100 832 2418 899 creaturae,
2441 843 2560 887 non
2587 832 2786 889 autem
2813 826 3162 889 eoeoelleseia
3195 830 3286 891 bo·

1720 916 1942 977 nitatis
1992 918 2144 995 ejus.
2193 920 2284 981 Bt
2337 920 2466 981 ideo
2516 920 2812 991 charitas,
2840 938 2958 998 qua
2999 920 3290 997 diliyitm·

1720 1008 1909 1078 Deus,
1936 1028 2055 1071 uon
2080 1016 2176 1075 eet
2221 1012 2416 1075 virtue
2459 1012 2806 1075 distinctae
2829 1013 3129 1076 charitate
3168 1032 3288 1095 qua

1722 1102 2012 1185 cil-liyt'tur
2035 1106 2371 1185 proximus.
2398 1103 2630 1188 Religio
2649 1120 2872 1173 autem,
2896 1122 3018 1185 qua
3039 1106 3286 1169 honora-

1722 1200 1829 1257 tur
1856 1196 2037 1263 Deus.
2067 1198 2478 1279 distinquitm·
2506 1216 2544 1261 a
2577 1199 2910 1262 virtutibus
2935 1200 3154 1278 quibus
3183 1200 3287 1263 ho·

1720 1295 1984 1352 noratur
2006 1291 2342 1369 pron-imus.
2391 1294 2458 1354 ln
2497 1292 2726 1371 quibus
2771 1291 3180 1353 solutionibus
3215 1292 3288 1353 il·

1720 1380 1831 1442 lud
1881 1400 2132 1462 semper
2163 1392 2380 1447 manet
2427 1384 2786 1458 obscurum,
2835 1386 3006 1465 quia.
3037 1393 3286 1451 servata

1722 1476 1947 1538 eadem
1981 1478 2404 1556 proportione,
2437 1478 2659 1540 eadem
2703 1479 2862 1541 ratio
2909 1478 3284 1543 diversitatis

1720 1568 1821 1629 vel
1850 1571 2118 1631 unitatis·
2135 1580 2398 1651 apparet
2438 1571 2500 1633 in
2543 1578 2812 1649 utraque
2855 1571 3106 1641 virtute,
3139 1574 3284 1652 quia

1724 1663 1887 1724 sieut
1926 1680 2106 1725 amor
2143 1665 2205 1724 in
2251 1666 2570 1726 communi
2619 1666 2819 1727 tendit
2847 1667 2914 1726 in
2951 1666 3184 1727 bouum
3219 1668 3286 1727 in

1724 1760 2068 1829 communi,
2093 1759 2176 1821 ita
2201 1758 2406 1821 honor
2447 1761 2510 1820 in
2564 1761 2880 1822 communi
2911 1760 3180 1821 refertur
3205 1762 3288 1825 ad

1724 1852 2157 1915 excellentiam
2187 1853 2250 1913 in
2281 1853 2636 1925 communi:
2681 1860 2742 1914 et
2797 1853 2956 1915 sicut
2999 1852 3138 1914 talis
3171 1852 3288 1915 ho-

1722 1962 1864 2014 nor,
1906 1944 2144 2007 scilicet
2197 1946 2401 2018 latria,
2431 1944 2687 2023 respicit
2731 1946 2920 2008 talem
2973 1946 3287 2008 excellen-

1716 2036 1893 2112 tiam,
1924 2038 2220 2099 nimirum
2279 2042 2642 2112 increatam,
2677 2039 2764 2100 ita
2795 2038 2936 2099 talis
2964 2056 3166 2109 amor,
3195 2040 3287 2099 vi—

1717 2130 1945 2193 delicet
1977 2150 2172 2211 super
2195 2138 2430 2205 omnia,
2463 2133 2920 2211 respicittalem
2940 2133 3284 2193 bonitatem

1716 2244 1833 2307 per
1888 2227 2246 2288 essentiam.
2295 2227 2553 2298 Rursus,
2585 2226 2746 2287 sicut
2787 2225 3284 2287 communicatur

1722 2318 1958 2381 bomini
1978 2320 2370 2399 participatio
2392 2319 2616 2381 divinas
2646 2318 2966 2395 honitatis,
2989 2320 3069 2381 ita
3091 2320 3283 2381 etiam

1721 2414 2216 2475 communicatur
2265 2413 2660 2493 participatio
2703 2412 2930 2474 divinas
2971 2412 3284 2475 excellen-

1720 2509 1848 2580 tias,
1880 2512 1943 2569 et
1975 2508 2136 2568 sicut
2161 2526 2288 2567 non
2329 2495 2824 2569 communicatur
2853 2514 3160 2569 creaturae
3189 2506 3282 2567 di-

1722 2601 1869 2661 vina
1892 2600 2281 2670 excellentia,
2309 2604 2498 2679 prout
2527 2601 2589 2659 in
2609 2618 2678 2661 se
2709 2607 2823 2676 est,
2855 2600 2942 2661 ita
2971 2618 3088 2661 nec
3112 2618 3286 2663 com·

1722 2694 2080 2754 municatur
2120 2692 2332 2753 divina
2371 2692 2624 2755 bonitas
2665 2710 2778 2772 per
2809 2694 3142 2755 essentiam
3173 2712 3192 2765 ;
3223 2699 3286 2754 et

1722 2786 1865 2847 ideo
1893 2786 2204 2847 sicut-non
2237 2790 2444 2864 potest
2469 2794 2759 2847 creatura
2793 2786 2976 2847 latria
3021 2786 3164 2854 coli,
3197 2787 3286 2847 ita

1720 2898 1841 2941 nec
1865 2898 2056 2960 super
2079 2881 2292 2941 omnia
2325 2880 2545 2942 amari.
2581 2881 2648 2942 ln
2674 2898 2802 2960 quo
2831 2896 2980 2961 ergo
3007 2880 3288 2942 consistit

1722 2973 2078 3035 differentia
2099 2973 2350 3036 illorum
2373 2976 2540 3036 inter
2563 2992 2632 3035 se
2655 2978 2681 3036 ‘t

1805 3072 1873 3130 Η
1890 3112 1905 3129 .
1934 3068 2160 3129 Fateor
2181 3084 2316 3129 rem
2337 3084 2476 3128 esse
2498 3068 2831 3129 obscuram
2860 3072 2925 3129 et
2943 3065 3283 3129 difficilem.

1719 3166 1855 3226 Duo
1878 3170 2092 3224 tamen
2135 3162 2254 3224 dici
2287 3180 2470 3243 posse
2509 3162 2828 3235 videntur,
2859 3162 2923 3223 in
2955 3161 3185 3239 quibus
3223 3166 3288 3223 et

1720 3276 1822 3317 res
1849 3258 2008 3335 ipsa,
2045 3262 2110 3315 et
2141 3274 2317 3316 mens
2349 3256 2415 3316 D.
2449 3256 2710 3316 Thomas
2758 3255 3026 3316 fortasse
3055 3253 3290 3315 consis-

1720 3351 1815 3411 tit.
1866 3350 2148 3411 Alterum
2211 3349 2478 3409 sumitur
2529 3366 2606 3408 ex
2664 3348 2985 3407 communi
3045 3348 3288 3408 ratione

1724 3443 1956 3503 amoris
2011 3448 2071 3502 et
2124 3439 2539 3513 adorationis;
2589 3457 2770 3501 amor
2813 3440 2980 3500 enim
3043 3440 3290 3519 respicit

1726 3536 2043 3614 objectum
2072 3534 2190 3594 sub
2217 3536 2458 3595 ratione
2487 3535 2668 3612 quasi
2696 3533 2982 3595 absoluta
3013 3548 3032 3609 3
3065 3533 3291 3592 adora·-

1722 3632 1810 3691 tio
1844 3646 1994 3689 vero
2027 3626 2144 3687 sub
2173 3626 2518 3707 respectiva
2549 3626 2790 3689 ratione
2817 3644 2934 3706 per
2970 3643 3290 3705 compara-

1722 3724 1960 3785 tionem
1993 3722 2078 3782 ad
2112 3722 2570 3795 honorantem3
2611 3719 2674 3781 id
2727 3724 2843 3796 est,
2875 3736 3056 3781 amor
3091 3719 3290 3781 tendit

1725 3818 1790 3877 in
1816 3816 2164 3877 bonitatem
2211 3814 2436 3893 objecti
2483 3813 2831 3875 secundum
2859 3832 2926 3875 se
2958 3832 2974 3884 ς
3005 3812 3287 3873 adoratio

1724 3910 1960 3971 veroin
1993 3908 2422 3969 excellentiam
2441 3907 2725 3980 alterius,
2747 3914 3056 3985 quatenus
3077 3904 3288 3983 aliquo

1724 4004 1915 4065 modo
1944 4001 2192 4065 excedit
2230 4000 2432 4079 ipsum
2463 3999 2880 4061 adoratorem.
2913 3998 3118 4077 Atque
3147 3996 3290 4059 hinc

1724 4098 1816 4169 fit,
1858 4104 1945 4171 ut,
1977 4096 2139 4157 sicut
2177 4096 2342 4157 Deus
2383 4093 2574 4155 babet
2609 4092 2996 4172 singularem
3045 4108 3293 4171 respec-

1723 4196 1856 4253 tum
1886 4185 2930 4269 superioris,incommunicabilem
2959 4192 3286 4258 creaturas,

1725 4284 1809 4346 ita
1835 4283 2060 4361 religio
2081 4282 2261 4343 illum
2289 4279 2646 4360 specialiter
2664 4280 2978 4357 respiciat.
3005 4294 3130 4339 nnn
3149 4296 3292 4358 pro-

1724 4382 1795 4438 ut
1839 4382 2046 4456 potest
2101 4390 2245 4437 cum
2305 4379 2594 4437 creatura
2643 4372 3142 4435 convenientiam
3181 4372 3291 4433 ali-

1726 4486 1914 4549 quam
1944 4470 2182 4531 habere
2208 4510 2226 4541 ,
2281 4467 2392 4529 sed
2440 4478 2626 4547 prout
2673 4465 3074 4546 singulariter
3121 4465 3294 4526 illam

1726 4563 1973 4625 excedit
2001 4579 2022 4641 ;
2059 4566 2298 4625 atvero
2321 4578 2506 4623 amor
2533 4578 2666 4621 non
2710 4559 2965 4638 respicit
2991 4558 3292 4643 singulari

1724 4656 1917 4719 modo
1947 4656 2116 4717 hunc
2143 4671 2498 4725 excessum,
2521 4652 2636 4715 sed
2665 4652 3012 4713 honitatem
3040 4658 3104 4713 et
3131 4668 3296 4713 com·

1724 4749 2214 4811 manicationem
2249 4749 2406 4827 ejus.
2440 4746 2636 4825 Cujus
2681 4745 2934 4825 signum
2983 4749 3099 4815 est,
3123 4742 3294 4822 quod

1728 4860 1907 4904 amor
1946 4860 2076 4903 non
2130 4847 2374 4903 tantum
2414 4846 2510 4901 est
2558 4838 2640 4901 ad
2689 4838 2907 4904 alium,
2935 4836 3046 4897 sed
3079 4836 3160 4897 ad
3189 4854 3292 4897 se-

1727 4936 1976 5015 ipsum;
2011 4934 2182 4993 unde
2223 4934 2386 4995 Deus
2423 4932 2504 4993 ad
2553 4948 2622 4992 se
2661 4928 3031 4991 charitatem
3076 4928 3290 5004 hahet,

1727 5029 1907 5107 cujus
1963 5025 2355 5106 participatio
2399 5030 2494 5089 est
2540 5022 2814 5086 charitas
2855 5030 3119 5100 nostra;
3165 5040 3292 5083 non

1725 5129 1943 5185 tamen
1990 5119 2186 5181 habet
2233 5120 2604 5199 religionem
2653 5134 2782 5194 qua
2832 5134 2900 5178 se
2931 5121 3289 5178 veneretur.

1726 5212 1925 5292 Hujus
1968 5211 2063 5273 rei
2091 5212 2250 5273 ratio
2282 5219 2396 5288 est,
2423 5208 2570 5290 quia
2601 5214 2806 5289 potest
2845 5228 3024 5269 suam
3053 5208 3295 5269 bonita-

1725 5314 1853 5370 tem
1893 5306 2210 5382 respicere
2251 5304 2370 5367 sub
2398 5304 2638 5366 ratione
2678 5302 2988 5373 absoluta,
3025 5318 3150 5363 non
3192 5308 3294 5363 ta-

1728 5416 1877 5463 men
1928 5400 2052 5461 sub
2103 5401 2350 5463 ratione
2384 5396 2732 5478 respectiva
2777 5396 3140 5477 superioris,
3169 5412 3293 5459 seu

1732 5493 2118 5559 excellentis.
