3892 6167
617 421 883 485 verbum
938 422 1152 481 autem
1204 432 1561 481 venera-mm·
1581 460 1605 493 ,
1664 412 1905 477 duliam
1961 413 2194 494 signifi-

622 525 767 577 care
822 512 1113 589 videtui-3
1164 518 1230 575 et
1288 517 1557 591 utraque
1621 508 1901 573 adoratio
1967 508 2194 572 dicitnr

620 608 779 686 fieri,
813 624 925 691 per
968 606 1315 689 immam,
1346 605 1509 667 sicut
1562 600 1861 665 adoratur
1897 602 2192 683 princeps

620 716 738 783 per
784 706 1023 763 vestem
1074 704 1185 763 aut
1234 698 1515 761 calceum
1536 742 1551 772 ,
1606 696 1861 777 quando
1910 697 2050 759 haec
2093 714 2194 759 os-

624 794 897 858 culando
926 812 1265 876 personam
1294 793 1650 855 adoramus.

702 892 765 952 9.
814 887 1105 952 Secundo
1128 905 1207 950 ex
1226 886 1514 951 Patribus
1540 908 1561 962 3
1593 883 1809 959 Basil.‚
1844 884 1923 949 de
1949 883 2185 967 Spiritu

623 986 876 1059 Sancto,
906 1000 965 1043 c.
994 985 1074 1046 18
1102 1002 1117 1041 z
1152 978 1309 1053 Rae,
1331 980 1557 1059 inquit,
1574 978 1803 1044 dicitur
1830 980 1998 1061 repis
2023 979 2184 1043 ima-

623 1092 719 1157 90,
750 1081 807 1140 et
818 1092 937 1139 non
954 1075 1069 1138 duo
1089 1091 1279 1155 reyes,
1311 1090 1497 1155 mque
1520 1071 1845 1155 imperium
1855 1073 2185 1149 scinditur,

618 1164 804 1251 neque
832 1166 1035 1251 floria
1068 1166 1395 1241 dividitur,
1424 1163 1571 1247 quia
1598 1165 1763 1229 sieut
1806 1168 2078 1245 potestas
2101 1169 2192 1229 εει

616 1280 765 1337 una,
790 1262 885 1326 ἰια
912 1264 971 1324 ιι
996 1258 1365 1343 ylorifioatio
1380 1264 1471 1325 est
1484 1276 1629 1324 una.
1656 1258 1978 1338 Origenes,
2010 1258 2185 1323 hom.

622 1357 651 1417 1
682 1355 751 1415 in
778 1352 1067 1416 Genesim
1098 1373 1115 1413 τ
1166 1350 1288 1426 Qut
1322 1353 1487 1417 videt
1530 1351 1857 1433 imaainem
1892 1350 2180 1431 alicuius,

616 1450 776 1512 videt
802 1464 933 1511 eum
956 1445 1135 1527 cnjus
1169 1447 1371 1527 imaqo
1401 1452 1513 1511 σει.
1550 1446 1869 1524 Damaso„
1926 1446 1972 1507 1.
2017 1450 2060 1509 4
2105 1446 2186 1508 de

618 1541 792 1618 Fide,
822 1557 876 1604 c.
909 1544 984 1603 12
1017 1561 1032 1601 :
1066 1538 1409 1603 Adeo-amus
1430 1556 1683 1616 mm,
1726 1556 1845 1602 non
1875 1540 2036 1621 quod
2056 1557 2186 1603 ma-

617 1638 835 1699 ceriam
864 1635 1155 1705 colamus,
1183 1635 1287 1698 sed
1303 1634 1597 1717 fiyuram,
1624 1638 1700 1697 ‘ut
1732 1648 1853 1715 qua
1901 1631 2184 1699 Christus

615 1730 965 1811 desiymtur
980 1751 1009 1799 ;
1046 1734 1111 1791 et
1132 1728 1297 1791 infra
1326 1744 1343 1788 :
1378 1727 1672 1803 Quocirca
1722 1726 1899 1791 nobie
1944 1728 2182 1803 facien·-

616 1825 759 1889 dum
779 1830 886 1898 est,
920 1829 993 1889 ut
1025 1821 1223 1889 crucis
1245 1821 1486 1904 siynum
1511 1822 1829 1885 adoremus
1838 1846 1867 1895 ,·
1891 1820 2000 1885 ubi
2023 1822 2185 1885 enim

612 1915 857 1995 siqmm
880 1916 1089 1992 fuerit,
1117 1912 1251 1979 illio
1263 1930 1489 1996 quoque
1507 1918 1563 1977 et
1586 1912 1717 1996 ipso
1742 1914 1883 1977 m't.
1898 1912 2184 1976 Tandem

614 2009 949 2089 Nicephor.
976 2006 1480 2086 constantinop„
1505 2005 1571 2067 in
1584 2005 1735 2067 dial.
1755 2004 2179 2084 Orthodoxus,

613 2102 723 2181 qui
749 2107 847 2163 est
876 2100 957 2163 de
986 2100 1391 2179 imaginibus,
1440 2098 1781 2163 introducit
1822 2100 2184 2163 hoeretioum

611 2196 1110 2275 interrogantem
1141 2194 1253 2256 ubi
1280 2195 1361 2257 sit
1400 2194 1703 2275 scriptum
1740 2193 1821 2257 de
1856 2194 2182 2259 adoranda

610 2287 889 2369 imagine
916 2288 1161 2351 Christi.
1188 2289 1265 2350 Et
1289 2289 1631 2369 respondet
1661 2306 1677 2350 ι
1722 2288 1842 2353 Ubi
1882 2291 2182 2371 emptum

612 2388 701 2447 σει
726 2383 1099 2447 adorandum
1151 2398 1277 2445 etse
1304 2381 1647 2457 Oka-istum,
1682 2380 1986 2463 siquidm
2014 2384 2182 2448 inse-

606 2476 913 2555 parabilis
939 2482 1028 2541 oet
1054 2496 1095 2541 a
1117 2481 1437 2557 prototypo
1458 2477 1703 2557 esfiyiec
1726 2477 1879 2555 ejvs,
1900 2494 2038 2541 em
2055 2476 2184 2541 sint

610 2586 818 2644 unum,
866 2588 989 2633 non
1037 2576 1289 2647 natura,
1340 2571 1447 2634 aad
1474 2568 1819 2633 habitudine
1840 2592 1869 2639 ,·
1906 2576 1972 2632 et
2017 2570 2181 2632 infra

608 2663 777 2737 dicit,
806 2663 1133 2748 imaqinem
1163 2665 1373 2729 habero
1404 2681 1542 2729 oum
1563 2668 1886 2745 prototypo
1914 2680 2174 2729 commu·

608 2757 849 2819 aionem
900 2758 1189 2831 nominis,
1234 2758 1481 2821 houm-ie
1524 2762 1585 2821 et
1624 2756 2023 2831 ador-attonite,
2053 2776 2170 2821 nou

610 2848 947 2930 (equaliter,
978 2850 1081 2913 sed
1104 2850 1445 2933 respectiva.
1478 2849 1637 2913 Citat
1663 2848 1939 2929 deniqne
1974 2850 2172 2911 Atha-

607 2960 745 3005 naS.
782 2943 1140 3006 dicentem:
1176 2943 1298 3018 Qui
1320 2943 1647 3025 imayimm
1695 2942 1939 3025 aspicit,
1983 2944 2052 3007 in
2099 2962 2169 3009 ea

606 3052 805 3118 reyem
824 3038 1069 3116 aspicit.
1094 3036 1325 3112 Tertio,
1349 3036 1613 3113 ratione,
1644 3036 1793 3115 quia
1822 3036 1923 3099 hic
1950 3036 2174 3099 modus

606 3129 985 3191 adorationis
1010 3130 1319 3210 possibilis
1346 3134 1439 3193 est
1470 3129 1565 3209 (ut
1596 3129 1748 3193 satis
1794 3130 2173 3211 explicatum

607 3228 669 3285 et
692 3223 1027 3303 probatum
1054 3223 1343 3301 videtur),
1366 3229 1429 3287 et
1458 3234 1551 3285 est
1570 3224 1803 3287 rationi
1852 3230 2176 3289 consenta-

606 3334 789 3391 neus,
818 3316 1101 3396 nihilque
1152 3315 1347 3379 hahet
1394 3316 1847 3389 inordinatum,
1876 3317 2029 3397 quia
2076 3318 2174 3381 in-

607 3408 822 3483 tentio,
848 3410 1139 3473 voluntas
1167 3415 1229 3471 et
1255 3410 1650 3485 existimatio,
1682 3428 1823 3491 quoe
1866 3412 2174 3475 adoratio·-

608 3520 755 3567 nem
806 3503 1128 3580 discernit,
1159 3503 1505 3566 rectissima
1562 3510 1681 3579 est,
1734 3504 1881 3584 quia
1934 3523 2053 3585 per
2103 3522 2172 3567 se

606 3598 809 3678 primo
836 3597 1035 3661 tendit
1062 3597 1129 3658 in
1166 3596 1501 3674 Christum,
1537 3596 1605 3658 in
1650 3597 1996 3678 imaginem
2021 3616 2172 3661 vero

610 3691 1108 3753 concomitanter
1132 3696 1199 3753 et
1238 3696 1495 3771 propter
1534 3691 1777 3771 ipsnm;
1804 3708 1980 3773 ,ergo
2034 3692 2168 3757 hoec

608 3784 891 3847 adoratio
920 3785 1185 3847 honesta
1206 3790 1323 3862 est,
1348 3788 1413 3845 et
1428 3789 1613 3847 rectae
1632 3784 1857 3847 rationi
1904 3802 2167 3849 consen-

605 3882 815 3941 tanea.
859 3879 937 3943 Et
962 3878 1391 3955 confirmatur,
1420 3878 1573 3958 quia
1620 3896 1813 3959 supra
1840 3885 2165 3943 ostensum

606 3977 721 4047 est,
753 3972 1043 4053 quamvis
1078 3978 1365 4035 creatura
1390 3989 1520 4035 non
1555 3972 1755 4053 possit
1778 3974 1905 4055 iper
1940 3992 2010 4037 se
2038 3976 2168 4055 pri-

602 4084 709 4130 mo
760 4066 1009 4128 adorari
1054 4066 1263 4142 latria,
1304 4084 1487 4145 posse
1532 4071 1749 4129 tamen
1806 4068 2161 4146 coadorari,

604 4161 765 4223 sicut
797 4160 1157 4223 humanitas
1178 4159 1402 4222 Christi
1430 4158 1805 4223 coadoratur
1836 4162 2068 4239 verbe,
2101 4169 2166 4225 et

601 4271 881 4334 purpura
906 4252 1073 4334 regis
1096 4253 1469 4315 coadoratur
1507 4252 1745 4316 honore
1760 4255 1960 4335 regio,

682 4348 784 4409 10.
838 4344 1121 4426 objectio.
1151 4376 1233 4393 —
1260 4346 1611 4427 Responsio.
1644 4377 1725 4393 --
1768 4345 2052 4427 objectio.
2085 4384 2162 4399 -

600 4440 956 4521 Responsio.
978 4440 1289 4513 -Dices,
1325 4438 1447 4501 hoc
1484 4438 1723 4503 habere
1752 4440 1966 4503 locum
1991 4443 2058 4506 in
2088 4446 2164 4507 iis

600 4550 742 4613 quae
767 4532 981 4611 aliquo
1002 4531 1193 4595 modo
1216 4550 1417 4595 unum
1439 4533 1823 4595 constituunt
1851 4552 1996 4597 cum
2019 4555 2163 4617 per-

597 4642 754 4689 sona
786 4624 1085 4698 adorata3
1118 4626 1329 4707 imago
1358 4632 1570 4689 autem
1597 4644 1727 4689 non
1770 4626 1920 4691 facit
1962 4648 2159 4693 unum

596 4736 744 4781 curn
783 4717 1151 4799 exemplari.
1184 4718 1309 4781 Sed
1351 4719 1472 4781 hoo
1522 4719 1681 4782 nihil
1726 4721 1956 4799 obstat,
2009 4726 2157 4805 quia

596 4813 807 4893 imago
834 4819 897 4875 et
934 4813 1255 4895 exemplar
1282 4819 1430 4875 sunt
1456 4831 1655 4875 unum
1698 4813 2068 4881 habitudine
2096 4827 2158 4882 et

596 4906 1131 4987 apprehensione;
1164 4905 1488 4985 exemplar
1540 4907 1734 4982 enim,
1760 4909 1824 4969 in
1879 4912 2156 4993 imagine

593 5006 1135 5081 repraesentatum,
1166 5000 1465 5063 adoratur
1488 5002 1745 5081 quidem
1767 5004 1831 5064 in
1864 5022 1980 5069 suo
2006 5026 2158 5071 vero

595 5113 760 5169 esse,
779 5095 954 5175 quasi
981 5092 1385 5157 denominato
1432 5101 1647 5159 tamen
1670 5104 1734 5159 et
1760 5100 1983 5163 vestito
2003 5102 2162 5164 ima-

594 5189 765 5271 gine,
797 5196 859 5251 et
886 5189 975 5251 ita
1006 5206 1123 5269 per
1148 5188 1407 5251 modum
1439 5190 1629 5251 unius
1662 5192 1917 5273 objecti,
1959 5202 2022 5257 et
2061 5197 2160 5278 ip·

593 5300 738 5344 sum
766 5298 883 5361 per
925 5282 1291 5361 imaginem,
1332 5288 1397 5343 et
1420 5282 1629 5362 imago
1664 5301 1807 5345 cum
1834 5285 1994 5365 ipso,
2027 5308 2156 5351 uno

1844 318 2081 381 QUAEST.
2109 318 2264 375 XXV.
2296 320 2501 375 Amic.
2535 318 2622 372 nl.

2272 434 2422 479 men
2449 428 2669 479 revera
2701 412 2850 475 eunt
2875 408 3026 483 due,
3056 408 3204 489 quia
3230 409 3345 473 alia
3373 421 3456 479 est
3475 421 3700 491 existima.

2270 510 2360 574 tio
2389 508 2633 584 Christi,
2663 504 2788 568 alia
2814 502 3136 584 imaginis3
3171 503 3274 567 ille
3311 509 3456 573 enim
3480 520 3538 575 ut
3571 518 3698 597 Deus,

2272 605 2407 669 haec
2435 610 2506 667 ut
2534 604 2748 683 imago
2773 600 2888 663 Dei
2939 598 3232 661 adoratur
3247 621 3264 675 ;
3294 602 3446 665 unde
3471 605 3526 667 in
3553 614 3701 676 volun.

2271 705 2400 762 tate
2427 698 2619 762 etiam
2646 701 2835 759 erunt
2861 698 3038 757 actus
3061 693 3308 769 diversi,
3335 702 3434 759 aut
3451 702 3498 761 si
3519 701 3700 773 fortasse

2268 793 2522 855 realiter
2546 808 2711 853 unus
2729 793 2848 863 est,
2865 788 3106 849 ratione
3115 792 3324 851 tamen
3337 789 3702 865 formalidistin.

2265 890 2560 967 guentur.
2591 881 3068 963 Respondetur:
3097 881 3268 961 quod
3303 884 3380 945 ad
3421 885 3702 959 intellecmm

2262 980 2510 1057 attinet,
2539 976 2826 1059 quamvis
2857 974 3048 1056 possit
3073 974 3378 1038 interdum
3399 984 3703 1064 exemplaret

2269 1074 2614 1154 imaginem
2645 1069 2954 1133 distinctis
2979 1070 3394 1150 conceptibus,
3423 1080 3480 1134 et
3497 1092 3585 1153 per
3615 1097 3705 1142 mo-

2270 1167 2424 1230 dum
2445 1166 2723 1248 plurium
2753 1181 2970 1227 rerum
2995 1164 3340 1243 concipere,
3373 1170 3552 1229 tamen
3583 1174 3707 1237 etiam

2268 1263 2478 1342 potest
2503 1276 2617 1339 per
2629 1256 3094 1320 modnmnnius
3111 1256 3334 1337 objecti
3345 1261 3706 1339 apprehendere

2269 1360 2668 1436 prototypon,
2683 1351 2860 1415 verbi
2875 1350 3098 1431 gratia,
3109 1349 3406 1414 Christum
3416 1354 3475 1414 in
3485 1354 3704 1438 imagine;

2264 1454 2327 1511 et
2337 1448 2440 1511 hic
2459 1445 2688 1509 modus
2702 1444 3102 1525 concipiendi
3113 1444 3498 1509 intervenitin
3509 1448 3603 1511 hoc
3611 1454 3706 1515 ado.

2262 1543 2523 1605 rationis
2543 1539 2758 1615 modo,
2779 1540 3033 1620 quinon
3049 1539 3254 1602 solum
3263 1539 3465 1617 doctis,
3479 1542 3570 1605 sed
3585 1546 3705 1610 etiam

2263 1636 2527 1699 indoctis
2555 1634 2848 1697 fidelibus
2877 1633 3236 1695 communis
3275 1638 3335 1695 et
3357 1634 3588 1715 vulgaris
3617 1656 3704 1701 esse

2262 1730 2527 1793 videtur.
2551 1727 2732 1793 Unde
2748 1726 2822 1791 fit
2836 1727 3028 1790 etiam
3045 1732 3141 1803 ut,
3165 1726 3324 1789 sicut
3339 1726 3504 1789 unico
3515 1734 3706 1810 corpu-is

2263 1829 2466 1897 motu,
2501 1823 2590 1885 ita
2625 1822 2819 1885 etiam
2848 1820 3036 1883 unico
3087 1820 3412 1882 voluntatis
3433 1828 3555 1884 actu
3583 1825 3707 1887 humo

2261 1915 2502 1981 feratur
2537 1915 2620 1979 ad
2647 1913 2986 1978 colendum
3023 1912 3186 1976 illud
3223 1914 3536 1995 objectum
3571 1935 3706 1997 neque

2265 2015 2514 2092 oportet
2539 2009 2607 2071 in
2633 2009 2743 2071 tali
2773 2013 2922 2071 actu
2955 2007 3238 2071 rationes
3275 2006 3534 2071 formales
3565 2010 3708 2073 distin·

2263 2120 2480 2184 gnere,
2511 2102 2661 2181 quia
2693 2101 2854 2163 ratio
2903 2098 3188 2163 formalis
3235 2099 3445 2180 objecti
3483 2102 3592 2181 ejtis
3625 2122 3707 2167 una

2263 2202 2380 2271 est,
2410 2196 2558 2259 licet
2583 2196 2653 2257 in
2685 2193 2996 2257 materiali
3015 2192 3264 2273 obiecto
3285 2194 3360 2255 sit
3381 2195 3558 2273 aliqua
3575 2196 3708 2259 diver-

2264 2291 2440 2366 sitas,
2472 2290 2632 2353 sicut
2657 2288 2728 2351 in
2777 2287 3152 2352 adoratione
3181 2286 3394 2349 Christi
3423 2294 3478 2349 et
3499 2288 3708 2353 hamam.

2262 2386 2430 2460 tatia,
2463 2384 2634 2465 regis
2663 2389 2728 2447 et
2754 2400 3078 2463 purpurat,
3108 2398 3280 2461 saepe
3299 2382 3613 2463 explicatum
3629 2392 3702 2448 est

2343 2481 2444 2542 11.
2491 2478 2718 2541 Prima
2761 2474 2982 2541 illatio.
3001 2506 3089 2523 -·
3109 2476 3202 2538 Ex
3231 2476 3344 2537 hac
3389 2476 3702 2551 conclusione,

2261 2576 2331 2635 ut
2357 2588 2460 2633 res
2495 2569 2844 2633 distinctius
2869 2570 3243 2651 explicetur,
3271 2568 3456 2631 infero
3477 2571 3645 2649 primo,
3663 2575 3704 2633 in

2251 2665 2376 2729 hoc
2397 2682 2631 2747 genere
2660 2664 3046 2727 adorationis
3072 2669 3139 2727 et
3165 2681 3278 2744 per
3305 2664 3458 2725 hunc
3479 2670 3631 2725 actum
3647 2666 3703 2726 di-

2249 2766 2420 2823 recte
2459 2778 2536 2823 ac
2556 2758 2857 2840 primario
2891 2758 3153 2821 adorari
3179 2759 3497 2835 Christum,
3513 2777 3700 2837 scupu-

2249 2872 2470 2917 sonam
2485 2855 2554 2915 in
2572 2853 2846 2935 imagine
2859 2858 3390 2934 repraesentatam,
3401 2852 3474 2914 ob
3483 2854 3702 2933 propriam

2256 2948 2694 3011 excellentiam
2719 2964 2912 3025 quam
2937 2947 3004 3009 in
3029 2964 3104 3009 se
3130 2945 3446 3009 habet.1ta
3479 2946 3704 3007 declarant

2254 3042 2420 3103 hanc
2463 3039 2902 3103 adorationem
2931 3039 3222 3121 praedicti
3248 3041 3527 3113 auctores,
3555 3044 3602 3099 et
3620 3056 3703 3098 ma-

2253 3134 2480 3198 nifeste
2509 3134 2779 3197 sumitur
2805 3151 2885 3195 ex
2911 3134 3122 3197 citatis
3169 3131 3442 3196 Patribus
3469 3131 3626 3192 statim
3641 3149 3702 3191 re-

2254 3228 2559 3305 ferendis,
2605 3232 2669 3290 ct
2715 3233 2938 3307 aperte
2965 3227 3359 3289 convincitur
3397 3224 3700 3287 fundamento

2253 3322 2480 3402 prioris
2503 3321 2861 3397 sententia,
2887 3320 3038 3401 quia
3063 3319 3208 3383 haec
3247 3319 3502 3382 adoratio
3521 3324 3594 3379 est
3610 3335 3700 3396 per-

2251 3414 2418 3477 fecta
2443 3414 2648 3489 latria,
2679 3411 2856 3477 verbi
2885 3413 3126 3495 gratia3
3159 3430 3310 3493 ergo
3333 3429 3552 3475 necesse
3575 3417 3642 3471 est
3657 3416 3700 3469 ut

2254 3507 2336 3570 ad
2363 3524 2704 3589 personam
2731 3505 2992 3587 dignam
3019 3506 3138 3569 tali
3179 3506 3512 3570 adoratione
3545 3504 3702 3565 directe

2252 3601 2646 3675 terminetur,
2677 3600 2987 3681 quietalis
3015 3600 3304 3664 adoratio
3333 3598 3702 3661 incommunica-

2247 3693 2388 3757 bilis
2437 3705 2530 3757 est
2577 3693 2782 3758 alteri.
2831 3694 2988 3757 Item
3035 3710 3157 3774 per
3195 3692 3356 3757 hane
3381 3692 3700 3755 adorationem

2246 3806 2376 3851 non
2397 3788 2606 3851 solum
2630 3786 2964 3866 profitetur
2996 3786 3222 3865 home,
3257 3788 3324 3851 id
3347 3786 3498 3867 quod
3531 3784 3696 3857 adorat,

2245 3888 2698 3962 repraesentare
2727 3882 2955 3958 Deum,
2975 3881 3094 3945 sed
3123 3882 3312 3947 etiam
3337 3899 3462 3945 esse
3479 3881 3646 3953 Deum,
3663 3880 3700 3937 et

2244 3975 2715 4056 redemptorem
2733 3975 2836 4038 vel
2855 3992 3230 4057 supremum
3251 3976 3539 4038 dominum
3555 3988 3698 4043 suum,

2245 4070 2404 4131 alias
2431 4088 2560 4132 non
2593 4074 2764 4132 esset
2789 4086 2944 4131 vera
2977 4076 3043 4133 et
3081 4088 3377 4152 suprema
3397 4070 3547 4131 latria
3563 4090 3578 4143 ;
3611 4067 3700 4126 hec

2245 4169 2460 4226 autem
2505 4162 2812 4243 professio
2827 4206 2847 4238 ‚
2900 4181 3012 4227 seu
3047 4164 3432 4247 significatio,
3463 4180 3582 4225 vera
3615 4174 3698 4219 nun

2246 4262 2438 4333 esset,
2465 4256 2588 4319 nisi
2610 4258 2754 4321 talis
2781 4257 3066 4321 adoratio
3099 4260 3182 4323 ad
3207 4274 3512 4341 personam
3535 4270 3698 4335 reprc-

2245 4354 2558 4411 sentatam
2578 4395 2596 4424 ,
2647 4349 2884 4413 directe
2911 4370 2989 4415 ac
3029 4352 3330 4432 primario
3373 4350 3626 4420 tenderet3
3659 4348 3698 4405 et

2243 4443 2365 4505 hoc
2391 4442 2670 4507 declarat
2699 4445 3002 4520 Ecclesia,
3033 4446 3290 4527 qnando
3315 4442 3590 4509 adorando
3605 4456 3696 4502 cru·

2247 4554 2387 4601 cem
2413 4538 2500 4601 ita
2531 4538 2613 4601 ad
2635 4538 2810 4603 illam
2833 4541 3134 4621 loquitur,
3161 4543 3318 4606 sicut
3339 4541 3416 4605 ad
3435 4539 3690 4605 Christum:

2487 4716 2528 4769 0
2559 4716 2712 4781 Crux,
2735 4730 2852 4783 ave,
2875 4732 3001 4785 spes
3027 4721 3206 4785 unica,

2485 4790 2598 4846 Hoc
2625 4793 2890 4859 passionis
2913 4800 3156 4861 tempore

2491 4869 2640 4933 Auge
2668 4866 2772 4935 piis
2795 4869 3076 4937 justitiam,

2489 4940 2717 5008 Reisque
2743 4943 2888 4997 dona
2913 4946 3145 4999 veniam.

2324 5114 2420 5174 12.
2468 5112 2774 5177 Praeterea
2817 5114 2942 5178 hoc
2967 5116 3264 5181 ‘declarat
3307 5114 3678 5178 fundamentum

2239 5220 2366 5283 quo
2399 5204 2471 5267 D.
2512 5204 2788 5270 Thomas
2817 5210 2918 5272 hic
2963 5213 3180 5288 utitur,
3226 5228 3300 5273 ex
3324 5210 3422 5272 illo
3457 5206 3678 5269 axiomate

2237 5297 2609 5377 Aristotelis,
2639 5301 2750 5364 lih.
2781 5302 2863 5366 de
2880 5303 3140 5367 Memor.
3175 5311 3238 5366 et
3255 5300 3504 5367 reminis,
3531 5296 3679 5358 :Idem

592 5382 769 5439 motu
802 5375 1165 5483 adorantur.
1206 5374 1331 5439 Sed
1362 5380 1545 5456 urget
1574 5374 1848 5453 Gabriel,
1898 5380 2048 5459 quia
2077 5381 2154 5443 li-
2233 5396 2326 5455 m
2349 5398 2550 5459 motu,
2583 5394 2654 5459 ιη
2677 5394 3027 5479 εΜθῑΜ,
3051 5404 3108 5463 02
3129 5399 3198 5462 ιη
3223 5399 3292 5463 ia
3311 5396 3468 5479 σιμ,
3487 5390 3678 5457 estima-

597 5476 695 5534 eet
724 5475 997 5533 exterius
1017 5488 1181 5533 unus
1202 5476 1410 5534 motus
1429 5476 1751 5551 appareat,
1772 5473 2036 5540 interius
2061 5484 2154 5542 ta·-
2229 5502 2326 5568 90·
2346 5485 2754 5567 Undeinfert,
2779 5497 3021 5553 motum
3047 5491 3414 5555 adorationis
3443 5479 3671 5563 imaginis,
