3892 6167
1417 329 1734 386 ntsthTAT.
1769 329 1890 382 nv,
1926 335 2095 388 SEGT.
2136 336 2191 388 V.

195 432 494 512 Synodus
538 432 790 494 latriam
835 415 1360 510 simpliciter-‘non
1395 434 1601 502 vocat,
1643 427 1766 490 nisi

193 543 566 604 supremum
595 525 774 587 illum
807 520 1043 584 cultum
1079 519 1185 600 qui
1221 518 1534 588 divinitati
1571 520 1768 584 debe-

193 625 320 690 tur,
349 619 497 682 ideo
528 617 893 700 simpliciter
919 631 1047 678 non
1073 620 1170 676 est
1193 632 1234 674 a
1257 613 1438 676 nobis
1465 613 1600 678 hoec
1619 615 1767 676 ado·

191 713 357 774 ratio
387 712 770 796 appellanda
799 709 1001 781 latria,
1033 707 1156 770 nisi
1185 725 1330 770 cum
1355 707 1766 787 explicatione

191 806 294 867 vel
317 807 720 870 limitatione.
751 805 830 866 Et
857 802 1082 866 eodem
1108 801 1299 864 modo
1321 801 1768 882 philosophan-

193 899 354 962 dum
381 906 480 964 est
497 901 580 964 de
601 898 785 962 simili
812 895 1184 958 adoratione
1203 894 1550 974 imaginum
1574 895 1766 958 Sanc-

193 998 410 1056 torum
441 994 508 1056 in
533 992 750 1056 ordine
777 990 859 1054 ad
882 989 1175 1054 virtutem
1203 988 1412 1052 duliae.

275 1089 382 1148 26.
429 1088 856 1152 Fundamenta
919 1081 1244 1146 contraries
1295 1083 1608 1148 contenire
1673 1085 1764 1148 di-

189 1185 492 1244 ruuntur.
513 1215 592 1228 —
611 1178 896 1244 anm
943 1193 1016 1240 ιω
1057 1172 1510 1252 definitionibus
1551 1176 1762 1242 Conci-

189 1273 842 1354 liorum.-—Superest
863 1269 1360 1351 respondeamus
1385 1269 1760 1332 fundamen-

190 1367 276 1428 tis
299 1369 634 1432 contrariae
647 1366 992 1430 sententias.
1002 1365 1098 1426 Ad
1111 1365 1384 1445 primum
1399 1382 1480 1428 ex
1501 1365 1762 1428 locutio-

191 1461 390 1522 nibus
417 1461 836 1524 Conciliorum
869 1459 1272 1538 desumptum
1318 1458 1760 1538 respondetur,

193 1553 264 1614 in
288 1552 584 1618 Conciliis
604 1554 720 1616 has
747 1553 1098 1616 locutiones
1131 1551 1418 1632 reperiri,
1452 1550 1763 1632 imagines

193 1647 504 1708 honorari
530 1654 594 1711 et
609 1647 882 1716 adorari,
899 1653 1158 1726 propter
1173 1662 1354 1706 exem
1359 1644 1518 1724 plan
1536 1644 1760 1706 adora·

193 1738 437 1802 tionem
462 1739 756 1820 imaginis
780 1737 1095 1816 referrifad
1114 1738 1453 1819 exemplam
1480 1754 1596 1818 per
1605 1737 1762 1800 ima·

193 1833 404 1911 gineS,
437 1838 506 1895 et
544 1831 1032 1912 inimaginibus,
1062 1828 1312 1894 adorari
1336 1830 1756 1912 exemplaria3

192 1925 636 1988 adorationem
647 1925 834 2006 imagi
841 1925 938 1986 nis
955 1941 1093 1986 esse
1106 1923 1538 1988 adorationem
1551 1942 1763 1988 exem·

192 2017 292 2097 pla
303 2019 418 2096 ris,
452 2026 517 2081 et
545 2019 702 2080 alias
731 2019 988 2094 simileS,
1006 2036 1150 2099 quae
1179 2017 1474 2080 eumdem
1501 2035 1760 2080 sensum

191 2111 500 2189 reddunt,
535 2119 618 2190 et,
643 2112 744 2174 his
794 2112 1146 2187 declaratis,
1179 2111 1362 2174 facile
1406 2111 1760 2193 intelligen-

193 2211 316 2268 tur.
342 2207 580 2270 Omnes
607 2225 759 2288 ergo
787 2205 886 2268 hae
913 2206 1264 2270 locutiones
1285 2205 1594 2268 verificari
1619 2223 1762 2286 pos·

195 2301 442 2364 suntin
471 2305 742 2381 utroque
793 2300 984 2364 modo
1027 2299 1330 2364 adorandi
1361 2298 1668 2380 imagines
1695 2300 1762 2362 in

195 2393 318 2455 hac
336 2400 402 2456 et
426 2395 825 2474 praecedente
844 2395 1120 2458 sectione
1145 2393 1472 2474 explicato,
1490 2395 1586 2464 Et,
1603 2411 1756 2473 quo·

195 2487 368 2548 niam
400 2485 485 2550 de
513 2487 702 2567 priori
725 2487 938 2560 modo,
965 2486 1284 2551 declarato
1307 2487 1584 2550 sectione
1604 2505 1764 2566 prae·

201 2580 474 2654 cedenti,
507 2600 678 2643 nunc
731 2601 862 2644 non
912 2587 1006 2644 est
1048 2581 1497 2657 controversia,
1529 2581 1607 2642 de
1641 2581 1762 2642 hoc

201 2673 535 2753 posteriori
585 2675 988 2738 manifestum
1045 2673 1351 2754 imprimis
1397 2680 1514 2748 est,
1545 2674 1611 2735 in
1651 2673 1760 2736 illo

197 2767 452 2830 adorari
487 2769 832 2850 imaginem
858 2775 1116 2850 propter
1139 2767 1483 2847 exemplar,
1509 2767 1655 2848 quia
1687 2767 1764 2829 il·

196 2859 308 2922 lud
334 2869 590 2946 propter
635 2862 698 2922 in
737 2863 946 2942 rigore
984 2860 1142 2922 nihil
1169 2859 1342 2922 aliud
1381 2860 1616 2924 indicat
1641 2860 1761 2924 nisi

194 2953 512 3016 rationem
573 2955 658 3016 ob
701 2973 892 3035 quam
936 2955 1144 3032 imago
1193 2955 1510 3026 adoratur,
1567 2972 1762 3034 quam

196 3051 451 3110 constat
503 3065 646 3110 esse
689 3047 1037 3128 exemplar,
1069 3047 1260 3110 etiam
1295 3049 1360 3110 in
1407 3048 1528 3110 hoc
1573 3047 1762 3110 modo

200 3140 536 3216 adorandi,
573 3147 645 3205 ut
683 3141 834 3204 satis
885 3141 1262 3222 explicatum
1307 3147 1442 3214 est;
1499 3140 1648 3214 imo,
1709 3139 1760 3202 si

195 3233 436 3296 modus
451 3234 740 3315 loquendi
765 3235 1176 3298 conciliorum
1195 3233 1577 3306 attendatur,
1607 3233 1765 3295 illud

189 3333 449 3411 propter
470 3347 594 3390 non
619 3328 766 3390 dicit
795 3347 1047 3409 semper
1071 3328 1378 3390 rationem
1408 3327 1756 3408 proximam

195 3421 528 3494 adorandi,
555 3423 668 3485 sed
693 3422 1008 3484 interdum
1028 3423 1216 3484 etiam
1243 3424 1574 3492 remotam;
1607 3437 1758 3482 nam

196 3515 390 3576 etiam
429 3515 646 3578 dicunt
677 3517 938 3582 Sanetos
963 3514 1214 3579 adorari
1251 3521 1504 3594 propter
1531 3513 1756 3588 Deum,

196 3616 266 3670 ut
300 3610 520 3671 statim
565 3611 944 3682 referemus3
1005 3627 1148 3671 cum
1201 3615 1412 3670 tamen
1472 3609 1756 3688 proxime

195 3720 324 3764 non
381 3703 724 3767 adoremus
779 3706 1042 3768 Sanctos
1101 3706 1356 3784 propter
1385 3703 1612 3773 Deum,
1643 3697 1760 3760 sed

194 3803 458 3878 propter
483 3797 790 3876 justitiam
842 3793 1086 3871 eorum,
1114 3801 1188 3859 ut
1243 3795 1398 3858 dixit
1443 3794 1760 3856 Adrianus

195 3891 392 3972 Papa,
423 3891 492 3953 in
521 3891 705 3972 epist.
733 3891 898 3956 lecta
937 3892 1007 3954 in
1052 3891 1160 3954 vll
1207 3888 1472 3970 synod„
1532 3894 1654 3950 act.
1691 3890 1756 3963 2,

195 4003 398 4066 prope
443 3985 634 4048 finem
646 4001 668 4065 3
723 3986 874 4066 quia
905 4003 1055 4049 vero
1103 3985 1170 4046 in
1224 3983 1604 4064 imaginihus
1629 3999 1760 4043 non

197 4083 292 4138 est
310 4078 654 4142 intrinseca
672 4078 1040 4142 excellentia
1063 4085 1321 4158 propter
1347 4095 1538 4156 quam
1568 4077 1761 4138 hono-

195 4177 441 4242 rentur,
475 4171 642 4248 ideo,
685 4189 828 4234 cnm
863 4172 1158 4234 dicuutur
1207 4170 1454 4232 adorari
1503 4174 1760 4250 propter

197 4264 612 4344 exemplaria,
641 4264 803 4327 ratio
856 4264 1138 4346 proxima
1183 4263 1328 4324 talis
1380 4260 1760 4325 adorationis

197 4355 612 4438 significatur.
644 4360 882 4420 Rursus
899 4357 1048 4420 hinc
1074 4357 1164 4430 fit,
1193 4361 1390 4420 totam
1417 4357 1584 4418 banc
1615 4351 1762 4416 ado·

195 4453 510 4513 rationem
545 4452 836 4532 imaginis
867 4450 950 4513 ad
982 4449 1305 4530 exemplar
1330 4449 1574 4523 referri,
1611 4446 1762 4526 quia

197 4545 456 4608 moralis
483 4548 662 4608 aetus
719 4545 1116 4624 potissimum
1162 4543 1430 4604 refertur
1463 4541 1546 4602 ad
1571 4541 1764 4602 ratio-

197 4656 352 4700 nem
381 4644 446 4702 et
497 4639 801 4700 motivum
842 4638 908 4698 in
939 4655 1064 4718 quo
1107 4637 1389 4717 proxime
1435 4633 1758 4706 fundatur,

197 4748 344 4812 qnae
365 4731 586 4794 relatio
601 4721 736 4795 non
751 4737 848 4793 est
869 4729 1280 4812 intelligenda
1299 4736 1602 4808 tanquam
1627 4744 1760 4790 me·

196 4825 286 4887 dii
315 4824 402 4887 ad
431 4823 652 4901 finem,
685 4823 798 4888 sed
845 4830 1146 4904 tanquam
1191 4821 1470 4884 materiae
1499 4819 1584 4881 ad
1630 4819 1760 4880 for-

196 4936 398 4994 mam,
409 4935 524 4980 seu
553 4917 776 4998 objecti
795 4915 1142 4980 materialis
1167 4915 1250 4976 ad
1271 4912 1568 4986 formale;
1601 4911 1762 4974 sicut

195 5018 378 5073 actus
401 5010 576 5080 fidei.
601 5011 752 5074 licet
775 5010 1044 5074 fortasse
1089 5016 1371 5070 versetur
1403 5006 1570 5068 circa
1591 5004 1762 5066 veri-

197 5111 394 5168 tatem
416 5111 720 5182 ereatam,
753 5111 824 5167 ut
854 5103 1184 5168 materiam
1213 5103 1540 5179 creditam,
1567 5099 1760 5162 refer-

195 5203 299 5261 tur
327 5199 414 5261 ad
441 5200 770 5261 veritatem
795 5199 1162 5274 increatam,
1193 5211 1264 5258 ut
1289 5197 1598 5258 rationem
1625 5211 1760 5256 cre-

197 5291 430 5366 dendi;
465 5299 531 5354 et
553 5310 730 5356 amor
757 5293 1024 5374 proximi
1053 5309 1132 5356 ex
1180 5290 1482 5352 charitate
1505 5293 1762 5370 propter

197 5387 428 5464 Deum,
457 5385 544 5450 ad
571 5387 780 5468 ipsum
806 5388 1006 5450 Deum
1055 5384 1280 5450 eodem
1329 5383 1516 5448 modo
1563 5381 1762 5446 refer·

199 5489 332 5556 tui-3
370 5483 492 5544 hoc
523 5500 674 5564 ergo
705 5482 892 5545 modo
935 5486 1106 5544 recte
1133 5477 1563 5560 intelliguntur
1600 5477 1758 5538 Con·

3282 335 3401 397 637

1846 428 2009 504 eilia,
2024 449 2167 494 cum
2182 431 2401 496 dieunt
2420 433 2853 497 adorationem
2873 435 3165 516 imaginis
3184 437 3401 504 referfi

1845 523 1928 586 ad
1954 524 2295 606 exemplar.
2316 526 3015 608 Quanquaminterdnm
3042 528 3231 592 etiam
3252 532 3401 592 abs-

1845 619 2102 680 tractius
2129 619 2467 700 loquantur
2508 621 2589 684 de
2638 639 3016 702 quacunque
3060 623 3397 702 relatione,

1849 710 1979 774 sive
1995 712 2265 789 formali,
2304 714 2433 778 sive
2475 714 2748 788 virtuali,
2779 715 2909 778 sive
2974 716 3038 776 in
3088 718 3397 780 rationem

1845 806 2219 885 proximam.
2246 808 2379 872 sive
2428 815 2763 884 remotam,
2794 815 2867 872 ut
2906 809 3119 870 statim
3165 811 3397 875 refere-

1845 917 2007 970 mus,
2032 905 2097 960 et
2114 907 2359 964 constat
2390 919 2469 964 ex
2494 903 2815 978 Damam„
2836 901 2945 962 lib.
2962 906 3003 963 4
3028 901 3111 964 de
3136 903 3310 980 Fide,
3338 923 3394 966 c.

1846 993 1947 1065 17,
1978 990 2251 1069 dicente,
2276 993 2487 1057 Beatae
2515 993 2810 1074 Virginis,
2824 1001 2889 1056 et
2910 995 3177 1056 aliorum
3204 997 3401 1060 Sane·

1841 1091 2049 1148 torum
2071 1084 2375 1150 honorem
2405 1086 2487 1150 ad
2512 1089 2709 1150 Deum
2738 1087 2980 1163 referri,
3011 1089 3183 1168 quod
3210 1089 3399 1152 etiam

1841 1177 2112 1240 affirmat
2154 1179 2547 1256 Ambrosius,
2582 1199 2773 1244 serm.
2832 1183 2895 1254 6,
2942 1181 3215 1244 afferens
3246 1182 3401 1246 illud

1841 1269 1989 1333 Luc.
2035 1271 2105 1332 10
2149 1273 2242 1349 (nt
2270 1271 2405 1351 ipse
2442 1274 2660 1355 legio:
2694 1273 2812 1349 Qui
2848 1291 2955 1336 vos
2994 1275 3271 1349 honorat,
3308 1293 3402 1340 me

1843 1362 2139 1433 Jaonorat,·
2176 1371 2241 1426 et
2281 1366 2566 1442 Hieron„
2598 1367 2781 1447 epist.
2814 1369 2916 1438 53,
2944 1367 3217 1429 afferens
3244 1367 3399 1430 illnd

1843 1456 2061 1519 Matth.
2093 1459 2171 1520 10
2200 1475 2214 1518 z
2254 1458 2373 1533 Qut·
2394 1478 2501 1524 vos
2520 1462 2765 1540 recipit,
2794 1479 2886 1522 me
2914 1461 3151 1543 recipit.

1921 1551 2027 1612 27.
2065 1549 2243 1615 Unde
2280 1551 2469 1614 etiam
2496 1551 2591 1627 fit,
2620 1553 2869 1614 tertiam
2902 1553 3397 1633 propositionem

1843 1643 2077 1722 optime
2122 1642 2187 1704 in
2230 1643 2353 1706 hoc
2386 1644 2769 1708 adorationis
2820 1644 3012 1706 modo
3064 1645 3399 1724 verificari,

1841 1735 2163 1812 nimirum,
2194 1736 2347 1798 dum
2374 1737 2675 1800 adoratur
2698 1737 2931 1818 imag0‚
2960 1739 3027 1800 in
3074 1755 3151 1800 ea
3180 1745 3243 1801 et
3284 1756 3403 1821 per

1841 1847 1985 1892 eam
2008 1829 2255 1893 adorari
2278 1831 2631 1912 exemplati-3
2663 1847 2793 1892 non
2816 1829 2987 1894 enim
3018 1849 3275 1894 necesse
3308 1839 3403 1894 est

1841 1923 1965 1986 hoe
1992 1923 2257 2006 intelligi
2286 1925 2365 1988 de
2396 1925 2759 1989 adoratione
2783 1927 2875 2003 (ut
2900 1926 2987 1988 ita
3016 1925 3249 2005 dicam)
3274 1925 3403 1988 for-

1841 2016 2017 2091 mali,
2048 2024 2113 2080 et
2139 2019 2378 2100 proprii
2400 2019 2629 2098 obJecti
2670 2019 2917 2082 adorati
2958 2025 3027 2080 ut
3066 2020 3261 2098 quod,
3290 2018 3401 2082 sed

1842 2111 1922 2174 de
1947 2111 2223 2186 virtuali,
2254 2119 2317 2176 et
2350 2113 2429 2176 de
2464 2113 2750 2194 proximo
2796 2113 3031 2174 motivo
3066 2113 3397 2188 adorandi,

1841 2205 1926 2268 ad
1947 2205 2117 2285 quod
2148 2211 2317 2270 totns
2342 2205 2549 2269 honor
2570 2206 2823 2279 transit3
2862 2206 3025 2269 sicut
3060 2207 3171 2284 qui
3188 2206 3401 2286 proxi·

1841 2316 2015 2361 mum
2048 2307 2221 2366 amet
2238 2308 2497 2382 propter
2522 2303 2747 2378 Deum,
2780 2300 2901 2362 dici
2932 2307 3139 2380 potest
3161 2301 3227 2361 in
3256 2319 3401 2381 pro-

1839 2393 2011 2456 ximo
2043 2413 2257 2458 amare
2285 2398 2521 2472 Deum;
2554 2395 2681 2458 imo
2726 2413 2857 2457 non
2912 2394 3117 2458 solum
3166 2395 3231 2456 in
3258 2412 3401 2475 pro·

1841 2487 2081 2568 pinqno
2110 2487 2367 2564 motivo,
2400 2489 2511 2550 sed
2542 2489 2733 2552 etiam
2773 2488 2839 2549 in
2864 2488 2994 2550 fine
3018 2494 3261 2551 remoto
3307 2487 3399 2550 lo-

1843 2599 1987 2643 cum
2019 2583 2210 2646 habet
2253 2582 2385 2646 haec
2411 2581 2665 2646 locutio.
2692 2581 2801 2644 Sic
2832 2582 2999 2644 enim
3030 2581 3188 2644 dixit
3226 2580 3401 2644 Chri-

1843 2682 1999 2748 stus,
2046 2675 2221 2740 Matt.
2272 2680 2393 2740 15:
2450 2677 2735 2752 Ωιαηᾶα
2769 2677 3009 2755 fecistis
3034 2678 3149 2739 mi
3184 2693 3261 2740 m
3297 2675 3399 2740 his

1838 2769 2145 2846 fratribus
2190 2772 2341 2834 meis
2374 2770 2670 2846 minimis,
2695 2770 2853 2832 milii
2900 2770 3179 2848 fadaia,-
3222 2776 3287 2833 et
3332 2769 3398 2832 in

1841 2869 1991 2926 actu
2014 2863 2402 2926 adorationis
2455 2863 2545 2924 ita
2588 2862 2777 2924 etiam
2813 2861 3161 2941 loquuntur
3188 2861 3399 2925 Sancti

1844 2958 2038 3033 citati,
2066 2965 2131 3020 et
2158 2957 2449 3030 BasilinS‚
2474 2962 2633 3018 orat.
2682 2956 2749 3016 in
2790 2961 3043 3017 sanctos
3067 2959 3151 3021 40
3172 2957 3400 3037 Marty-

1842 3067 1946 3112 res
1962 3069 1981 3124 ;
2000 3051 2127 3112 imo
2156 3055 2221 3114 et
2246 3049 2313 3112 in
2336 3050 2444 3111 vn
2463 3050 2721 3130 Synodo
2746 3049 2851 3110 hic
2878 3048 3105 3111 modus
3136 3049 3397 3129 loquen-

1844 3142 1906 3205 di
1933 3161 2103 3222 saepe
2148 3142 2471 3221 recipitur,
2514 3147 2583 3204 ut
2616 3160 2694 3205 ex
2726 3141 3005 3216 LeontiO,
3048 3141 3117 3203 in
3150 3141 3399 3223 dialogo

1843 3237 2045 3299 relato
2066 3237 2129 3298 in
2158 3241 2281 3299 act.
2302 3239 2343 3298 4
2367 3255 2383 3298 ε
2416 3235 2537 3310 Qui
2552 3242 2887 3317 martyrem
2902 3237 3069 3309 colit,
3090 3237 3401 3317 Damip-

1837 3347 1973 3394 sum
2010 3331 2154 3394 colit
2166 3355 2195 3402 ;
2220 3333 2284 3392 et
2308 3329 2497 3392 simili
2524 3328 2714 3391 modo
2762 3328 3039 3409 loquitur
3068 3328 3362 3392 German.
3370 3374 3391 3405 ,

1838 3421 1905 3484 in
1939 3423 2125 3502 epist.
2150 3422 2231 3485 ad
2248 3423 2429 3485 Joan.
2465 3422 2551 3484 ibi
2570 3421 2849 3484 recitata.
2876 3421 3026 3493 Qnoe
3050 3422 3398 3484 locutiones

1839 3516 2089 3578 diverso
2106 3515 2364 3594 quidem
2390 3513 2581 3578 modo
2604 3514 2901 3576 dicuntur
2932 3513 3011 3577 de
3040 3515 3303 3590 Sanctis,
3320 3533 3395 3576 ac

1839 3608 1920 3672 de
1947 3608 2352 3689 imaginibus,
2380 3615 2451 3670 nt
2495 3626 2709 3688 snpra,
2738 3607 2967 3687 disput.
3008 3609 3111 3680 52,
3144 3613 3297 3669 sect.
3330 3609 3393 3680 2,

1837 3701 2235 3765 declaratum
2260 3707 2355 3764 est
2376 3721 2397 3774 ς
2426 3702 2779 3764 afferuntur
2799 3707 3013 3764 autem
3044 3718 3083 3760 a
3102 3699 3303 3776 nobis,
3327 3706 3397 3761 ut

1839 3794 2245 3874 explicemus,
2266 3794 2351 3856 ad
2370 3795 2687 3856 veritatem
2705 3793 2874 3855 illius
2904 3792 3234 3854 locutionis
3266 3809 3395 3856 non

1839 3888 2079 3968 requiri
2107 3893 2178 3951 ut
2204 3905 2330 3959 res,
2360 3905 2503 3967 quae
2531 3885 2599 3950 in
2619 3885 2743 3948 alia
2768 3885 3021 3948 adorari
3048 3884 3295 3960 dicitnr,
3320 3886 3397 3948 sit

1837 3979 2105 4042 formale
2132 3983 2197 4043 et
2225 3981 2550 4061 proprium
2583 3979 2901 4060 objectum
2944 3979 3225 4059 proxime
3248 3979 3399 4042 ado·

1840 4078 2135 4137 ratumnt
2160 4073 2353 4154 quod.
2386 4073 2498 4136 sed
2526 4073 2676 4136 satis
2716 4091 2855 4136 esse
2883 4079 2955 4135 ut
2988 4073 3071 4134 sit
3110 4073 3396 4152 proxima

1841 4173 1904 4230 et
1928 4173 2063 4228 tota
2086 4167 2247 4230 ratio
2282 4165 2629 4241 adorandi3
2662 4183 2836 4240 nam,
2858 4166 2913 4226 si
2964 4165 3197 4228 sufficit
3224 4167 3396 4246 quod

1842 4263 1920 4324 sit
1937 4261 2083 4324 finis
2106 4260 2386 4334 nltimuS‚
2418 4266 2529 4322 aut
2556 4259 2731 4339 qnod
2760 4265 3001 4323 remote
3056 4265 3302 4322 tantum
3332 4261 3395 4322 in

1841 4354 2049 4436 ipsum
2072 4354 2278 4418 honor
2302 4353 2643 4428 derivetur,
2673 4352 2871 4415 multo
2898 4353 3104 4434 magis
3134 4353 3397 4416 sufficiet

1842 4448 2015 4528 qnod
2068 4448 2153 4510 sit
2207 4451 2339 4510 tota
2382 4446 2577 4523 ratio,
2624 4451 2953 4526 totumque
3016 4445 3397 4510 adorationis

1839 4541 2345 4604 fundamentum.
2395 4539 2571 4604 Unde
2624 4541 2732 4602 VII
2768 4540 3044 4621 synod„
3089 4541 3157 4602 in
3192 4540 3391 4603 Defin.

1840 4633 1979 4711 fid„
2010 4635 2143 4696 hoec
2186 4634 2313 4696 duo
2344 4633 2537 4696 simul
2574 4633 2941 4713 conjunxit:
2964 4633 3275 4713 Imaoinis
3298 4635 3397 4697 ko·

1840 4745 1955 4791 nor
1983 4727 2053 4792 in
2068 4732 2459 4810 prototypum
2480 4727 2769 4804 resultat,
2792 4731 2851 4790 et
2879 4727 2986 4806 qui
3004 4727 3217 4789 adorat
3240 4728 3399 4790 ima-

1840 4821 2067 4902 9inem,
2096 4822 2166 4884 in
2202 4839 2275 4886 aa
2314 4837 2541 4904 quoque
2566 4819 2783 4884 adorat
2822 4819 3189 4900 descriptum
3215 4835 3399 4902 arqu-

1842 4917 2126 4977 mentm.
2146 4915 2327 4991 Nam,
2354 4913 2409 4974 si
2435 4913 2527 4976 vis
2551 4912 2720 4974 illius
2746 4911 2943 4986 verbi,
2970 4911 3255 4988 resultat,
3278 4929 3393 4974 ex·-

1839 5006 2177 5088 pendatur,
2198 5025 2327 5070 non
2356 5004 2665 5086 significat
2690 5003 3021 5084 proprium
3046 5010 3111 5066 et
3130 5004 3395 5066 formale

1841 5101 2157 5181 obJectum
2188 5100 2254 5161 in
2294 5098 2467 5180 quod
2506 5096 2791 5177 proxime
2841 5095 3042 5158 tendit
3086 5096 3393 5174 adoratio,

1841 5194 1955 5255 sed
2010 5191 2243 5274 aliquid
2286 5191 2489 5264 aliud,
2522 5191 2585 5252 in
2616 5188 2789 5267 quod
2844 5207 2920 5250 ex
2949 5189 3232 5270 proximo
3280 5189 3398 5250 oh-

1835 5287 2005 5368 jecto
2041 5286 2359 5348 derivatur
2382 5284 2691 5346 adoratio.
2730 5283 2969 5346 Eodem
3012 5299 3162 5363 ergo
3206 5281 3397 5346 modo

1839 5380 2143 5444 verificari
2198 5381 2497 5461 poterunt
2544 5378 2894 5460 posteriora
2966 5376 3182 5453 verba,
3231 5377 3399 5457 quod

1841 5477 1903 5539 in
1937 5476 2209 5556 imagine
2248 5473 2549 5538 adoretur
2600 5473 2940 5554 exemplar.
3003 5476 3089 5534 Ac
3144 5472 3396 5534 tandem
