3892 6167
1243 440 1251 445 ,
1293 366 1615 423 msruur.
1648 366 1819 421 xxxi.
1854 365 2024 421 ssc‘r.
2063 368 2142 421 v1.

146 468 185 535 si
222 470 413 532 simul
446 466 761 549 pendeant
788 466 869 529 ab
898 466 1111 530 habitu
1151 468 1253 530 vel
1284 469 1537 531 auxilio.
1572 469 1689 531 Lo·

144 584 303 648 quor
329 569 537 627 autem
580 562 649 622 in
680 566 815 623 tota
844 562 963 624 hac
999 562 1245 625 ratione
1294 563 1373 625 de
1423 563 1689 639 actibus,

150 664 450 744 quatenus
490 655 999 735 supernaturales
1052 662 1199 718 sunt
1250 657 1688 737 specificative‚

146 760 203 817 et
225 748 607 833 designando
635 754 833 811 totam
856 750 1171 811 rationem
1198 749 1526 813 formalem
1548 766 1689 830 quat

140 848 239 922 fit,
292 850 355 906 et
396 841 689 904 abstraho
722 859 893 903 nunc
922 858 961 901 a
988 841 1231 905 ratione
1278 844 1525 905 formali
1572 843 1691 904 sub

136 958 283 1022 qna,
316 940 379 1000 et
406 935 487 997 ab
526 934 647 996 alio
692 934 887 997 modo
936 934 1263 1015 loquendi,
1310 936 1377 997 in
1422 954 1547 1016 quo
1574 954 1690 1015 per

136 1030 473 1115 quamdam
519 1027 1165 1091 accommodationem
1216 1031 1375 1093 solet
1427 1031 1687 1093 effectus

136 1124 483 1193 secundnm
522 1139 715 1183 unam
744 1122 1055 1184 rationem
1082 1123 1273 1185 tribui
1302 1125 1412 1186 uni
1454 1144 1682 1200 causoe,

138 1230 199 1285 et
226 1216 571 1282 secundum
614 1214 807 1276 alium
856 1215 1073 1290 alteri;
1120 1217 1441 1296 quomodo
1468 1218 1687 1281 dicunt

124 1313 327 1394 aliqui
356 1316 560 1372 actum
592 1308 1163 1387 supernaturalem,
1196 1315 1263 1371 ut
1294 1316 1505 1373 actum
1530 1311 1686 1374 vita-

116 1412 253 1473 lem
276 1406 383 1469 vel
409 1405 693 1476 liberum,
722 1422 859 1465 esse
888 1422 927 1465 a
953 1406 1255 1484 potentia,
1288 1412 1357 1467 ut
1381 1424 1683 1487 superna-

114 1502 405 1564 turalem
425 1515 589 1575 vero,
611 1496 693 1558 ab
711 1497 931 1561 habitu
955 1498 1057 1561 vel
1080 1498 1309 1561 auxilio
1328 1520 1347 1574 3
1374 1500 1487 1561 hoc
1514 1499 1685 1562 enim

110 1594 283 1657 nihil
314 1592 401 1655 ad
432 1608 705 1671 praesens
730 1590 945 1668 refert,
967 1592 1311 1654 dummodo
1340 1598 1511 1655 certo
1540 1612 1685 1655 con-

116 1695 249 1753 stet
294 1692 489 1751 totam
520 1686 1062 1764 supernaturalem
1110 1685 1437 1749 entitatem
1482 1692 1679 1763 actus,

112 1786 325 1861 prout
360 1780 428 1840 iu
457 1796 521 1841 re
546 1784 676 1852 est,
716 1778 977 1859 physice
1006 1784 1069 1841 et
1095 1778 1383 1841 effective
1422 1796 1683 1841 manare

116 1872 489 1937 immediate
524 1890 563 1933 a
602 1871 899 1951 potentiis
953 1872 1177 1934 animas
1196 1916 1216 1948 ,
1260 1876 1323 1934 et
1350 1890 1389 1934 a
1416 1872 1683 1954 propriis

114 1966 491 2031 entitatibus
519 1982 777 2044 earum3
808 1982 957 2028 nam
988 1965 1111 2027 hoc
1139 1965 1287 2030 satis
1308 1966 1509 2029 estad
1536 1985 1683 2029 con·

118 2059 509 2123 cludendum
536 2076 672 2123 esse
698 2058 763 2119 in
790 2060 891 2121 his
918 2060 1217 2139 potentiis
1242 2060 1537 2123 virtutem
1566 2059 1683 2123 ali-

124 2172 329 2234 quam
368 2152 617 2215 activam
648 2158 940 2233 respectu
973 2151 1203 2215 horum
1230 2160 1509 2229 actuum,
1540 2171 1681 2233 quoe

128 2268 281 2311 esse
308 2266 433 2309 non
456 2251 657 2327 potest
684 2247 1124 2328 superaddita,
1170 2248 1283 2311 sed
1324 2266 1459 2311 esse
1492 2248 1681 2313 debet

128 2342 395 2405 omnino
415 2341 733 2403 intrinseca
764 2347 829 2404 et
856 2341 1094 2418 inuata,
1124 2340 1275 2421 quia
1297 2341 1433 2404 hoec
1450 2342 1545 2403 vis
1576 2360 1679 2404 ac-

136 2438 277 2497 tiva
302 2434 565 2497 distincta
597 2440 693 2497 est
736 2434 819 2497 ab
846 2434 955 2497 illa
996 2452 1139 2517 quae
1166 2435 1355 2498 datur
1380 2453 1495 2515 per
1522 2453 1679 2516 qua-

146 2530 377 2591 litatem
400 2526 878 2607 superadditam.

244 2624 329 2685 55.
350 2621 555 2683 Dicunt
574 2638 725 2683 vero
756 2621 947 2703 aliqui
976 2624 1141 2685 hanc
1163 2623 1289 2687 vim
1314 2625 1579 2687 activam
1610 2626 1673 2687 in

158 2714 257 2777 his
280 2715 539 2793 potentiis
559 2732 689 2777 non
717 2734 854 2779 csse
886 2716 1395 2792 obedientialem,
1420 2719 1535 2781 sed
1566 2736 1679 2781 na-

160 2808 404 2869 turalem
421 2852 442 2883 ,
486 2806 609 2869 imo
668 2809 861 2889 aliqui
920 2810 1137 2873 volunt
1196 2828 1335 2873 esse
1385 2811 1679 2873 virtutem

160 2901 559 2981 principalem,
590 2903 877 2983 quamvis
907 2921 1037 2966 non
1063 2905 1401 2985 integram.
1446 2904 1573 2967 Sed
1598 2905 1677 2967 dc

164 2993 273 3055 boc
306 2992 473 3055 modo
498 2994 794 3074 loquendi
832 2995 1041 3058 dicam
1068 2998 1315 3070 statim,
1358 3002 1425 3059 et
1463 3003 1676 3059 osten-

160 3085 294 3147 dam
327 3088 518 3149 verius
562 3088 685 3149 dici
740 3088 1251 3153 obedientialem.
1300 3091 1477 3163 Nunc
1519 3090 1677 3152 illud

164 3186 561 3260 argumentum
600 3182 787 3244 nohis
840 3182 1152 3259 sufficiat,
1183 3183 1355 3262 quod
1397 3184 1675 3264 potentia

164 3278 339 3335 activa
364 3280 421 3336 et
447 3274 705 3353 passiva,
736 3282 895 3339 teste
932 3277 1287 3350 Aristotele,
1329 3278 1677 3358 proportio-

172 3383 293 3427 nem
320 3366 469 3429 inter
502 3383 571 3429 se
620 3374 909 3446 servant3
946 3370 1059 3431 sed
1094 3370 1377 3449 potentia
1406 3370 1677 3450 recepti-

172 3476 255 3535 va,
286 3477 453 3539 quam
478 3462 689 3525 anima
720 3464 909 3526 habet
936 3464 1019 3527 ad
1056 3464 1175 3526 hos
1198 3471 1397 3537 actus,
1430 3464 1675 3528 etiamsi

168 3550 349 3615 innata
393 3555 493 3629 sit,
546 3572 677 3618 non
706 3556 1049 3633 naturalis,
1086 3558 1201 3619 sed
1242 3558 1677 3621 obedientialis

170 3644 389 3720 dicitur-3
424 3666 569 3727 ergo
610 3648 783 3712 idem
827 3648 1167 3713 dicendum
1208 3656 1305 3712 est
1332 3650 1413 3713 de
1451 3652 1674 3713 virtute

176 3740 357 3801 activa.
392 3739 666 3821 Denique
692 3786 713 3818 ,
748 3743 1321 3824 quomodocunque
1378 3752 1669 3822 vocetur,

180 3830 299 3895 hinc
332 3834 527 3897 saltem
566 3836 997 3899 concludimus
1024 3838 1161 3899 dari
1198 3839 1263 3899 in
1298 3838 1439 3901 aliis
1485 3839 1672 3903 rebus

174 3922 393 3989 similem
430 3927 556 3989 vim
598 3928 863 3991 activam
892 3930 1175 3993 innatam
1214 3930 1296 3993 ad
1324 3948 1668 4011 cooperan-

166 4017 411 4083 dumDeo
440 4021 769 4101 imperanti
796 4029 859 4086 et
882 4025 1185 4101 moventi,
1204 4025 1269 4085 in
1296 4031 1669 4105 supernatu-

162 4112 358 4175 ralibus
382 4115 725 4177 actionibus
743 4123 807 4178 et
826 4117 1175 4181 effectibus·
1210 4118 1513 4181 Probatur
1538 4118 1667 4180 haec

162 4204 339 4267 ultima
364 4210 831 4287 consequentia,
862 4210 1012 4289 quia
1038 4229 1165 4273 non
1212 4218 1308 4273 est
1344 4212 1547 4291 major
1570 4228 1667 4273 re-

157 4301 453 4378 pugnantia
480 4302 545 4383 in
570 4302 711 4365 aliis
732 4302 922 4367 rebus
945 4322 1135 4384 quam
1164 4304 1331 4369 sitin
1350 4304 1483 4379 his;
1512 4306 1663 4379 imo,

156 4392 573 4470 quodammodo
602 4397 807 4476 major
840 4402 1087 4478 poterat
1126 4415 1267 4461 esse
1304 4415 1669 4479 repugnan-

150 4485 218 4548 tia
237 4488 297 4549 in
338 4488 433 4550 his
460 4490 725 4565 actibus,
756 4492 903 4571 quia
926 4491 1147 4555 vitales
1178 4499 1346 4569 sunt,
1377 4499 1439 4554 et
1466 4492 1669 4572 majo-

132 4599 251 4643 rem
270 4582 605 4661 quamdam
624 4583 1110 4665 dependentium
1126 4585 1361 4649 habere
1374 4586 1666 4648 videntur

130 4674 197 4737 ab
223 4675 555 4738 intrinseco
592 4682 655 4739 et
682 4678 1069 4741 connaturali
1110 4680 1433 4759 principio.
1458 4678 1665 4758 Atque

132 4766 255 4831 lu'nc
278 4766 685 4833 confirmatur
710 4772 849 4833 haec
876 4773 1034 4835 ratio
1058 4790 1205 4835 cum
1232 4771 1661 4853 praecedeute3

125 4880 255 4925 nam
302 4862 555 4943 propria
602 4864 1035 4927 obedientialis
1064 4866 1345 4945 potentia
1392 4866 1665 4946 primum

122 4954 417 5031 omnium,
442 4974 517 5017 ac
545 4958 857 5037 praecipue
876 4959 1067 5021 veluti
1098 4960 1531 5039 experimento
1558 4976 1673 5021 co-

118 5052 283 5129 gnita
316 5054 415 5111 est
452 5066 493 5110 a
531 5050 865 5130 'theologis
918 5052 985 5113 in
1032 5052 1367 5115 animabus
1416 5052 1667 5127 nostris,

116 5154 419 5222 quatenus
462 5159 727 5221 capaces
769 5150 915 5205 sunt
953 5154 1208 5207 actuum
1244 5152 1309 5208 et
1338 5145 1669 5207 habituum

114 5234 671 5316 supernaturalium
689 5259 707 5313 ;
726 5238 805 5299 de
826 5238 968 5301 aliis
988 5246 1203 5303 autem
1225 5238 1417 5303 rebus
1444 5239 1545 5301 vix
1560 5256 1668 5319 po-

116 5336 233 5393 test
266 5334 431 5393 certo
460 5328 675 5410 aliquo
704 5332 933 5395 effectu
973 5340 1263 5396 constare
1306 5350 1437 5397 esse
1466 5333 1533 5393 in
1576 5331 1667 5395 eis

118 5420 450 5502 potentiam
496 5422 584 5483 ad
630 5424 1067 5505 recipiendum
1095 5426 1369 5507 aliquam
1397 5426 1666 5487 formum

124 5515 647 5596 supernaturalem
672 5562 691 5593 ,
742 5519 1025 5598 quamvis
1071 5526 1314 5583 constet
1350 5519 1549 5583 multu
1598 5517 1665 5581 in

439 5635 591 5683 xvut
599 5665 614 5682 .

3217 367 3335 429 129

1775 469 1867 531 eis
1914 470 2053 531 fieri
2097 486 2284 550 posse
2315 469 2776 549 supernaturali
2803 469 3017 546 modu,
3045 471 3334 549 quamvis

1773 562 1855 625 de
1884 564 2276 625 humanitate
2301 568 2546 626 constet
2569 580 2646 625 ex
2673 561 2798 625 fide
2825 563 3062 626 habere
3087 564 3335 645 capaci-

1772 662 1966 719 tatem
1997 656 2484 719 obedientialem
2515 656 2598 718 ad
2637 656 2898 719 modum
2925 658 3176 719 unionis
3217 658 3334 738 hy·-

1773 750 2093 829 postaticoe
2137 769 2280 812 cum
2325 748 2539 811 divina
2570 768 2864 831 persona.
2911 751 3002 811 Ex
3031 750 3152 813 hac
3183 768 3332 813 vero

1774 862 1919 906 vero
1950 846 2292 924 capacitate
2321 844 2754 919 obedientiali,
2783 862 2974 925 quam
2999 862 3074 905 cx
3104 844 3333 907 effecti·

1768 938 1891 1000 bus
1918 939 2102 1001 certis
2129 938 2480 1018 colligimus
2507 937 2572 999 in
2601 937 2976 1016 quibusdam
3003 937 3216 1010 rebus,
3239 938 3332 999 in·

1766 1030 2026 1093 ferimus
2071 1031 2210 1093 dari
2242 1030 2512 1093 similem
2557 1046 2668 1091 seu
2701 1030 3238 1111 proportionalem
3267 1029 3332 1091 in

1766 1124 1905 1187 aliis
1931 1125 2124 1187 rebus
2145 1170 2162 1200 ,
2195 1124 2279 1186 ad
2307 1142 2418 1187 eos
2458 1124 2716 1186 effectus
2742 1123 2808 1183 in
2837 1123 3068 1202 quibus
3098 1123 3332 1203 specia-

1766 1219 1841 1281 lis
1867 1220 2290 1299 repugnantia
2317 1218 2418 1279 vel
2447 1216 2782 1297 implicatio
2823 1216 3326 1279 contradictionis

1766 1313 2019 1375 inventa
2073 1330 2202 1374 non
2247 1310 2470 1387 fuerit3
2523 1329 2672 1389 ergo
2723 1309 2910 1371 simili
2939 1310 3128 1371 modo
3157 1314 3328 1371 recte

1766 1408 2284 1487 argumentamur
2312 1423 2392 1466 ex
2419 1404 2742 1467 effectibus
2771 1421 2928 1483 quos
2961 1403 3026 1463 in
3047 1402 3232 1463 nobis
3267 1406 3330 1463 et

1765 1517 1805 1560 a
1828 1499 2012 1561 nobis
2035 1517 2176 1563 esse
2201 1504 2374 1561 recta
2397 1497 2522 1559 fide
2551 1498 2890 1573 credimus,
2923 1497 3004 1559 ad
3031 1496 3187 1557 alios
3215 1495 3324 1572 qui

1763 1610 1880 1672 per
1906 1594 2064 1655 alias
2087 1597 2408 1655 creaturas
2437 1590 2619 1664 fiunt,
2641 1596 2750 1653 aut
2771 1590 2912 1657 fieri
2931 1595 3214 1669 possunt.
3237 1590 3326 1651 Eo

1762 1686 1865 1749 vel
1886 1687 2160 1749 maxime
2189 1684 2361 1766 quod
2397 1684 2464 1747 hi
2502 1684 2756 1747 effectus
2801 1702 2930 1745 nou
2963 1688 3110 1745 sunt
3137 1682 3330 1743 inusi-

1762 1780 1877 1841 tati
1910 1781 2044 1843 Deo
2069 1798 2183 1859 per
2209 1779 2366 1841 alias
2397 1783 2716 1841 creaturas
2743 1778 3050 1857 operanti.

1845 1876 1945 1939 56.
1998 1874 2232 1949 Quarta
2252 1874 2414 1937 ratio
2437 1916 2460 1949 ,
2495 1872 2568 1935 ab
2593 1872 2902 1952 amplis.
2943 1906 3020 1915 —
3069 1872 3325 1945 Quarto,

1763 1986 1895 2031 non
1938 1968 2188 2029 videtur
2233 1965 2694 2028 contemnenda
2735 1964 3095 2043 conjectura
3135 1982 3328 2042 quam

1760 2062 2158 2143 praecedente
2196 2060 2474 2123 sectione
2515 2059 2938 2121 afferebamus
2965 2076 3039 2119 cx
3076 2063 3330 2120 natura-

1762 2157 1927 2219 libus
1954 2155 2280 2235 exemplis,
2307 2172 2456 2215 nam
2488 2153 2658 2215 calor
2680 2160 2904 2213 natura
2923 2170 3038 2213 sua
3069 2170 3208 2213 esse
3234 2152 3328 2213 di-

1760 2250 1923 2312 citur
1975 2251 2460 2311 instrumentum
2509 2244 2988 2308 subordinatum
3035 2250 3326 2323 respectu

1759 2342 2148 2406 diversorum
2171 2342 2494 2422 agentium
2517 2340 2585 2401 in
2611 2339 2832 2401 ordine
2861 2337 2942 2399 ad
2972 2337 3230 2399 effectus
3257 2354 3326 2399 se

1758 2438 1893 2517 ipso
1924 2436 2350 2517 perfectiores,
2377 2440 2440 2497 et
2465 2440 2536 2497 ut
2567 2434 2656 2496 sic
2689 2433 2916 2496 dicitur
2943 2432 3182 2495 habere
3213 2431 3326 2495 ali-

1756 2548 1950 2611 quam
1985 2530 2114 2591 vim
2151 2531 2420 2591 activam
2445 2527 3056 2602 instrumentariam,
3090 2533 3152 2587 et
3177 2545 3324 2589 con-

1752 2623 2108 2685 naturalem
2157 2634 2447 2701 respectu
2493 2622 2745 2683 illorum
2763 2642 2782 2695 ;
2824 2619 2972 2700 quid
3017 2637 3168 2697 ergo
3209 2618 3328 2679 rni-

1758 2736 1901 2779 rum
1924 2716 2094 2796 quod
2117 2722 2404 2778 creatura
2427 2720 2720 2794 respectu
2739 2714 2838 2775 sui
2863 2712 3164 2776 creatoris
3185 2729 3326 2791 pos-

1760 2811 1841 2871 sit
1884 2810 2120 2873 habere
2165 2811 2292 2871 vim
2325 2808 2904 2871 instrumentariam
2935 2806 3325 2869 obedientia-

1757 2904 1883 2965 lem
1906 2907 1931 2965 t
1967 2905 2044 2965 Et
2081 2903 2298 2984 augeri
2326 2908 2532 2983 potest
2559 2902 2698 2963 hoec
2727 2900 3090 2979 conjectura
3117 2917 3196 2960 ex
3227 2898 3324 2958 in-

1758 2996 2124 3059 strumentis
2155 2997 2342 3071 artis;
2387 2997 2550 3058 sicut
2577 2996 2748 3057 enim
2775 2994 3042 3056 materia
3067 2998 3324 3053 natura-

1756 3091 1833 3151 lis
1868 3095 1964 3153 est
2003 3090 2068 3151 in
2112 3090 2388 3169 quadam
2431 3090 2716 3169 potentia
2755 3086 3160 3149 obedientiali
3195 3104 3323 3171 res-

1756 3190 1943 3265 pectu
1985 3184 2278 3245 humanm
2313 3182 2626 3245 facultatis
2663 3185 2726 3243 et
2769 3180 3004 3261 ingenii
3049 3178 3131 3241 ad
3166 3178 3322 3240 reci·

1756 3278 2022 3358 piendas
2067 3276 2304 3339 formas
2346 3276 2539 3351 artis,
2584 3275 2669 3335 ita
2711 3275 2774 3336 in
2817 3274 3058 3335 ratione
3095 3272 3322 3335 instru-

1756 3371 1952 3433 menti
1981 3369 2308 3449 subjicitur
2331 3369 2540 3431 eidem
2563 3368 2680 3429 arti
2703 3365 2786 3427 ad
2809 3366 3136 3429 efficienda
3159 3366 3320 3427 mira

1758 3482 1951 3544 opera
1977 3480 2120 3542 quae
2149 3463 2275 3523 vim
2305 3460 2658 3524 naturalem
2695 3460 2912 3522 talium
2941 3460 3318 3519 instrumen-

1755 3565 1966 3620 torum
1999 3556 2303 3619 excedere
2340 3555 2670 3627 videntur3
2715 3571 2866 3631 ergo
2895 3552 3194 3615 credibile
3223 3556 3320 3615 est

1754 3670 1941 3733 posse
1969 3653 2168 3713 Deum
2201 3650 2410 3711 altiori
2435 3648 2626 3709 modo
2659 3648 2744 3708 uti
2783 3665 2899 3709 sua
2927 3653 3212 3709 creatura
3249 3650 3319 3707 ut

1754 3746 2174 3807 instrumento
2213 3743 2296 3805 ad
2335 3740 2834 3823 supernaturalia
2869 3757 3061 3818 opera
3093 3740 3318 3801 divinae

1752 3840 1905 3901 artis
1940 3844 2004 3900 et
2029 3836 2521 3916 omnipotentiae,
2547 3852 2620 3895 ac
2649 3836 3112 3912 consequenter
3145 3831 3315 3911 quod

1752 3932 1819 3993 in
1846 3932 2082 3995 eisdem
2103 3931 2290 3993 rebus
2314 3930 2540 3991 creatis
2565 3933 2958 4007 supponatur
2988 3926 3194 4005 aliqua
3223 3926 3314 3987 vis

1748 4026 1986 4102 activa,
2031 4042 2155 4105 qua
2192 4023 2436 4104 possint
2471 4024 2603 4085 Deo
2637 4020 2730 4081 sic
2761 4019 3044 4100 operanti
3085 4037 3314 4099 coope-

1747 4117 1945 4181 rando
1977 4117 2260 4179 obedire.

1828 4215 1927 4275 57.
1965 4210 2191 4287 Quinta
2212 4210 2398 4286 ratio,
2429 4228 2501 4274 ιω
2523 4207 2938 4273 illimitatione
2963 4208 3187 4271 divim
3209 4228 3313 4290 po·

1748 4308 1971 4371 teucioe.
1993 4337 2074 4351 —
2092 4304 2341 4379 Quinto,
2375 4322 2502 4365 non
2520 4302 2767 4365 videtur
2795 4301 3134 4381 rejicienda
3153 4302 3312 4364 ratio

1746 4400 1813 4461 in
1855 4398 2282 4479 superioribus
2320 4401 2487 4459 tacta
2509 4441 2530 4473 ,
2567 4396 2716 4476 quia
2755 4395 2890 4457 sine
2929 4397 3046 4458 hac
3087 4396 3311 4459 virtute

1746 4493 1949 4555 activa
1985 4490 2244 4571 intelligi
2277 4508 2406 4553 non
2437 4495 2646 4569 potest
2673 4488 2842 4568 quod
2871 4494 3160 4551 creatura
3185 4489 3310 4553 ele-

1746 4592 1927 4649 vetur
1951 4584 2036 4647 ad
2060 4583 2424 4647 faciendum
2453 4582 2690 4663 aliquid
2718 4582 2883 4643 ultra
2912 4582 2979 4643 id
3007 4582 3176 4662 quod
3205 4602 3312 4643 na-

1744 4678 2028 4742 turaliter
2053 4695 2244 4757 agere
2273 4682 2520 4757 potest,
2563 4681 2632 4737 ut
2662 4676 2810 4738 satis
2831 4675 3078 4737 videtur
3103 4676 3170 4737 iu
3201 4694 3309 4737 su-

1744 4772 2096 4854 perioribus
2119 4762 2640 4845 demonstratum,
2667 4769 3019 4848 etamplius
3045 4788 3122 4831 ex
3149 4770 3310 4831 solu-

1744 4864 2018 4927 tionibus
2066 4868 2588 4943 argumentorum
2639 4862 2984 4934 constabit;
3029 4862 3310 4925 difficilli-

1750 4976 1926 5021 mum
1973 4964 2186 5019 autem
2229 4956 2472 5019 creditu
2515 4962 2612 5019 est
2651 4955 2928 5017 divinam
2964 4956 3308 5035 potentiam

1750 5069 1891 5114 esse
1919 5052 1986 5113 in
2012 5051 2132 5112 hoc
2159 5067 2395 5129 genere
2435 5048 2740 5129 operandi
2767 5048 2925 5109 adeo
2955 5049 3306 5112 limitatam.

1748 5147 1825 5207 Et
1852 5144 1936 5206 ud
1965 5145 2084 5207 hoc
2106 5143 2438 5207 conferunt
2459 5142 2568 5202 illa
2595 5143 2903 5221 exempla,
2933 5143 3160 5220 quibus
3183 5162 3316 5205 sec-

1748 5238 1920 5300 tione
1961 5235 2342 5317 proecedenti
2387 5234 2651 5309 ostendi,
2697 5233 2764 5294 in
2800 5235 2938 5295 aliis
2977 5236 3166 5299 rebus
3199 5236 3315 5295 im-

1746 5336 1996 5393 mutare
2023 5332 2224 5393 Deum
2253 5334 2534 5403 naturaS,
2567 5332 2630 5389 et
2657 5327 2902 5391 elevare
2929 5328 3066 5389 illas
3097 5327 3182 5389 ad
3207 5328 3314 5389 ali-

1748 5423 1902 5505 quid
1934 5429 2160 5504 praeter
2201 5423 2302 5485 vel
2337 5420 2848 5502 supernaturale,
2893 5420 3052 5482 nihil
3085 5422 3176 5483 eis
3205 5420 3288 5481 ad

1748 5516 1992 5593 dende,
2033 5517 2146 5579 sed
2185 5516 2275 5579 eis
2308 5533 2422 5577 sua
2452 5514 2772 5577 voluntate
2803 5512 3060 5575 utendo.
3110 5514 3317 5593 Atque

2953 5620 2994 5681 9
