3892 6167
468 329 598 389 440

468 435 687 497 etc.1n
730 431 957 514 quibus
986 433 1196 496 verbis
1234 435 1548 498 rationem
1598 451 1728 495 non
1758 438 2038 496 contem-

471 528 745 590 nendam
798 527 1067 603 indicat,
1117 546 1267 590 nam
1296 529 1575 593 Christus
1626 531 1717 590 est
1766 529 2040 588 aeternus

470 622 775 694 Pontifex,
820 627 883 682 et
904 622 1071 698 ideo,
1090 622 1297 702 quoad
1328 639 1445 684 nos
1474 621 1851 702 indigemus,
1880 637 2041 680 sem-

470 733 589 796 per
608 735 724 796 pro
754 715 938 778 nobis
956 733 1188 778 munus
1212 715 1529 780 Pontificis
1550 719 1823 792 exercet,
1848 714 2040 775 modo

478 811 669 872 statui
702 827 815 870 suo
846 809 1353 885 accommodat03
1388 811 1658 890 pertinet
1706 815 1915 871 autem
1965 807 2047 868 ad

480 901 849 965 Pontificem
876 920 990 981 pro
1012 903 1144 965 suis
1169 903 1432 966 subditis
1456 921 1662 979 orare,
1694 908 1764 964 ut
1788 919 1863 964 ex
1888 901 2045 962 Pau-

472 993 560 1072 lo,
595 995 678 1057 ad
712 997 897 1057 Hehr.
927 999 987 1069 ὅ,
1018 997 1230 1058 docuit
1258 997 1330 1058 D.
1354 997 1605 1072 Thom„
1638 1015 1699 1076 q.
1732 1011 1894 1074 seqs,
1922 999 2038 1056 art.

470 1094 535 1164 4,
562 1089 643 1150 ad
678 1091 735 1151 l.
782 1089 976 1152 Multa
1008 1085 1176 1152 e'nim
1204 1087 1269 1152 i'n
1300 1092 1462 1152 banc
1491 1091 1867 1154 sententiam
1890 1107 2042 1150 cou-

478 1184 643 1266 gerit
662 1183 945 1262 origen„
992 1183 1208 1244 homil.
1242 1187 1279 1245 '1
1310 1201 1503 1263 super
1549 1183 1770 1258 Levit„
1802 1181 1909 1261 qui
1944 1183 2040 1242 in-

468 1275 715 1339 terdum
736 1293 851 1356 per
881 1277 1434 1356 exaggerationem
1484 1275 1780 1356 loquitur.
1806 1275 2037 1340 Ultimo

466 1367 773 1450 probatur
799 1371 1168 1432 rationibus.
1216 1371 1445 1446 Prima,
1492 1372 1639 1449 quia
1670 1369 1869 1431 oratio
1907 1387 2035 1430 non

472 1463 740 1526 dedecet
760 1463 1095 1541 Christum,
1118 1481 1193 1524 eo
1224 1463 1396 1543 quod
1420 1463 1591 1524 Deus
1621 1469 1739 1540 est,
1772 1479 1917 1522 nam
1944 1469 2036 1524 est

468 1557 660 1618 etiam
694 1559 907 1631 homo,
941 1558 1095 1618 alias
1124 1575 1333 1636 neque
1360 1557 1427 1617 in
1443 1556 1565 1618 hac
1596 1555 1719 1618 vita
1756 1573 2035 1635 unquam

470 1657 741 1723 orasset;
779 1669 895 1712 nec
926 1651 1073 1729 quia
1102 1648 1327 1713 beatus
1359 1656 1478 1724 est,
1512 1649 1667 1711 alias
1694 1667 1902 1728 neque
1931 1649 2032 1710 alii

466 1742 639 1806 beati
668 1749 941 1821 orarent,
972 1743 1144 1824 quod
1164 1761 1333 1806 nunc
1360 1743 1615 1805 omnino
1643 1741 1871 1804 salsum
1895 1761 2034 1804 esse

466 1855 787 1919 suppon03
823 1837 1020 1899 oratio
1051 1855 1201 1918 ergo
1240 1837 1479 1898 nullam
1509 1835 1768 1900 includit
1806 1837 2036 1920 imper·

453 1930 807 1994 tectionem
852 1937 1312 2011 repugnantem
1367 1933 1475 1992 aut
1516 1929 1819 1993 divinitati
1848 1979 1863 2006 ,
1926 1937 2035 1992 ant

470 2021 1112 2095 heatitudiniChristi;
1144 2041 1438 2103 ergouon
1471 2031 1695 2084 estcur
1720 2043 1848 2086 non
1875 2028 2030 2092 oret,

472 2117 762 2180 Secundo
787 2165 806 2193 ‚
858 2135 1005 2203 nam
1068 2117 1264 2178 oratio
1312 2122 1407 2179 est
1448 2117 1653 2178 cultus
1710 2115 2033 2197 religionis

391 2288 394 2290 ‚
472 2211 601 2273 Deo
628 2211 914 2288 debitus3
956 2209 1230 2274 Christus
1278 2216 1490 2271 autem
1512 2210 1582 2270 in
1628 2209 1787 2272 coelo
1832 2211 2032 2272 Deum

466 2305 774 2388 religione
798 2303 964 2382 colit,
986 2304 1227 2378 adorat,
1259 2301 1496 2379 laudat,
1520 2307 1582 2365 et
1606 2305 1838 2386 gratias
1864 2305 2026 2382 agit3

472 2417 587 2460 cur
610 2416 761 2482 ergo
796 2417 922 2460 non
952 2399 1139 2460 etiam
1170 2395 1484 2478 postulet?
1510 2395 1740 2469 Tertio,
1793 2399 1941 2477 quia
1971 2397 2038 2460 in

474 2494 821 2555 omnistatu
837 2499 1135 2573 operatur
1159 2511 1271 2573 pro
1293 2491 1491 2552 salute
1506 2491 1835 2552 hominum
1862 2491 2037 2572 quid-

470 2587 622 2668 quid
647 2585 979 2648 commode
1000 2591 1207 2667 potest
1230 2609 1249 2662 3
1276 2589 1485 2666 potest
1512 2592 1722 2647 autem
1758 2585 1823 2646 in
1872 2591 2036 2647 statu

468 2679 683 2762 patriae
712 2699 890 2742 orare
920 2685 985 2742 et
1020 2679 1382 2761 impetrare,
1416 2679 1563 2756 quia
1602 2677 1735 2740 haec
1778 2695 1905 2739 non
1936 2698 2036 2740 rc·

470 2783 760 2858 pugnant
782 2793 925 2837 cum
954 2773 1065 2836 illo
1108 2779 1297 2837 statu.
1327 2773 1559 2846 Quarto
1585 2773 1886 2852 denique,
1914 2790 2036 2835 nos

470 2869 753 2935 habemus
775 2887 1072 2934 aceessum
1093 2867 1177 2932 ad
1198 2867 1445 2931 Patrem
1465 2884 1575 2947 per
1602 2866 1937 2942 cho-tetum,
1971 2875 2038 2930 ut

474 2963 559 3025 ad
588 2963 778 3025 Hebr.
828 2967 865 3024 4
895 2960 1143 3036 dicitur,
1174 2979 1303 3024 nou
1334 2967 1579 3024 tantum
1622 2961 1771 3040 quin
1814 2961 1878 3022 in
1925 2979 2038 3024 no-

474 3055 647 3119 mine
674 3055 868 3136 ipsius
896 3053 1337 3136 petimus,'sefl
1365 3055 1553 3118 etiam
1586 3058 1677 3132 (ut
1706 3073 1897 3136 supra
1942 3055 2041 3117 in-

478 3147 712 3212 dicavit
749 3147 1061 3229 Ambros.)
1088 3149 1234 3228 quia
1252 3167 1367 3229 per
1392 3147 1599 3226 ipsum
1623 3153 1870 3210 nostras
1906 3167 2041 3210 ora-

475 3244 677 3305 tiones
707 3241 1051 3318 offerimus,
1084 3241 1328 3323 etipse,
1358 3245 1429 3304 ut
1456 3239 1894 3318 exaudiantur,
1930 3243 2037 3304 ob-

476 3339 655 3398 tinet.

562 3433 621 3493 6.
676 3429 1005 3512 Responsio
1047 3429 1131 3494 ad
1169 3435 1546 3512 argumenta.
1573 3463 1651 3474 -
1672 3427 1767 3490 Ad
1816 3427 2042 3493 funda-

476 3529 689 3586 menta
720 3523 1048 3585 contrariae
1076 3519 1425 3585 sententiae.
1470 3521 1770 3597 Primum,
1814 3521 1894 3584 ad
1928 3525 2041 3587 Pa-

484 3623 634 3690 tres,
665 3617 920 3696 Rupert.
957 3616 1212 3695 quidem
1238 3614 1489 3677 videtur
1512 3613 1707 3678 fuisse
1736 3615 1899 3678 illius
1912 3635 2050 3680 sen-

472 3707 711 3784 tentiae,
746 3727 934 3790 quam
971 3727 1098 3770 non
1126 3707 1492 3789 probamus.
1522 3707 1638 3770 Vel
1670 3713 1899 3792 exponi
1926 3711 2052 3776 for-

479 3811 649 3865 tasse
699 3811 914 3884 posset
960 3801 1404 3884 distinguendo
1461 3799 1776 3884 duplicem
1827 3805 2050 3868 oratio-

479 3913 653 3970 nem,
673 3897 853 3976 juxta
880 3895 1231 3959 doctrinam
1258 3913 1449 3978 supra
1477 3895 1713 3972 datam,
1742 3893 1908 3977 disp.
1940 3899 2046 3976 39,

476 3997 630 4053 sect.
656 3995 693 4054 3
720 4013 734 4052 :
764 3991 1053 4068 alteram,
1084 4007 1208 4074 qua
1234 3991 1457 4069 aliquis
1488 3989 1695 4053 denuo
1722 3991 2046 4072 impetrat,

472 4085 576 4146 vel
586 4085 873 4166 petitden
882 4104 960 4146 uo
984 4083 1287 4148 merendo
1300 4082 1367 4145 id
1378 4083 1548 4162 qaod
1560 4083 1737 4164 petit,
1753 4085 2040 4158 alteram,

444 4193 603 4258 ,qua
630 4177 790 4259 petit
816 4177 1123 4260 exigendo
1146 4180 1252 4264 jus
1280 4177 1393 4239 sibi
1426 4175 1730 4240 debitum.
1771 4179 2046 4241 Christus

478 4289 630 4352 ergo
674 4273 739 4332 in
768 4273 866 4334 via
889 4274 1088 4335 oravit
1110 4271 1303 4352 priori
1339 4269 1553 4346 modo,
1584 4273 1915 4352 posteriori
1936 4289 2046 4333 au-

480 4371 610 4427 tem
640 4367 706 4427 in
750 4367 998 4446 patria,
1040 4367 1303 4427 fortasse
1344 4383 1497 4444 crgo
1548 4367 1803 4443 Rupert.
1838 4365 2045 4428 solum

474 4476 713 4538 negare
730 4460 929 4521 voluit
950 4459 1228 4540 priorem
1252 4457 1513 4520 modum
1530 4455 1772 4531 orandi,
1800 4459 2043 4538 quista·

478 4551 566 4612 tui
588 4549 994 4613 beatitudinis
1042 4557 1505 4613 consentaneus
1538 4567 1665 4611 non
1698 4557 1811 4614 est.
1840 4553 1917 4614 Et
1959 4553 2044 4616 ad

479 4643 771 4705 eumdem
802 4645 1061 4706 modum
1108 4645 1335 4724 exponi
1380 4651 1636 4726 possunt
1690 4645 2039 4725 Chrysost„

480 4737 856 4818 Theophyl„
888 4737 1081 4811 Beda,
1112 4744 1174 4799 et
1212 4737 1315 4799 alii
1340 4737 1426 4798 ibi
1470 4736 1661 4810 citati,
1694 4738 1801 4818 qui
1850 4738 2042 4818 expli·

482 4839 705 4892 carunt
732 4832 893 4892 hanc
924 4832 1270 4894 orationem
1300 4830 1525 4892 Christi
1552 4847 1669 4910 per
1700 4847 2043 4910 repraesen-

486 4925 788 4986 tationem
822 4943 950 4986 suae
979 4925 1185 4987 carnis
1206 4931 1270 4987 et
1290 4923 1719 5000 humanitatis,
1740 4941 1869 4986 non
1898 4923 2047 5004 quia

479 5017 889 5098 intelligenda
918 5019 996 5081 sit
1043 5025 1135 5097 (ut
1162 5017 1247 5080 ita
1292 5017 1521 5097 dicam)
1549 5033 1661 5097 per
1706 5019 1904 5079 solam
1937 5017 2049 5080 ob-

478 5111 777 5192 jectivam
806 5113 1197 5192 praesentiam
1242 5109 1375 5173 sine
1402 5109 1531 5172 ullo
1567 5117 1731 5185 actu,
1762 5127 1909 5172 nam
1938 5109 2046 5174 ile

485 5203 713 5266 modus
741 5207 923 5267 valde
953 5207 1356 5286 imperfectus
1384 5209 1520 5278 θεὶς
1551 5205 1664 5266 sed
1692 5204 1843 5284 quia
1864 5203 2044 5267 Chri-

482 5307 615 5362 stus
643 5317 757 5380 per
804 5301 1123 5380 proprium
1182 5307 1392 5361 actum
1440 5303 1849 5379 repraesentat
1876 5299 2041 5360 Patri

480 5409 737 5456 carnem
778 5412 981 5464 suam,
1037 5397 1099 5456 et
1137 5393 1459 5455 cicatrices
1516 5407 1777 5452 suorum
1831 5391 2046 5452 vulne·

485 5505 649 5564 rum,
662 5493 729 5562 et
752 5489 843 5566 (ut
874 5489 940 5552 D.
969 5487 1191 5552 Thero.
1222 5485 1377 5549 dixit
1424 5485 1647 5566 alleqat
1670 5485 2041 5559 suamerita,

1696 329 1934 397 Quaesr.
1971 329 2101 384 xxi.
2137 333 2339 388 Anno.
2375 335 2457 389 tv.

2125 437 2190 494 ut
2209 441 2470 514 propter
2485 451 2559 496 ea
2585 431 2948 496 hominibus
2969 432 3344 496 benefaciat.
3359 435 3440 498 Et
3465 433 3680 497 fortas-

2121 543 2188 586 se
2220 528 2507 590 Nazianz.
2529 525 2650 590 hoc
2680 543 2864 589 sensu
2887 526 3146 607 negavit
3179 526 3496 590 Christum
3523 547 3684 593 nunc

2119 619 2384 683 fundere
2431 622 2722 685 servilem
2771 628 2833 684 et
2883 622 3230 702 supplicem
3281 622 3632 684 orationem
3661 643 3678 696 ;

2129 715 2415 794 quamvis
2444 716 2633 778 etiam
2659 715 3217 778 iudicetChristum
3247 723 3377 778 non
3407 715 3498 778 ita
3527 733 3684 779 nunc

2129 826 2332 881 orare,
2365 813 2434 870 ut
2463 809 2702 885 habitu,
2735 816 2797 872 et
2843 801 3045 889 figura
3081 810 3382 890 corporiS,
3417 815 3482 871 et
3513 810 3686 888 quasi

2127 919 2243 984 per
2267 909 2526 964 externa
2549 905 2754 982 signa,
2778 921 2846 964 se
2865 903 3226 983 supplicem,
3241 908 3302 965 et
3331 902 3685 982 subjectum

2127 996 2438 1059 ostendat.
2481 997 2657 1072 Quod
2683 995 2752 1058 in
2791 996 2892 1060 via
2926 995 3197 1059 faciebat
3238 996 3686 1078 neeman-ge-

2123 1109 2284 1164 nua,
2335 1091 2480 1153 Luc.
2533 1092 2654 1166 223
2709 1091 3095 1174 procidendo
3149 1104 3344 1172 super
3406 1097 3642 1152 terram
3666 1137 3686 1166 ‚

2119 1184 2312 1245 Mure.
2345 1185 2457 1261 μς
2486 1185 2586 1246 hic
2615 1185 2783 1246 enim
2809 1184 3038 1246 modus
3065 1183 3258 1246 veluti
3281 1181 3538 1245 servilis
3561 1201 3689 1244 ora-

2121 1277 2309 1340 tionis
2355 1297 2484 1340 non
2514 1285 2609 1340 est
2661 1284 3126 1340 consentaneus
3179 1277 3372 1340 statui
3426 1277 3682 1357 patrias,
3668 1295 3682 1310 ·

2119 1389 2246 1434 non
2301 1379 2396 1432 ost
2435 1377 2648 1433 tamen
2702 1369 3108 1448 incredibile,
3168 1367 3256 1432 ibi
3299 1385 3436 1432 uon
3465 1369 3688 1431 solum

2117 1472 2353 1538 mente,
2387 1465 2499 1527 sed
2549 1465 2738 1526 otiam
2805 1479 3068 1546 corpore
3113 1461 3430 1528 Christum
3485 1481 3686 1540 mure,

2119 1559 2266 1636 quia
2294 1565 2356 1620 et
2379 1565 2536 1621 voce‘
2553 1557 2752 1619 Deum
2802 1557 3036 1631 laudat,
3071 1563 3132 1619 et
3163 1557 3408 1620 cultum
3424 1556 3688 1688 voligio-

2119 1650 2219 1711 nis
2251 1651 2335 1712 illi
2369 1651 2622 1732 proebet.

2197 1749 2258 1805 7.
2291 1744 2386 1806 Ad
2415 1746 2683 1826 primam
2735 1745 3296 1820 confirmationem,
3332 1746 3399 1808 in
3427 1761 3565 1826 qua
3584 1763 3684 1822 pv

2115 1839 2270 1899 titur
2295 1853 2378 1898 an
2406 1839 2718 1918 possimus
2751 1839 3077 1901 Christum.
3097 1837 3285 1901 orare
3307 1845 3384 1902 ut
3415 1853 3544 1919 pto
3576 1855 3684 1896 uo·

2119 1931 2216 1992 bis
2257 1937 2416 2007 oret,
2447 1931 2521 1992 D.
2559 1931 2810 2008 Thom.,
2851 1932 2914 1992 in
2957 1936 3019 2008 4,
3057 1933 3198 1995 loco
3232 1946 3448 2012 supra·-
3475 1931 3680 2002 usitato,

2117 2023 2480 2104 simpliciter
2511 2023 2695 2087 docet
2719 2043 2848 2086 non
2897 2044 3034 2088 esse
3085 2025 3425 2088 dicendum
3459 2042 3477 2084 ε
3513 2022 3683 2086 chri-

2114 2121 2228 2193 ste,
2255 2135 2362 2180 ora
2376 2135 2490 2200 pro
2520 2119 2718 2190 nobia-
2747 2119 2857 2182 sed
2876 2137 2892 2182 =:
2921 2117 3089 2186 Audi
3109 2137 3240 2193 nos,
3272 2119 3376 2179 vel
3401 2118 3687 2180 Miserere

2116 2211 2337 2284 nostri,
2363 2217 2496 2271 turn
2523 2209 2604 2272 ad
2631 2211 2954 2273 vitandum
2984 2231 3262 2274 errorem
3295 2212 3423 2273 Arii
3457 2217 3520 2270 et
3541 2211 3682 2270 Nes·

2119 2304 2258 2366 torii
2271 2321 2293 2382 ;
2319 2311 2454 2368 tum
2475 2305 2626 2384 quia
2655 2307 2854 2372 oratio
2881 2306 3251 2388 simpliciter
3272 2305 3573 2385 dirigitur
3608 2303 3684 2362 ad

2119 2415 2479 2477 personam,
2512 2417 2652 2477 quoe
2685 2403 2780 2461 est
2809 2398 3087 2461 divinum
3137 2399 3560 2480 suppositum,
3585 2416 3682 2456 ru-

2113 2492 2220 2571 jus
2241 2507 2374 2552 non
2395 2496 2489 2553 est
2513 2492 2878 2572 petere,sed
2888 2492 3168 2566 donare3
3192 2501 3332 2555 tum
3359 2498 3678 2572 praeterea.

2119 2581 2266 2645 addi
2293 2589 2519 2664 potest,
2547 2585 2698 2665 quia
2717 2585 2784 2646 in
2810 2585 3196 2648 emtionibus
3221 2585 3522 2648 Eodesite
3547 2601 3684 2646 con-

2113 2675 2384 2738 suetudo
2407 2678 2717 2740 servanda
2747 2685 2878 2754 est;
2901 2685 3036 2740 tum
3094 2681 3284 2741 etium
3315 2679 3470 2758 quia
3492 2693 3684 2757 quan-

2115 2769 2203 2832 do
2231 2771 2512 2850 aliquam
2535 2789 2876 2852 personam
2903 2773 3314 2851 alhquimnr,
3347 2778 3410 2835 et
3427 2787 3686 2852 praser-

2113 2863 2227 2925 tim
2255 2864 2306 2924 si
2347 2864 2586 2942 aliquid
2613 2864 2696 2926 ab
2728 2866 2838 2926 illa
2879 2866 3304 2946 postulamus,
3325 2863 3508 2928 iilam
3537 2863 3686 2927 ahlo-

2117 2959 2374 3040 quimur
2409 2961 2598 3022 modo
2631 2967 2740 3024 aut
2773 2962 2954 3024 titulo
2985 2961 3193 3040 magis
3225 2959 3602 3034 honorifico,
3629 2965 3686 3020 et

2121 3055 2266 3116 ideo
2289 3054 2606 3118 Christum
2630 3055 2998 3136 simplicite-1·
3021 3055 3368 3116 adoramus
3390 3053 3603 3128 lata-ia,
3629 3059 3684 3114 et

2119 3165 2248 3212 non
2275 3147 2694 3228 hyperdulia3
2727 3155 2792 3211 et
2827 3150 2948 3210 hoc
2983 3147 3278 3211 absolute
3307 3165 3542 3210 remu
3571 3153 3682 3221 est,

2123 3242 2433 3321 praecipue
2459 3241 2530 3302 in
2577 3243 2867 3304 oratione
2891 3241 3170 3322 publica
3190 3242 3256 3302 Si
3298 3241 3448 3320 quis
3468 3245 3684 3301 autem

2121 3333 2274 3395 sciat
2295 3335 2572 3396 rationes
2585 3335 2992 3415 distinguere,
3007 3340 3074 3400 et
3095 3335 3502 3398 considerate
3523 3333 3684 3396 (thri-

2123 3436 2289 3490 stum
2337 3434 2408 3490 ut
2449 3429 2774 3492 homiuem
2811 3430 2882 3491 in
2928 3428 3089 3492 uoelo
3114 3435 3433 3501 omnm,
3467 3433 3536 3490 et
3568 3444 3684 3508 pm

2122 3523 2306 3585 nobis
2341 3539 2454 3584 sua
2499 3523 2720 3586 merita
2751 3525 2918 3587 Petri
2941 3529 3534 3604 repraesentantem),
3563 3539 3684 3582 non

2133 3617 2252 3679 erit
2287 3617 2592 3690 illicitum,
2617 3630 2830 3697 neque
2871 3617 3266 3692 indecorum,
3299 3615 3384 3677 ab
3406 3615 3686 3694 inopus-

2133 3711 2332 3772 tulare
2353 3713 2422 3771 ut
2451 3727 2579 3772 suoe
2605 3711 2908 3773 orationis
2927 3725 3056 3774 nos
3073 3711 3417 3791 participes
3441 3709 3682 3784 efficiat,

2129 3807 2196 3866 et
2224 3801 2544 3866 efficacem
2596 3821 2858 3866 suorum
2903 3803 3276 3868 meritorum
3327 3804 3685 3885 applicatio-

2128 3913 2278 3960 nem
2305 3897 2488 3959 nobis
2515 3895 2818 3961 obtineat.
2847 3901 3028 3975 Item,
3059 3905 3126 3960 ut
3151 3899 3508 3959 orationem
3549 3913 3684 3958 nas-

2127 3995 2294 4051 tram
2337 4007 2468 4051 suae
2491 3991 2855 4071 conjungat,
2882 3999 2950 4054 et
2978 3992 3139 4054 Patri
3167 3989 3421 4066 offerat,
3449 3997 3521 4052 ut
3547 3993 3684 4052 m-

2126 4084 2374 4145 hrosius
2403 4089 2466 4146 et
2494 4085 2882 4165 August-inas
2902 4085 3076 4147 chre
3095 4083 3480 4146 docuerunt.

2208 4181 2268 4242 8.
2296 4179 2393 4242 Ad
2417 4179 2702 4242 ultimam
2747 4179 3290 4242 confirmationem
3315 4179 3452 4259 jam
3505 4177 3682 4258 expli-

2125 4277 2334 4334 catum
2363 4279 2456 4334 est
2483 4279 2739 4352 propter
2767 4289 2926 4352 quaa
2951 4289 3178 4336 causas
3203 4271 3491 4335 Christus
3515 4277 3676 4342 oret3

2124 4371 2193 4426 ut
2221 4365 2390 4426 enim
2437 4365 2507 4426 D.
2540 4365 2814 4428 Thomas
2849 4365 3034 4428 docet
3061 4367 3126 4428 in
3173 4366 3296 4428 hae
3319 4365 3678 4445 quaestione,

2123 4463 2190 4520 et
2216 4475 2429 4538 supra,
2461 4475 2525 4536 q.
2555 4462 2656 4535 14,
2687 4463 2803 4521 art.
2835 4464 2900 4533 4,
2927 4460 3012 4522 ad
3037 4463 3103 4532 3,
3129 4460 3280 4521 licet
3305 4459 3592 4520 Christus
3621 4463 3678 4516 ut

2123 4553 2314 4614 homo
2351 4566 2470 4614 suo
2497 4553 2690 4614 modo
2719 4554 2934 4614 omnia
2959 4555 3173 4633 possit,
3204 4559 3420 4614 tamen
3457 4551 3680 4632 depen-

2122 4646 2350 4707 denter
2373 4663 2412 4706 a
2451 4647 2604 4722 Deo,
2636 4651 2826 4726 atque
2855 4647 3020 4710 adeo
3073 4653 3322 4710 servato
3374 4646 3600 4708 ordino
3625 4649 3678 4705 et

2122 4739 2312 4801 modo
2355 4737 2582 4801 divinae
2611 4735 3069 4819 dispositionis;
3099 4740 3208 4804 iile
3233 4747 3457 4802 autam
3473 4745 3569 4800 est
3595 4743 3674 4806 ut,

2122 4832 2417 4910 petendo,
2453 4839 2516 4892 et
2557 4832 2931 4894 honorando
2957 4833 3184 4910 Deum,
3213 4841 3284 4895 et
3321 4834 3550 4896 merita
3575 4848 3676 4892 sua

2129 4925 2312 4988 nobis
2345 4925 2636 5006 applicet,
2663 4928 3039 4990 etvirtatem
3062 4943 3248 4989 suam
3264 4932 3637 5006 exequatur.

2773 5217 3044 5242 *0
