3892 6167
1541 334 1725 387 INDEX
1762 331 1990 386 RERUM.
3254 332 3371 393 719

58 431 419 490 voluntas
440 434 646 489 Christi
682 433 743 487 in
777 432 1017 501 regendo
1039 432 1339 500 appetitum
1368 433 1643 499 quomodo
1675 447 1733 487 se
1811 432 2125 486 voluntates-
2153 430 2351 485 Christi
2389 432 2665 497 quomodo
2693 445 2804 487 non
2839 434 3047 487 fuerint
3067 436 3372 501 contrariae,

162 510 497 573 habuerit,
528 512 585 565 d.
616 514 701 573 ab,
727 523 773 562 s.
804 513 853 560 1.
1874 513 1927 561 et
1945 507 2182 575 qualiter
2201 508 2260 560 in
2290 507 2601 562 efficacitate
2633 508 2976 574 differant,d.
3002 515 3079 574 38,
3103 524 3146 564 s.
3170 513 3216 561 4.

68 584 420 640 Voluntas
440 588 689 641 humana
713 590 894 639 ereata
914 583 971 638 in
992 583 1206 638 Christo
1230 584 1353 649 fuit,
1378 584 1433 639 d.
1460 588 1539 649 87,
1560 598 1606 637 s.
1632 588 1680 637 1.
1812 587 1962 639 luter
1981 585 2316 639 voluntatem
2344 584 2542 639 Christi
2573 587 2890 649 humanam,
2917 601 3024 653 qua
3043 586 3160 641 vult
3192 586 3374 641 effica-

66 658 211 720 Qui
244 660 333 713 in
366 664 589 717 christo
626 664 927 728 posuerunt
949 660 1285 714 voluntatem
1320 672 1507 725 unam,
1544 661 1735 715 Hono·
1877 660 2013 714 citer
2033 660 2306 727 quidquid
2327 662 2468 715 Deus
2485 661 2620 727 vult,
2644 666 2699 715 et
2718 663 3002 716 Beatorum
3025 661 3169 716 idern
3191 662 3377 717 volen-

158 736 427 792 thelitae
453 738 697 798 fuerunt,
721 737 777 790 d.
812 740 892 798 36,
926 749 971 789 ε.
1006 740 1053 789 2.
1880 736 2032 799 tium,
2059 747 2181 802 quae
2206 735 2278 789 sit
2303 736 2710 799 dissimilitudO,
2743 736 2816 789 ib.

72 810 289 865 Licet
330 815 649 869 secundum
684 814 929 881 aliquam
954 812 1223 866 rationem
1244 810 1442 865 tristari
1476 811 1727 879 potuerit,
1812 811 2040 875 Quando
2065 810 2317 866 voluntas
2343 812 2543 866 Christi
2570 814 2733 867 etiam
2772 814 3010 867 humana
3045 812 3288 867 absolute
3324 819 3378 867 ct

168 902 337 945 non
370 897 559 945 tamen
596 891 803 957 gaudio
833 902 1035 955 carere,
1062 890 1119 943 d.
1146 892 1227 951 ³⁴,
1261 902 1304 943 s.
1335 895 1383 942 3.
1874 886 2165 941 efficaciter
2184 887 2397 955 aliquid
2420 889 2650 954 volebat,
2672 902 2889 957 semper
2907 886 3261 955 implebatur3
3284 889 3378 943 de-

76 964 513 1023 voluntatum
544 966 898 1024 contrarietas
921 966 981 1021 in
1003 964 1215 1021 Christo
1248 978 1361 1020 non
1395 964 1517 1029 fuit,
1552 964 1609 1018 d.
1646 968 1727 1028 37,
1872 962 2138 1018 siderium
2167 968 2349 1019 autem
2393 970 2448 1019 et
2484 964 2731 1019 inefficax
2750 964 3016 1033 voluntas,
3052 976 3164 1019 non
3209 965 3372 1027 idem,

170 1056 239 1093 s·
290 1049 353 1097 5.
1869 1053 1914 1094 s.
1939 1044 1988 1093 5.

2949 2447 2991 2490 υ
