3892 6167
621 350 738 413 144

1841 352 2075 416 QUAEST.
2112 352 2238 408 xlii.
2278 354 2473 409 Alme.
2512 356 2594 410 IV.

614 458 926 532 quatenus
953 450 1234 514 elevatur
1248 450 1328 513 ad
1349 450 1743 516 efficiendam
1765 452 2057 534 gratiam,
2080 454 2179 515 vel
2262 455 2407 517 liter
2432 456 2821 519 constituens
2850 453 3046 515 illum.
3076 451 3275 528 Unde,
3308 452 3353 514 si
3372 458 3609 534 potentia
3627 461 3709 525 ins·

612 548 804 609 aliam
849 562 992 608 rem
1030 544 1324 622 similem,
1375 564 1514 625 quae
1563 546 1629 608 iu
1683 546 1893 627 aliquo
1943 564 2179 626 genere
2258 550 2719 613 trumentaliter
2744 548 2933 612 efficit
2967 553 3180 610 actum
3216 548 3416 627 quoad
3457 556 3615 615 totam
3648 576 3710 619 es·

611 638 905 705 convenit
933 656 1077 701 cum
1108 640 1334 702 effectu
1383 640 1498 701 sibi
1551 638 1964 703 connaturali.
2016 641 2180 702 Neu-

609 738 776 796 trum
811 740 1024 797 autem
1059 732 1288 795 horum
1318 731 1713 807 conceditur,
1761 750 1975 814 neque
2002 738 2173 797 recte

611 825 868 891 concedi
902 831 1128 907 potest.
1165 826 1243 888 Et
1265 826 1426 888 ratio
1459 842 1498 887 a
1523 826 1715 907 priori
1745 844 1884 889 esse
1921 827 2172 890 videtur

611 922 784 999 quia,
813 920 1066 1002 quando
1095 918 1200 982 illa
1245 919 1402 983 ratio
1431 921 1784 983 communis
1829 920 1910 983 de
1957 939 2027 983 se
2074 927 2169 983 est

608 1014 972 1079 indifferens
1002 1014 1082 1077 ad
1109 1032 1212 1077 res
1240 1014 1548 1077 inferioris
1577 1022 1638 1078 et
1685 1014 2027 1096 superioris
2060 1032 2157 1077 or-

608 1106 794 1181 dinm,
841 1112 904 1171 et
927 1108 1206 1189 potentia
1237 1111 1481 1170 tantum
1517 1112 1725 1189 potest
1753 1126 1868 1170 sua
1896 1107 1957 1169 vi
1986 1114 2171 1170 natu·-

607 1200 720 1263 rali
750 1200 925 1264 illam
947 1202 1275 1282 attingere,
1311 1208 1384 1265 ut
1414 1206 1731 1264 contracta
1762 1208 1858 1264 est
1885 1202 1955 1263 in
1982 1201 2169 1264 rebus

607 1294 920 1358 inferioris
945 1294 1205 1371 ordinis,
1238 1294 1466 1377 quibus
1491 1294 1862 1358 naturaliter
1891 1300 2171 1358 cstcom-

607 1396 1000 1466 mensurata,
1045 1396 1194 1451 tunc
1231 1408 1358 1452 non
1398 1390 1640 1471 attingit
1692 1405 1808 1471 per
1855 1408 1920 1453 se
1962 1390 2166 1470 primo

605 1482 778 1546 illam
807 1484 1118 1547 rationem
1146 1500 1579 1559 communem,
1633 1484 1822 1546 etiam
1869 1486 1939 1545 ut
1980 1482 2167 1545 ratio-

605 1594 755 1641 nem
780 1576 898 1640 sub
926 1593 1076 1658 qua,
1105 1574 1218 1639 sed
1247 1576 1450 1639 solum
1477 1582 1553 1638 ut
1579 1582 1988 1654 contractam,
2022 1576 2167 1639 sibi-

605 1688 729 1753 que
763 1669 1330 1744 accommodatam3
1353 1676 1414 1733 et
1439 1669 1584 1733 ideo
1613 1688 1742 1733 non
1771 1674 1979 1752 potest
2006 1670 2165 1733 ratio

603 1762 712 1825 illa
742 1762 1094 1826 communis
1145 1762 1268 1825 dici
1313 1762 1637 1844 adaequata
1681 1764 1844 1826 ratio
1891 1764 2011 1826 sub
2038 1780 2164 1844 qua

602 1857 747 1920 talis
769 1858 1091 1940 potentiae,
1119 1860 1184 1919 et
1199 1863 1660 1936 consequenter
1683 1874 1888 1937 neque
1909 1857 2162 1921 attribui

603 1956 812 2033 potest
843 1948 952 2013 tali
981 1952 1300 2032 potentiae,
1330 1950 1500 2029 quod
1523 1952 1792 2013 naturali
1811 1952 1874 2014 vi
1899 1952 2165 2032 attingat

604 2046 897 2108 effectum
927 2044 1263 2125 superioris
1288 2044 1545 2120 ordinis,
1577 2046 1760 2107 etiam
1789 2044 1908 2106 sub
1931 2042 2036 2107 illa
2057 2062 2163 2107 ra-

601 2139 772 2201 tione
804 2136 1142 2201 communi.
1174 2136 1443 2200 Maxime
1474 2138 1623 2219 quia
1648 2138 1930 2220 potentia
1962 2138 2162 2201 activa

600 2250 732 2295 non
779 2236 988 2314 potest
1042 2232 1352 2312 attingere
1400 2230 1692 2294 effectum
1754 2232 1872 2295 sub
1916 2231 2161 2295 ratione

599 2324 941 2399 communi,
975 2322 1095 2386 nisi
1138 2326 1406 2406 attingat
1431 2330 1630 2388 totam
1672 2324 2031 2406 specificam
2056 2341 2161 2387 ra-

597 2418 835 2482 tionem
868 2436 1059 2499 quam
1095 2418 1355 2482 effectus
1393 2418 1462 2481 in
1509 2436 1580 2482 re
1628 2420 1818 2482 habet
1839 2466 1854 2494 ,
1905 2424 1969 2481 et
2014 2418 2160 2481 ideo

599 2531 728 2575 non
756 2518 963 2595 potest
993 2512 1154 2575 ratio
1186 2514 1560 2591 communis,
1589 2514 1638 2575 si
1670 2522 1739 2576 ut
1765 2514 2029 2594 praecisa
2054 2532 2161 2577 su-

598 2609 829 2681 matur,
866 2597 1176 2685 assignari
1209 2610 1512 2686 tanquam
1542 2606 1794 2687 propria
1839 2606 1997 2668 ratio
2042 2606 2159 2669 sub

600 2716 724 2779 qua
752 2699 1032 2779 potentia
1060 2697 1310 2778 attingit
1339 2700 1654 2777 effectum,
1686 2698 1834 2778 qnia
1855 2700 2015 2762 ratio
2040 2698 2158 2762 sub

599 2792 953 2873 qua,debet
973 2792 1194 2854 intime
1223 2793 1516 2869 inveniri,
1537 2799 1600 2855 et
1627 2794 1808 2872 quasi
1833 2799 2158 2856 transcen·

599 2888 752 2951 dere
773 2892 976 2949 totum
1001 2886 1316 2963 effectum,
1339 2894 1403 2950 et
1428 2892 1625 2950 totam
1648 2884 1963 2950 rationem
1984 2889 2149 2969 ejus;

596 2980 768 3061 quod
798 2980 849 3042 si
877 2980 997 3043 hoc
1033 2978 1219 3042 modo
1246 2985 1530 3043 sumatur
1555 2981 1714 3043 ratio
1743 2980 1850 3042 illa
1880 2998 2157 3044 commu-

595 3072 696 3136 nis
725 3079 900 3135 actus
923 3072 1344 3153 cognoscendi
1361 3080 1422 3136 et
1435 3072 1712 3151 amandi,
1741 3079 1811 3135 ut
1837 3075 2157 3137 naturales

597 3179 772 3229 actus
802 3171 865 3229 et
884 3167 1392 3247 supernaturales
1407 3166 1474 3227 in
1494 3184 1560 3229 se
1586 3166 2041 3247 complectitur,
2066 3167 2157 3231 sic

594 3278 813 3325 revera
853 3278 979 3322 non
1009 3266 1102 3323 est
1132 3260 1462 3341 adaequata
1487 3262 1647 3323 ratio
1687 3262 1753 3321 in
1788 3262 2034 3324 ratione
2064 3262 2156 3325 ef-

595 3356 797 3418 fectus
823 3357 1116 3435 respectu
1142 3352 1495 3417 intellectus
1522 3360 1584 3417 et
1609 3354 1949 3417 voluntatis
1976 3372 2151 3418 crea-

593 3453 692 3523 tae,
723 3450 796 3509 ut
823 3464 901 3509 ex
929 3442 1113 3509 dictis
1142 3447 1291 3509 satis
1319 3449 1585 3509 constat.

669 3541 773 3604 92.
824 3538 1034 3603 Tertia
1048 3540 1250 3622 opinio
1279 3538 1903 3621 improbacwr.-Alii
1929 3540 2149 3604 distin-

587 3636 790 3715 guunt
823 3632 1027 3709 aliter,
1056 3632 1375 3711 nimirum,
1421 3640 1596 3695 actus
1629 3634 2147 3715 supernaturales

587 3723 799 3807 quoad
839 3725 1254 3788 substantiam
1300 3728 1364 3788 et
1413 3727 1733 3789 entitatem
1783 3742 1966 3789 suam
2006 3727 2146 3790 fieri

586 3818 669 3881 ab
696 3820 794 3881 his
822 3818 1121 3900 potentiis
1152 3824 1222 3882 ut
1249 3818 1683 3882 instrumentis
1723 3820 1949 3883 divinae
1994 3840 2144 3901 gra-

585 3912 714 3993 tiae3
740 3918 978 3987 tamen,
1010 3916 1321 3993 quatenus
1342 3918 1489 3976 sunt
1517 3920 1694 3976 actus
1716 3912 1935 3975 vitales
1964 3922 2026 3977 et
2063 3915 2142 3976 li-

583 4006 720 4069 beri
748 4005 866 4087 ipsi
893 4004 1155 4082 homiui,
1197 4022 1338 4068 esse
1372 4005 1602 4068 abillis
1657 4010 1789 4068 uta
1837 4008 2141 4085 proximis

559 4098 905 4181 'principiis
941 4096 1422 4181 principalibus,
1451 4104 1514 4161 et
1555 4118 1593 4161 a
1621 4099 1896 4161 naturali
1945 4100 2141 4163 etiam

583 4192 666 4269 vi,
692 4197 881 4273 prout
906 4191 987 4253 ab
1008 4190 1410 4256 obedientiali
1435 4192 1856 4273 distinguitur,
1879 4200 2141 4275 propter

581 4288 861 4351 rationes
909 4286 1233 4349 dubitandi
1299 4304 1488 4368 supra
1536 4293 1753 4350 tactas.
1811 4288 2139 4351 Verumta-

579 4398 730 4443 men
757 4380 889 4443 haec
908 4379 1218 4442 distinctio
1248 4381 1404 4442 nihil
1431 4378 1513 4442 ad
1535 4398 1672 4443 rem
1702 4380 2137 4460 explicandam

579 4472 840 4550 confert,
876 4478 945 4535 ut
971 4472 1213 4555 patebit
1247 4472 1616 4553 intelligenti
1656 4472 1811 4554 quid
1842 4474 2137 4555 importe-

578 4574 681 4630 tur
707 4586 822 4649 per
851 4566 990 4628 illas
1031 4565 1575 4631 denominationes
1603 4566 1807 4629 vitalis
1849 4584 1924 4631 ac
1954 4569 2135 4634 liberi

577 4667 774 4724 actus.
805 4660 984 4723 Ratio
1016 4661 1184 4723 enim
1221 4660 1422 4723 vitalis
1463 4664 1642 4723 actus
1684 4660 1840 4723 nihil
1887 4662 2035 4725 dicit
2068 4665 2132 4725 in

577 4755 832 4818 entitate
861 4761 923 4817 et
947 4758 1175 4817 natura
1205 4754 1341 4833 ejus
1366 4759 1564 4832 actm,
1595 4754 1702 4836 qui
1747 4755 1955 4818 vitalis
1986 4757 2136 4820 dici-

577 4853 705 4927 tur,
738 4848 855 4909 nisi
884 4848 1074 4911 talem
1103 4845 1589 4929 dependentium
1625 4846 1934 4911 actualem
1962 4868 2000 4911 a
2024 4868 2134 4931 po·

573 4941 770 5003 tentia
807 4940 999 5018 vitali,
1031 4940 1128 5003 vel
1161 4940 1573 5021 aptitudinem
1629 4940 1711 5003 ad
1737 4942 1930 5004 illam.
1965 4942 2133 5005 Duo-

573 5032 700 5095 bus'
724 5035 891 5095 enim
926 5033 1128 5096 modis
1151 5034 1273 5096 dici
1302 5040 1506 5116 potest
1538 5039 1714 5098 actus
1741 5036 1959 5101 vitalis.
1992 5038 2129 5101 Uno

573 5126 786 5202 modo,
815 5127 1006 5189 veluti
1029 5124 1399 5208 aptitudine,
1431 5128 1578 5209 quia
1607 5128 1687 5191 de
1719 5146 1785 5191 se
1813 5135 2000 5192 uatus
2038 5134 2132 5193 est

572 5222 661 5284 ita
688 5220 823 5288 fieri
853 5240 890 5281 a
917 5221 1196 5301 potentia
1223 5220 1418 5297 vitali,
1448 5226 1516 5283 ut
1547 5238 1687 5284 eam
1716 5224 1912 5303 possit
1938 5224 2119 5287 infor·

571 5333 771 5393 mare,
795 5322 856 5378 et
894 5316 959 5378 in
1015 5321 1159 5378 actu
1202 5314 1421 5377 ultimo
1451 5312 1590 5378 vitae
1630 5318 2033 5395 constituere,
2067 5326 2130 5381 et

569 5410 692 5473 hoc
722 5410 877 5473 nihil
925 5409 1179 5472 omnino
1219 5408 1394 5472 addit
1419 5428 1606 5489 supra
1644 5412 1986 5475 essentiam
2012 5432 2129 5476 seu

573 5502 1124 5587 entitatem1actus,
1164 5502 1314 5583 quia
1341 5504 1478 5567 haec
1503 5512 1598 5569 est
1639 5507 1798 5569 ratio
1829 5509 2127 5571 essentia-

2259 644 2550 719 sentiam,
2583 649 2647 706 et
2684 642 3103 705 substantiam
3152 640 3306 722 ejus,
3356 642 3523 705 etiam
3554 646 3711 712 efficiet

2258 736 2438 798 illum
2488 732 3074 810 instrumentaliter,
3128 740 3429 815 quatenus
3460 734 3562 799 hoe
3582 742 3709 804 modo

2252 830 2457 893 vitalis
2480 837 2596 893 est.
2617 830 2755 892 Alio
2782 829 2972 893 modo
2996 832 3203 910 potest
3228 835 3399 891 actus
3420 828 3593 892 vitalis
3612 834 3708 901 diei.
3786 842 3789 881 ἰ

2249 923 2397 1006 quia
2422 929 2566 987 actu
2606 923 2889 1004 procedit
2926 940 2965 985 a
2989 922 3271 1003 potentia
3316 922 3517 997 vitali3
3554 932 3605 987 et
3628 928 3707 991 hoc
3774 923 3788 995 {1

2246 1020 2458 1093 modo,
2506 1025 2739 1101 praeter
2779 1019 3104 1081 entitatem
3159 1025 3351 1092 actus,
3396 1033 3521 1096 quae
3558 1021 3611 1081 in
3644 1023 3709 1084 illo
3775 1021 3783 1073 ἓ

2248 1119 2551 1194 tanquam
2568 1112 2918 1176 intermino
2940 1112 3207 1175 actionis
3230 1112 3711 1189 consideratur,ad-
3775 1118 3788 1160 ἱ

2250 1208 2341 1269 dit
2368 1208 2572 1269 solum
2598 1206 2783 1269 talem
2812 1204 3296 1287 dependentiam
3328 1224 3434 1268 seu
3458 1207 3707 1283 actionem,
3773 1169 3789 1299 ξι

2251 1318 2391 1383 quoe
2422 1302 2759 1365 intrinsece
2790 1318 2863 1365 ac
2884 1302 3245 1363 necessario
3274 1300 3539 1382 respiciat
3560 1309 3707 1381 poten·
3775 1300 3789 1377 {⁴¹

2248 1396 2400 1457 tiam
2430 1395 2685 1458 vitalem
2714 1400 2787 1457 ut
2809 1394 3167 1475 proximum
3193 1393 3543 1475 principium
3568 1412 3597 1455 a
3628 1414 3707 1474 qun
3773 1384 3789 1470 {2

2246 1497 2465 1555 manat
2482 1510 2498 1565 ς
2518 1490 2675 1553 nihil
2690 1492 2859 1553 enim
2873 1489 3045 1553 aliud
3056 1492 3392 1571 excogitari
3410 1494 3582 1571 potest
3597 1491 3709 1569 quod
3773 1473 3789 1577 ΙΙ

2244 1602 2361 1666 per
2385 1585 2578 1647 talem
2608 1582 3183 1647 denominationem
3230 1582 3607 1664 significetui-3
3637 1583 3710 1643 lin·
3773 1582 3788 1663 ξι

2247 1698 2397 1760 gere
2422 1680 2591 1743 enim
2620 1678 2688 1741 in
2712 1684 2855 1741 actu
2878 1678 3052 1740 vitali
3078 1677 3273 1740 alium
3292 1676 3549 1752 modum,
3568 1694 3626 1738 ex
3642 1694 3709 1737 na·
3772 1668 3789 1723 ‘l

2244 1780 2387 1836 tura
2415 1774 2508 1835 rei
2542 1772 2904 1835 distinctum
2933 1770 3015 1833 ab
3034 1770 3295 1835 entitate
3319 1776 3500 1846 actus,
3526 1776 3578 1832 et
3598 1768 3708 1829 ade·
3786 1780 3789 1817 ὲ

2244 1866 2584 1949 pendentia
2613 1868 2774 1945 ejus,
2810 1884 2927 1929 seu
2964 1866 3047 1928 ab
3093 1866 3343 1929 actione
3368 1871 3429 1928 et
3459 1882 3493 1927 a
3517 1863 3705 1925 termino
3786 1874 3789 1911 l

2244 1960 2530 2037 actioniS,
2558 1978 2766 2041 neque
2790 1959 3087 2041 explicari
3125 1962 3330 2040 potest
3362 1958 3505 2039 quid
3538 1957 3619 2031 sit,
3638 1972 3707 2015 ne·
3773 1966 3789 2036 j

2246 2072 2369 2134 que
2416 2054 2496 2116 ad
2537 2052 2691 2135 quid
2720 2052 2833 2125 sit;
2888 2070 3062 2130 nam,
3112 2054 3236 2115 illis
3277 2050 3510 2114 duobus
3538 2048 3704 2129 positis,
3773 2060 3789 2117 t:

2242 2147 2611 2229 intelligitur
2638 2146 3021 2209 sufficienter
3046 2151 3179 2209 tota
3207 2145 3365 2208 ratio
3390 2150 3547 2207 actus
3570 2140 3707 2201 vitalis
3786 2152 3789 2191 1

2242 2242 2307 2304 in
2330 2242 2574 2305 ratione
2598 2240 2856 2303 effectus
2878 2239 3403 2321 elicitiapotentia
3418 2254 3583 2317 quam
3598 2252 3707 2295 nunc
3786 2247 3789 2285 ι

2242 2336 2756 2414 consideramus;
2806 2352 2959 2415 ergo
3006 2333 3421 2415 improbabile
3464 2336 3547 2393 est
3580 2328 3705 2390 alium
3769 2341 3789 2430 1⁴

2241 2428 2603 2493 distinctum
2626 2429 2886 2492 modum
2914 2430 3296 2509 excogitare,
3318 2444 3443 2508 quo·
3458 2424 3591 2487 ratio
3604 2422 3706 2483 vita-

2240 2523 2319 2585 lis
2346 2529 2523 2586 actus
2553 2523 2961 2605 compleatur.
3004 2524 3139 2585 Hoc
3190 2526 3400 2585 autem
3444 2516 3704 2598 supposito,

2240 2635 2369 2680 non
2395 2616 2807 2680 habetlocum
2836 2616 3149 2679 distinctio
3180 2614 3349 2688 data,
3374 2630 3511 2675 nam
3538 2612 3707 2673 ibitan·

2236 2717 2374 2775 tum
2404 2718 2499 2775 est
2526 2712 2713 2773 unica
2742 2710 2926 2785 actio,
2960 2728 3085 2791 qua
3108 2710 3252 2773 talis
3297 2716 3463 2772 actus
3505 2702 3704 2787 procedit
3773 2749 3783 2772 ι

2238 2824 2277 2868 a
2299 2806 2579 2886 potentia
2606 2804 2809 2880 vitali3
2840 2822 2991 2883 ergo
3020 2804 3123 2868 vel
3144 2802 3424 2887 potentia
3448 2797 3647 2877 attingit
3664 2795 3704 2855 it
3781 2806 3788 2847 κ

2234 2898 2368 2959 lum
2416 2900 2705 2962 effectum
2758 2916 2877 2979 per
2916 2899 3088 2961 illam
3136 2898 3445 2961 actionem
3490 2894 3553 2955 ut
3576 2906 3704 2953 causa
3773 2898 3788 2986 ᾗ

2236 2992 2722 3073 principalis,vel
2741 2996 2812 3053 ut
2832 2990 3364 3055 instrumentalis:
3390 2990 3434 3052 si
3454 2986 3705 3069 priorimo·
3786 2995 3789 3033 1

2237 3085 2318 3147 do
2344 3130 2359 3161 ,
2393 3104 2544 3165 ergo
2562 3084 2842 3159 effectuS,
2860 3090 2989 3147 tam
3010 3090 3082 3147 ut
3096 3084 3326 3161 vitalis,
3356 3097 3531 3164 quam
3550 3094 3705 3141 secun·
3786 3091 3789 3129 a

2236 3179 2387 3241 dum
2419 3196 2597 3240 suam
2628 3180 2973 3253 entitatem,
3017 3178 3302 3259 procedit
3332 3196 3370 3239 a
3412 3172 3644 3257 potentia
3666 3174 3706 3227 ut
3786 3180 3789 3221 ¹

2234 3292 2273 3335 a
2303 3290 2493 3335 causa
2518 3270 2881 3353 principali3
2914 3270 2966 3333 si
2999 3278 3217 3334 autem
3257 3267 3524 3353 potentia
3552 3282 3639 3345 per
3664 3260 3707 3321 il·
3783 3274 3789 3315 ιῑ

2227 3365 2356 3428 lam
2383 3365 2693 3429 actionem
2724 3364 2969 3446 attingit
3000 3366 3298 3429 effectum
3334 3361 3529 3446 quoad
3552 3356 3707 3421 entita-
3777 3365 3789 3430 ιι

2228 3466 2356 3523 tem
2390 3460 2547 3539 ejus,
2580 3464 2650 3521 ut
2697 3458 3191 3522 instrumentum
3216 3506 3233 3535 ‚
3276 3464 3339 3521 et
3376 3451 3706 3519 nihilominus

2227 3552 2488 3616 effectus
2512 3557 2609 3615 est
2632 3550 2840 3614 vitalis
2868 3558 3075 3629 actus,
3108 3559 3175 3615 et
3202 3558 3275 3615 ut
3310 3557 3401 3615 est
3428 3568 3464 3612 a
3504 3546 3593 3609 tali
3634 3559 3707 3621 po·

2228 3646 2450 3721 tentia,
2507 3644 2951 3707 denominatur
3002 3645 3211 3709 vitalis
3230 3690 3253 3724 ‚
3302 3664 3449 3727 ergo
3493 3642 3643 3704 etiam
3662 3639 3708 3695 ut

2222 3738 2430 3801 vitalis
2470 3735 2757 3819 procedit
2804 3756 2843 3800 a
2880 3740 3165 3820 potentia
3214 3741 3289 3802 ut
3338 3736 3704 3801 instrumento,
3783 3804 3785 3823 ἶ

2224 3848 2369 3895 cum
2398 3830 2480 3894 ab
2507 3832 2752 3894 actione
2796 3831 3314 3896 instrumentaria
3352 3828 3539 3894 vitalis
3572 3826 3707 3887 deno-

2223 3926 2520 3989 minetur.

2300 4022 2403 4083 93.
2448 4019 2536 4083 De
2560 4020 2681 4083 alia
2704 4039 2850 4085 vero
2874 4018 3389 4085 denominatione
3410 4015 3571 4081 liberi
3590 4011 3706 4111 clara

2218 4113 2379 4174 ratio
2414 4118 2528 4190 est,
2559 4114 2706 4195 quia
2732 4114 2893 4175 liber
2918 4119 3097 4176 actus
3129 4130 3322 4196 supra
3348 4110 3579 4176 vitalem
3600 4097 3705 4205 ¹³th¹

2220 4206 2628 4271 intrinsecum
2660 4208 2826 4271 actui
2854 4206 3049 4285 addit,
3092 4208 3207 4271 sed
3247 4208 3442 4271 solam
3492 4204 3704 4266 denomi-

2220 4300 2540 4365 nationem
2564 4320 2601 4363 a
2626 4300 2923 4364 facultate
2952 4318 3095 4381 quae
3138 4310 3236 4365 est
3284 4303 3350 4364 in
3382 4295 3631 4381 potentia
3652 4284 3705 4348 ad

2219 4394 2729 4473 suspendendum
2758 4394 3064 4456 influxum
3098 4394 3160 4456 in
3190 4396 3385 4457 talem
3413 4396 3616 4462 actum,
3638 4379 3704 4442 vel

2220 4485 2300 4550 ad
2311 4487 2735 4551 adhibendum
2748 4488 3151 4567 contrarium,
3166 4483 3307 4570 qua}
3316 4486 3584 4557 facultaS,
3596 4493 3706 4558 qua·

2215 4586 2396 4644 tenus
2444 4587 2541 4644 est
2589 4583 2670 4645 ad
2702 4600 2831 4645 non
2865 4582 3207 4665 agendum,
3248 4582 3345 4645 vel
3388 4580 3465 4642 ad
3494 4573 3706 4640 efficien-

2216 4672 2367 4735 dum
2385 4674 2658 4756 aliquem
2674 4682 2884 4738 actum
2904 4676 3283 4750 naturalem,
3310 4672 3704 4765 repugnantem

2215 4770 2676 4848 supernaturali
2722 4771 2910 4841 actui,
2950 4775 3156 4853 potest
3201 4768 3453 4850 quidem
3506 4758 3703 4825 attribul

2213 4862 2510 4941 potentiae
2536 4869 2607 4924 ut
2632 4861 2955 4943 principali
2972 4862 3209 4939 virtuti,
3232 4880 3357 4925 non
3386 4868 3577 4924 tamen
3592 4866 3704 4952 quq·

2209 4960 2392 5016 tenus
2443 4954 2704 5017 includit
2749 4956 3076 5037 positivam
3110 4956 3465 5019 facultatem
3509 4948 3579 5011 ad
3626 4942 3703 5005 eh·

2211 5046 2505 5109 ciendum
2535 5054 2744 5110 actum
2774 5050 3347 5129 supernaturalem3
3391 5052 3450 5109 et
3476 5042 3604 5123 quia
3626 5036 3702 5096 de·

2212 5140 2556 5203 nominatio
2584 5141 2761 5204 liberi
2785 5142 2918 5205 haec
2946 5143 3154 5205 omnia
3178 5140 3453 5212 includit,
3488 5136 3609 5198 ideo
3628 5143 3703 5188 ac-

2210 5240 2309 5295 tus
2332 5233 2459 5311 ille,
2485 5235 2673 5297 etiam
2702 5242 2771 5299 ut
2799 5236 2977 5309 liber,
3002 5256 3131 5298 non
3151 5241 3353 5317 potest
3380 5225 3605 5294 attribui
3623 5236 3702 5301 po·

2209 5327 2421 5389 tentioe
2442 5334 2513 5390 ut
2540 5328 2865 5411 principali
2896 5331 3127 5404 virtuti,
3161 5330 3273 5392 sed
3300 5328 3493 5391 solum
3520 5332 3701 5382 seeun-

2208 5418 2360 5481 dum
2403 5414 2554 5499 q'uid
2587 5468 2603 5497 ,
2648 5423 2855 5503 quoad
2910 5424 3268 5505 praedictam
3308 5416 3697 5505 negationem3

2208 5510 2379 5592 quod
2409 5514 2491 5577 ad
2518 5533 2674 5592 rem,
2701 5516 2781 5579 de
2811 5534 2935 5595 qua
2974 5516 3240 5597 agimus,
3282 5512 3431 5578 nihil
3453 5498 3699 5573 refertsi

3786 2527 3789 2567 l
