3892 6167
1330 372 1652 427 DISPUTAT.
1680 370 1802 426 le.
1837 371 2006 425 SEGT.
2042 374 2124 427 Vl.

93 474 371 557 quando
394 472 597 541 Jndaei
645 471 1013 537 verberibus
1054 470 1399 537 affecerunt
1426 492 1496 536 ac
1537 474 1672 535 lan·

92 588 213 632 cea
246 576 703 650 percusserunt
728 567 1068 647 imaginem
1107 566 1329 631 Christi
1354 566 1631 629 crucifixi
1644 611 1668 643 ,

93 662 175 725 de
222 680 361 742 quo
408 668 578 725 extat
614 660 877 723 historia
914 660 1084 741 apud
1128 658 1562 734 Athanasium,
1608 664 1675 722 et

92 757 161 817 in
182 758 297 819 VII
319 754 611 837 Synodo;
641 760 703 817 et
719 754 858 815 haec
876 752 1289 816 irreverentia
1317 754 1661 836 opponitur

92 848 296 929 priori
334 846 685 910 adorationi
726 845 1043 925 imaginis,
1074 852 1144 908 ut
1172 846 1381 927 imago
1422 851 1540 922 est,
1569 863 1670 907 ex·

92 942 355 1023 plicatae
374 941 653 1004 sectione
674 939 1075 1019 praecedenti.
1100 938 1237 1001 Alio
1256 939 1446 1001 modo
1471 944 1672 1020 potest

94 1037 532 1098 irreverenter
560 1032 813 1096 tractari
845 1032 1052 1113 imago
1080 1031 1285 1094 solum
1314 1050 1389 1095 ex
1413 1032 1667 1111 injuria,

92 1128 193 1188 vel
226 1125 649 1190 irreverentia
677 1126 839 1188 circa
871 1143 972 1188 res
999 1143 1241 1199 sacras,
1270 1125 1371 1187 vel
1395 1132 1563 1187 certe
1593 1142 1675 1189 ex

93 1239 347 1297 errore,
374 1220 423 1281 si
454 1218 593 1301 quis
638 1219 949 1283 existimet
987 1218 1327 1299 imaginem
1372 1235 1503 1281 non
1533 1234 1671 1281 esse

91 1313 571 1391 honorandam,
602 1310 847 1375 etiamsi
888 1312 1209 1393 exemplar
1238 1310 1573 1383 adoretur:
1610 1314 1673 1375 et

90 1408 221 1469 hoc
280 1406 681 1487 sacrilegium
735 1405 1110 1485 respondet,
1165 1423 1278 1467 seu
1337 1405 1673 1485 opponitur

95 1498 463 1562 adorationi
498 1498 896 1579 respectivae,
926 1516 1066 1580 quae
1094 1498 1246 1577 ipsis
1290 1496 1671 1577 imaginibus

96 1592 401 1655 debetur.
425 1591 627 1668 Unde,
653 1592 813 1654 sicut
835 1591 973 1653 haec
993 1590 1271 1654 adoratio
1298 1589 1554 1653 inferior
1576 1596 1671 1653 est

96 1684 227 1759 illa,
255 1686 350 1747 ita
378 1684 499 1749 hoc
522 1685 921 1767 sacrilegium
942 1691 1115 1747 tanto
1143 1683 1404 1747 inferius
1422 1684 1516 1745 est
1538 1682 1668 1759 illo,

96 1786 352 1857 quanto
380 1780 640 1842 intentio
663 1778 942 1841 virtualis
970 1779 1176 1840 minor
1203 1782 1300 1841 est
1327 1794 1519 1857 quam
1546 1776 1675 1838 for·

98 1874 321 1946 malie,
348 1878 413 1935 et
448 1872 753 1937 indirecta
781 1890 975 1952 quam
1015 1872 1281 1946 directa;
1310 1872 1411 1935 vel
1440 1876 1675 1951 quanto

98 1966 507 2048 sacrilegium
544 1973 765 2029 contra
792 1984 1095 2048 pemonas
1119 1983 1331 2029 sacras
1354 1964 1558 2047 majus
1582 1968 1677 2027 est

102 2079 309 2141 quam
338 2066 556 2125 contra
582 2060 915 2140 imagines,
943 2060 1044 2123 vel
1072 2078 1176 2124 res
1204 2076 1439 2135 sacras,
1465 2060 1536 2121 ut
1562 2056 1674 2121 do-

102 2157 235 2219 cuit
264 2156 340 2219 D.
366 2154 589 2219 Thom.
616 2156 677 2219 2.
708 2158 773 2233 2,
798 2171 862 2235 q.
889 2156 993 2231 99,
1019 2160 1136 2217 art.
1168 2154 1227 2216 3.

727 2338 945 2393 sceno
972 2338 1056 2391 v1.

112 2471 313 2529 Utrum
337 2470 455 2529 hoec
481 2468 735 2527 odoratio
760 2469 1087 2542 imaginum,
1119 2468 1291 2527 etiam
1322 2470 1383 2525 in
1408 2468 1677 2540 imaqini-

216 2556 321 2613 bus
345 2554 451 2613 Dei
480 2560 534 2612 et
559 2553 692 2611 aliis
719 2555 897 2611 sacris
915 2553 1109 2627 siquis,
1134 2553 1319 2611 locum
1346 2551 1563 2609 habeat.

189 2724 253 2783 1.
300 2721 477 2783 Ratio
505 2718 831 2783 dubitandi
862 2737 1001 2784 esse
1030 2725 1259 2801 potest,
1289 2720 1436 2799 quia
1465 2719 1673 2798 imago

108 2815 253 2892 Dei,
277 2820 343 2875 ut
372 2814 537 2876 Deus
565 2820 683 2888 est,
710 2832 823 2877 seu
844 2814 1161 2877 Trinitatis
1181 2811 1282 2896 (de
1311 2809 1673 2892 hujusmodi

108 2909 287 2971 enim
314 2908 595 2989 imagine
616 2907 983 2987 loquimur),
1010 2907 1217 2969 solum
1244 2904 1673 2987 metaphorice

108 3006 552 3082 repraesentat,
574 3007 637 3064 et
658 2999 801 3063 ideo
828 3000 1041 3063 minus
1066 3006 1213 3080 apta
1238 3017 1379 3063 esse
1401 2997 1673 3075 videtur,

110 3100 189 3157 ut
232 3094 299 3155 in
327 3111 403 3155 ea
446 3092 742 3157 adoretur
768 3100 1146 3175 prototypon
1170 3092 1426 3173 propria
1454 3090 1675 3154 adora-

114 3190 294 3251 tione
322 3188 435 3249 sibi
475 3188 705 3265 debita,
737 3207 927 3270 quam
973 3189 1229 3269 propria
1269 3188 1505 3269 imago,
1536 3205 1676 3269 quae

108 3301 241 3365 per
276 3281 599 3346 formalem
628 3282 1098 3347 similitudinem
1138 3289 1567 3363 repraesentat.
1600 3282 1678 3344 Et

112 3372 532 3441 confirmatur
574 3377 797 3457 primo,
843 3376 991 3457 quia
1034 3375 1189 3438 alias
1236 3376 1451 3452 homo,
1493 3380 1681 3455 prout

117 3477 215 3533 est
251 3469 334 3533 ad
382 3470 717 3551 imaginem
756 3471 893 3549 Dei,
922 3469 1167 3533 adorari
1213 3475 1426 3550 posset
1454 3468 1673 3541 latria;

119 3562 255 3625 imo
281 3568 343 3625 et
370 3560 668 3642 quaelibet
696 3569 1006 3637 creatura,
1028 3569 1213 3642 prout
1234 3568 1330 3624 est
1346 3560 1680 3640 vestigium

119 3654 263 3721 Dei.
289 3658 363 3719 Et
391 3656 795 3721 confirmatur
816 3658 1118 3734 secundo,
1141 3656 1291 3736 quia
1310 3656 1469 3717 alias
1494 3654 1683 3717 etiam

122 3750 391 3813 nomina
405 3768 583 3813 sacra
594 3750 735 3825 Dei,
757 3757 865 3813 aut
874 3750 1117 3821 Christi,
1138 3754 1396 3833 possent
1406 3748 1689 3810 similiter

122 3842 375 3907 adorari
382 3846 413 3919 ,'
428 3846 575 3924 quia
598 3861 729 3906 non
754 3844 965 3907 minus
986 3847 1459 3925 repraesentant,
1486 3848 1597 3905 aut
1622 3840 1689 3902 in

122 3939 501 4001 memoriam
544 3943 844 4003 revocant
879 3956 1204 4021 personas,
1250 3955 1411 4018 quas
1456 3935 1689 4017 signifi-

124 4037 299 4109 cant,
326 4049 516 4113 quam
538 4031 897 4113 hujusmodi
918 4032 1228 4113 imagines
1248 4028 1685 4111 metaphoricae

128 4142 249 4187 sua
279 4125 681 4208 exemplaria.

215 4223 275 4281 2.
322 4220 659 4301 Imayim,
688 4225 762 4287 ut
800 4220 1080 4287 colantur
1102 4264 1121 4293 ,
1150 4217 1433 4303 quomodo
1450 4215 1691 4295 publica

130 4314 497 4380 auctoritate
520 4320 577 4381 et
598 4314 976 4397 impositione
996 4310 1693 4395 indrynam-Respon-

132 4406 341 4483 detur,
387 4406 689 4489 imprimis
735 4412 975 4472 certum
1025 4423 1163 4467 esse
1210 4405 1325 4467 has
1364 4402 1687 4483 imagines,

132 4506 473 4581 postquam
500 4500 583 4563 ad
601 4500 1182 4583 repraesentandum
1202 4496 1501 4559 institutae
1524 4500 1691 4571 sunt,

133 4610 352 4656 sacras
396 4611 561 4671 esse,
603 4603 791 4677 atque
829 4594 989 4657 adeo
1030 4594 1097 4654 in
1141 4596 1544 4655 veneratione
1588 4589 1697 4649 ha-

132 4686 401 4765 bendas,
422 4688 595 4767 quod
622 4689 809 4771 plane
834 4686 1141 4767 colligitur
1168 4704 1247 4749 ex
1270 4685 1376 4747 vn
1416 4681 1692 4763 synodo,

134 4798 281 4860 quae
342 4779 566 4843 eodem
625 4781 813 4844 modo
862 4780 1139 4863 loquitur
1188 4778 1267 4839 de
1322 4775 1697 4856 imaginibus

134 4873 549 4957 Angelorum,
584 4880 649 4937 et
684 4874 955 4938 aliorum
999 4874 1395 4944 Sanctorum,
1422 4886 1566 4930 cum
1607 4874 1699 4929 ta·

135 4986 287 5031 men
317 4967 437 5029 111ae
481 4967 670 5031 etiam
718 4986 833 5048 per
872 4967 1309 5046 metaphoram
1357 4978 1700 5043 repraesen-

3199 373 3318 433 645

1753 489 1976 535 earum
2015 473 2335 535 veneratio
2378 472 2459 534 ad
2490 472 2794 535 honorem
2837 480 3316 557 prototyporum

1752 567 2044 648 pertinet.
2079 565 2430 630 Observare
2471 574 2682 628 autem
2725 571 3005 645 oportet,
3037 571 3184 649 quia
3212 570 3314 633 has

1752 658 2063 740 imagines
2091 677 2216 722 non
2252 665 2706 740 repraesentant
2733 659 3101 723 naturaliter
3123 709 3140 737 ‚
3172 663 3313 725 ideo

1752 751 1816 813 in
1864 752 1985 813 illis
2019 752 2289 815 maxime
2333 751 2754 815 necessariam
2789 769 2928 815 esse
2964 752 3314 833 impositio-

1751 863 1915 920 nem,
1949 851 2012 907 et
2035 850 2392 925 propterea,
2413 843 2736 908 moraliter
2761 844 3101 925 loquend0,
3134 867 3314 929 opor-

1749 942 1883 1002 tere
1933 944 2006 1000 ut
2052 938 2300 1020 publica
2353 938 2690 1002 auctoritas
2741 938 3136 1015 interveniat,
3169 959 3310 1021 quae

1749 1030 2108 1111 hujusmodi
2133 1032 2441 1113 imagines
2465 1032 2547 1095 ad
2575 1032 2765 1095 talem
2791 1052 2973 1095 usum
3005 1034 3308 1113 imponat.

1754 1124 1933 1199 Quod
1953 1123 2216 1187 fortasse
2242 1124 2524 1189 indicare
2551 1125 2747 1187 voluit
2773 1126 2966 1205 Cajet.
2999 1126 3308 1205 hocloco,

1752 1237 1895 1283 cum
1926 1218 2079 1279 dicit
2101 1216 2536 1281 adorationem
2561 1220 2786 1281 harum
2811 1220 3156 1301 imaginum
3184 1240 3314 1283 non

1752 1330 1893 1374 esse
1924 1311 2182 1387 malam,
2213 1318 2502 1392 oportere
2535 1318 2752 1377 tamen
2783 1320 2854 1375 ut
2887 1314 3136 1393 publica
3165 1332 3314 1375 auc-

1751 1405 2002 1468 toi-itate
2040 1403 2173 1477 fiat,
2207 1411 2269 1467 et
2309 1406 2374 1467 in
2418 1406 2542 1467 hoc
2584 1406 2755 1469 illam
2805 1414 3126 1487 comparat
3167 1426 3313 1470 cum

1752 1498 2064 1560 occisione
2092 1497 2385 1569 hominis,
2409 1516 2771 1579 quanquam
2801 1500 3158 1580 exemplum
3183 1518 3312 1561 non

1750 1590 2039 1653 videatur
2085 1592 2152 1651 in
2201 1592 2487 1655 omnibus
2537 1591 3112 1667 accommodatum3
3165 1594 3314 1673 qnia

1756 1682 1984 1747 occisio
2009 1682 2307 1760 hominis,
2339 1703 2452 1765 per
2479 1703 2548 1749 se
2569 1684 2737 1748 nude
2759 1692 3030 1767 sumpta,
3061 1702 3188 1747 non
3221 1693 3317 1748 est

1756 1779 2043 1850 honesta,
2073 1778 2194 1841 nisi
2224 1778 2410 1842 veluti
2440 1797 2552 1858 per
2583 1778 2896 1857 accidenS,
2926 1786 3185 1860 propter
3206 1796 3317 1839 ne-

1755 1874 2112 1937 cessitatem
2148 1872 2531 1935 defensionis
2559 1880 2668 1935 aut
2693 1874 2880 1953 justas
2907 1889 3148 1953 poenae;
3179 1871 3317 1933 haec

1754 1984 1905 2029 vero
1955 1966 2237 2029 adoratio
2283 1983 2397 2045 per
2447 1984 2514 2027 se
2552 1973 2648 2027 est
2699 1966 2864 2029 utilis
2913 1973 2975 2029 et
3025 1964 3313 2038 honesta,

1756 2060 2043 2141 quamvis
2091 2059 2407 2139 objectum
2451 2060 2730 2141 requirat
2777 2059 2986 2123 debite
3031 2052 3320 2140 proposi-

1754 2160 1925 2228 tum,
1957 2160 2022 2214 et
2059 2153 2200 2215 ideo
2229 2170 2488 2217 necesse
2533 2153 2612 2215 sit
2640 2159 2708 2215 ut
2737 2152 2946 2233 imago
2987 2151 3315 2218 sufficienti

1754 2244 2124 2308 auctoritate
2149 2246 2230 2307 sit
2251 2244 2332 2309 ad
2359 2245 2942 2328 repraesentandum
2965 2245 3312 2326 proposita.

1754 2340 1829 2401 Et
1858 2338 2010 2399 hinc
2054 2338 2243 2401 etiam
2288 2342 2487 2402 oritur
2529 2345 2596 2401 ut
2637 2340 2846 2419 aliqua
2885 2339 3065 2419 signa
3109 2356 3312 2409 sacra,

1754 2450 1893 2515 quae
1914 2431 2252 2511 aliquando
2277 2439 2533 2512 propter
2557 2434 2832 2495 divinam
2851 2430 3315 2512 impositionem

1753 2526 2157 2589 venerat10ne
2188 2524 2380 2605 digna
2409 2525 2696 2603 fuerunt,
2721 2529 2856 2607 jam
2889 2542 3017 2587 non
3047 2526 3172 2587 sint
3213 2542 3319 2585 co·

1753 2619 1942 2683 lenda
1973 2636 2092 2681 nec
2116 2617 2500 2695 veneranda,
2525 2619 2824 2699 quiajam
2847 2617 3158 2699 impositio
3181 2634 3315 2679 ces-

1755 2713 1936 2789 savit,
1968 2716 2032 2777 et
2059 2717 2521 2793 consequenter
2565 2711 2934 2792 significatio
2981 2716 3046 2773 et
3089 2725 3318 2789 reprae-

1756 2806 2048 2883 sentatio,
2075 2812 2139 2868 et
2163 2805 2528 2885 hujusmodi
2551 2812 2698 2867 sunt
2721 2810 3118 2867 sacramenta
3145 2808 3317 2864 vete-

1754 2920 1850 2973 ra,
1878 2918 2140 2981 serpens
2171 2917 2386 2962 oeneus
2405 2944 2422 2973 ,
2452 2905 2512 2961 et
2542 2899 2790 2961 similia.

1788 2976 1895 3059 ⁶3.
1944 2994 2232 3057 Secundo
2275 2992 2638 3055 addendum
2679 2998 2770 3055 est
2829 2993 2946 3053 has
3008 2989 3316 3070 imagines

1754 3088 1875 3152 coli
1898 3105 2085 3169 posse
2117 3086 2222 3149 illo
2248 3084 2479 3165 duplici
2509 3085 2697 3147 modo
2733 3085 2800 3146 in
2843 3083 2982 3146 aliis
3034 3082 3320 3163 imagini·

1754 3184 1874 3245 hus
1902 3183 2230 3262 explicato.
2267 3182 2425 3243 Nam
2456 3180 2780 3259 imprimis.
2811 3184 2882 3241 ut
2907 3196 3011 3240 res
3027 3176 3318 3255 quaedam

1760 3294 1952 3341 sacrae
1982 3280 2149 3347 sunt,
2184 3273 2524 3335 honoraria
2560 3273 2878 3334 veneratio
2907 3272 3030 3333 illis
3057 3270 3320 3331 exhibe-

1758 3377 1885 3446 tur,
1914 3374 1985 3430 ut
2012 3365 2350 3429 Concilium
2371 3364 2606 3427 Nicaen.
2635 3364 2829 3437 dixit;
2859 3362 3186 3440 deinde(ut
3209 3379 3320 3422 no-

1761 3464 1913 3527 tavit
1936 3460 2226 3523 Walden.
2253 3458 2444 3533 dicto,
2475 3462 2632 3519 tom.
2656 3455 2735 3519 de
2761 3453 3235 3530 Sacramental„
3254 3472 3311 3516 c.

1766 3558 1936 3637 156),
1983 3552 2267 3635 quamvis
2310 3550 2779 3631 repraesentatio
2823 3547 3050 3610 harum
3101 3546 3294 3625 imagi

1767 3667 1923 3711 num
1950 3648 2158 3710 minus
2185 3645 2438 3727 propria
2464 3644 2564 3715 sit,
2599 3648 2833 3717 tamen,
2853 3640 3174 3721 supposita
3202 3638 3320 3699 im-

1768 3742 2075 3824 positione
2097 3784 2116 3814 ,
2191 3739 2426 3801 habent
2463 3734 2874 3799 sufficientem
2913 3736 3321 3813 repraesenta-

1770 3836 2030 3908 tionem,
2061 3832 2334 3912 satisque
2358 3846 2736 3911 expressam,
2763 3827 2912 3889 utin
2941 3825 3092 3907 ipsis
3125 3831 3188 3887 et
3211 3840 3326 3904 per

1770 3930 1940 4011 ipsas
1967 3926 2078 3989 fiat
2107 3924 2414 3997 adoratio,
2445 3940 2584 4004 quae
2611 3938 2725 4002 per
2752 3938 2820 3982 se
2862 3919 3062 4000 primo
3096 3916 3328 3980 refera-

1766 4030 1872 4085 tur
1900 4020 1982 4084 ad
2013 4024 2372 4101 prototypa,
2401 4023 2466 4079 et
2492 4015 2987 4078 concomitanter
3026 4011 3191 4073 circa
3233 4010 3328 4088 ip·

1766 4132 1869 4177 sas
1891 4119 2198 4175 versetur.
2233 4112 2321 4173 Ex
2349 4127 2475 4189 quo
2507 4107 2920 4169 fundamento
2946 4104 3107 4166 ratio
3138 4098 3326 4165 dubi-

1766 4206 1942 4271 tandi
1975 4206 2039 4267 in
2064 4204 2369 4285 principio
2391 4202 2591 4283 posita
2613 4198 2898 4282 expedita
2927 4196 3322 4275 relinquitur.

1850 4305 1915 4364 4.
1959 4299 2292 4383 Responsio
2343 4298 2425 4363 ad
2481 4299 2858 4375 araumenta.
2905 4322 2987 4339 -
3035 4289 3329 4366 Quomodo

1774 4398 1942 4461 homo
1995 4400 2064 4459 ut
2100 4396 2303 4477 imago
2348 4389 2464 4455 Dei
2493 4391 2743 4455 adorari
2795 4388 3016 4469 possit.
3048 4420 3128 4433 -
3155 4384 3333 4447 Circa

1776 4486 2338 4557 confirmationem,
2356 4487 2428 4547 D.
2451 4484 2674 4547 Thom.
2699 4483 2802 4545 hic
2819 4480 2902 4543 ad
2923 4480 3176 4543 tertium
3205 4477 3336 4558 pla·

1776 4603 1858 4647 ne
1890 4583 2080 4645 sentit
2108 4598 2236 4643 non
2265 4598 2401 4641 esse
2422 4578 2758 4640 intrinsece
2789 4575 3028 4637 malum
3071 4572 3338 4634 adorare

1778 4676 2125 4750 hominem,
2167 4680 2356 4753 prout
2384 4671 2464 4733 ad
2511 4670 2854 4749 imaginem
2905 4666 3018 4728 Dei
3049 4670 3164 4735 est,
3224 4680 3340 4723 seu

1778 4770 1987 4852 potius
2038 4767 2103 4829 in
2151 4766 2257 4827 illo
2316 4766 2582 4828 adorare
2635 4763 2832 4824 Deum
2887 4758 3056 4820 cultu
3114 4755 3330 4817 latrioe.

1780 4866 1981 4939 Quam
2010 4858 2382 4922 sententiam
2430 4857 2592 4921 bene
2635 4855 2905 4933 explicat
2956 4850 3238 4930 Cajetan.
3267 4850 3328 4909 2.

1780 4962 1843 5033 2,
1871 4974 1931 5035 q.
1969 4954 2109 5026 102,
2139 4958 2254 5013 art.
2277 4953 2336 5023 3,
2370 4948 2450 5011 ad
2474 4951 2550 5023 33
2582 4955 2648 5011 et
2687 4944 2977 5007 Walden.
3035 4960 3247 5022 supra,
3277 4960 3332 5003 c.

139 5067 299 5124 tent.
348 5062 423 5124 Et
465 5061 631 5125 idem
662 5060 989 5125 confirmat
1033 5061 1113 5123 vl
1158 5056 1393 5140 Synod.
1440 5061 1503 5117 et
1549 5070 1701 5115 usus
1785 5052 1925 5124 154,
1957 5046 2062 5126 qui
2094 5042 2396 5106 nonnulla
2424 5042 2590 5104 circa
2615 5039 2788 5101 illam
2809 5036 3109 5117 congerit.
3142 5036 3216 5099 Et
3245 5035 3343 5095 in-

136 5158 455 5231 Ecclesioe,
488 5174 627 5237 quae
676 5155 1019 5235 imaginem
1060 5151 1283 5215 Christi
1329 5148 1449 5211 snb
1496 5146 1701 5229 specie
1783 5143 2025 5205 dicatur
2059 5137 2248 5200 etiam
2278 5155 2315 5199 a
2341 5136 2528 5215 Greg.
2561 5135 2856 5214 Nyssen„
2887 5130 2996 5193 lib.
3028 5128 3109 5191 de
3138 5128 3342 5190 Creat.

140 5252 294 5333 agni
316 5253 381 5312 in
402 5250 804 5315 veneratione
826 5248 1041 5324 habet,
1064 5244 1370 5329 quidquid
1390 5243 1705 5324 Sylvester
1785 5238 1958 5301 hom.
1965 5280 1986 5311 ,
2033 5250 2174 5313 cap.
2204 5236 2280 5308 43
2315 5238 2375 5293 et
2423 5226 2650 5311 Cyrillo
2701 5224 3060 5330 Hierosol,
3089 5221 3343 5328 C.³²⁸⁰¹².·

140 5346 333 5421 dicat,
365 5343 559 5405 verbo
605 5344 840 5423 Imago.
872 5344 946 5405 Et
978 5341 1136 5404 ratio
1170 5345 1267 5401 est
1284 5384 1301 5411 ,
1336 5337 1485 5417 quia
1517 5334 1707 5397 etiam
1790 5334 1889 5395 12.
1916 5329 2095 5391 Ratio
2123 5342 2272 5388 vero
2295 5322 2517 5385 eadem
2544 5327 2664 5395 est,
2689 5337 2828 5399 quae
2856 5316 2934 5379 de
2961 5316 3098 5381 alus
3125 5331 3349 5395 imagi·

140 5442 281 5501 istae
321 5436 634 5517 imagines
659 5435 1095 5499 habitudinem
1119 5433 1358 5495 habent
1384 5428 1467 5495 ad
1492 5442 1710 5509 perso·
1788 5424 1994 5487 nibus.
2031 5418 2290 5483 Addunt
2311 5434 2460 5483 vero
2489 5414 2765 5495 praedicti
2811 5416 3128 5485 auctores,
3175 5424 3344 5515 raro,

144 5550 267 5594 nas
298 5548 530 5606 sacras,
563 5536 627 5591 et
666 5528 955 5609 religiose
998 5526 1294 5589 institntoe
1322 5528 1507 5600 sunt3
1538 5518 1709 5581 unde
1790 5516 1889 5580 vel
1925 5529 2253 5593 nunquam
2306 5507 2602 5591 expedire
2644 5506 2738 5569 uti
2778 5504 2898 5567 hac
2949 5502 3342 5576 adorauone,
