3892 6167
1333 345 1648 400 msrm'xr.
1687 343 1764 397 LI.
1822 343 1993 396 SLGT.
2028 346 2091 400 llo

107 453 302 512 tiones
323 451 606 512 adorare
633 449 833 512 Deum
860 447 926 508 in
970 447 1154 509 coelo.
1204 447 1384 512 Unde
1420 447 1666 526 Chrys„

105 545 266 606 hom.
308 546 369 618 l,
422 541 507 605 de
551 539 675 604 illis
699 539 912 602 verbis
951 541 1128 602 Isaiae
1159 543 1240 602 62
1275 540 1413 607 Vidi
1462 539 1673 602 Domi-

105 655 261 711 num,
293 641 446 710 etc.‚
489 638 774 710 annotat,
797 635 1206 714 incorporeas
1256 634 1515 695 virtutes
1539 649 1670 694 non

103 731 380 810 indigere
406 729 784 810 corporibus
799 729 882 790 ad
905 727 1300 791 adorandum
1315 729 1540 804 Deum,
1559 725 1674 788 sed

109 826 184 886 ita
219 823 500 885 describi
533 843 576 886 a
606 825 936 904 Propheta,
977 829 1044 884 ut
1086 822 1336 883 illarum
1365 820 1678 882 adoratio·

107 935 241 978 uem
271 923 496 996 posset
523 917 886 978 hominibus
913 915 1251 996 explicare.
1281 917 1354 977 Et
1385 914 1644 993 Dionys.
1651 958 1672 989 ,

109 1029 236 1090 cap.
271 1013 354 1072 13
379 1009 468 1072 de
509 1009 666 1073 Coel.
722 1009 923 1085 Hier„
972 1010 1130 1072 satis
1185 1015 1328 1090 post
1371 1008 1673 1084 medium,

106 1104 388 1166 eamdem
413 1103 732 1168 visionem
753 1109 1072 1166 tractans:
1103 1103 1510 1186 Aperiobatur
1551 1101 1660 1182 (in-

107 1199 254 1277 quit)
279 1197 382 1259 eui
407 1215 530 1278 pn·
557 1197 702 1270 loec,
741 1197 1180 1261 altissimorum
1221 1197 1549 1278 spirituum
1576 1195 1670 1258 vis

107 1291 290 1352 melca
309 1307 689 1374 peramans,
706 1291 1012 1371 multaque
1033 1292 1435 1372 prospiciens,
1457 1307 1670 1352 sacra-

108 1403 208 1464 que
227 1384 504 1458 illorum,
541 1402 614 1447 ac
649 1383 828 1466 plena
859 1383 1136 1448 hoo-roris
1163 1385 1488 1448 veneratio.

189 1481 244 1540 8.
295 1481 510 1556 Atque
539 1476 688 1542 hinc
723 1477 910 1540 facile
955 1477 1306 1541 excluditur
1346 1477 1581 1554 evasio,
1627 1478 1679 1538 si

113 1573 246 1652 quis
275 1573 674 1653 respondeat
701 1572 768 1634 in
797 1573 918 1634 illis
953 1572 1108 1634 locis
1147 1589 1286 1634 esse
1321 1588 1677 1634 sermonem

111 1683 230 1728 non
263 1667 345 1729 de
373 1667 752 1730 adoratione
777 1667 1030 1748 propria
1057 1671 1238 1748 prout
1269 1673 1366 1728 est
1389 1671 1566 1728 actus
1586 1682 1680 1726 re-

113 1761 382 1842 ligioniS,
411 1761 532 1823 sed
561 1761 712 1836 late,
747 1767 934 1840 prout
963 1762 1169 1822 omnis
1199 1763 1362 1823 actio
1407 1760 1674 1834 virtutis,

113 1862 420 1934 quatenus
447 1857 586 1917 Deo
617 1856 844 1934 placet,
887 1859 952 1916 et
977 1859 1124 1935 apta
1145 1855 1324 1917 estin
1353 1855 1560 1936 ipsum
1585 1871 1679 1916 re-

113 1948 248 2010 terri
279 1955 343 2010 ut
374 1948 678 2010 ultimum
701 1947 918 2024 tinem,
974 1955 1070 2010 est
1100 1947 1354 2028 quidam
1408 1947 1517 2010 Dei
1555 1949 1677 2010 ho·-

115 2059 220 2102 nor
247 2041 346 2103 vel
375 2041 618 2104 cultus.
643 2043 800 2103 Nam
829 2042 962 2102 haec
1011 2043 1334 2122 responsio
1371 2041 1676 2122 imprimis

115 2141 199 2196 est
217 2141 435 2196 contra
461 2135 920 2216 proprietatem
947 2135 1288 2196 verborum
1317 2134 1673 2215 scripturae,

116 2247 240 2308 quae
266 2230 532 2293 omuino
569 2229 902 2293 retinenda
931 2235 1027 2294 est
1069 2235 1132 2292 et
1157 2228 1486 2304 servanda,
1513 2247 1677 2311 prae·

117 2323 312 2384 sertim
335 2323 448 2384 ubi
487 2341 620 2386 nec
647 2325 1016 2397 necessitas,
1073 2341 1281 2404 neque
1335 2323 1674 2386 auctoritas

119 2417 231 2478 ulla
267 2419 433 2498 cogit
459 2435 728 2479 sensum
757 2417 1080 2496 proprium
1127 2417 1442 2480 deserere.
1497 2416 1677 2490 Quod

121 2509 197 2572 ita
223 2511 284 2571 in
307 2511 617 2590 praesenti
648 2510 926 2583 declaro,
953 2527 1127 2586 nam,
1160 2527 1304 2572 cum
1359 2510 1678 2593 Scriptura

125 2604 299 2664 dicit:
349 2605 449 2668 Εὐ
499 2606 766 2668 adorent
812 2621 944 2668 eum
988 2621 1186 2666 omnes
1220 2603 1446 2684 Anqdi
1502 2605 1673 2684 ejus,

122 2715 293 2774 quem
323 2703 546 2760 aetum
575 2695 824 2759 virtutis
849 2695 1014 2759 circa
1050 2697 1250 2760 Deum
1281 2697 1556 2776 postulat
1599 2695 1681 2758 ab

128 2791 366 2870 Angelis
394 2795 420 2852 i
449 2789 772 2870 numquid
801 2806 1084 2852 amorem
1109 2789 1207 2851 vel
1227 2789 1684 2852 obedientiam?

123 2879 304 2960 Certe,
337 2885 386 2946 si
417 2886 519 2946 nil
545 2883 720 2946 aliud
741 2885 1114 2964 postularet,
1145 2883 1350 2964 potius
1393 2883 1669 2946 diceret:

125 2977 190 3036 Et
214 2985 419 3040 ament
447 2993 630 3052 enm,
667 2979 796 3053 vel,
825 2979 1132 3042 Obediant
1171 2979 1257 3039 illi
1303 2995 1526 3040 omnes
1553 2978 1678 3041 An-

125 3069 231 3148 geli
256 3072 410 3150 ejus.
440 3073 576 3134 Cur
604 3069 775 3133 enim
812 3071 944 3132 sine
975 3073 1101 3134 ulla
1127 3089 1316 3134 causa
1358 3077 1421 3134 et
1453 3071 1679 3134 funda·

125 3171 318 3225 mento
345 3163 844 3238 dicendumest,
868 3165 1299 3227 adorationem
1313 3183 1429 3246 pro
1461 3183 1675 3228 amore

127 3257 214 3316 vel
241 3257 606 3321 obedientia
632 3259 918 3338 posuisse
939 3263 965 3319 ‘t
989 3260 1170 3334 Nam,
1201 3258 1252 3318 si
1283 3259 1368 3320 ita
1395 3258 1542 3321 licet
1567 3277 1676 3321 ex-

129 3367 363 3427 ponere,
395 3351 571 3413 nihil
589 3349 846 3412 firmum
875 3355 938 3412 et
965 3355 1206 3413 certum
1247 3369 1324 3413 ex
1357 3353 1676 3431 Scriptura

131 3443 320 3524 colligi
359 3445 621 3526 poterit.
681 3443 958 3520 Accedit,
1006 3445 1176 3526 quod
1225 3443 1276 3506 si
1319 3443 1676 3508 testimonia

131 3534 250 3614 ipsa
267 3537 590 3617 sigillatim
621 3537 1119 3611 considerentur,
1151 3539 1340 3619 plane
1369 3539 1677 3600 constabit

129 3646 248 3690 esse
269 3649 633 3695 sermonem
657 3633 738 3694 de
759 3631 1014 3712 proprio
1033 3639 1176 3694 actu
1199 3633 1542 3712 religionis,
1569 3632 1674 3712 qui

131 3729 216 3784 est
239 3725 545 3789 adoratio.
581 3729 738 3789 Nam
767 3724 931 3788 Psal.
959 3728 1062 3801 96,
1092 3727 1372 3807 proxime
1395 3733 1540 3788 ante
1571 3727 1676 3787 illa

131 3817 325 3892 verba,
356 3819 630 3883 dicitur:
667 3819 1138 3898 confundantur
1172 3837 1372 3884 omnes
1400 3821 1506 3902 qui
1532 3821 1676 3884 ado-

129 3917 258 3973 rant
279 3915 622 3996 sculptilia,
651 3919 705 3978 et
727 3914 834 3994 qai
849 3915 1200 3992 ylariautm·
1215 3915 1281 3977 iu
1299 3915 1672 3992 simulacris,

130 4009 182 4063 et
207 4005 530 4070 subditur:
563 4004 829 4071 Adorate
851 4023 980 4071 eum
1013 4025 1212 4071 omnes
1239 4007 1466 4086 Anqeli
1491 4010 1626 4092 ejas
1650 4033 1677 4081 ;

127 4097 284 4160 satsae
312 4101 506 4182 igitur
533 4101 886 4163 adorationi
931 4099 1242 4164 idolorum
1271 4103 1527 4183 opponit
1574 4121 1676 4166 ve·

129 4207 250 4251 ram
273 4195 382 4256 Dei
415 4195 878 4257 adorationem.
911 4196 984 4256 rit
1011 4196 1132 4257 hoc
1163 4195 1532 4277 significavit
1563 4197 1675 4259 Ba-

131 4282 212 4344 sil.
235 4286 340 4362 ibi,
367 4289 434 4349 in
468 4287 738 4363 scholio,
770 4289 1030 4350 diceus:
1077 4288 1194 4352 Ubi
1237 4291 1494 4352 ostendit
1535 4309 1678 4354 con-

129 4375 449 4447 fundendos
471 4397 590 4456 eor,
641 4382 746 4462 qui
769 4381 1104 4444 simulacra
1148 4381 1424 4453 adoram,
1463 4383 1674 4445 arctos-

131 4469 302 4533 te-ndit
325 4477 515 4540 etiam
535 4473 998 4538 {naumachias
1027 4491 1150 4538 esse
1169 4475 1473 4556 myriades
1485 4475 1677 4538 Deum

133 4571 384 4630 nostrum
413 4571 777 4640 adorantem
807 4575 872 4630 et
918 4571 1208 4650 August„
1237 4571 1304 4629 in
1344 4571 1615 4648 Exposit.
1655 4587 1668 4629 :

135 4653 375 4726 Discunt
403 4659 650 4742 (inquit)
669 4664 904 4742 papam:
929 4665 1186 4726 adorare
1224 4665 1440 4738 Deum,
1477 4661 1675 4744 Anyt-

135 4745 212 4810 ῑοε
231 4753 430 4820 volunt
451 4757 726 4831 adorare,
753 4756 1021 4837 Anqelos
1043 4755 1380 4832 imitentur,
1407 4762 1462 4820 et
1497 4757 1677 4818 illm

137 4843 390 4921 adorent,
413 4849 516 4934 qui
543 4850 618 4914 ab
663 4849 919 4934 Angelis
966 4852 1281 4914 adoratur.
1317 4849 1678 4930 intelligunt

141 4949 276 5014 ergo
303 4939 362 5000 hi
397 4944 608 5005 Patres
635 4942 744 5005 illa
798 4945 992 5006 verba
1035 4943 1115 5005 de
1155 4944 1404 5024 propria
1457 4943 1678 5005 adora-

137 5025 310 5090 tione.
343 5033 513 5098 Sicut
543 5035 735 5098 etiam
767 5037 1092 5112 Athanas„
1113 5035 1330 5116 Cyril.,
1357 5035 1676 5112 Ambros.,

139 5133 282 5197 quos
309 5127 493 5192 reret-t
513 5127 731 5194 Claud.
777 5131 860 5194 de
911 5131 1170 5204 Satuct„
1219 5125 1438 5211 Repet.
1483 5131 1568 5206 9,
1599 5129 1678 5191 de

139 5203 417 5296 Euchar„
453 5241 508 5286 c.
535 5220 600 5300 3,
631 5225 740 5304 qui
765 5223 1154 5305 expendunt,
1195 5237 1272 5286 ex
1303 5223 1426 5285 illis
1468 5221 1680 5286 verbis

141 5306 418 5379 probasse
439 5312 636 5388 Paul„
663 5318 746 5379 ad
765 5317 922 5379 Heb.
947 5313 1243 5396 l,Christi
1263 5315 1648 5380 divinitatem
1655 5331 1678 5396 ;

143 5398 278 5473 tluia
303 5405 518 5490 Angeli
545 5411 993 5492 praecipiuntur
1043 5429 1189 5474 eum
1232 5411 1498 5474 adorare
1536 5427 1678 5492 pro-

147 5491 266 5567 pria
293 5505 350 5559 et
377 5499 648 5584 perfecta
667 5503 866 5569 latriae
905 5503 1296 5570 adoratione.
1331 5505 1480 5578 Quis
1527 5522 1676 5585 ergo

1752 441 2007 506 audebit
2052 443 2499 524 intes-premii
2548 442 2825 508 Aderant-
2866 457 3035 522 eum,
3080 447 3155 508 id
3186 453 3309 524 est,

1753 545 1965 600 ament
1996 555 2141 600 eum
2171 542 2197 598 :²

1834 635 1896 695 9.
1943 633 2275 708 Praeterea,
2306 633 2371 695 in
2418 633 2584 696 dicto
2614 633 2753 696 loco
2780 634 2951 696 Isaioe
2982 637 3311 702 manifeste

1757 727 2199 792 describuntur
2242 734 2419 791 actus
2462 727 2771 808 religiosas
2832 728 3213 794 adorationis
3247 739 3315 795 et

1757 821 2343 901 reverentiae‚quod
2370 823 2557 886 etiam
2588 819 2866 884 Ecclesia
2891 823 2951 884 in
2974 823 3157 886 dictis
3176 817 3342 887 νᾶμ’

1755 917 1852 978 bis
1874 916 2259 998 praetatiouis
2282 918 2433 980 satis
2458 917 2785 998 significat.
2820 917 2997 980 Unde
3022 919 3317 1000 Chryses-

1763 1019 1991 1088 tomus,
2014 1013 2183 1073 dicta
2212 1012 2469 1074 homilia
2500 1014 2530 1074 1
2568 1027 2585 1072 t
2630 1011 2917 1077 Velabcmt
2954 1008 3321 1094 (inquit)'fa·

1752 1106 1898 1169 ciem
1925 1123 2125 1179 suam,
2145 1123 2319 1168 suam
2348 1105 2699 1185 religionem
2718 1111 2778 1168 ct
2813 1109 3207 1172 reverentiam
3228 1109 3323 1172 ai-

1750 1199 2150 1277 ffm‘ficaoetia,
2180 1215 2361 1280 quam
2400 1199 2619 1263 habent
2648 1217 2793 1282 crya
2818 1200 3167 1263 Dominum.
3216 1201 3323 1268 Vc·

1751 1291 1953 1356 labant
1968 1293 2145 1374 pedes
2162 1311 2328 1369 suot,
2355 1292 2427 1355 id
2448 1297 2560 1367 eet,
2590 1292 3003 1372 ineoeplebilem
3030 1311 3173 1379 crya
3188 1311 3325 1358 coa-

1757 1387 2011 1449 ditorem
2034 1387 2429 1450 reverentiam
2458 1386 2729 1450 cohibere
2752 1388 3013 1463 student,
3042 1388 3325 1452 mulum·

1759 1495 1870 1560 que
1893 1479 2280 1556 uncinarem,
2306 1485 2433 1542 tum
2454 1479 2585 1560 ipro
2612 1479 2841 1552 habitu,
2870 1485 2999 1543 tum
3016 1497 3173 1554 voce,
3196 1486 3325 1544 tum

1761 1575 2026 1651 aspectu,
2048 1577 2179 1636 tm
2210 1571 2459 1652 donique
2494 1574 2634 1651 ipsa
2663 1575 2943 1636 statione.
2993 1575 3068 1636 Et
3094 1573 3326 1638 deinde

1762 1663 1828 1725 id
1851 1665 1977 1728 late
2005 1665 2305 1739 declarat,
2352 1665 2632 1727 adhibito
2681 1667 2971 1746 exemplo
3018 1667 3177 1729 servi
3226 1685 3329 1730 co·

1757 1775 1894 1819 ram
1921 1759 2187 1820 Domino
2218 1760 2567 1834 existentis,
2592 1765 2657 1822 et
2682 1761 2895 1822 omnia
2946 1759 3127 1841 signa
3152 1778 3331 1824 reve-

1757 1853 1975 1918 rentiae
2006 1853 2357 1916 exhibentis
2378 1875 2397 1929 ;
2420 1861 2482 1916 et
2508 1853 2827 1917 concludit
2856 1870 2875 1915 ε
2902 1855 3043 1920 Hoc
3068 1861 3127 1919 ct
3148 1856 3223 1919 ab
3248 1855 3331 1920 il-

1757 1947 1842 2009 lt's
1867 1948 2242 2026 incon-porois
2267 1947 2603 2010 virtutibus
2620 1949 2699 2027 fit
2719 1971 2746 2021 ,·
2786 1963 2922 2010 ciam
2944 1949 3105 2012 onim
3126 1949 3329 2028 plen-i—

1758 2055 1919 2103 mam
1973 2039 2229 2106 habeant
2272 2057 2421 2121 crya
2476 2041 2843 2106 conditorem
2880 2043 3279 2105 reverentiam
3302 2087 3325 2120 ,

1759 2133 1918 2198 lum
1943 2133 2339 2216 undequaque
2374 2138 2676 2198 conanim-
2710 2139 3035 2218 prestare.
3088 2133 3329 2198 Eadem

1758 2233 1854 2289 est
1879 2227 2196 2290 sententia
2223 2227 2531 2308 Dionysii,
2561 2227 2623 2289 iu
2652 2229 2757 2292 cit.
2784 2244 2921 2308 cap.
2963 2229 3043 2292 13
3066 2229 3147 2293 de
3176 2231 3321 2292 Coe-

1754 2321 1897 2383 lest.
1923 2319 2253 2383 Hierarch.

1840 2417 1938 2477 10.
1985 2414 2181 2476 Aliter
2234 2414 2623 2495 respondere
2675 2413 2813 2497 quis
2870 2423 3079 2496 posset
3104 2461 3121 2490 ‚
3176 2433 3317 2479 esse

1758 2507 2019 2588 quidem
2046 2507 2131 2569 ibi
2158 2525 2516 2571 sermonem
2546 2507 2623 2570 de
2644 2526 2793 2571 vero
2818 2515 2883 2572 et
2904 2509 3157 2590 proprio
3178 2513 3325 2573 actu

1757 2601 2105 2682 religionis,
2126 2607 2345 2664 tamen
2374 2601 2553 2663 illum
2579 2607 2790 2665 actum
2820 2602 2885 2664 in
2912 2601 3167 2682 Angelis
3200 2621 3331 2665 non

1765 2713 1906 2759 esse
1937 2695 2165 2772 alium,
2191 2695 2311 2758 nisi
2337 2694 2771 2758 laudationem
2800 2696 2930 2774 Dei,
2961 2715 3099 2776 quae
3139 2697 3334 2760 inter-

1763 2791 1916 2852 dum
1962 2787 2121 2851 solet
2157 2789 2443 2852 adoratio
2484 2789 2809 2870 appellari,
2840 2807 2985 2853 cum
3026 2789 3332 2854 tamenin

1761 2883 1971 2966 rigore
2000 2885 2285 2947 adoratio
2330 2886 2582 2966 proprie
2624 2895 2875 2966 sumpta
2904 2903 2941 2946 a
2976 2885 3167 2947 laude
3208 2885 3333 2948 dis-

1763 2978 2111 3058 tinguatur.
2148 2977 2331 3042 Unde
2382 2979 2449 3039 in
2498 2996 2575 3042 eo
2612 2977 2751 3041 loco
2806 2977 2985 3040 Isaiae
3025 2979 3066 3040 6
3121 2979 3332 3042 statim

1759 3071 2168 3153 subjungitur
2200 3089 2217 3134 ε
2256 3071 2455 3136 Plena
2491 3077 2624 3137 erat
2672 3073 2873 3136 omnis
2925 3078 3095 3136 terra
3130 3073 3333 3153 olm-ia

1757 3167 1910 3246 ejus.
1937 3167 2045 3227 Est
2072 3171 2287 3228 autem
2316 3165 2541 3246 gloria,
2564 3166 2733 3228 clara
2770 3185 2915 3228 cum
2944 3165 3137 3229 laude
3170 3165 3332 3229 noti·

1757 3261 1866 3321 tia.
1897 3259 2010 3320 Illa
2040 3276 2192 3338 ergo
2236 3259 2623 3339 Angelorum
2655 3259 2941 3322 adoratio
2966 3259 3123 3321 nihil
3156 3259 3329 3322 aliud

1759 3359 1857 3414 est
1880 3369 2070 3430 quam
2094 3351 2309 3414 diviua
2336 3353 2509 3426 laus3
2544 3353 2719 3414 etita
2752 3359 3079 3433 exponunt
3094 3351 3185 3414 ibi
3210 3351 3329 3433 Cy·-

1757 3443 1936 3507 rillus
1976 3452 2039 3508 et
2068 3445 2353 3507 Basilina.
2386 3445 2511 3508 Sed
2542 3447 2675 3508 haec
2707 3446 3037 3524 responsio
3064 3463 3193 3508 non
3234 3446 3327 3507 in·

1759 3541 1998 3610 firmat,
2033 3538 2145 3601 sed
2174 3537 2507 3600 confirmat
2534 3539 2745 3618 potius
2787 3539 2913 3600 vim
2943 3537 3327 3602 testimoni·-

1759 3651 1922 3694 rum.
1950 3634 2178 3702 Primo,
2200 3632 2347 3712 quia
2375 3633 2515 3694 lans
2538 3633 2750 3694 divina
2776 3649 2979 3712 genus
3006 3631 3326 3710 quoddam

1757 3725 2145 3787 adorationis
2172 3733 2303 3802 est,
2336 3727 2387 3786 si
2416 3742 2532 3806 per
2558 3743 2699 3787 eam
2730 3725 2871 3804 quis
2898 3723 3176 3786 divinam
3216 3741 3326 3786 ex-

1757 3819 2147 3896 cellentiam,
2182 3835 2486 3898 suamque
2518 3818 2600 3881 ad
2639 3818 2811 3880 illam
2845 3816 3325 3880 submissionem

1757 3915 2158 3994 profiteatur;
2198 3913 2391 3988 unde,
2422 3914 2610 3974 etiam
2642 3913 2691 3974 si
2728 3911 3035 3992 corporali
3060 3928 3215 3974 voce
3245 3927 3323 3972 ex

1757 4007 1985 4069 eodem
2012 4007 2245 4067 motivo
2278 4006 2411 4084 fiat,
2440 4011 2511 4068 ut
2534 4004 2673 4066 fieri
2698 4010 2963 4084 potesta
2996 4001 3201 4074 nobis,
3226 4019 3324 4066 so-

1757 4101 1890 4162 lum
1937 4100 2349 4162 materialiter
2394 4099 2605 4161 differt
2652 4099 2733 4160 ab
2771 4097 2878 4159 illa
2928 4095 3317 4178 adoratione,

1759 4211 1897 4273 quae
1947 4211 2062 4274 per
2110 4193 2391 4254 actiones
2441 4191 2723 4271 corporis
2764 4189 3116 4252 exhibetur.
3162 4187 3322 4252 Nam

1761 4289 1920 4350 sicut
1956 4287 2185 4348 mentis
2212 4285 2586 4365 significatio
2614 4283 2822 4346 verbis
2844 4284 3011 4346 facta
3025 4328 3046 4359 ,
3074 4281 3175 4346 vel
3204 4301 3323 4345 nu·

1759 4381 1922 4442 tibus
1942 4397 2017 4440 ac
2038 4379 2339 4458 gestibus,
2360 4378 2707 4440 formaliter
2726 4377 3013 4457 ejusdem
3034 4377 3317 4452 rationiS,

1759 4483 1821 4537 et
1851 4474 2139 4554 ejusdem
2161 4473 2434 4534 veritatis
2456 4473 2559 4534 vel
2588 4472 2875 4536 falsitatis
2908 4477 3027 4546 est,
3053 4480 3116 4534 et
3144 4487 3325 4534 eum·

1759 4569 1903 4632 dem
1935 4569 2227 4632 effectum
2270 4566 2505 4630 habere
2553 4571 2785 4646 potest,
2816 4567 2905 4628 ita
2952 4563 3321 4646 significatio

1757 4662 2071 4724 interioris
2123 4662 2514 4732 reverentiae,
2548 4659 2757 4722 verbis
2808 4666 2917 4722 aut
2971 4660 3323 4722 actionibus

1757 4757 1944 4830 facta,
1963 4755 2245 4836 ejusdem
2272 4755 2615 4816 honestatis
2634 4763 2700 4818 et
2721 4753 2965 4816 virtutis
2980 4759 3094 4813 est.
3117 4751 3324 4812 Potest

1759 4851 1951 4930 igitur
1985 4849 2207 4911 saltem
2234 4851 2355 4912 boc
2386 4865 2585 4930 genus
2612 4847 2992 4910 adorationis
3026 4861 3164 4922 esse
3188 4863 3324 4908 me-

1759 4961 1899 5004 rum
1929 4943 2245 5005 internum
2275 4951 2339 5004 et
2360 4941 2715 5023 spirituale;
2745 4947 2805 5002 et
2832 4939 2977 5000 ideo
3004 4935 3323 5022 Scriptura

1759 5041 2097 5116 utrumque
2128 5035 2343 5096 tribuit
2383 5035 2637 5115 Angelis
2661 5079 2676 5106 ,
2710 5031 2947 5094 scilicet
2979 5023 3235 5094 laudem
3263 5039 3325 5094 et

1761 5129 2219 5204 adorationem,
2254 5136 2315 5192 et
2342 5130 2407 5190 in
2439 5136 2706 5206 utroque
2740 5131 2949 5188 servat
2982 5123 3326 5206 proprieta-

1763 5229 1916 5286 tem.
1945 5221 2243 5286 Secundo
2262 5267 2279 5297 ,
2312 5208 2671 5283 declaratur
2702 5213 2823 5281 hoc
2856 5213 3149 5297 amplius,
3176 5218 3325 5296 quia

1762 5317 1830 5378 in
1861 5315 2051 5378 laude
2082 5311 2315 5396 duplex
2343 5309 2645 5375 habitudo
2684 5309 3065 5374 considerari
3094 5313 3319 5392 potest.

1761 5411 1898 5473 Una
1928 5407 2127 5474 estad
2158 5425 2304 5472 enm
2336 5404 2444 5488 qui
2472 5405 2769 5469 landatur
2781 5422 2803 5484 3
2832 5402 2955 5466 alia
2988 5399 3186 5468 estad
3216 5413 3326 5466 eos

1761 5521 1973 5570 coram
2006 5503 2240 5584 quihus
2260 5501 2575 5566 laudatur.
2602 5499 2747 5564 Haec
2784 5498 3095 5581 posterior
3120 5501 3329 5578 potest
