3892 6167
1342 350 1660 405 msrmxr.
1696 350 1751 405 1..
1785 350 1954 404 SEGT.
1991 353 2074 408 lV.

148 457 462 550 probanda,
492 461 625 518 tum
656 453 803 535 quia
828 452 1117 538 procedit
1141 470 1221 516 ex
1246 451 1405 516 salso
1432 452 1663 516 funda-

146 561 348 629 mento,
376 549 631 622 scilicet,
662 548 965 611 visionem
993 548 1251 612 beatam
1290 565 1431 612 esse
1455 546 1661 626 majus

146 657 347 717 honum
387 661 575 726 quam
625 642 1081 724 hypostaticam
1132 641 1457 704 unionem.
1499 641 1660 703 Tum

148 746 302 810 etiam
330 738 475 820 qnia
506 735 591 799 ad
636 735 1087 800 beatitudinem
1116 735 1371 816 proprie
1397 751 1529 797 non
1563 751 1663 796 or-

146 841 355 902 dinatur
391 829 513 894 nisi
566 829 997 912 suppositum,
1040 828 1143 891 vel
1178 845 1489 909 persona,
1528 844 1659 889 non

146 937 321 996 autem
342 933 588 1000 natura,
612 922 760 1004 quia
780 922 1065 1005 operatio
1084 922 1337 1003 proprie
1367 919 1661 985 tribuitur

144 1039 405 1109 personat,
429 1035 559 1082 non
586 1023 870 1092 natur-3
894 1015 1115 1082 Christi
1141 1021 1359 1079 antem
1385 1033 1657 1098 persona

144 1135 245 1180 non
271 1113 461 1196 potuit
484 1129 603 1192 per
628 1110 1246 1192 praedestinationem
1272 1107 1549 1173 ordinari
1574 1107 1657 1170 ad

144 1207 581 1282 beatitudinem,
606 1205 733 1267 nisi
760 1205 828 1266 in
860 1209 1187 1285 assumpta
1240 1209 1497 1282 natura3
1544 1201 1655 1264 illa

144 1321 263 1384 ergo
292 1298 591 1364 ordinatio
640 1297 722 1360 ad
766 1297 1221 1362 beatitudinem
1248 1296 1549 1378 supponit
1586 1295 1654 1358 in

142 1397 341 1464 Christo
378 1392 993 1474 praedestinationem
1023 1391 1277 1455 unionis
1306 1390 1656 1472 hypostati-

142 1509 237 1567 σε,
260 1493 435 1568 atque
462 1486 627 1549 adeo
650 1484 1271 1568 praedestinationem
1307 1485 1499 1565 hujus
1540 1483 1657 1546 ho·-

142 1585 309 1659 minis,
331 1587 399 1643 ut
423 1580 535 1655 sic,
564 1580 653 1643 ad
680 1599 823 1644 esse
846 1579 984 1643 Filii
1010 1581 1122 1643 Dei
1146 1578 1475 1642 naturalis.
1504 1578 1657 1640 Haec

142 1695 261 1758 ergo
288 1684 377 1738 est
413 1674 671 1756 propria
714 1677 780 1736 et
818 1673 1159 1756 singularis
1184 1670 1653 1754 praedestinatio

142 1767 353 1844 Christi,
390 1784 531 1848 qnae
556 1773 622 1831 et
654 1766 985 1849 dignitate,
1014 1773 1080 1830 et
1104 1766 1349 1830 ratione
1396 1782 1515 1828 seu
1561 1764 1655 1826 in·

142 1865 373 1928 tentione
398 1861 599 1942 prima
630 1866 724 1924 est
737 1905 761 1938 ,
810 1866 876 1923 et
916 1859 1002 1924 ad
1048 1875 1193 1923 eam
1232 1865 1456 1922 caetera
1488 1856 1657 1920 bona

144 1960 585 2036 consequuntur.
622 1953 760 2016 Hoc
786 1971 939 2036 ergo
967 1971 1120 2017 vero
1158 1970 1351 2016 sensu
1376 1950 1659 2032 supposi-

144 2059 211 2126 to,
234 2049 415 2112 solum
446 2047 527 2110 de
552 2047 749 2111 modo
777 2046 1081 2128 loquendi
1099 2051 1306 2128 potest
1334 2063 1475 2108 esse
1504 2063 1661 2108 con-

146 2141 420 2218 troversia,
456 2159 542 2202 an
568 2139 855 2203 Christus
883 2139 1081 2222 possit
1108 2139 1235 2203 dici
1262 2138 1665 2222 praedestina·

146 2245 223 2300 tus
243 2235 315 2297 ad
332 2234 811 2314 beatitudinem,
832 2252 1069 2310 necne;
1102 2251 1251 2297 nam
1288 2235 1353 2296 in
1398 2252 1469 2296 re
1518 2251 1651 2296 cer·

146 2339 250 2394 tum
273 2335 375 2406 est,
410 2346 493 2390 ex
516 2328 583 2392 vi
608 2327 785 2391 illius
819 2328 1187 2405 voluntatis,
1214 2346 1341 2408 qua
1366 2327 1533 2390 Deus
1559 2344 1662 2390 vo-

144 2426 231 2486 lnit
261 2425 541 2486 unionem
579 2422 1049 2505 hypostaticam
1095 2421 1237 2484 fieri
1272 2422 1341 2484 in
1374 2421 1662 2484 hnmani-

144 2523 243 2580 tate
254 2517 480 2593 Christi,
508 2521 980 2598 consequenter
995 2515 1269 2579 voluisse
1288 2514 1659 2578 sanctificari

144 2629 229 2690 per
242 2610 613 2672 divinitatem
636 2612 869 2692 ipsam,
898 2613 963 2673 et
984 2628 1123 2672 esse
1147 2610 1377 2673 ‚Filium
1404 2609 1523 2673 Dei
1548 2627 1662 2671 na·

147 2704 359 2766 tui-alem
374 2705 779 2785 pergratiam
800 2703 1075 2778 unionis,
1098 2709 1164 2766 et
1186 2703 1425 2766 habere
1450 2703 1514 2765 in
1540 2720 1657 2766 sna

145 2797 475 2860 humanitate
511 2796 630 2878 jus
663 2798 747 2860 ad
782 2797 1247 2861 beatitudinem
1287 2802 1659 2878 supernatu-

142 2889 297 2952 ralem
307 2933 331 2966 ‚
356 2894 415 2952 et
442 2889 571 2954 alia
618 2890 789 2954 dona
800 2907 823 2970 3
854 2895 918 2954 et
960 2895 1425 2972 consequenter
1468 2891 1658 2955 etiam

144 2982 367 3046 voluisse
391 2982 559 3047 hunc
591 2984 916 3048 hominem
945 3002 1085 3048 esse
1112 2985 1412 3061 beatum,
1452 2987 1515 3046 et
1550 2981 1661 3046 ha·

144 3075 261 3136 bere
290 3076 633 3140 claritatem
674 3078 921 3159 gloriae,
964 3083 1029 3140 et
1074 3077 1519 3140 exaltationem
1546 3092 1660 3138 no-

148 3169 311 3246 minis,
344 3177 405 3234 et
428 3170 591 3234 alias
616 3171 851 3234 similes
880 3171 1251 3252 dignitates,
1284 3188 1359 3234 ac
1385 3169 1659 3251 denique

147 3263 417 3328 ordinasse
456 3265 779 3330 rationem
820 3266 1107 3330 omnium
1150 3265 1505 3329 mediorum
1545 3281 1662 3346 per

148 3375 255 3434 quae
296 3359 573 3422 Christus
616 3361 761 3424 hoec
802 3361 1013 3424 omnia
1052 3359 1223 3423 bona
1264 3362 1331 3425 in
1377 3365 1658 3443 tempore

148 3459 251 3515 erat
274 3461 737 3518 consecuturus.
762 3456 917 3518 Cum
934 3456 1125 3536 igitur
1144 3454 1280 3518 haec
1306 3455 1374 3517 in
1392 3472 1465 3518 re
1486 3459 1660 3518 certa

148 3546 266 3622 sint,
307 3547 501 3611 solum
558 3547 641 3612 de
688 3549 877 3612 modo
919 3548 1220 3629 loquendi
1264 3554 1475 3630 potest
1518 3563 1657 3610 esse

146 3641 519 3702 controversia
551 3688 567 3714 ,
598 3659 681 3704 an
710 3643 988 3705 Christus
1030 3643 1229 3724 possit
1250 3640 1656 3705 denominari

146 3732 577 3810 praedestinatus
620 3735 705 3798 ad
745 3735 1203 3799 beatitudinem
1240 3735 1343 3798 vel
1384 3733 1659 3814 aliquam

148 3824 485 3908 dignitatem,
538 3849 680 3912 qno
721 3830 788 3892 in
834 3831 975 3911 ipso
1020 3836 1116 3893 est
1154 3829 1555 3907 secundaria,
1599 3835 1665 3892 et

146 3919 314 3981 minus
334 3923 687 4006 principalis
688 3923 909 4006 ,guod
930 3941 1061 3986 non
1078 3924 1263 3988 video
1288 3942 1401 3987 cnr
1425 3939 1663 4002 negan-

146 4009 267 4073 dum
288 4013 379 4086 sit,
408 4033 557 4079 cum
597 4019 1024 4083 necessarium
1051 4036 1181 4081 non
1212 4018 1291 4080 sit
1316 4034 1569 4098 semper
1594 4016 1663 4078 in

148 4105 651 4182 predestinatione
682 4112 999 4195 explicare
1026 4112 1421 4194 praecipuum
1449 4115 1513 4173 et
1542 4109 1665 4190 pri-

146 4200 375 4264 marium
398 4207 739 4269 terminum
782 4207 923 4287 ejus
939 4253 962 4284 ,
992 4213 1056 4270 ot
1090 4223 1235 4270 cum
1264 4203 1475 4268 Sancti
1494 4245 1511 4278 ,
1539 4203 1666 4264 Au-

150 4293 393 4369 gustinus
428 4303 491 4362 et
535 4299 646 4362 alii
690 4301 883 4377 citati,
916 4301 1005 4364 ita
1042 4300 1407 4380 loquantur.
1438 4298 1571 4359 Imo
1602 4302 1665 4357 et

148 4385 423 4465 Scriptura
448 4409 671 4470 sacra3
710 4395 923 4460 Actor.
957 4395 1127 4458 enim
1174 4395 1279 4468 10,
1316 4391 1429 4454 ubi
1471 4390 1666 4454 latina

148 4477 301 4542 lectio
320 4483 506 4549 hahet
533 4511 553 4549 z
580 4490 731 4574 Ipse
750 4491 963 4574 estqui
986 4491 1348 4556 contitutus
1376 4493 1466 4552 m
1487 4503 1531 4552 a
1544 4483 1669 4549 Deo

142 4572 297 4650 jude-v
319 4578 585 4646 &aarum
625 4589 687 4650 rt
728 4590 1133 4661 mortuoram,
1181 4599 1381 4664 graece
1411 4585 1509 4644 est
1534 4597 1673 4643 ver-

149 4669 273 4732 bum
294 4685 579 4752 ὡρισμένος,
618 4677 791 4758 qnod
820 4676 1135 4757 significat
1168 4673 1667 4757 praedestinatus.

150 4763 325 4834 Potest
354 4772 539 4851 igitur
576 4771 851 4834 Christus
902 4771 1027 4834 dici
1073 4768 1547 4852 praedestinatus
1590 4767 1673 4831 ad

146 4857 261 4924 haec
284 4865 507 4941 omnia,
540 4866 690 4944 quia
716 4870 849 4930 tota
876 4870 941 4928 et
965 4864 1243 4946 perfecta
1264 4862 1671 4944 praedestina-

152 4953 219 5014 tio
240 4955 395 5020 illius
422 4959 552 5024 haec
582 4959 795 5022 omnia
821 4957 1113 5034 includit,
1131 4955 1524 5032 filiationem,
1553 4957 1671 5018 sci-

150 5044 289 5126 licet,
316 5051 605 5128 divinam,
642 5057 949 5133 tanquam
985 5051 1349 5134 primariam
1374 5048 1663 5133 formam,

152 5157 245 5202 seu
268 5145 617 5222 terminum,
652 5145 919 5228 gloriam
943 5163 1095 5208 vero
1124 5150 1191 5208 et
1216 5144 1375 5206 alias
1400 5141 1671 5224 dignita·-

154 5235 231 5292 tes
251 5241 535 5317 tanquam
556 5238 971 5320 proprietates
994 5243 1478 5320 consequentes,
1504 5242 1569 5300 et
1588 5237 1671 5300 ad

154 5323 293 5389 illius
332 5340 821 5396 consummatam
864 5331 1317 5414 perfectionem
1354 5331 1671 5413 pertinen-

156 5423 249 5492 tes.
272 5428 431 5487 etita
450 5426 629 5491 aliter
646 5426 879 5490 dicitnr
892 5425 1174 5492 Christus
1196 5425 1671 5508 praedestinatus

158 5512 223 5572 ad
245 5514 695 5596 beatitudinem,
722 5537 917 5600 quam
950 5521 1053 5583 alii
1079 5519 1367 5583 homines
1390 5537 1408 5591 ;
1435 5519 1583 5598 quia
1606 5520 1671 5580 in

3181 352 3298 412 537

1743 451 1881 515 aliis
1908 451 2236 517 beatitudo
2284 457 2382 518 ost
2417 453 2615 518 veluti
2637 453 2972 536 primarius
2996 455 3304 520 tot-miuus

1740 545 2331 626 predestinationis,
2375 548 2444 610 in
2488 546 2731 610 Christo
2773 565 2921 610 vero
2953 555 3054 611 est
3083 567 3304 613 secun·

1741 637 1980 716 darius,
2006 647 2070 704 et
2087 641 2442 724 proprietas
2464 657 2884 721 consequens,
2905 649 2969 704 et
2979 643 3126 706 ideo
3143 661 3304 724 prae-

1740 733 2078 797 destinatio
2109 735 2334 798 Christi
2365 733 2704 816 singularis
2741 740 2860 812 est,
2891 741 2958 798 et
2983 735 3152 800 inter
3174 753 3302 798 om-

1738 843 1855 889 nes
1885 827 2157 892 excellit.

2352 965 2569 1021 ssscwlo
2603 968 2683 1021 lv.

1737 1077 1817 1136 An
1865 1080 2183 1139 humanitas
2227 1080 2434 1140 Christi
2476 1084 2655 1156 possit
2699 1081 2816 1140 dici
2859 1081 3258 1156 praedestinata
3283 1125 3297 1150 ,

1870 1165 1958 1222 vel
1987 1165 2338 1238 simpliciter,
2369 1167 2454 1224 vel
2481 1167 2552 1224 ad
2578 1167 2818 1240 aliquem
2853 1167 3170 1226 terminum.

1817 1303 1877 1362 1.
1922 1301 2103 1363 Ratio
2121 1301 2450 1364 dubitandi
2480 1309 2597 1378 est,
2629 1301 2777 1381 quia
2801 1304 2870 1364 D.
2905 1302 3127 1365 Thom.
3177 1304 3299 1377 hic,

1736 1401 1855 1458 art.
1888 1398 1949 1472 1,
1977 1394 2057 1457 ad
2080 1397 2142 1471 2,
2167 1402 2362 1476 negat
2385 1402 2680 1459 naturam
2707 1395 3160 1478 praedestinari,
3191 1396 3304 1458 sed

1738 1489 2156 1570 suppositum,
2177 1489 2327 1570 quia
2353 1489 2810 1571 praedestinari,
2833 1489 3058 1569 inquit,
3082 1495 3180 1551 est
3209 1489 3306 1551 di-

1734 1582 1855 1663 rigi
1894 1581 1962 1644 in
1999 1582 2294 1659 salntem,
2336 1583 2508 1662 quod
2551 1583 2811 1663 quidem
2853 1589 2951 1644 est
2999 1583 3306 1664 suppositi

1738 1676 1986 1757 agentis
2019 1679 2276 1757 propter
2295 1674 2700 1738 beatitudinis
2717 1673 2934 1738 finem.
2967 1675 3039 1736 In
3064 1683 3308 1738 contra·

1736 1767 1901 1830 rium
1941 1786 2094 1831 vero
2127 1771 2261 1844 est,
2295 1769 2446 1849 quia
2493 1768 2665 1830 idem
2715 1768 2788 1830 D.
2831 1767 3082 1843 Thom„
3126 1768 3198 1829 in
3232 1771 3303 1843 3,

1738 1862 1803 1926 d.
1833 1865 1931 1938 10,
1963 1868 2184 1943 quaest.
2233 1865 2293 1935 3,
2341 1862 2717 1942 quaestione.
2750 1864 2812 1938 1,
2855 1878 2998 1924 eam
3043 1861 3307 1925 locutio·

1740 1973 1885 2020 nem
1918 1955 2232 2034 admittit3
2263 1973 2454 2037 qnam
2483 1953 2864 2018 sententiam
2903 1953 3143 2017 ibidem
3171 1971 3308 2016 am-

1742 2051 2042 2132 plectitur
2090 2051 2437 2112 Bonavent.
2466 2095 2483 2125 ,
2541 2054 2660 2112 art.
2717 2052 2746 2111 1
2774 2092 2791 2123 ,
2841 2054 3065 2129 quaest.
3117 2051 3148 2110 1
3165 2066 3188 2127 3
3243 2055 3310 2112 et

1745 2145 1986 2220 Aleus„
2020 2147 2060 2208 3
2093 2150 2282 2224 part„
2313 2161 2377 2224 q.
2409 2148 2472 2220 3,
2497 2143 2735 2207 memb.
2770 2145 2846 2222 13
2875 2148 2937 2206 et
2978 2143 3258 2208 Durand.
3289 2194 3302 2219 ,

1744 2245 1809 2304 ot
1830 2239 2028 2315 Scot.‚
2053 2237 2196 2300 dist.
2231 2240 2292 2314 7,
2323 2257 2386 2320 q.
2412 2241 2473 2301 3.

1822 2334 1887 2396 2.
1916 2332 2592 2414 Humanitasquomodo
2615 2332 2859 2400 &catur
2872 2332 3307 2414 praedestinata

1741 2427 1827 2490 ad
1846 2427 2124 2490 unionem
2151 2425 2617 2506 hypostaticam.
2639 2457 2722 2475 —
2736 2425 2862 2490 Sed
2877 2427 2947 2489 in
2969 2426 3308 2506 quaestione

1740 2518 1821 2582 de
1847 2519 2112 2581 nomine
2137 2518 2412 2580 breviter
2455 2518 2794 2582 dicendum
2839 2519 3104 2595 videtur,
3135 2518 3308 2580 aliud

1742 2630 1882 2675 esse
1929 2611 2104 2692 loqui
2165 2611 2246 2675 de
2298 2610 2848 2692 praedestinatione
2905 2612 2986 2674 ad
3039 2612 3309 2676 beatitu-

1740 2708 1958 2770 dinem
1991 2751 2006 2782 ,
2057 2705 2232 2768 aliud
2291 2723 2441 2768 vero
2491 2705 2570 2768 de
2619 2706 3168 2788 praedestinatione
3226 2706 3308 2768 ad

1738 2799 2042 2862 unionem
2090 2796 2584 2878 hypostaticam3
2616 2799 2790 2878 prior
2843 2798 3306 2880 praedestinatio

1739 2911 1869 2954 non
1924 2891 2220 2955 tribuitur
2259 2891 2514 2972 proprie
2574 2899 2850 2967 naturae,
2897 2891 3010 2955 sed
3077 2908 3310 2972 suppo·

1742 2986 1883 3062 sito,
1908 2991 1972 3048 et
2005 2986 2126 3048 hoc
2183 2985 2420 3066 optime
2473 2985 2790 3050 concludit
2827 2985 2987 3048 ratio
3043 2985 3116 3047 D.
3143 2985 3308 3046 Tho-

1740 3097 1882 3156 mae,
1910 3079 2062 3160 quia
2117 3077 2440 3142 beatitudo
2469 3078 2536 3140 in
2585 3078 2952 3161 operatione
2993 3077 3303 3150 consistit,

1742 3178 1807 3236 et
1840 3174 2088 3255 operari
2109 3179 2208 3236 est
2235 3173 2566 3254 suppositi,
2593 3173 2646 3235 si
2673 3173 2926 3254 proprie
2948 3172 3302 3255 loquamur.

1743 3269 1821 3332 At
1880 3287 2032 3331 vero
2092 3269 2413 3348 loquendo
2467 3268 2550 3332 de
2612 3268 3168 3349 praedestinatione
3225 3265 3308 3329 ad

1740 3362 2044 3425 unionem
2069 3360 2555 3443 hypostaticam,
2575 3379 2724 3424 vere
2752 3379 2829 3423 ac
2872 3361 3026 3424 satis
3056 3360 3308 3443 proprie

1740 3456 1860 3520 dici
1905 3459 2114 3538 potest
2162 3456 2522 3518 humanitas
2552 3454 2990 3534 predestinata
3015 3455 3101 3518 ad
3144 3454 3308 3518 hanc

1737 3551 2038 3614 unionem
2055 3595 2072 3625 ,
2135 3551 2338 3631 primo
2379 3548 2673 3627 quidem,
2705 3547 2854 3629 quia
2899 3548 2986 3610 ita
3042 3548 3309 3628 loquun-

1740 3651 1845 3708 tnr
1889 3661 2114 3724 graves
2157 3643 2464 3724 Theologi
2511 3643 2721 3715 citati;
2759 3641 2890 3704 imo
2941 3647 3006 3704 et
3058 3643 3308 3722 Augus-

1740 3738 1933 3814 tinus,
1969 3737 2048 3800 de
2079 3738 2510 3801 Praedestinat.
2554 3739 2792 3815 Sanct.,
2823 3755 2966 3818 cap.
3012 3738 3112 3812 15,
3159 3753 3306 3799 cum

1740 3833 1867 3896 ait:
1915 3833 2372 3898 Proedminata
2411 3837 2501 3897 eet
2550 3833 2684 3896 ista
2729 3833 3008 3896 humane
3065 3835 3308 3896 mum

1744 3933 1925 3996 tauta
1951 3927 2277 4000 subvectio,
2307 3931 2378 3990 ut
2402 3943 2520 4008 quo
2535 3925 2935 4002 attolleretur,
2963 3924 3160 3991 altius
3187 3941 3307 3988 aas

1746 4022 1984 4086 haberet
2000 4046 2027 4094 ;
2057 4026 2124 4083 et
2150 4019 2373 4082 eodem
2397 4018 2587 4082 modo
2615 4018 2964 4098 loquuntur
2979 4019 3206 4098 Aymo‚
3241 4023 3304 4080 et

1743 4117 1927 4195 Ilugo
1949 4112 2266 4178 Cardinal.
2287 4131 2501 4192 supra,
2515 4119 2668 4176 sect.
2693 4115 2757 4190 2,
2776 4112 2843 4174 in
2863 4113 2902 4172 3
2919 4111 3306 4193 expositione

1744 4207 1935 4269 citati.
1952 4206 2266 4278 Secundo,
2279 4207 2427 4287 quia
2441 4205 2544 4268 hic
2559 4208 2762 4269 cessat
2775 4205 2934 4268 ratio
2951 4205 3140 4284 facta3
3156 4204 3306 4266 unio

1746 4301 1913 4364 enim
1949 4299 2200 4381 proprie
2227 4298 2522 4362 convenit
2545 4304 2810 4377 naturae,
2839 4317 2972 4362 non
2999 4315 3304 4380 personae,

1748 4398 1813 4457 et
1856 4393 1935 4456 ad
1977 4394 2278 4456 unionem
2321 4410 2451 4455 non
2495 4393 2834 4456 assumitur
2876 4393 2980 4456 vel
3021 4398 3312 4454 movetur

1750 4507 1865 4570 per
1910 4487 2344 4567 operationem
2373 4487 2717 4570 propriam,
2761 4487 2875 4550 sed
2901 4487 3110 4568 potius
3135 4491 3310 4549 mota

1754 4600 1871 4644 seu
1898 4586 2219 4661 assumpta
2249 4579 2331 4642 ab
2359 4581 2526 4660 alio;
2555 4599 2710 4662 ergo
2737 4579 3206 4662 praedestinatio
3230 4577 3313 4642 ad

1752 4676 2052 4738 unionem
2076 4691 2206 4737 non
2231 4679 2440 4755 potest
2463 4675 2717 4756 proprie
2741 4674 3152 4738 denominare
3168 4690 3312 4753 per-

1752 4789 2000 4847 sonam,
2043 4769 2158 4832 sed
2191 4773 2508 4843 naturam.
2555 4771 2630 4832 Εἰ
2673 4767 3083 4832 confirmatur
3101 4814 3123 4845 ‚
3165 4766 3313 4846 quia

1752 4867 1887 4927 haec
1912 4863 2062 4926 unio
2087 4861 2530 4945 praedestinata
2561 4869 2658 4934 est
2685 4881 2726 4924 a
2754 4864 2886 4925 Deo
2929 4861 3012 4923 ab
3049 4865 3310 4936 aeterno,

1751 4965 1824 5022 ut
1861 4976 2054 5039 supra
2079 4975 2223 5020 cum
2245 4956 2318 5018 D.
2355 4958 2596 5021 Thoma
2623 4956 2960 5037 probatum
2989 4961 3084 5017 est
3113 4973 3130 5028 ;
3163 4971 3313 5032 ergo

1748 5053 1990 5132 aliquid
2030 5055 2238 5132 potest
2263 5051 2516 5132 proprie
2546 5050 2672 5112 dici
2693 5049 3206 5130 praedestinatum
3233 5045 3316 5108 ad

1748 5146 1915 5209 hanc
1942 5145 2267 5218 unionem,
2298 5144 2446 5224 quia
2473 5145 2626 5206 unio
2652 5160 2782 5206 non
2817 5150 2916 5208 est
2931 5159 3108 5204 mere
3132 5139 3318 5202 abso-

1749 5241 1905 5318 luta,
1932 5240 2043 5302 sed
2073 5239 2330 5320 respicit
2355 5236 2654 5312 unibilia3
2683 5255 2836 5316 ergo
2865 5237 3024 5299 sicut
3040 5233 3316 5296 Verbum

1750 5334 1978 5398 dicitur
2021 5331 2536 5415 praedestinatum
2575 5335 2649 5392 ut
2691 5329 2946 5392 uniatur
2983 5327 3180 5403 carni,
3224 5325 3310 5388 ita

1750 5445 1899 5490 caro
1945 5432 2151 5509 potest
2197 5425 2320 5489 dici
2361 5423 2806 5506 praedestinata
2860 5421 3026 5484 uniri
3076 5419 3304 5482 Verbo.

1736 5520 1907 5594 imo,
1945 5521 2060 5584 hoc
2085 5519 2275 5582 modo
2317 5518 2498 5580 facile
2531 5525 2596 5581 et
2639 5514 2932 5597 expedite
2971 5512 3317 5594 explicatur
