3892 6167
1385 386 1707 443 DisruTA‘r.
1735 387 1955 442 XXXIX.
1987 389 2161 443 ssscT.
2195 391 2257 444 11.

3297 395 3417 457 325

197 483 496 548 meritam
521 481 718 544 tuerit
741 481 1094 559 infinitum;
1129 503 1212 548 au
1237 503 1320 549 ex
1345 487 1622 567 perfecta
1639 489 1774 568 jus-
1853 493 2150 554 meritum
2190 491 2259 554 in
2302 491 2443 572 ipso
2494 499 2639 556 actu
2685 495 2917 558 amoris
2961 499 3073 562 Dei
3114 501 3413 579 existens,

199 580 367 653 titia,
411 581 476 638 et
508 595 598 638 an
626 595 708 638 ex
733 579 1180 642 commutativa
1203 581 1304 642 vei
1331 582 1724 645 distributiva
1747 603 1765 658 3

199 679 264 734 et
289 670 544 746 similia,
579 687 724 750 quae
742 690 888 732 cum
914 675 1278 738 communia
1303 677 1431 738 sint
1453 676 1678 738 merito
1705 681 1769 738 et

199 764 658 839 satisfactioni,
699 764 788 825 ibi
817 769 1198 844 praetermitti
1229 787 1359 830 non
1383 777 1763 850 potuerunt3

201 877 348 922 cnm
379 876 540 922 vero
583 857 872 937 ejusdmn
911 860 1170 924 rationis
1201 863 1326 925 sint
1361 863 1429 924 in
1471 870 1762 944 utroque,

201 953 302 1016 hic
327 951 680 1032 repetenda
707 970 834 1015 non
869 961 1038 1016 sunt.

825 1131 1041 1186 sl-:cno
1073 1132 1136 1187 11.

317 1259 431 1318 Per
457 1277 590 1334 quos
609 1269 776 1323 actus
797 1259 1046 1318 Christus
1068 1259 1333 1320 Dominus
1355 1268 1643 1325 meruerit.

281 1438 343 1496 l.
390 1434 538 1495 Hoec
562 1433 826 1513 quaestio
855 1435 1060 1496 solum
1085 1435 1410 1496 tractanda
1439 1441 1534 1498 est
1554 1437 1636 1498 de
1661 1455 1764 1500 ac-

205 1527 366 1590 tibus
395 1545 434 1588 a
459 1528 782 1590 voluntate
809 1528 1050 1590 elicitis.
1077 1529 1374 1610 Suppono
1403 1531 1570 1592 enim
1595 1550 1675 1593 ex
1703 1535 1764 1595 1.

199 1626 260 1694 2,
295 1639 357 1700 q.
389 1623 476 1683 20
499 1628 565 1683 et
589 1625 664 1683 21
689 1665 704 1695 ‚
737 1623 1060 1702 proprium
1093 1629 1158 1684 et
1183 1623 1444 1685 formale
1472 1626 1766 1687 meritum

199 1733 339 1776 esse
383 1715 450 1775 in
498 1717 644 1777 actu
685 1714 890 1776 elicito
921 1731 960 1778 a
1001 1716 1360 1795 voluntate3
1409 1723 1588 1780 actus
1613 1737 1764 1781 vero

199 1813 497 1871 externos
541 1827 656 1888 per
695 1825 766 1870 se
818 1825 946 1871 non
993 1809 1226 1872 addere
1270 1811 1564 1874 meritum
1597 1813 1762 1875 actui

195 1903 560 1977 voluntatis,
587 1919 796 1980 neque
819 1919 961 1964 esse
979 1902 1330 1966 formaliter
1348 1911 1412 1967 et
1431 1906 1764 1968 intrinsece

191 1996 573 2069 meritorios,
603 1997 720 2058 sed
750 1995 954 2059 solum
981 2015 1096 2077 per
1119 1998 1532 2060 extrinsecam
1559 1999 1766 2062 deno-

77 2153 85 2158 ,
195 2091 607 2152 minationem
655 2089 738 2151 ab
771 2095 912 2152 actu
953 2091 1272 2153 meritorio
1320 2093 1679 2170 voluntatis,
1725 2113 1763 2156 a

193 2202 318 2263 quo
348 2185 780 2263 imperantur,
815 2191 878 2246 et
905 2185 1256 2248 extrinsece
1293 2203 1408 2247 seu
1441 2187 1764 2250 moraliter

189 2279 636 2353 informantur,
685 2279 842 2341 sicut
871 2279 1061 2341 etiam
1094 2280 1176 2341 ab
1203 2280 1309 2341 illo
1347 2279 1763 2344 denominan-

192 2379 296 2433 tur
320 2371 508 2432 liberi
537 2374 602 2433 et
625 2371 909 2434 studiosi.
943 2371 1181 2434 Deinde
1211 2391 1502 2452 suppono
1525 2391 1762 2436 sermo-

189 2481 340 2526 nem
371 2481 514 2526 esse
541 2465 623 2526 de
653 2464 970 2526 voluntate
1000 2465 1276 2528 humana
1305 2468 1569 2546 Christi,
1611 2486 1759 2530 nam

187 2560 485 2621 voluntas
509 2559 722 2622 divina
749 2577 874 2620 non
903 2565 997 2621 cst
1027 2579 1226 2641 capax
1253 2562 1460 2625 meriti
1489 2609 1505 2636 ,
1551 2569 1617 2625 ut
1644 2579 1761 2642 per

189 2671 262 2716 se
295 2659 570 2727 constat,
609 2659 674 2716 et
707 2671 872 2732 soepe
899 2654 1136 2716 dictum
1163 2663 1274 2718 est.

268 2750 332 2810 2.
379 2747 566 2808 Retio
607 2763 756 2808 vero
797 2747 1125 2808 dubitandi
1165 2748 1230 2807 in
1267 2749 1385 2808 hac
1417 2751 1759 2827 quaestione

191 2847 327 2917 est,
369 2840 522 2919 quia
557 2839 738 2900 radix
780 2839 968 2900 totius
997 2839 1198 2900 meriti
1237 2841 1407 2918 apud
1437 2843 1628 2904 Deum
1665 2849 1760 2906 est

191 2935 506 3006 charitas,
537 2939 602 2995 et
643 2949 821 2993 amor
867 2932 1064 3012 ipsius
1103 2933 1252 3006 Dei;
1297 2935 1395 2996 hic
1437 2941 1650 2996 autem
1692 2938 1756 2999 in

191 3029 420 3090 Christi
443 3025 770 3090 voluntate
799 3045 929 3090 non
955 3029 1161 3107 potuit
1193 3045 1332 3090 esse
1359 3031 1751 3108 meritorius,

187 3123 339 3202 qnia
363 3139 498 3183 nan
519 3127 658 3183 erat
679 3121 860 3198 liber,
891 3120 1006 3184 sed
1029 3122 1387 3183 necessario
1407 3139 1754 3202 conseque-

185 3217 382 3278 batur
401 3216 706 3277 visionem
735 3215 984 3278 beatam
1009 3233 1024 3287 ;
1069 3217 1268 3278 caruit
1289 3233 1440 3296 ergo
1463 3218 1754 3279 voluntas

185 3309 650 3389 illaipotissimo
669 3313 816 3370 actu
839 3308 1180 3384 meritorio,
1208 3315 1270 3372 et
1294 3314 1752 3390 consequenter

183 3403 443 3464 videtur*
467 3403 656 3463 etiam
687 3402 964 3462 caruisse
991 3403 1212 3464 merito
1241 3403 1310 3464 in
1329 3404 1622 3464 omnibus
1647 3421 1751 3466 ac-

185 3498 356 3560 tibus
399 3496 552 3572 suis,
593 3496 768 3577 quia,
811 3495 1128 3557 destructa
1171 3495 1384 3559 radice
1425 3501 1490 3558 et
1524 3497 1752 3560 funda-

181 3597 429 3667 ment0‚
473 3607 696 3653 caetera
743 3607 996 3670 qnoque
1041 3589 1277 3652 destrui
1323 3609 1586 3654 necesse
1629 3599 1742 3654 est.

184 3687 448 3765 Propter
463 3685 630 3746 hanc
651 3683 1076 3746 difficultatem
1097 3683 1398 3763 Theologi
1417 3686 1586 3748 varie
1607 3703 1748 3746 sen·

179 3781 368 3843 tiunt.
403 3779 670 3854 Quidam
701 3779 868 3840 enim
903 3777 1254 3840 docuerunt
1289 3776 1597 3840 Christum
1629 3780 1748 3840 Do-

179 3875 430 3936 minum
463 3891 592 3934 non
625 3873 931 3934 meruisse
971 3871 1242 3933 amando
1276 3872 1485 3952 ipsum
1517 3875 1742 3951 Deum,

179 3969 464 4049 potuisse
511 3973 724 4029 autem
767 3967 995 4029 mereri
1041 3966 1316 4028 amando
1361 3967 1740 4046 proximum,

181 4065 280 4126 vel
325 4063 452 4124 alia
489 4079 684 4142 opera
733 4061 978 4124 virtutis
1023 4061 1396 4124 exercende.
1451 4063 1543 4123 Ita
1577 4066 1752 4125 tenet

181 4163 404 4237 aperte
434 4154 740 4217 Alexand.
774 4153 1013 4227 Alcas,
1044 4157 1082 4216 3
1111 4173 1202 4234 p.‚
1231 4173 1295 4234 q.
1330 4158 1428 4228 Π,
1459 4173 1651 4218 mem.
1686 4159 1744 4230 1,

177 4250 244 4310 in
265 4249 580 4311 solatione
601 4265 968 4328 argumen.;
1001 4254 1066 4309 et
1091 4249 1261 4311 Scot.
1291 4249 1355 4308 in
1387 4250 1448 4326 3,
1473 4247 1614 4311 dist.
1645 4251 1744 4324 18,

177 4343 327 4405 licet
359 4343 527 4403 hanc
565 4341 937 4404 sententiam
977 4358 1106 4403 non
1133 4341 1390 4402 omnino
1420 4348 1742 4422 sequatur,

177 4455 310 4498 non
351 4443 565 4499 tamen
603 4453 745 4497 eam
778 4435 1117 4514 improbat.
1162 4437 1238 4497 Et
1273 4436 1432 4497 ratio
1463 4453 1599 4497 esse
1629 4453 1746 4516 po-

178 4535 304 4592 test
327 4579 342 4604 ,
377 4545 570 4609 quam
597 4528 663 4589 in
691 4528 998 4608 principio
1025 4529 1344 4608 tetigimus
1366 4575 1385 4605 ,
1424 4529 1742 4603 addenda,

177 4622 482 4685 meritum
529 4621 922 4701 singulorum
969 4627 1223 4684 actuum
1274 4623 1572 4684 virtutum
1617 4640 1746 4682 uon

179 4719 466 4798 pendere
510 4735 589 4778 ex
626 4715 852 4779 merito
885 4715 1084 4796 ipsius
1123 4721 1298 4778 actus
1326 4717 1559 4779 amoris
1599 4718 1742 4791 Dei3

183 4813 334 4892 quia
361 4811 594 4890 singuli
626 4815 801 4872 actus
833 4809 1134 4884 studiosi,
1181 4817 1242 4872 et
1271 4809 1618 4890 proesertim
1649 4828 1750 4871 su-

180 4904 645 4987 pernaturales,
671 4921 788 4985 per
805 4921 871 4966 se
891 4907 1039 4965 sunt
1058 4905 1382 4980 meritorii,
1405 4904 1750 4966 dummodo

183 5003 546 5079 supponant
582 4997 952 5059 charitatem
989 4996 1056 5056 in
1095 5005 1395 5078 operante
1422 5043 1437 5070 ‚
1479 4997 1668 5058 etiam
1699 4999 1749 5057 si

181 5111 312 5154 non
338 5097 697 5172 supponant
716 5091 1011 5152 meritum
1032 5090 1094 5150 in
1121 5091 1372 5169 proprio
1395 5098 1536 5152 actu
1557 5089 1751 5168 ipsius

183 5185 526 5249 charitatis.
542 5185 687 5246 Haec
711 5183 1022 5246 sententia
1045 5183 1228 5246 facile
1247 5181 1499 5245 defendi
1521 5189 1746 5263 potest3

183 5287 402 5342 tamen
432 5277 868 5358 imperfectum
897 5277 1234 5356 quemdam
1265 5276 1522 5338 modum
1551 5275 1750 5338 meriti

185 5373 363 5454 ponit
389 5373 457 5433 in
481 5371 724 5435 Christo
749 5417 770 5447 ,
817 5376 883 5432 et
914 5371 1094 5432 facile
1131 5375 1466 5452 superatur
1491 5369 1752 5431 difficul-

185 5474 314 5530 tate
359 5473 548 5530 tacta.
589 5465 788 5537 Quam
828 5465 882 5524 si
920 5465 1100 5528 aliter
1143 5463 1438 5544 expedire
1481 5463 1754 5543 potueri-

185 5579 352 5638 mus,
385 5577 512 5622 non
539 5565 638 5621 est
663 5577 776 5622 cur
803 5558 1043 5631 Christo
1075 5575 1376 5638 negemus
1409 5557 1750 5646 perfectum

1853 587 2025 666 quod
2062 605 2282 650 omnes
2326 587 2632 668 Theologi
2676 591 2885 653 statim
2926 595 3155 659 citandi
3197 597 3419 660 admit-

1851 688 2016 744 tunt.

1929 781 1991 840 3.
2039 778 2329 840 Secunda
2354 795 2505 858 ergo
2538 782 2851 844 sententia
2882 782 3074 860 dicit,
3103 784 3416 848 Christum

1847 873 2153 934 meruisse
2184 891 2295 952 per
2324 880 2534 936 actum
2562 875 2798 937 amoris
2820 877 2927 938 Dei
2962 877 3323 941 beatificum
3350 887 3417 942 nt

1847 967 1959 1042 sic,
1994 966 2055 1028 id
2087 972 2201 1039 est,
2240 974 2308 1028 ut
2334 967 2710 1030 terminatur
2734 971 2818 1030 ad
2846 970 3054 1049 ipsum
3076 974 3295 1034 Deum.
3327 975 3418 1036 lta

1845 1064 2020 1124 tenet
2060 1059 2533 1123 Altisiodorcns.
2563 1106 2581 1134 ,
2629 1061 2737 1122 lib.
2780 1063 2821 1124 3
2865 1064 3078 1138 Sum.‚
3122 1072 3302 1128 tract.
3352 1071 3413 1139 1,

1845 1173 1901 1216 c.
1935 1157 2011 1228 ῖς
2056 1153 2271 1230 Gabr.,
2318 1153 2461 1218 dist.
2509 1156 2611 1231 18,
2654 1171 2720 1233 q.
2754 1157 2951 1233 unie.,
2998 1161 3197 1222 concl.
3233 1163 3297 1235 2,
3342 1167 3407 1223 et

1845 1248 2013 1310 idem
2040 1247 2287 1310 videtur
2333 1247 2567 1310 sentire
2598 1249 2793 1320 Soet..
2834 1251 3092 1329 ibidem,
3134 1253 3173 1334 §
3194 1255 3265 1314 In
3294 1255 3414 1315 ista

1846 1342 2213 1422 quaestione,
2246 1359 2611 1421 quanquam
2640 1342 2705 1402 in
2732 1343 3045 1408 solutione
3079 1347 3163 1408 ad
3190 1365 3414 1410 secun-

1847 1437 1999 1496 dum
2026 1480 2041 1508 ‚
2094 1435 2475 1496 contrarium
2525 1433 2803 1497 indicare
2865 1437 3163 1502 videatur.
3216 1441 3415 1503 Tenet

1849 1530 2038 1591 etiam
2080 1527 2367 1608 Capreol.
2416 1527 2502 1588 ibi
2525 1571 2545 1603 ‚
2598 1527 2667 1588 in
2712 1528 2839 1590 fine
2896 1533 3299 1609 quaestionis,
3348 1541 3413 1597 ct

1850 1624 2163 1686 existimat
2192 1641 2333 1685 esse
2358 1623 2730 1684 sententiam
2752 1625 2825 1685 D.
2851 1625 3105 1688 Thomas
3128 1628 3235 1702 ibi,
3263 1647 3325 1710 q.
3348 1633 3407 1702 1,

1847 1724 1964 1779 art.
2004 1721 2065 1791 2,
2098 1716 2179 1779 ad
2208 1719 2270 1790 2,
2306 1715 2471 1778 etde
2503 1717 2722 1789 Ver-it„
2760 1735 2819 1796 q.
2856 1721 2957 1793 29,
2992 1725 3109 1781 art.
3142 1722 3205 1796 6,
3237 1721 3319 1782 ad
3344 1723 3405 1783 6.

1845 1811 1969 1874 Sed
1998 1811 2134 1872 haec
2163 1809 2477 1872 sententia
2504 1808 2618 1870 niti
2640 1825 2769 1870 non
2809 1817 3032 1890 potest,
3072 1812 3195 1874 nisi
3222 1813 3409 1874 alter-

1845 1911 1989 1966 utro
2030 1921 2111 1965 ex
2162 1901 2411 1964 duobus
2454 1901 2881 1967 fundamentis
2912 1947 2928 1978 ‚
2979 1906 3213 1970 scilicet
3248 1951 3267 1982 ‚
3306 1907 3411 1970 vel

1847 1998 1995 2077 qnia
2026 1997 2129 2058 ille
2158 2015 2338 2058 amor
2360 2001 2457 2059 est
2484 2003 2663 2059 actus
2690 1996 2851 2059 liber
2876 2005 2941 2060 et
2962 2017 3090 2060 non
3118 2019 3409 2062 necessa-

1843 2093 1997 2166 riuS,
2029 2091 2133 2152 vel
2158 2091 2309 2170 quia
2339 2090 2417 2150 ad
2448 2089 2741 2152 meritum
2769 2109 2895 2152 non
2930 2099 3023 2154 est
3053 2093 3408 2156 necessaria

1842 2186 2125 2248 libertas.
2169 2185 2519 2263 Utrumque
2564 2189 2777 2245 autem
2818 2185 3106 2247 existimo
3151 2186 3403 2265 falsum,

1842 2285 1913 2342 ut
1958 2279 2023 2340 in
2070 2277 2499 2358 superioribus
2544 2276 2693 2354 dixi,
2754 2283 2815 2339 et
2858 2277 3006 2340 ideo
3054 2297 3183 2340 non
3222 2281 3405 2343 video

1848 2371 2167 2452 quomodo
2195 2371 2393 2452 possit
2428 2371 2562 2434 haec
2592 2371 2901 2434 sententia
2930 2372 3081 2434 satis
3106 2374 3405 2452 probabi-

1849 2468 1990 2529 liter
2014 2465 2289 2528 defendi.

1925 2563 1987 2621 4.
2034 2560 2183 2622 Dico
2212 2575 2363 2636 ergo
2392 2558 2615 2639 primo,
2646 2557 2943 2622 habuisse
2972 2561 3282 2624 Christum
3304 2581 3405 2626 ac-

1845 2661 1976 2718 tum
2006 2655 2241 2716 amoris
2272 2653 2383 2715 Dei
2411 2653 2699 2727 liberum,
2738 2656 3307 2734 supernaturalem,
3338 2663 3405 2720 et

1843 2747 2120 2810 elicitum
2141 2765 2177 2808 a
2198 2747 2519 2820 charitate,
2550 2753 2611 2809 et
2628 2747 2710 2807 ab
2732 2765 2949 2810 amore
2966 2749 3250 2812 beatifico
3271 2751 3403 2812 dis-

1839 2843 2107 2904 tinctum
2136 2887 2152 2907 .
2193 2848 2255 2902 et
2282 2841 2387 2902 illo
2419 2846 2563 2902 actu
2590 2842 3035 2920 perfectissime
3066 2846 3395 2907 meruisse.

1841 2938 1932 2998 lta
1963 2935 2246 3015 intelligo
2284 2937 2659 2997 sententiam
2683 2937 2751 2996 D.
2788 2937 3043 2999 Thomas
3078 2939 3201 3012 hic,
3226 2940 3401 3001 solu-

1838 3031 2009 3092 tione
2037 3029 2117 3091 ad
2142 3031 2434 3109 primum,
2464 3029 2727 3092 dicentis
2756 3032 3057 3094 meruisse
3086 3031 3397 3095 Christum

1835 3141 1951 3204 per
1972 3124 2365 3198 charitatem,
2395 3141 2525 3184 non
2552 3124 2615 3184 in
2644 3129 2949 3203 quantum
2974 3132 3109 3187 erat
3130 3127 3399 3190 charitas

1835 3217 2377 3296 comprehensoris
2396 3237 2425 3291 ,·
2455 3217 2567 3278 sed
2598 3217 2664 3277 in
2706 3224 3008 3296 quantum
3040 3226 3173 3281 erat
3198 3221 3397 3281 viato-

1829 3311 1959 3387 ris3
1996 3309 2105 3369 ubi
2148 3310 2227 3370 de
2263 3310 2563 3372 charitate
2602 3310 2917 3390 loquitur,
2960 3319 3147 3391 prout
3178 3313 3395 3374 termi-

1829 3409 2019 3465 natur
2047 3403 2128 3464 ad
2157 3405 2377 3466 Deum.
2411 3404 2487 3463 Et
2510 3421 2641 3465 non
2663 3411 2869 3483 potest
2896 3406 3121 3484 exponi
3152 3405 3235 3467 de
3260 3423 3393 3469 uno

1832 3503 1894 3560 et
1922 3497 2149 3561 eodem
2174 3502 2316 3560 actu
2346 3499 2667 3560 charitatis
2696 3500 2842 3575 Dei,
2884 3504 2954 3559 ut
2984 3499 3103 3560 sub
3134 3519 3259 3562 una
3288 3519 3393 3562 ra-

1831 3591 1999 3652 tione
2042 3592 2119 3652 sit
2160 3592 2589 3667 meritorium,
2634 3599 2697 3654 et
2726 3611 2851 3654 non
2892 3591 3009 3652 sub
3037 3592 3203 3665 alia3
3240 3592 3391 3671 quia

1828 3701 1957 3744 non
1986 3690 2185 3765 potest
2217 3685 2387 3746 idem
2414 3690 2591 3746 actus
2616 3703 2883 3748 numero
2904 3729 2926 3760 ,
2970 3688 3160 3764 prout
3188 3685 3391 3747 tendit

1825 3777 1894 3837 in
1915 3777 2083 3838 idem
2106 3778 2479 3840 indivisibile
2502 3779 2839 3859 objectum,
2864 3784 3053 3858 atque
3078 3778 3261 3850 adeo,
3290 3795 3391 3840 se-

1828 3870 2106 3933 cundum
2164 3872 2453 3933 eamdem
2504 3871 2947 3934 indivisibilem
3008 3873 3338 3934 entitatem
3365 3917 3388 3949 ‚

1831 3983 1971 4028 esse
2006 3965 2169 4026 liber
2196 3971 2259 4026 et
2305 3966 2719 4040 necessarius,
2760 3966 2908 4044 quia
2944 3966 3038 4027 hae
3076 3965 3217 4027 duae
3246 3983 3390 4045 pro-

1829 4059 2129 4138 prietates
2180 4057 2511 4120 includunt
2560 4059 3117 4121 contradictionem
3158 4077 3175 4133 ς
3236 4077 3389 4139 ergo

1829 4169 1959 4214 non
1988 4158 2191 4231 potest
2218 4151 2387 4213 idem
2415 4158 2593 4214 actus
2619 4151 3011 4236 indivisibilis
3038 4167 3177 4214 esse
3200 4152 3391 4213 meri-

1829 4247 2029 4307 torius
2059 4291 2074 4318 ,
2107 4251 2177 4307 ut
2204 4251 2299 4308 est
2328 4246 2895 4327 comprehensoriS,
2936 4253 3000 4308 et
3026 4263 3177 4320 non,
3198 4251 3269 4306 ut
3294 4252 3390 4307 est

1825 4339 2099 4401 viatoris.
2156 4341 2505 4402 Praesertim
2534 4341 2682 4421 quia
2716 4339 2823 4402 ille
2850 4345 3049 4416 actus,
3082 4340 3225 4402 licet
3255 4355 3391 4401 ma·

1828 4433 2149 4512 terialiter,
2180 4439 2250 4496 ut
2276 4435 2362 4496 ita
2388 4434 2614 4510 dicam,
2656 4434 2929 4514 potuerit
2954 4433 3075 4496 dici
3104 4434 3387 4510 viatoris,

1827 4527 1977 4606 quia
1998 4527 2115 4590 fuit
2140 4529 2203 4588 in
2228 4527 2471 4590 Christo
2498 4530 2687 4590 etiam
2714 4547 2789 4590 eo
2816 4535 3099 4608 tempore
3123 4547 3249 4608 quo
3274 4528 3391 4592 fuit

1828 4621 2063 4693 viator,
2100 4620 2447 4683 formaliter
2480 4629 2689 4684 autem
2726 4623 2978 4702 proprie
3016 4639 3143 4683 non
3184 4628 3393 4702 potest

1831 4713 1954 4775 dici
1982 4714 2359 4793 pertinuisse
2388 4715 2466 4776 ad
2496 4715 2805 4777 Christum
2834 4717 3265 4792 utviatorem3
3300 4717 3392 4776 in-

1828 4805 2209 4885 telligendus
2252 4825 2404 4886 ergo
2450 4815 2545 4870 est
2584 4811 2657 4871 D.
2701 4811 2926 4872 Thom.
2968 4809 3047 4870 de
3088 4809 3391 4870 charitate

1833 4905 2135 4979 operante
2187 4917 2301 4980 per
2346 4901 2623 4964 diversos
2664 4909 2841 4966 actus
2868 4948 2884 4977 ‚
2933 4920 3202 4982 quorum
3236 4902 3393 4965 alter

1833 4993 2239 5072 consequitur
2264 4994 2572 5056 visionem
2600 4997 2853 5057 beatam
2884 5041 2901 5070 ‚
2939 5002 3002 5057 et
3031 5002 3101 5058 ut
3124 4997 3213 5058 sic
3242 4995 3395 5057 dici-

1832 5094 1935 5149 tur
1967 5087 2236 5148 charitas
2264 5089 2805 5167 comprehensoris
2824 5131 2843 5163 ,
2886 5089 3049 5150 alter
3081 5107 3229 5150 vero
3258 5107 3396 5150 ver-

1835 5186 2009 5243 satur
2036 5182 2201 5244 circa
2225 5184 2448 5257 Deum,
2478 5187 2549 5242 ut
2572 5183 2896 5261 cognitum
2926 5199 3039 5261 per
3066 5182 3396 5244 scientiam

1834 5277 2107 5338 infusam
2130 5322 2145 5349 ,
2178 5293 2319 5355 quae
2350 5283 2421 5336 ut
2456 5277 2545 5337 sic
2574 5275 2802 5338 dicitur
2830 5275 3099 5337 charitas
3119 5321 3135 5349 ,
3166 5282 3237 5336 ut
3266 5275 3399 5336 via-

1833 5373 2008 5434 toris.
2042 5373 2117 5433 Et
2144 5373 2434 5433 eamdem
2465 5373 2839 5434 sententiam
2868 5370 3101 5432 indicat
3128 5372 3201 5432 D.
3234 5371 3398 5430 Tho-

1834 5483 1971 5526 mas
1998 5465 2181 5543 infra,
2225 5483 2287 5546 q.
2319 5467 2420 5537 34,
2466 5471 2580 5526 art.
2614 5465 2675 5537 3,
2722 5465 2826 5525 ubi
2856 5463 3059 5542 inquit
3083 5462 3397 5524 Christum

1834 5560 2027 5623 fuisse
2058 5558 2511 5626 sanctificatum
2542 5558 2887 5623 secundum
2920 5555 3245 5640 proprium
3270 5573 3400 5619 mo-
