3892 6167
388 421 527 464 sum
555 402 864 474 Ecclesia),
898 401 997 460 eui
1026 400 1325 474 Ecclesia,
1364 418 1441 462 ex
1472 398 1763 480 gentibus
1794 416 1944 459 con-

391 501 672 576 gregat-a,
715 511 829 572 per
857 492 1047 554 fidem
1076 493 1455 572 desponsata
1496 495 1611 552 est.
1658 489 1783 551 Sed
1828 491 1947 550 hoc

392 589 579 650 etiam
606 585 1037 649 testimonium
1064 591 1265 665 potest
1292 585 1473 645 facile
1510 584 1590 645 de
1614 583 1821 644 Verbo
1848 599 1947 644 se·-

392 681 666 744 cundum
696 678 1083 741 divinitatem
1110 678 1395 757 intelligi,
1416 695 1779 757 quanquam
1802 695 1950 737 con·

392 773 803 836 temnendum
832 789 962 832 non
992 778 1105 832 est.
1138 772 1295 854 Sunt
1324 773 1511 833 etiam
1546 770 1779 850 optima
1810 787 1947 830 ver·-

392 868 473 928 ha
492 867 799 946 Gregorii,
822 865 934 927 tih.
960 869 989 926 1
1020 867 1200 946 Reg.,
1228 883 1283 927 6.
1310 867 1371 936 2,
1398 865 1561 926 circa
1584 864 1691 924 illa
1711 863 1941 924 verba:

391 962 541 1026 Non
587 966 677 1023 esc
726 959 890 1022 alius
932 964 1107 1020 extra
1136 963 1191 1022 te
1220 983 1242 1019 .·
1284 957 1693 1032 δηόατιιίἱιαν,
1722 956 1945 1036 inquit,

392 1059 661 1128 sanetus,
710 1050 853 1133 quia
897 1051 1101 1114 nullus
1144 1051 1447 1112 hominum
1486 1067 1669 1130 raeque
1695 1047 1951 1126 Ληθαίο-

391 1166 525 1210 rum
558 1150 805 1210 canotus
846 1149 974 1217 est,
1006 1146 1133 1206 nisi
1160 1163 1269 1224 per
1300 1144 1637 1208 Christum.
1682 1142 1759 1202 Et
1788 1141 1951 1202 infra

392 1239 561 1313 dicit,
596 1246 725 1300 tam
754 1237 1027 1315 Angelos
1050 1255 1239 1317 quam
1274 1237 1559 1298 homines
1590 1253 1729 1298 esse
1770 1253 1954 1296 sanc·

392 1331 659 1394 tificatos
688 1332 753 1391 in
786 1331 967 1402 Filio;
994 1349 1129 1392 rem
1158 1348 1308 1392 vero
1354 1330 1556 1410 magis
1596 1329 1946 1403 1166161666,

396 1425 605 1487 addit:
632 1425 724 1488 Et
758 1423 901 1504 quia
941 1425 1304 1504 Uniyenitua
1340 1423 1457 1486 Dei
1491 1423 1655 1486 Deus
1696 1427 1827 1496 est,
1852 1441 1953 1486 ex·

393 1523 497 1584 tra
522 1537 653 1580 eum
684 1535 801 1580 non
829 1523 921 1580 est
962 1517 1215 1596 aliquis,
1243 1517 1391 1598 quia
1416 1533 1581 1578 ramo
1610 1515 1950 1601 electorum,

392 1614 518 1674 nisi
544 1615 613 1674 in
638 1615 773 1692 ipso
800 1618 915 1683 est,
952 1613 1107 1692 quod
1141 1613 1231 1673 sio
1254 1613 1527 1688 refertur
1556 1611 1639 1674 ad
1662 1611 1955 1674 divinita-

395 1710 509 1768 tem
542 1707 693 1786 ejus,
718 1709 788 1768 ut
816 1721 1189 1786 nequaquam
1218 1703 1584 1768 intellectum
1612 1703 1956 1767 humanita-

395 1800 479 1862 tis
514 1803 770 1861 evacuet.
806 1798 1119 1858 Hactenus
1160 1795 1501 1875 Gregorius
1524 1840 1540 1869 ‚
1584 1795 1693 1856 uhi
1736 1804 1952 1874 aperte

393 1891 673 1970 loquitur
694 1889 773 1952 de
798 1887 1091 1950 omnibus
1108 1889 1321 1950 electis
1354 1889 1713 1950 hominibus
1740 1896 1802 1950 61
1827 1890 1954 1948 An-

398 1985 573 2066 gelis,
603 1989 673 2044 ut
702 1989 875 2062 patet
908 2001 987 2042 ex
1014 1982 1119 2042 illa
1149 1982 1383 2044 causali
1410 1986 1473 2043 et
1502 1977 1835 2044 universali
1866 1984 1954 2044 lo·

394 2077 643 2138 cutione
676 2091 695 2136 ε
726 2076 881 2150 Quia
921 2076 1280 2158 Unigenitus
1308 2077 1473 2138 Deus
1502 2082 1625 2150 ost,
1656 2083 1831 2138 extra
1872 2077 1958 2138 iz-

396 2171 518 2234 lum
556 2186 678 2231 non
726 2175 813 2232 est
854 2169 1083 2250 aliquis
1106 2213 1123 2243 ,
1172 2169 1429 2242 scilicet,
1477 2185 1685 2248 neque
1736 2169 1952 2244 homo,

396 2281 603 2342 neque
648 2261 958 2342 Angelus3
992 2261 1163 2342 quod
1206 2279 1356 2340 ergo
1398 2262 1646 2338 subdit,
1684 2262 1769 2322 ita
1812 2281 1956 2324 esse

394 2357 513 2418 1166
542 2355 621 2417 de
654 2354 975 2418 divinitate
1004 2354 1512 2434 intelligendum,
1567 2357 1631 2414 111
1670 2355 1960 2414 humani-

394 2456 491 2512 tas
518 2467 647 2510 non
678 2448 1067 2522 excludatur,
1082 2448 1161 2508 de
1196 2447 1487 2508 omnibus
1516 2447 1707 2508 etiam
1736 2448 1960 2508 intelli-

399 2543 511 2624 git.
542 2542 721 2614 Quod
750 2541 939 2602 etiam
966 2540 1300 2602 confirmat
1320 2539 1475 2601 ratio
1503 2558 1695 2618 quam
1721 2540 1956 2616 subdit,

396 2638 541 2718 quia
560 2636 696 2696 sine
712 2633 837 2694 fide
852 2633 1071 2695 Christi
1088 2634 1301 2694 nultus
1316 2634 1613 2709 salvatur,
1634 2634 1803 2712 quod
1822 2639 1952 2695 tam

396 2730 477 2792 de
503 2727 763 2808 Angelis
790 2744 978 2806 quarn
1006 2726 1085 2787 de
1102 2726 1463 2787 hominibus
1491 2745 1709 2787 verum
1738 2727 1947 2788 habel.

396 2821 493 2884 Ad
524 2821 815 2882 eumdem
853 2819 1111 2880 modum
1144 2819 1421 2898 loquitur
1456 2819 1623 2880 idem
1664 2821 1952 2899 Gregor„

397 2914 570 2979 hom.
614 2915 689 2974 ⁴4
726 2912 793 2974 in
825 2912 1129 2974 Ezechiel.
1152 2957 1167 2984 ,
1196 2929 1519 2992 exponens
1548 2913 1651 2972 illa
1680 2913 1871 2974 verba
1896 2933 1951 2974 c.

398 3009 512 3069 40:
542 3009 629 3069 Ec
645 3024 765 3069 ecce
782 3022 995 3068 murus
1018 3005 1439 3082 forinsecus’gin
1458 3005 1719 3068 circuitu
1748 3007 1957 3070 domus

398 3100 676 3180 undique.
712 3097 828 3162 Ubi
862 3098 951 3158 sic
992 3099 1196 3178 inquit
1232 3116 1246 3158 :
1292 3098 1655 3180 Uniqenitus
1688 3099 1905 3162 Patris
1928 3141 1954 3174 ,

399 3195 505 3275 qui
548 3209 791 3255 mersum
822 3197 911 3254 est
940 3192 1210 3268 firmitas
1256 3191 1652 3270 Armatur-nm,
1696 3193 1958 3270 inferius

397 3291 600 3363 factus
628 3291 717 3348 est
744 3285 1053 3346 hominum
1093 3285 1437 3363 redemptio.
1468 3284 1643 3355 Quod
1673 3284 1817 3346 licet
1844 3303 1956 3348 ex·-

401 3378 549 3457 poni
578 3377 772 3457 possit
794 3377 873 3438 de
888 3376 1129 3438 Christo
1159 3377 1505 3438 secundum
1535 3379 1815 3440 diversas
1842 3397 1960 3440 na-

400 3477 589 3544 turas,
622 3478 837 3532 tamen
864 3469 999 3550 ipse
1032 3471 1201 3550 loqui
1236 3470 1482 3532 videtur
1522 3471 1601 3532 (16
1631 3491 1813 3534 muro
1848 3491 1958 3534 ex·

402 3565 690 3638 trinseco,
724 3581 916 3644 quem
960 3563 1201 3626 dixerat
1248 3583 1385 3626 esse
1429 3566 1707 3627 Verbum
1752 3566 1960 3628 incar-

402 3661 641 3720 natum.
687 3657 979 3719 Laurent.
1022 3657 1207 3719 etiam
1234 3656 1568 3719 Justinian.
1593 3704 1610 3733 ,
1648 3677 1837 3720 serm.
1880 3661 1960 3722 de

402 3749 805 3822 Ascensione,
836 3747 1008 3825 dicit,
1036 3747 1347 3812 Christum
1387 3749 1620 3812 factum
1651 3771 1791 3814 csse
1830 3752 1962 3818 An-

398 3843 666 3924 yelorum
688 3841 979 3924 pao-iacent
1018 3847 1075 3905 et
1100 3844 1425 3905 hominum.
1460 3845 1533 3906 Et
1562 3846 1627 3906 in
1656 3865 1845 3908 serm.
1879 3847 1960 3910 de

402 3937 845 4016 Assumptione
874 3937 944 3998 B.
976 3935 1261 4016 Virginis,
1287 3935 1364 4000 de
1392 3937 1557 4001 illius
1580 3940 1806 4002 eximia
1828 3941 1964 4022 glo-

400 4029 489 4090 ria
518 4029 713 4090 verba
746 4029 1011 4106 faciens,
1041 4030 1209 4092 inter
1233 4031 1355 4092 alia
1384 4033 1737 4111 sieiuquit:
1769 4034 1964 4096 Nemo

400 4121 701 4184 invidebat
724 4123 845 4197 illi,
877 4123 1159 4202 quoniam
1187 4125 1259 4187 ab
1288 4126 1417 4203 ejus
1444 4126 1729 4205 beneficiis
1756 4128 1964 4192 nullus

399 4213 809 4277 inveniebatur
842 4215 1151 4291 immunis,
1185 4220 1427 4294 fructus
1472 4220 1685 4301 quippe
1726 4221 1960 4284 ventris

400 4307 535 4386 ejus
558 4307 865 4370 civitatem
894 4308 1069 4370 illam
1100 4308 1432 4388 repleverat
1467 4312 1803 4375 sanctitate.
1834 4315 1958 4374 Ru-

351 4471 357 4476 ,
403 4405 561 4478 pert.
591 4398 805 4472 etiam,
836 4399 945 4460 lib.
972 4403 1010 4464 3
1040 4400 1121 4462 de
1147 4403 1422 4464 ProcesS.
1466 4403 1677 4483 Spirit.
1714 4406 1954 4482 sanct„

402 4511 459 4552 6.
488 4493 585 4565 21,
608 4489 705 4569 cuj
718 4509 789 4551 us
822 4493 1199 4556 sententiam
1227 4493 1351 4556 late
1381 4496 1782 4558 tractavimus
1804 4515 1867 4577 q.
1895 4502 1956 4573 1,

402 4589 519 4645 611.
540 4585 610 4645 3.

482 4679 541 4738 6.
588 4676 814 4757 Anqeli
840 4679 909 4742 in
934 4678 1033 4742 via
1061 4679 1395 4743 habuerunt
1406 4684 1585 4762 fidem
1616 4685 1963 4751 Christi.—

401 4770 635 4844 Terti0,
674 4771 977 4850 probatur
1004 4773 1318 4834 conclusio
1348 4777 1692 4839 rationibus
1722 4785 1785 4840 et
1812 4798 1962 4842 con-

396 4863 687 4940 jecturis:
732 4864 879 4942 quia
927 4865 1094 4926 Deus
1137 4867 1421 4945 prtevidit
1468 4873 1689 4932 merita
1740 4874 1963 4934 Christi

403 4958 575 5036 prius
604 4975 797 5036 quam
832 4959 1097 5038 gratiam
1128 4961 1223 5022 vel
1258 4963 1521 5042 gloriam
1552 4967 1958 5046 Angelorum,

395 5053 575 5132 juxta
604 5051 889 5113 ordinem
924 5054 1487 5134 praedestinationis
1516 5059 1735 5121 Christi
1768 5080 1960 5141 supra

402 5164 439 5205 a
496 5141 676 5205 nobis
732 5146 1107 5226 explicatum
1142 5167 1157 5221 ;
1212 5167 1362 5230 ergo
1428 5152 1812 5216 credendum
1866 5163 1961 5218 est

400 5238 601 5300 Deum
628 5238 952 5302 ordinasse
980 5243 1201 5303 Christi
1226 5243 1450 5304 merita
1472 5243 1555 5306 ad
1577 5245 1745 5306 hunc
1776 5249 1963 5311 effec-

402 5339 556 5408 tum,
598 5335 1113 5418 quandoquidem
1153 5336 1288 5417 ipsa
1331 5339 1652 5402 habebant
1688 5342 1962 5406 valorem

402 5433 463 5488 et
492 5427 981 5509 condignitatem
1009 5430 1089 5492 611
1113 5431 1281 5494 hune
1310 5433 1621 5512 effectam,
1662 5441 1720 5498 et
1750 5437 1827 5500 ad
1856 5439 1965 5501 ho-

1644 299 1877 362 QUAEST.
1916 299 2045 352 xlx.
2081 297 2224 352 ΛΒΤ.
2261 299 2342 352 lv.

2029 415 2248 461 norem
2285 395 2504 459 Christi
2547 395 2899 477 pertinebat
2944 403 3012 458 111
3061 413 3176 474 per
3219 399 3461 458 merita
3507 413 3626 454 6116

2025 493 2291 558 haberet
2325 493 2622 554 effectum
2669 489 2884 570 gratim
2927 497 2990 551 et
3043 489 3258 569 gloriae
3305 491 3520 550 etiam
3557 489 3624 547 in

2026 585 2313 665 Angelis;
2349 603 2424 646 ac
2446 583 2714 662 denique
2737 585 2857 644 1166
2882 581 3072 644 modo
3097 583 3305 662 magis
3332 579 3630 644 ostendi-

2027 683 2132 741 tur
2157 678 2434 758 perfecta
2473 677 2630 738 ratio
2665 676 2920 755 justitioe
2959 683 3022 736 et
3058 671 3532 736 misericordiae
3567 673 3630 732 in

2027 773 2148 836 1166
2189 771 2398 834 divino
2433 788 2623 850 opere
2663 771 2745 831 de
2785 769 3280 830 sanctificatione
3317 771 3384 828 et
3415 765 3632 845 gloria

2031 867 2437 946 Angelorum.
2481 863 2797 936 Secunde,
2831 863 2978 940 quia
3007 863 3288 942 optimus
3319 861 3499 924 ordo
3533 877 3636 920 re-

2030 977 2174 1022 rum
2198 959 2474 1038 postulat
2503 963 2572 1020 ut
2593 957 2828 1029 omnia,
2855 975 2994 1035 quse
3018 960 3169 1016 sunt
3195 955 3397 1016 611166
3427 969 3640 1034 gene-

2033 1055 2140 1125 116,
2179 1057 2556 1115 revocentur
2592 1051 2658 1111 in
2693 1067 2888 1112 unam
2933 1067 3192 1110 causam
3231 1050 3302 1109 16
3345 1047 3476 1108 1110
3521 1063 3638 1126 ge-

2033 1163 2208 1219 nere,
2237 1146 2448 1226 quoad
2473 1145 2608 1206 fieri
2639 1143 2853 1224 possit.
2883 1145 3040 1205 Item
3065 1144 3130 1204 in
3155 1161 3286 1203 uno
3314 1157 3636 1224 corpore,

2033 1260 2160 1320 quo
2186 1239 2387 1319 major
2411 1245 2506 1300 est
2529 1239 2832 1299 connexio
2861 1238 3140 1296 omnium
3167 1233 3638 1296 membrorum

2033 1351 2178 1396 6661
2207 1333 2434 1412 capite,
2458 1350 2533 1394 eo
2569 1338 2665 1393 est
2693 1329 3050 1392 constitutio
3081 1329 3478 1408 pei-fection
3527 1325 3642 1386 sed

2035 1428 2256 1506 Angeli
2289 1429 2351 1488 et
2377 1425 2663 1486 homines
2697 1423 3081 1486 conveniunt
3107 1424 3174 1482 in
3205 1439 3340 1482 uno
3377 1437 3640 1500 genere

2035 1523 2275 1603 gratiae,
2309 1525 2370 1582 et
2394 1525 2539 1581 sunt
2565 1518 2850 1580 membra
2875 1518 3062 1578 unius
3083 1515 3376 1598 corporis
3403 1515 3642 1575 Eccle-

2037 1619 2168 1689 siae,
2203 1617 2384 1695 cujus
2415 1614 2695 1676 Christus
2742 1619 2836 1674 est
2869 1619 3102 1692 caput3
3134 1627 3290 1690 ergo
3323 1609 3458 1670 erit
3493 1627 3642 1688 per·

2031 1710 2254 1772 tectior
2300 1714 2362 1769 et
2410 1705 2880 1770 convenientior
2919 1704 3109 1778 ordo,
3165 1705 3220 1764 si
3247 1709 3481 1764 totum
3517 1703 3642 1761 hee

2033 1821 2262 1884 corpus
2289 1801 2522 1863 habeat
2548 1817 2748 1861 unum
2775 1797 3152 1878 principium
3183 1803 3246 1857 et
3269 1811 3500 1858 unum
3531 1813 3641 1855 ca-

2032 1903 2168 1977 put,
2200 1913 2314 1976 per
2339 1895 2518 1973 cujus
2543 1893 2852 1954 influxnm
2882 1891 3094 1952 omnia
3117 1890 3289 1952 illius
3321 1887 3640 1948 membra

2034 1991 2224 2054 vitam
2247 1994 2311 2050 et
2334 1987 2720 2067 spiritualem
2745 2001 3004 2046 sensum
3023 1983 3440 2062 participent.
3479 1982 3640 2052 Quae

2033 2084 2193 2145 ratio
2223 2081 2705 2142 fundamentum
2737 2077 2930 2140 habet
2949 2122 2970 2154 ‚
3009 2084 3076 2138 ut
3107 2077 3258 2151 dixi,
3295 2075 3363 2136 in
3395 2075 3642 2146 Paulo,

2035 2176 2116 2236 ad
2143 2173 2300 2254 Eph.
2333 2177 2394 2234 4.
2427 2173 2500 2234 Et
2517 2173 2724 2250 juvari
2749 2177 2954 2250 potest
2982 2170 3102 2230 illis
3125 2169 3476 2250 principiis
3507 2186 3646 2228 me·

2037 2268 2378 2348 taphysicis
2411 2285 2428 2326 ι
2477 2265 2790 2344 Quidquid
2835 2270 2932 2326 est
2967 2263 3090 2324 tale
3123 2281 3240 2343 per
3269 2261 3648 2342 participa-

2039 2363 2300 2433 tionem,
2331 2363 2661 2421 revocatur
2683 2357 2876 2429 adid,
2901 2355 3070 2435 quod
3097 2362 3194 2416 est
3217 2373 3335 2436 per
3365 2373 3446 2415 se
3475 2356 3638 2424 tale3

2041 2454 2318 2518 Christus
2358 2458 2571 2513 autem
2615 2451 2788 2512 solus
2815 2457 2909 2511 est
2937 2467 3052 2529 per
3077 2467 3146 2510 se
3175 2455 3402 2527 gratus
3431 2467 3456 2520 3
3507 2449 3648 2508 An-

2041 2548 2166 2627 geli
2215 2563 2364 2608 vero
2417 2563 2528 2624 per
2575 2541 3158 2624 participationem}
3213 2548 3276 2604 61
3333 2541 3504 2604 11166
3561 2541 3650 2601 ad

2038 2641 2359 2704 Christum
2401 2645 2776 2700 revocantur
2794 2683 2815 2713 ‚
2853 2644 2924 2699 ut
2950 2637 3032 2698 ab
3058 2636 3166 2697 illo
3201 2641 3264 2697 et
3289 2653 3414 2716 per
3443 2635 3652 2695 illum

2039 2733 2308 2815 gratiam
2339 2731 2685 2794 obtineant.
2717 2733 2894 2804 Item,
2918 2731 3066 2810 quia
3086 2727 3254 2809 quod
3276 2735 3380 2791 est
3397 2747 3650 2810 supre-

2037 2845 2212 2888 mum
2238 2828 2304 2888 in
2331 2845 2458 2888 uno
2481 2843 2736 2907 genere,
2767 2830 2863 2887 est
2891 2843 3076 2886 causa
3097 2829 3530 2896 caeterorum,
3565 2841 3648 2883 eo

2039 2921 2227 2984 modo
2257 2940 2382 3002 quo
2409 2939 2548 2983 esse
2575 2924 2814 3000 potest;
2849 2917 3130 2981 Christus
3153 2922 3374 2978 autem
3397 2923 3510 2977 est
3539 2937 3654 2977 su-

2038 3033 2294 3096 premus
2331 3015 2400 3076 in
2439 3031 2674 3092 genere
2711 3011 2928 3092 gratiae
2952 3055 2972 3088 ‚
3019 3017 3082 3072 61
3115 3011 3260 3072 ideo
3293 3019 3394 3072 est
3423 3029 3648 3070 661166

2039 3107 2255 3187 gratiae
2286 3107 2669 3186 Angelorum
2707 3105 2914 3166 finalis
2934 3148 2950 3177 ,
2983 3103 3362 3183 exemplaris
3392 3109 3467 3165 et
3499 3123 3644 3164 me·

2037 3201 2252 3263 ritoria
2285 3221 2302 3275 ;
2351 3199 2644 3262 omnibus
2680 3198 2848 3260 enim
2878 3197 2978 3258 his
3005 3196 3209 3256 modis
3237 3213 3380 3256 esso
3411 3201 3650 3276 potest

2041 3299 2104 3356 61
2144 3293 2344 3355 decet.
2393 3293 2624 3364 Tertio,
2676 3289 2940 3352 conficio
2985 3293 3442 3368 argumentum
3505 3308 3644 3368 quo

2041 3407 2254 3468 supra,
2297 3388 2360 3448 in
2401 3387 2584 3448 simili
2627 3383 2972 3464 quaestione
3018 3383 3096 3445 de
3141 3383 3387 3464 justitia
3435 3383 3642 3452 Adae,

2039 3499 2192 3543 usus
2221 3497 2384 3554 sum,
2409 3497 2557 3540 nam
2586 3477 2807 3558 Angeli
2827 3477 2900 3538 in>
2921 3482 3079 3538 statu
3106 3479 3224 3538 viae
3252 3477 3646 3536 habuerunt

2041 3576 2232 3637 tidem
2275 3574 2498 3638 Christi
2541 3573 2826 3646 Domini;
2861 3590 3012 3652 ergo
3065 3591 3178 3651 per
3221 3589 3368 3632 eam
3421 3571 3642 3632 fidem

2040 3670 2250 3731 vivam
2277 3667 2643 3729 sanctificati
2683 3671 2864 3737 sunt3
2903 3683 3051 3746 ergo
3082 3683 3195 3746 per
3227 3665 3462 3726 Christi
3493 3685 3644 3725 me-

2041 3763 2160 3822 rita
2189 3761 2583 3822 sanctitatem
2615 3767 2678 3822 et
2708 3759 2973 3838 gloriam
3003 3757 3439 3820 obtinuerunt.
3505 3761 3644 3820 Au-

2042 3855 2342 3920 tecedens
2371 3862 2466 3916 est
2493 3855 2804 3915 sententia
2833 3855 2906 3914 D.
2937 3853 3163 3913 Thom.
3189 3899 3209 3929 ,
3253 3857 3273 3912 t
3311 3857 3487 3930 part.
3505 3897 3530 3928 ,
3567 3873 3638 3932 q.

2043 3951 2144 4022 64,
2193 3955 2307 4009 art.
2360 3950 2416 4022 1,
2464 3945 2548 4008 611
2581 3949 2659 4020 43
2705 3953 2768 4010 61
2801 3945 3111 4024 colligitur
3149 3946 3304 4007 satis
3332 3945 3518 4006 clare
3557 3963 3640 4006 ex

2044 4042 2420 4121 Augustino,
2459 4041 2568 4101 lib.
2601 4043 2638 4103 5
2667 4041 2895 4102 Genes.
2931 4040 3158 4112 adlit..
3190 4057 3247 4101 c.
3283 4043 3360 4102 19
3389 4056 3412 4117 ;
3447 4045 3524 4099 61
3558 4059 3640 4100 ex

2047 4135 2392 4210 Bernard0,
2423 4151 2612 4196 serm.
2649 4137 2726 4196 27
2756 4136 2818 4195 in
2850 4135 3103 4196 Cantica
3137 4151 3154 4212 3
3207 4141 3272 4195 et
3300 4133 3641 4212 significat

2039 4231 2372 4307 Rupertus,
2416 4226 2528 4288 lib.
2559 4227 2598 4288 8
2627 4227 2690 4286 in
2717 4228 2929 4301 Joan.,
2969 4228 3136 4288 circa
3172 4225 3396 4302 finem,
3431 4243 3639 4305 expo-

2039 4339 2202 4384 nens
2228 4321 2420 4384 verba
2450 4321 2556 4382 illa
2583 4323 2767 4383 Joan.
2792 4323 2832 4383 8
2865 4340 2878 4381 :
2911 4321 3033 4384 ale
3055 4321 3364 4384 homicida
3391 4329 3530 4383 erat
3557 4322 3636 4383 ab

2039 4417 2246 4480 initio.
2285 4417 2362 4478 Et
2403 4416 2765 4478 confirmari
2805 4421 3012 4496 potest
3044 4433 3122 4476 ex
3163 4415 3352 4477 dictis
3400 4435 3630 4496 supra,

2039 4529 2101 4589 q.
2137 4513 2194 4584 1,
2233 4514 2350 4570 611.
2405 4513 2466 4584 3,
2517 4510 2718 4571 Adam
2771 4511 2834 4570 in
2882 4515 3046 4571 61616
3093 4509 3478 4570 innocentiae
3515 4511 3632 4570 116-

2039 4603 2252 4664 buisse
2282 4603 2446 4664 116116
2476 4601 2668 4664 fidem
2694 4624 2712 4680 3
2746 4603 2971 4664 eadem
3010 4603 3184 4664 enim
3229 4609 3326 4664 est
3355 4603 3628 4664 omnino

2041 4696 2224 4757 ratio.
2277 4695 2435 4756 Item
2491 4695 2638 4774 quia
2687 4695 2960 4756 dubitari
3016 4714 3142 4754 non
3197 4701 3414 4774 potest
3460 4698 3628 4774 quin

2044 4789 2243 4851 666611
2273 4789 2491 4868 Angeli
2521 4789 2778 4850 videant
2816 4789 2880 4850 in
2910 4787 3114 4850 Verbo
3163 4789 3630 4850 incarnationis

2047 4883 2436 4962 mysterium,
2485 4888 2554 4944 nt
2594 4899 2815 4944 omnes
2850 4881 3148 4962 Theologi
3197 4881 3435 4944 docent
3470 4901 3630 4942 eum

2045 4976 2310 5055 August.
2319 5021 2337 5051 ,
2363 4975 2473 5035 lib.
2501 4977 2542 5036 9
2565 4975 2767 5052 civit„
2802 4993 2936 5054 cap.
2965 4977 3033 5036 21
3065 4989 3092 5054 ;
3126 4993 3282 5054 ergo
3312 4975 3627 5037 verisimi-

2042 5066 2164 5128 lius
2210 5075 2305 5130 est
2361 5067 2516 5128 illud
2561 5067 2736 5148 prius
2790 5067 3124 5130 credidisse
3175 5069 3240 5128 in
3293 5071 3394 5130 vIa
3420 5089 3436 5142 ;
3465 5069 3628 5130 fidei

2043 5161 2213 5222 enim
2266 5161 2608 5241 respondet
2650 5163 2831 5238 visio,
2885 5168 2944 5223 et
2998 5161 3470 5242 quodammodo
3523 5169 3624 5224 est

2043 5255 2584 5335 proportionatum
2635 5253 2804 5316 illius
2851 5256 3168 5330 1116111661,
3223 5275 3340 5318 666
3376 5273 3624 5318 acc-om-

2045 5347 2299 5410 modata
2342 5347 2666 5429 dispositio
2712 5355 2822 5410 aut
2858 5349 2956 5410 via
2991 5349 3072 5410 ad
3105 5349 3280 5410 illam
3313 5349 3622 5412 obtinen-

2047 5439 2216 5504 dam.
2270 5441 2345 5504 Et
2386 5441 2526 5505 ideo
2569 5441 2797 5505 decent
2838 5441 3158 5520 Theologi‚
3206 5442 3497 5504 homines
3537 5459 3618 5502 ea
