3892 6167
1494 312 1685 375 tant-:x
1716 320 1949 377 uitauit.

162 423 327 477 Licet
342 421 726 477 convenienter
746 426 823 477 tot
835 421 1035 475 seculis
1052 418 1240 481 dilata,
1258 432 1371 473 non
1388 423 1569 473 tamen
1588 420 1679 473 de-

166 499 297 551 buit
328 498 385 551 in
421 498 585 551 linem
620 496 813 551 mundi
836 496 1065 561 differri,
1088 498 1145 550 d.
1174 502 1221 557 6,
1250 509 1293 547 s.
1318 500 1366 545 2.

100 574 513 628 incarnationis
543 573 813 626 terminus
842 572 1063 639 duplex,
1094 572 1395 625 terminans
1427 574 1481 623 et
1504 571 1679 623 resul-

170 658 319 713 tanS,
344 651 399 705 d.
425 656 473 712 7,
500 665 545 705 s.
572 656 621 699 1.

164 730 263 779 Est
296 727 441 781 actio
470 726 672 779 realem
704 724 1001 779 terminum
1034 724 1358 791 producens,
1384 724 1460 775 ib.

166 804 305 868 Ejus
342 801 611 855 terminus
638 802 969 866 adaequatus,
988 808 1069 853 est
1088 803 1228 855 Deus
1262 801 1443 861 homo,
1463 801 1565 853 hoc
1584 803 1679 862 cst,

166 878 554 931 substantialis
574 889 670 931 seu
691 876 980 929 individua
998 876 1249 942 quaedam
1270 875 1587 938 substantia,
1605 875 1679 927 ib.

101 955 425 1009 incarnatio
474 960 553 1007 est
598 953 735 1008 unio
779 967 907 1007 vera
952 960 1005 1007 et
1054 954 1233 1019 realis,
1283 951 1683 1018 ineffabilisque

165 1032 378 1084 Christi
410 1030 505 1083 Dei
542 1029 781 1083 hominis
808 1029 1149 1097 compositio,
1176 1030 1227 1083 d.
1260 1034 1307 1093 8,
1342 1043 1386 1083 s.
1418 1032 1465 1081 1.

102 1107 427 1161 incarnatio
472 1107 529 1159 in
584 1119 643 1159 re
692 1105 877 1171 aliquo
924 1106 1087 1161 modo
1138 1106 1370 1159 includit
1414 1105 1685 1159 actionem

166 1183 559 1251 productivam
592 1184 973 1247 humanitatis;
998 1184 1217 1249 proprie
1238 1188 1419 1237 tamen
1449 1182 1581 1237 etin
1616 1183 1689 1236 ri-

166 1272 307 1327 gore
340 1260 480 1313 actio
508 1259 723 1313 unitiva
753 1264 849 1323 est,
876 1271 989 1313 non
1018 1259 1337 1325 productiva
1364 1258 1597 1323 alicujus
1622 1272 1687 1311 ex

168 1336 457 1401 extremis,
494 1335 567 1389 ib.

167 1415 257 1465 Est
278 1410 659 1466 substantialis
678 1411 812 1465 unio
832 1425 929 1477 per
946 1411 1170 1466 modum
1190 1411 1602 1478 compositionis
1625 1425 1689 1465 ex

172 1494 377 1541 natura
410 1494 463 1541 et
489 1486 789 1553 supposito,
811 1487 1163 1540 accidentalis
1194 1500 1563 1553 nequaquam,
1588 1502 1689 1541 ne-

170 1577 283 1630 que
324 1578 391 1617 ex
426 1564 669 1631 partibus
699 1563 1088 1625 materialibus,
1120 1563 1520 1629 metaphysicis,
1550 1567 1689 1632 phy-

166 1640 337 1701 sicis,
362 1645 455 1694 aut
484 1654 548 1692 cx
580 1644 703 1691 ente
734 1644 789 1691 et
820 1638 1071 1701 essentia,
1097 1639 1151 1691 d.
1184 1644 1263 1690 10.
1288 1653 1331 1693 s.
1356 1644 1407 1693 Ξ.

106 1717 522 1771 incarnationis
555 1716 881 1781 descriptiva
907 1715 1173 1781 definitio,
1200 1716 1257 1767 d.
1288 1721 1335 1779 8,
1362 1730 1405 1771 s.
1432 1721 1480 1767 2.

108 1794 167 1845 ln
198 1794 599 1847 incarnatione
627 1804 749 1858 quae
782 1797 835 1845 et
864 1797 999 1858 quot
1031 1791 1422 1853 interveniant,
1454 1791 1528 1845 ib.

106 1870 453 1931 incarnatio,
478 1874 537 1923 ut
568 1869 729 1933 actio,
754 1868 849 1921 toti
878 1867 1129 1921 'trinitati
1158 1869 1485 1933 communiS,
1506 1883 1549 1921 s.
1574 1876 1622 1921 3.

170 1947 284 1999 Per
309 1944 741 1999 incarnationem
766 1944 963 1997 mutari
988 1944 1287 2006 humanam
1316 1950 1563 2001 naturam
1584 1956 1687 1999 ne-

174 2034 339 2075 cesse
373 2018 477 2085 est,
503 2021 579 2073 ib.

172 2097 315 2161 Quae
347 2096 574 2151 mutatio
610 2109 787 2163 neque
821 2096 881 2148 in
916 2096 1173 2162 qualitate
1191 2136 1209 2161 ,
1240 2110 1421 2163 neque
1454 2098 1511 2149 in
1556 2098 1689 2151 rela-

180 2176 340 2227 tione
368 2173 633 2237 consistit,
659 2174 734 2227 ib.

176 2250 479 2304 Terminus
521 2249 767 2303 formalis
809 2262 909 2305 seu
950 2251 1099 2316 quod
1146 2249 1569 2315 incarnationis,
1610 2256 1693 2304 est

176 2326 326 2380 unio
360 2326 691 2393 hypostatica
722 2326 779 2379 in
813 2326 1149 2381 humanitate
1179 2326 1337 2391 facta,
1366 2326 1441 2379 ib.

179 2403 479 2456 Terminus
500 2417 532 2455 a
554 2416 665 2469 quo
689 2402 1087 2457 incarnationis
1104 2410 1187 2457 est
1206 2403 1446 2457 carentia
1468 2402 1689 2457 termini

182 2480 259 2533 ad
290 2493 471 2545 quam,
499 2479 725 2533 unionis
756 2480 963 2532 scilieet
990 2480 1049 2531 in
1085 2479 1435 2542 humanitate,
1460 2486 1522 2533 ut
1552 2479 1691 2533 actio

185 2556 345 2607 enim
368 2568 481 2609 non
510 2555 675 2608 habet
704 2555 1005 2609 terminum
1028 2568 1059 2609 a
1082 2568 1193 2621 quo
1216 2556 1526 2622 positivum,
1553 2556 1625 2608 ib.

188 2630 399 2683 Sufficit
428 2632 570 2685 banc
602 2630 898 2685 carentiam
932 2631 1251 2683 antecedere
1280 2630 1557 2695 prioritate
1590 2642 1689 2683 na-

191 2712 347 2770 turae,
370 2711 431 2760 ut
460 2706 530 2759 sit
556 2704 823 2759 terminus
855 2720 889 2758 a
914 2719 1025 2772 qno
1059 2705 1472 2770 incarnationiS,
1495 2706 1571 2759 ib.

126 2781 527 2835 incarnationis
546 2794 708 2837 causa
734 2782 977 2837 efficiens
1000 2782 1324 2849 principalis
1344 2780 1695 2835 sanctissima

194 2860 449 2923 Trinitas,
485 2859 637 2917 nulla
668 2866 946 2924 creatura,
978 2858 1145 2913 etiam
1178 2859 1662 2913 instrumentaliter
1680 2900 1693 2926 ,

196 2943 572 2999 concurrente,
597 2936 653 2991 d.
677 2942 725 3000 2,
749 2950 792 2989 s.
814 2940 862 2989 4.

129 3013 283 3065 Licet
316 3013 417 3065 soli
444 3012 645 3066 divinae
681 3012 1071 3066 misericordiae
1108 3014 1212 3067 hoc
1242 3014 1571 3067 beneficium
1596 3013 1695 3066 tri-

204 3090 401 3141 buatur
424 3128 438 3153 ,
478 3089 706 3153 qualiter
746 3088 983 3155 potuerit
1024 3090 1217 3142 cadere
1258 3091 1361 3144 sub
1404 3090 1655 3143 meritum
1683 3128 1695 3153 ,

210 3178 255 3215 S.
287 3166 331 3212 6.

142 3240 571 3295 incarnationem
610 3256 767 3295 suam
806 3242 1048 3297 christus
1092 3252 1205 3297 non
1250 3242 1451 3295 meruit
1472 3282 1487 3306 ,
1522 3254 1700 3307 neque

110 3335 119 3342 ·
206 3316 322 3379 ejus
340 3316 815 3382 circumstantiam,
854 3318 929 3376 ib.

139 3392 327 3446 Nullus
354 3395 639 3448 hominum
672 3408 793 3451 eam
826 3395 895 3449 de
918 3395 1195 3463 condigno
1228 3395 1445 3459 meruit,
1472 3408 1573 3449 nec
1600 3408 1700 3462 po·

205 3468 305 3520 tuit
324 3484 356 3521 a
380 3484 516 3537 pura
544 3477 787 3524 creatura
820 3471 901 3525 sic
921 3472 1139 3534 mereri,
1174 3487 1217 3525 s,
1244 3478 1291 3524 5.

139 3545 537 3599 incarnationis
562 3545 969 3613 praedestinatio
992 3548 1227 3613 qualiter
1246 3548 1318 3601 de⁴
1342 3547 1582 3614 potentia
1600 3548 1703 3599 ab-

203 3620 377 3673 soluta
408 3622 509 3675 suh
548 3623 672 3689 puri
717 3622 959 3676 hominis
996 3623 1251 3677 meritum
1282 3624 1476 3677 cadere
1514 3621 1700 3689 possit,

202 3711 249 3747 s.
280 3704 325 3748 6.

138 3772 577 3826 incarnationem
599 3781 917 3829 meruerunt
938 3776 1150 3841 antiqui
1176 3776 1355 3829 Patres
1380 3774 1561 3841 quoad
1588 3786 1709 3826 exe-

204 3848 502 3915 cutionem,
538 3855 593 3903 et
610 3851 793 3916 quoad
818 3850 1033 3917 aliquas
1057 3851 1511 3913 circumstantiaS,
1544 3850 1621 3903 ib.

136 3927 207 3977 Et
229 3924 463 3989 qualiter
485 3927 589 3981 boc
609 3926 866 3982 meritum
882 3930 957 3982 ad
984 3928 1137 3981 iliam
1164 3926 1551 3991 necessarium,
1578 3926 1653 3979 ib.

138 4002 581 4053 incarnationem
611 4001 669 4055 in
690 4004 927 4057 Persona
946 4004 1119 4057 Patris
1146 4010 1199 4056 et
1220 4002 1345 4055 Filii
1370 4003 1567 4055 factam
1590 4012 1707 4055 esse

209 4076 439 4141 quidam
469 4076 706 4130 haeretici
734 4079 1099 4144 somniarunt,
1132 4080 1187 4132 d.
1215 4084 1295 4141 12,
1326 4092 1369 4132 s.
1394 4084 1441 4132 1.

137 4153 252 4203 Cur
276 4151 457 4218 potius
480 4152 537 4205 in
562 4154 799 4209 secunda
821 4166 1053 4221 persona
1072 4154 1231 4219 facta,
1262 4153 1337 4208 ib.

138 4229 227 4282 An
257 4228 427 4294 possit
448 4241 561 4282 una
588 4242 819 4295 persona
842 4230 963 4283 sine
991 4229 1099 4285 alia
1125 4230 1429 4295 incarnari,
1465 4230 1713 4296 disputa-

210 4309 317 4371 tur,
354 4306 429 4358 ib.

140 4382 248 4435 Per
267 4381 699 4437 incarnationem
721 4382 913 4438 divina
931 4390 1128 4439 natura
1148 4383 1257 4439 fuit
1275 4383 1431 4438 unita
1452 4380 1712 4436 humani-

208 4457 304 4510 tati
327 4458 386 4511 in
414 4470 647 4525 persona
672 4460 855 4523 Verbi,
888 4460 965 4514 ib.
1570 4466 1575 4471 '

142 4535 459 4589 incarnatio
482 4550 593 4603 qua
614 4534 827 4590 ratione
846 4550 881 4590 a
899 4537 1111 4593 Christo
1133 4550 1229 4605 per
1250 4536 1537 4592 scientiam
1560 4534 1715 4589 infu-

211 4624 327 4665 sam
348 4611 567 4680 cognita
595 4611 780 4674 suerit,
814 4612 871 4667 d.
894 4618 977 4679 27,
1008 4628 1053 4667 s.
1078 4620 1127 4665 Ξ.

212 4687 323 4740 Vde
353 4686 512 4752 Unio,
545 4687 798 4752 Persona,
826 4688 1203 4743 subsistentia.

594 4818 783 4857 tutans.
822 4818 996 4857 mus
1026 4818 1275 4859 canterus.

146 4915 417 5047 Insansdin
441 4922 596 4971 utero
616 4922 861 4971 materno
890 4922 1063 4984 potest
1084 4916 1193 4970 dici
1217 4916 1525 4969 membrum
1556 4913 1714 4967 chri·

212 4993 303 5059 sti,
381 4998 497 5057 .23,
534 5007 577 5047 s.
604 4999 651 5047 1.

146 5068 461 5122 infantibus
492 5070 550 5121 in
579 5070 755 5135 gratia
783 5067 1177 5123 decedentibus
1202 5066 1431 5122 debetur
1454 5065 1629 5133 gloria
1654 5080 1721 5120 ex

211 5145 421 5211 justitia
444 5145 671 5199 fundata
692 5146 753 5199 in
774 5144 968 5199 merito
989 5143 1204 5208 Christi,
1234 5144 1288 5195 d.
1316 5147 1395 5206 ⁴1,
1421 5156 1465 5195 s.
1492 5148 1539 5195 1.

146 5220 456 5273 infantium
479 5220 664 5274 efficax
684 5220 895 5276 vocatio
918 5226 997 5273 est
1019 5220 1133 5286 ipse
1155 5216 1475 5284 baptismus,
1506 5231 1549 5270 s,
1572 5222 1622 5271 2.

150 5296 426 5349 Infantem
458 5296 718 5364 baptizari
753 5304 878 5353 ante
904 5300 1137 5352 mortem
1168 5292 1421 5362 specialis
1453 5293 1625 5361 gratia
1652 5292 1722 5348 ob

218 5373 493 5426 Christum
513 5374 656 5438 data,
688 5374 763 5427 ib.

154 5450 350 5503 infans
375 5448 614 5503 christus
640 5462 753 5504 non
784 5449 975 5507 habuit
998 5448 1451 5517 impedimentum
1478 5458 1609 5501 usus
1634 5460 1723 5501 ra-

220 5524 392 5579 tionis
414 5526 551 5579 sicut
575 5524 665 5578 alii
688 5526 919 5592 parvuli,
950 5528 1003 5579 d.
1028 5529 1105 5591 30,
1130 5536 1174 5580 s.
1201 5528 1249 5579 2.

3201 322 3319 381 703

1759 419 2092 485 operabatur
2117 422 2300 472 tamen
2323 431 2448 473 vere
2477 422 2538 473 ut
2559 420 2764 489 infans,
2793 422 3041 490 quamvis
3063 424 3325 490 potuisset

1822 496 2035 561 operari
2066 502 2126 549 ut
2144 495 2247 561 vir,
2279 496 2332 548 d.
2357 500 2437 559 30,
2459 510 2503 548 s,
2531 500 2577 547 2.

2437 626 2507 665 IN]
2513 628 2627 669 unu
2635 654 2646 666 .

1762 727 1836 779 Eo
1857 730 1938 779 est
1956 726 2190 794 gravior,
2219 739 2328 793 quo
2351 727 2574 794 dignior
2595 740 2830 797 persona
2852 730 3056 785 offensa
3081 736 3134 784 et
3153 730 3326 787 offen-

1826 802 1964 855 dens
1983 802 2166 865 vilior,
2203 804 2256 857 d.
2280 808 2328 863 t,
2364 816 2406 856 s.
2439 809 2485 856 ³.

1762 878 1839 929 Ex
1857 878 2063 943 injuria
2085 880 2234 932 illata
2247 880 2450 947 duplex
2471 880 2650 935 oritur
2671 880 2931 948 obligatio
2954 881 3011 935 in
3037 880 3332 949 injuriantc

1828 954 2039 1019 passiva
2058 968 2187 1020 una,
2222 956 2396 1008 activa
2417 955 2542 1017 alia,
2571 971 2612 1009 s.
2639 962 2684 1008 5.

1765 1029 1972 1091 injuria
2005 1030 2144 1084 facta
2173 1032 2231 1083 in
2265 1032 2428 1084 bonis
2455 1032 2756 1099 superioris
2783 1033 2996 1086 ordinis
3023 1045 3134 1086 non
3161 1038 3334 1101 potest

1828 1104 1991 1158 bonis
2014 1106 2229 1160 ordinis
2252 1107 2536 1161 inferioris
2563 1108 2926 1175 compensari,
2961 1122 3004 1162 s.
3031 1114 3077 1161 6.

2357 1240 2730 1279 manuninum!
2739 1268 2749 1277 .

1768 1330 2046 1393 Quomodo
2069 1332 2282 1386 differat
2300 1348 2330 1385 a
2353 1346 2514 1387 causa
2539 1334 2850 1401 principali,
2886 1334 2940 1387 d.
2965 1338 3047 1399 10,
3079 1348 3122 1387 s.
3150 1338 3197 1387 1.

1770 1408 2204 1461 instrumentalis
2223 1410 2398 1463 virtus
2421 1409 2477 1462 in
2499 1410 2706 1463 divinis
2725 1411 3101 1464 instrumentis
3121 1423 3234 1464 non
3255 1415 3336 1463 est

1830 1484 2066 1548 qualitas
2113 1486 2460 1551 superaddita
2493 1526 2504 1551 ,
2554 1498 2656 1539 nec
2701 1500 2798 1553 per
2839 1492 3044 1540 motum
3093 1487 3333 1554 aliquem

1833 1560 2116 1627 physicum
2167 1560 2225 1613 in
2279 1567 2401 1615 actu
2447 1562 2626 1629 primo
2677 1562 3082 1617 constituuntur
3106 1605 3116 1623 ,
3162 1564 3214 1617 d.
3253 1567 3332 1628 31,

1833 1652 1877 1690 s.
1912 1644 1961 1690 6.

1768 1715 1883 1767 Non
1922 1723 2152 1782 possunt
2187 1717 2308 1770 sinc
2341 1717 2525 1783 aliqua
2551 1716 2748 1769 virtute
2781 1716 2984 1782 activa,
3031 1731 3127 1783 per
3164 1718 3334 1771 solam

1832 1791 2190 1845 extrinsecam
2219 1792 2578 1847 elevationem
2607 1792 2830 1857 physice
2859 1803 3098 1852 causare,
3132 1792 3206 1844 ib.

1768 1866 1873 1919 Nec
1900 1880 1998 1933 per
2019 1869 2189 1921 solam
2213 1868 2719 1923 denominationem
2748 1868 3106 1921 extrinsecam
3127 1873 3222 1921 aut
3241 1882 3336 1922 su·

1831 1942 2272 1997 bordinationem
2302 1944 2372 1997 ad
2397 1946 2565 1997 Deum
2591 1984 2602 2006 ,
2642 1943 2689 1996 si
2721 1942 2780 1994 in
2809 1943 2890 1995 eis
2919 1944 3070 1997 nulla
3097 1944 3338 2010 potentia

1830 2024 2187 2084 supponatur,
2223 2019 2280 2071 in
2312 2025 2433 2072 actu
2460 2020 2637 2084 primo
2665 2019 2920 2071 constitui
2957 2025 3199 2085 possunt,
3228 2019 3302 2072 ib.

1770 2093 2205 2159 supernaturalis
2229 2094 2577 2148 instrumenti
2602 2094 2834 2147 elevatio
2863 2093 2998 2159 quid
3023 2095 3110 2159 sit,
3141 2100 3194 2148 et
3215 2106 3337 2161 quae

1836 2170 2099 2235 includat,
2132 2172 2205 2225 ib.

1771 2248 2133 2301 instrumenta
2165 2261 2279 2302 non
2314 2247 2594 2302 eleventur
2627 2248 2696 2301 ad
2729 2248 3004 2314 agendum
3037 2248 3338 2302 secundum

1834 2324 1984 2389 quod
2002 2324 2206 2377 habent
2233 2323 2529 2391 potentiam
2553 2324 2840 2390 passivam.
2873 2324 2946 2376 ib.
3419 2388 3430 2395 ἣ

1768 2398 2193 2453 instrumentum
2215 2412 2326 2453 non
2347 2412 2506 2467 agere
2520 2400 2725 2453 virtute
2749 2399 2989 2467 propria,
3011 2399 3108 2453 sed
3127 2399 3340 2467 princi-

1834 2476 1974 2540 palis
2000 2476 2226 2542 agentiS,
2263 2488 2372 2542 quo
2395 2489 2560 2529 sensu
2579 2488 2787 2541 verum,
2827 2476 2902 2527 ib.

1770 2550 2048 2605 Auxilium
2071 2564 2180 2617 quo
2200 2552 2481 2605 elevantur
2503 2552 2938 2617 supernaturalia
2959 2551 3336 2617 instrumenta,

1838 2637 1946 2677 non
1971 2632 2051 2679 est
2079 2628 2136 2679 in
2166 2628 2300 2694 ipsis
2318 2632 2428 2681 tota
2451 2627 2588 2681 ratio
2611 2628 2827 2693 agendi,
2866 2628 2939 2680 lb.

1772 2702 1853 2755 Ad
1876 2704 2222 2757 instrumenti
2251 2706 2537 2767 rationem,
2562 2717 2662 2758 nec
2683 2706 2832 2771 quod
2851 2705 3110 2771 procedat
3128 2719 3159 2758 a
3179 2716 3341 2758 causa

1838 2779 2150 2847 principaii,
2186 2794 2292 2835 noc
2317 2782 2466 2848 quod
2499 2782 2568 2834 ab
2591 2781 2686 2834 ilia
2711 2781 2940 2847 recipiat
2959 2780 3172 2847 aliquid
3197 2791 3340 2847 prae-

1838 2853 1990 2907 vium
2012 2857 2082 2909 ad
2111 2856 2381 2910 actionem
2405 2857 2770 2910 necessarium
2801 2863 2896 2921 est,
2934 2858 3007 2910 ib.

1776 2930 1835 2980 in
1864 2930 1989 2995 quo'
2009 2944 2138 2984 vera
2173 2932 2516 2987 instrumenti
2554 2933 2760 3000 physici
2795 2932 3030 2986 essentia
3063 2930 3338 2993 consistat,

1842 3006 1916 3059 ib.

1779 3084 2222 3149 supernaturalia
2251 3087 2629 3153 instrumenta,
2642 3087 2790 3149 icum
2816 3099 2928 3140 non
2953 3084 3255 3138 limitentur
3274 3082 3343 3137 ad

1842 3161 2122 3287 agendung
2139 3176 2235 3229 per
2258 3169 2586 3227 contactum,
2617 3164 2828 3230 operari
2861 3166 3088 3230 possunt
3109 3162 3204 3215 uhi
3232 3173 3343 3214 non

1842 3242 1988 3301 sunt,
2024 3251 2068 3290 s.
2128 3276 2140 3289 .

1782 3312 2208 3367 instrumentum
2231 3326 2358 3367 vere
2380 3320 2434 3367 ct
2461 3314 2676 3367 realiter
2702 3314 2828 3381 agit,
2863 3318 2917 3366 ct
2941 3312 3063 3367 ideo
3087 3313 3145 3365 in
3169 3326 3233 3365 co
3256 3325 3348 3364 re-

1846 3388 2084 3453 quiritur
2121 3390 2330 3443 actualc
2375 3402 2521 3455 essc,
2565 3402 2730 3455 reque
2775 3389 2988 3456 operari
3030 3394 3343 3455 potest’non

1846 3462 2099 3528 existens,
2130 3465 2202 3517 ib.

1784 3538 2274 3595 instrumentorum
2293 3546 2502 3595 naturae
2535 3540 2619 3593 vel
2645 3540 2776 3593 artis
2799 3540 2902 3592 tria
2924 3551 3141 3605 genera,
3171 3552 3214 3591 s.
3239 3544 3286 3591 8.

1786 3617 1867 3669 Ad
1892 3617 2042 3683 quod
2065 3632 2129 3671 ex
2166 3620 2253 3672 his
2276 3618 2569 3687 generibus
2593 3619 2952 3672 instrumenta
2971 3616 3162 3670 divina
3185 3617 3348 3671 redu-

1850 3699 2061 3759 cantur,
2093 3694 2168 3748 ib.

1786 3769 1901 3822 Non
1936 3775 2017 3822 est
2053 3771 2356 3825 necessaria
2402 3771 2458 3823 in
2495 3771 2605 3823 illis
2640 3770 2838 3838 praevia
2871 3770 3010 3822 actio
3047 3766 3267 3835 propria
3300 3774 3354 3821 et

1852 3846 2224 3899 connaturalis
2249 3846 2399 3913 ipsiS‚
2435 3852 2496 3899 ut
2519 3847 2788 3912 attingant
2807 3844 3056 3898 effectum
3080 3844 3353 3909 principa-

1853 3919 1921 3973 lis
1949 3922 2174 3987 agentis,
2213 3923 2288 3975 ib.

1785 3997 1891 4049 Nec
1937 3998 2209 4065 attingunt
2251 3998 2665 4066 dispositionem
2711 4000 2950 4066 aliquam
2997 4011 3062 4051 ex
3101 3995 3154 4051 vi
3197 3996 3354 4062 cuius

1851 4073 2174 4141 principalis
2193 4074 2414 4129 effectus
2435 4074 2671 4140 resultet,
2699 4074 2771 4128 ib.

2405 4206 2726 4245 mssbbecrus
2733 4232 2743 4242 .

1792 4295 2099 4428 Imeuoectius
2125 4298 2402 4365 quomodo
2425 4298 2572 4353 idem
2596 4300 2668 4353 sit
2691 4312 2815 4355 cum
2838 4300 3042 4365 anima,
3067 4300 3150 4353 vei
3173 4300 3358 4355 diver-

1854 4387 1965 4436 sttS,
2047 4414 2058 4425 .
2087 4379 2147 4427 15
2203 4388 2247 4426 s.
2275 4380 2322 4426 8.

1792 4452 1909 4505 Non
1928 4414 2208 4507 concurrit
2226 4452 2297 4507 ad
2319 4451 2590 4507 visionem
2612 4452 2932 4517 beatificam,
2959 4455 3016 4508 ni
3037 4456 3190 4521 juxta
3208 4468 3359 4509 men-

1858 4542 2044 4583 suram
2071 4528 2262 4583 auxilii
2293 4532 2348 4581 et
2371 4527 2562 4583 formae
2585 4543 2682 4598 per
2701 4545 2865 4597 quam
2895 4531 3153 4597 elevatur,
3188 4530 3243 4584 d.
3278 4535 3357 4595 22,

1859 4618 1903 4657 s,
1928 4609 1976 4657 1.

1795 4680 2135 4735 intellectum
2167 4687 2410 4736 creatum
2441 4682 2698 4737 habuisse
2730 4684 2999 4737 Christum
3031 4684 3100 4735 dc
3129 4682 3236 4735 tide
3263 4688 3360 4751 est,

1859 4757 1913 4810 d.
1942 4761 2024 4821 24,
2060 4772 2106 4809 s,
2127 4762 2175 4809 Β.

1796 4833 1896 4895 Qui
1919 4833 2078 4886 estin
2097 4834 2333 4887 naturali
2355 4834 2688 4901 perfectione
2710 4834 2939 4887 inferior
2957 4834 3222 4900 angelicO,
3243 4848 3363 4901 pcr-

1862 4908 2052 4961 t'ectior
2072 4909 2225 4962 omni
2249 4908 2493 4963 humano
2513 4916 2710 4973 creat0,
2747 4921 2858 4962 non
2888 4908 3155 4975 possibili,
3180 4924 3222 4963 s.
3250 4914 3298 4961 4.

1797 4985 1857 5037 in
1899 4984 2178 5039 intellectu
2207 4985 2402 5039 Christi
2437 4986 2541 5039 suit
2578 4992 2729 5038 actus
2753 4991 2964 5038 creatus
3005 4984 3363 5053 intelligendi,

1862 5068 1970 5113 tam
2004 5062 2287 5127 naturalis,
2322 5074 2487 5128 quam
2522 5061 2968 5127 supernaturalis,
2999 5074 3040 5115 s.
3065 5066 3114 5112 2.

1800 5136 1988 5191 omnis
2013 5144 2162 5192 actus
2189 5138 2494 5191 intellectus
2527 5136 2718 5189 christi
2753 5136 2857 5190 fuit
2888 5148 3066 5201 verus,
3105 5142 3282 5191 certus
3313 5142 3366 5189 et

1866 5214 2109 5279 evidens,
2140 5214 2488 5279 scientiaeque
2507 5212 2828 5277 opinionem
2851 5219 3031 5266 autem
3058 5214 3144 5267 vel
3169 5212 3365 5265 huma-

1866 5302 1998 5342 nam
2026 5290 2190 5345 fidem
2213 5302 2276 5343 ex
2304 5302 2362 5342 sc
2386 5288 2673 5343 fallibilem
2699 5301 2811 5342 non
2834 5288 3041 5354 habuit,
3070 5288 3143 5343 ib.

1804 5368 1863 5421 in
1902 5368 2181 5422 intellectu
2223 5365 2422 5421 Christi
2453 5378 2605 5421 error
2636 5366 2856 5429 cadere,
2889 5370 2983 5421 aut
3017 5366 3075 5419 in
3115 5376 3366 5420 sermone

1866 5442 2242 5574 mandacium,
2269 5456 2382 5498 non
2411 5440 2601 5509 potuit,
2639 5442 2804 5497 etiam
2832 5442 2899 5497 de
2934 5442 3174 5511 potentia
3205 5444 3367 5496 ahso-

1890 5532 1928 5572 u
1951 5529 2000 5585 a,
2021 5530 2062 5572 s.
2126 5560 2136 5571 .
