3892 6167
1286 406 1607 462 msPUTAT.
1643 407 1698 460 1..
1732 409 1903 464 SECT.
1937 413 2001 466 11.

111 523 150 584 it
172 527 290 580 tam
313 511 562 598 proprie
595 510 720 576 dici
749 509 1270 592 praedestinatus,
1306 513 1376 572 ιιι
1397 509 1478 570 sit
1506 509 1606 569 Fi-

113 617 184 678 'ms
205 610 348 688 Dei,
389 624 580 688 quam
607 611 678 668 ut
713 603 796 668 sit
817 602 1012 666 homo
1039 603 1284 666 habens
1308 602 1604 666 virtutem

114 707 150 772 d
173 701 634 768 sanctificandos
658 697 969 762 homines.
1001 697 1096 762 Sit
1117 697 1309 778 igitur
1335 695 1473 759 haec
1497 714 1603 760 ex·

113 799 276 862 esitio
299 793 658 877 probabilis.

145 896 196 954 6.
241 891 457 966 Quinta
475 887 797 970 copositio.
819 917 900 936 -
922 885 1149 960 Quinta
1170 890 1388 948 tamen
1412 903 1600 966 expo-

113 987 196 1048 itio
239 991 354 1056 est,
403 987 476 1044 ut
512 980 790 1044 Christus
836 979 1080 1042 dicatur
1121 977 1602 1060 praedestinatus

114 1097 198 1142 ‚sse
227 1075 408 1138 Filius
434 1075 572 1150 Dei,
599 1092 728 1136 non
755 1072 1010 1152 quidem
1047 1073 1239 1134 Filius
1267 1072 1594 1149 naturalis,

114 1171 252 1252 gualis
275 1176 368 1232 est
391 1187 506 1249 per
531 1173 832 1232 internam
863 1166 1362 1247 generationem,
1390 1163 1504 1227 sed
1531 1183 1609 1226 ex

113 1264 498 1330 esurrectione
515 1266 939 1337 mortuorum,
961 1277 1112 1322 nam
1135 1259 1297 1322 sicut
1315 1257 1538 1322 Psalm.
1570 1263 1609 1324 2

113 1359 322 1440 »quitur
349 1356 530 1418 Pater
555 1354 644 1416 ad
662 1352 890 1416 Filium
915 1352 1130 1416 dicens
1155 1373 1172 1414 ε
1201 1351 1418 1417 Filius
1444 1368 1611 1416 meuc

113 1473 130 1518 ι
153 1460 211 1516 tu
231 1495 246 1526 ‚
273 1467 372 1534 cao
392 1449 566 1514 lodie
585 1447 772 1528 oanni
797 1452 877 1523 te,
895 1446 1069 1528 quod
1091 1446 1328 1510 dictum
1349 1461 1489 1506 esse
1515 1462 1609 1506 ra·

114 1564 220 1608 ¹one
245 1542 717 1606 resurrectionis
743 1540 998 1621 exponit
1025 1539 1232 1617 Paul„
1259 1540 1470 1601 Actor.
1504 1539 1607 1614 13,

113 1660 151 1704 a
181 1639 292 1702 diei
331 1642 538 1718 potest
571 1636 858 1700 Christus
885 1634 1355 1718 praedestinatus
1394 1633 1610 1698 Filius

113 1733 174 1796 lei
194 1751 258 1796 ecc
277 1731 712 1796 raumaricae
735 1734 1112 1794 annuorum
1129 1754 1158 1803 ,·
1187 1733 1288 1790 est
1309 1727 1480 1790 enim
1503 1743 1609 1788 re-

113 1825 342 1888 urrectio
381 1823 573 1888 veluti
619 1821 947 1912 generatio
989 1821 1308 1903 quaedam,
1350 1822 1609 1900 propter

113 1917 224 1996 uod
247 1916 430 1980 etiam
455 1917 540 1980 ad
557 1916 795 1998 pres.
827 1920 857 1979 1
889 1921 1150 1980 vocatur
1174 1913 1456 1976 Christus
1475 1913 1606 1996 pri-

113 2011 374 2092 ioyeaitus
399 2028 474 2075 σω
497 2009 782 2073 mortuis.
818 2008 968 2080 Quae
991 2007 1298 2090 expositio
1321 2024 1450 2068 non
1479 2005 1609 2068 dis-

113 2104 240 2166 iicet
297 2102 648 2184 Augustino
702 2101 767 2164 in
826 2102 1012 2164 citata
1061 2099 1454 2182 expositione
1508 2097 1609 2160 in-

114 2200 292 2274 hosta,
315 2204 377 2262 et
397 2216 540 2262 eam
559 2196 806 2260 indicat
827 2197 1276 2278 Hieronymus,
1307 2212 1500 2276 super
1527 2192 1610 2256 ad

113 2298 232 2356 tom.
263 2296 320 2372 13
345 2300 406 2356 et
429 2292 668 2356 clarius
692 2292 923 2356 docent
943 2290 1226 2356 Anselm.
1254 2296 1319 2352 et
1339 2289 1603 2354 Primae.

113 2387 212 2448 tihi
243 2393 445 2450 tamen
493 2405 630 2451 non
680 2386 1025 2450 admodum
1065 2385 1310 2465 placet,
1361 2385 1566 2465 primo
1587 2429 1604 2457 ‚

113 2483 208 2559 [uia
233 2483 442 2544 Paulus
461 2487 690 2564 aperte
711 2481 986 2561 loquitur
1003 2478 1086 2542 de
1109 2477 1266 2542 Filio
1293 2478 1402 2542 Dei
1427 2482 1610 2540 natu-

115 2574 180 2636 aii
202 2593 302 2654 per
325 2581 628 2640 oeternam
657 2573 1154 2656 generationem,
1191 2585 1340 2636 cum·
1365 2571 1604 2651 inquit:

113 2669 162 2730 De
182 2669 332 2734 Filio
349 2687 478 2746 ruo,
492 2669 608 2753 qm·
631 2671 843 2748 faetus
865 2673 958 2732 ost
984 2668 1042 2731 oi
1065 2684 1138 2732 em
1162 2667 1385 2730 sentim
1407 2666 1616 2732 David

114 2764 362 2828 ecardum
377 2781 661 2837 camm;
683 2780 836 2843 ergo
864 2761 1092 2824 eodem
1119 2759 1310 2825 modo
1333 2761 1612 2840 loquitur

113 2855 150 2916 ie
174 2855 312 2918 Filio
341 2857 495 2935 Dei,
529 2873 684 2920 eum
710 2855 959 2918 subdit:
997 2855 1117 2930 Qui
1144 2853 1612 2934 proedestinatm

113 2955 155 3012 rt
173 2950 363 3016 Filius
379 2952 498 3017 Dei
510 2979 542 3027 ;
573 2951 733 3016 alias
761 2950 828 3012 in
853 2948 1078 3013 eodem
1109 2947 1286 3012 brevi
1313 2951 1612 3012 contextu

113 3043 359 3120 equivoco
383 3051 673 3110 uteretur
691 3043 802 3106 illa
825 3061 1014 3118 voce3
1057 3038 1231 3122 quod
1253 3042 1390 3104 sine
1418 3057 1611 3102 cansa

117 3134 314 3202 videnti
353 3137 819 3204 admittendum
853 3154 988 3200 non
1023 3135 1295 3200 videtur.
1341 3133 1608 3208 Deinde,

113 3228 206 3305 mia
242 3231 410 3311 juxta
449 3233 622 3296 hanc
667 3230 1126 3312 expositionem
1174 3232 1423 3309 oportet
1463 3245 1612 3290 con·

113 3339 308 3403 ungere
327 3326 434 3388 illa
457 3326 662 3390 verba
682 3369 703 3402 ,
745 3325 854 3406 qui
876 3321 1349 3405 procrastinatur
1378 3324 1466 3385 m
1490 3321 1610 3384 Fi-

113 3416 185 3480 iue
215 3419 342 3494 Dei,
381 3437 528 3482 cum
569 3418 716 3494 illis,
769 3434 844 3482 σω
880 3413 1316 3482 rerurrectione
1347 3418 1613 3476 mortuo-

113 3525 232 3586 m,
274 3510 704 3591 piaetermissis
753 3507 1146 3572 intermediis
1167 3551 1188 3584 ,
1239 3505 1498 3582 scilicet,
1545 3505 1612 3568 in

114 3602 272 3670 irtuto
311 3606 632 3672 &mudum
679 3601 1002 3686 Spiritum
1044 3597 1557 3677 commeationis
1579 3623 1607 3672 ,-

114 3713 198 3770 juae
235 3705 432 3762 tamen
465 3696 856 3762 constructio
891 3693 1256 3758 duriuscula
1299 3697 1397 3756 est
1406 3707 1428 3770 3
1471 3708 1614 3772 pro-

114 3791 196 3850 ter
218 3792 375 3871 quod
395 3792 486 3875 (ut
509 3791 668 3870 dixi)
695 3807 827 3854 non
849 3787 1112 3852 omnino
1133 3787 1362 3870 placet,
1394 3801 1614 3866 quam-

115 3880 158 3942 is
195 3901 310 3948 non
353 3887 432 3949 sit
462 3883 933 3951 contemnenda
961 3884 1102 3946 haec
1131 3879 1566 3962 interpretatio
1585 3924 1608 3957 ,

115 3980 390 4042 raesertim
417 3981 473 4042 si
501 3978 662 4042 alias
689 3997 821 4042 non
845 3975 1158 4041 excludat.

146 4075 196 4132 7.
239 4072 430 4142 Semta
449 4073 766 4155 expositio.
783 4103 866 4121 —
883 4073 1070 4136 Sexto
1099 4088 1250 4151 ergo
1281 4069 1614 4150 exponitur

115 4165 355 4230 hristum
385 4167 508 4230 dici
537 4186 682 4232 esse
709 4165 1224 4249 praedestinatum
1251 4163 1477 4228 Filium
1498 4163 1613 4226 Dei

113 4275 272 4324 erum
297 4281 370 4328 ac
397 4263 761 4328 naturalem
780 4305 804 4340 ,
849 4278 982 4323 non
1015 4259 1164 4341 quia
1193 4259 1275 4322 sit
1299 4257 1616 4340 proedesti-

115 4359 258 4430 atus‚
297 4361 364 4420 ut
389 4356 493 4434 sit,
539 4354 656 4418 sed
688 4359 760 4418 ιιι
797 4357 1216 4434 cognoscatur
1254 4369 1394 4414 esse
1420 4350 1614 4414 Filius

113 4447 204 4516 tei.
237 4449 408 4529 juxta
437 4450 736 4512 usitatam
762 4449 1042 4529 phrasim
1067 4447 1402 4526 Scripturoe
1423 4489 1441 4521 ,
1485 4460 1614 4523 qua

113 4541 364 4604 iterdum
385 4542 616 4605 dicitur
641 4547 796 4604 tunc
821 4538 1058 4621 aliquid
1084 4539 1224 4601 fieri
1245 4584 1262 4613 ,
1301 4555 1448 4602 cum
1479 4554 1616 4600 ma·-

115 4629 400 4714 ifestatur‚
427 4641 500 4700 ut
528 4634 876 4716 Apocalyp.
903 4635 942 4698 5
965 4633 1230 4696 dicitur:
1259 4631 1502 4715 Dignus
1523 4635 1616 4696 m

113 4723 288 4806 laum,
317 4731 422 4810 qui
468 4729 704 4794 occicus
744 4731 858 4805 ert,
899 4727 1167 4809 aoctpero
1195 4725 1574 4792 divinitatem
1593 4771 1610 4799 ,

114 4834 184 4878 on
203 4820 266 4884 in
283 4840 376 4899 re,
400 4821 524 4886 hoc
545 4822 718 4884 enim
739 4838 870 4884 non
893 4815 1119 4884 cecidit
1143 4817 1264 4880 suh
1291 4817 1610 4893 meritum,

113 4910 176 4974 sd
207 4914 268 4976 in
307 4916 576 4980 aliorum
604 4913 965 4996 cognitione
993 4918 1057 4976 et
1081 4911 1607 4976 manifestatione.

113 5003 158 5064 ,ιι
181 5006 341 5070 huno
380 5028 530 5090 ergo
563 5008 826 5072 modum
849 5055 868 5084 ,
896 5007 1018 5069 dici
1057 5011 1264 5087 potest
1288 5003 1614 5085 praedesti-

117 5102 242 5160 atus
263 5100 452 5164 Filius
477 5102 618 5179 Dei,
647 5119 777 5165 non
799 5105 872 5163 ut
895 5099 1264 5163 filiationem
1286 5099 1356 5160 in
1381 5115 1452 5160 re
1477 5097 1614 5176 ipsa

113 5191 338 5271 ccipiat,
382 5197 498 5259 sed
519 5195 688 5258 illius
710 5193 1140 5276 cognitionem
1167 5197 1231 5256 et
1253 5189 1612 5254 manifesta-

114 5298 308 5362 onem,
339 5290 666 5370 quaefacta
694 5291 788 5352 est
814 5306 934 5369 per
959 5287 1251 5350 virtutem
1277 5282 1614 5348 miraculo-

113 5390 221 5450 um,
265 5397 376 5458 per
405 5383 703 5464 Spiritum
731 5379 1262 5456 sanctificationis,
1312 5383 1376 5442 et
1405 5393 1615 5440 resur-

115 5471 404 5536 ectionem
429 5475 655 5540 Christi
681 5494 760 5538 ex
785 5475 1076 5541 mortuis.
1133 5473 1284 5548 Quae
1307 5471 1614 5556 expositio

113 5561 288 5626 ÷adem
316 5573 406 5631 est
435 5585 573 5632 cum
607 5569 992 5650 expositione
1023 5567 1404 5644 Graecorum,
1447 5563 1614 5629 etad

3132 415 3253 478 533

1687 527 1830 574 eam
1875 512 2309 578 accommodat
2362 513 2554 578 verba
2598 515 2867 593 vulgatas
2920 517 3212 583 editionis
3233 565 3249 593 ,

1685 603 1984 687 illamque
2010 607 2477 689 amplectuntur
2506 608 2875 672 Ambrosius
2893 655 2917 688 ‚
2963 614 3027 676 et
3046 612 3249 676 Gloss.

1687 699 2003 764 ordinaria
2024 747 2047 779 ,
2088 707 2155 764 et
2178 719 2258 765 ex
2286 702 2707 780 Scholasticis,
2738 704 3019 768 Durand.
3049 712 3115 770 et
3141 708 3255 770 Pa-

1683 793 1816 856 lud.
1847 796 1924 857 Et
1950 801 2045 858 est
2071 795 2437 876 probabilia,
2468 797 2801 878 solumque
2826 798 2981 862 illud
3004 799 3254 862 obstare

1681 892 1910 967 potest,
1933 889 2083 968 quia
2100 889 2311 952 minus
2328 890 2580 970 proprie
2600 891 3045 972 interpretatur
3060 893 3253 956 verba

1683 980 1880 1054 Pauli,
1909 999 2054 1044 cum
2078 989 2291 1044 tamen
2312 983 2519 1050 omnis
2536 982 2876 1048 verborum
2901 987 3253 1067 proprietas

1683 1073 1993 1137 servanda
2022 1075 2123 1152 sit,
2154 1075 2367 1156 quoad
2391 1075 2529 1140 fieri
2553 1078 2767 1156 possit.

1771 1167 1832 1238 8,
1883 1166 2167 1249 Septima
2192 1168 2485 1249 accpooitio
2527 1175 2583 1235 et
2608 1172 2887 1254 propria.
2920 1205 3001 1220 —
3027 1173 3254 1237 Ultimo

1692 1277 1844 1341 ergo
1869 1263 2203 1343 exponitur
2228 1262 2334 1326 hic
2350 1263 2531 1326 loeus
2552 1283 2699 1328 cum
2720 1267 2895 1330 omni
2918 1269 3253 1331 verborum

1690 1355 2096 1436 proprietate,
2131 1363 2202 1420 ut
2222 1357 2331 1420 ille
2365 1357 2533 1422 idem
2560 1359 2779 1436 homo,
2803 1361 2911 1442 qui
2932 1361 3135 1426 factus
3156 1361 3257 1424 di-

1693 1449 1856 1511 citur
1881 1449 2233 1514 secundum
2261 1469 2541 1528 carnem,
2574 1454 2820 1516 dicatur
2844 1455 3257 1535 praedestina·-

1691 1548 1794 1603 tus
1823 1541 1903 1602 ab
1933 1547 2192 1618 aeterno,
2228 1545 2388 1607 utin
2410 1551 2697 1626 tempore
2724 1564 2875 1613 vere
2905 1565 2981 1610 ac
3003 1547 3255 1628 proprie

1691 1633 1773 1696 sit
1793 1633 1985 1698 Filius
2004 1636 2116 1698 Dei
2144 1637 2471 1700 naturalis.
2506 1639 2649 1702 Haec
2678 1644 2775 1701 est
2800 1640 3103 1720 expositio
3129 1641 3257 1703 Au·

1689 1725 1922 1805 gustiui
1949 1727 2105 1792 locis
2118 1729 2187 1790 in
2208 1731 2517 1811 principio
2542 1731 2780 1805 citatis;
2804 1749 3000 1812 quam
3022 1733 3258 1796 indicat

1690 1821 1882 1884 etiam
1904 1822 2267 1888 Bernardus
2278 1869 2303 1901 ,
2330 1823 2377 1886 l.
2409 1826 2448 1888 5
2475 1823 2557 1888 de
2574 1823 3111 1901 Consideratione,
3140 1826 3257 1890 cir·

1689 1933 1761 1975 ca
1791 1914 2021 1990 finem,
2056 1915 2273 1980 diceus
2318 1939 2335 1980 z
2382 1916 2700 1983 Divinitas
2728 1919 3027 1984 hominem
3050 1920 3235 1985 illum
3309 1969 3325 1998 ,

1689 2009 1794 2090 qui
1815 2010 2285 2088 predestinatus
2299 2017 2387 2078 ost
2402 2011 2617 2077 Filius
2628 2013 2768 2088 Dei,
2784 2014 2905 2078 sibi
2922 2014 3201 2096 copulavi
3256 2023 3279 2075 1

1690 2107 1755 2162 et
1787 2118 1930 2164 eam
1960 2102 2316 2182 approbant
2337 2103 2534 2180 Beda,
2560 2110 2623 2168 et
2648 2105 2869 2168 Glossa
2896 2105 3229 2171 interlinea
3250 2157 3277 2172 .

1689 2195 1787 2272 lis,
1815 2203 1879 2258 et
1904 2195 2165 2276 Lyran„
2188 2195 2505 2274 chartus„
2530 2203 2597 2261 et
2622 2198 2927 2273 Adamusi,
2952 2200 3017 2262 in
3047 2200 3252 2275 Paul.;

1691 2293 1750 2352 et
1776 2289 2015 2352 ibidem
2034 2291 2107 2353 D.
2132 2291 2430 2368 Thomas,
2460 2299 2525 2355 et
2552 2291 2679 2368 hic,
2710 2297 2774 2355 et
2800 2293 2867 2354 in
2890 2295 2955 2368 3,
2972 2291 3036 2356 d.
3062 2295 3125 2368 7,
3150 2293 3256 2356 ubi

1687 2383 2011 2464 Magister,
2038 2389 2103 2447 et
2139 2385 2275 2448 fere
2302 2386 2409 2448 alii
2438 2386 2809 2450 Scholastici
2836 2379 3131 2450 eamdem
3156 2405 3259 2450 se-

1689 2483 1971 2558 quuntur
1982 2497 2002 2554 3
2034 2479 2295 2554 Bonav„
2324 2485 2443 2542 art.
2474 2484 2537 2554 2,
2569 2498 2635 2561 q.
2658 2483 2734 2559 33
2761 2480 3081 2559 Richard„
3106 2499 3165 2544 a.
3189 2483 3253 2556 2,

1690 2589 1752 2650 q.
1783 2573 1857 2644 3;
1891 2572 2139 2646 Scotus,
2166 2589 2229 2650 q.
2252 2574 2328 2648 ὃς
2362 2572 2639 2651 Alensis,
2667 2576 2706 2638 3
2730 2592 2823 2655 p.,
2850 2592 2915 2653 q.
2936 2577 3001 2652 3,
3021 2573 3257 2638 memb.

1692 2667 1732 2726 2
1763 2671 1828 2727 et
1851 2668 1924 2739 33
1955 2664 2219 2740 Mar-sil„
2264 2684 2327 2747 q.
2362 2671 2425 2742 7,
2461 2687 2521 2730 a.
2557 2672 2615 2731 1.
2648 2668 2747 2731 Ad
2778 2685 2972 2748 quam
3002 2673 3259 2730 senten-

1692 2759 1850 2822 tiam
1886 2759 2329 2840 exponendam
2372 2761 2503 2824 duo
2546 2761 2797 2844 agenda
2838 2767 3005 2826 sunt.
3056 2762 3261 2827 Primo

1693 2851 1863 2914 enim
1887 2853 2201 2934 explicare
2226 2860 2497 2934 oportet,
2520 2873 2649 2935 quo
2676 2873 2867 2918 sensu
2895 2853 3003 2917 illa
3028 2854 3262 2918 locutio

1690 2963 1843 3009 vera
1871 2964 1949 3008 ae
1975 2947 2229 3027 propria
2252 2965 2395 3012 esse
2421 2949 2639 3030 possit.
2673 2948 2913 3012 Deinde
2942 2946 3260 3026 quomodo

1694 3040 2155 3104 accommodari
2214 3042 2407 3121 possit
2450 3041 2535 3106 ad
2586 3043 2861 3106 litteram
2910 3059 3025 3104 seu
3066 3040 3261 3105 verba

1690 3135 1766 3196 D.
1796 3134 2000 3195 Pauli.

1771 3229 1831 3289 9.
1869 3229 2029 3292 Tota
2072 3247 2229 3292 vero
2276 3230 2613 3294 difficultas
2639 3232 2707 3294 in
2738 3231 3117 3312 explicanda
3144 3231 3265 3295 hac

1689 3320 2026 3397 locutione,
2075 3321 2359 3389 Christus
2402 3330 2493 3388 est
2537 3326 3017 3407 praedestinatus
3055 3323 3264 3390 Filius

1693 3415 1835 3491 Dei,
1865 3413 1934 3477 in
1963 3415 2083 3478 hoc
2102 3414 2305 3495 posita
2332 3420 2451 3492 est,
2478 3417 2627 3494 quia
2650 3417 2966 3498 objectum
2991 3417 3264 3498 praedes·

1692 3508 2011 3571 tinationis
2034 3526 2163 3572 non
2181 3508 2370 3572 debet
2392 3509 2716 3572 includere
2733 3511 3074 3572 terminum
3098 3512 3263 3591 ejus-

1695 3600 1843 3666 dem
1871 3601 2485 3682 praedestinationis;
2524 3610 2595 3666 ut
2615 3603 2807 3666 homo
2840 3603 3067 3667 dicitur
3092 3621 3261 3685 prae-

1695 3695 2041 3759 destinatus
2069 3695 2154 3760 ad
2180 3696 2468 3778 gloriam,
2500 3697 2648 3778 quia
2675 3696 2875 3779 gloria
2896 3715 3031 3760 non
3059 3697 3263 3760 inclu-

1693 3789 1864 3854 ditur
1883 3790 1953 3852 in
1980 3795 2292 3871 conceptu
2334 3789 2649 3867 hominis3
2684 3796 2925 3854 atvero
2952 3808 3082 3852 non
3111 3790 3261 3854 dici-

1692 3889 1798 3946 tur
1822 3882 2331 3965 praedestinatus,
2378 3889 2450 3947 ut
2480 3883 2715 3948 habeat
2754 3883 3035 3946 animam
3072 3885 3263 3947 ratio-

1692 3976 1939 4052 nalem,
1973 3975 2121 4056 quia
2152 3977 2345 4039 homo
2372 3983 2445 4040 ut
2480 3977 2571 4038 sic
2602 3974 2869 4040 includit
2894 3975 3257 4056 hujusmodi

1693 4070 1973 4133 animam
1990 4088 2008 4145 ς
2027 4069 2311 4143 Christus
2328 4076 2545 4133 autem
2566 4068 2871 4132 Dominus
2888 4071 2957 4132 in
2974 4087 3090 4132 suo
3114 4087 3265 4132 oon-

1695 4168 1882 4242 ceptu
1907 4162 2176 4226 includit
2210 4163 2494 4226 divinum
2522 4163 2919 4244 suppositum
2938 4163 3075 4226 Filii
3101 4163 3257 4240 Dei3

1696 4273 1848 4337 ergo
1891 4255 2069 4318 nullo
2098 4255 2285 4318 modo
2330 4261 2541 4337 potest
2582 4255 2707 4320 dici
2747 4255 3258 4336 praedestinatus,

1693 4355 1768 4412 ut
1809 4348 1888 4411 sit
1921 4349 2117 4412 Filius
2163 4350 2273 4412 Dei
2316 4349 2647 4414 naturalis.
2678 4351 2945 4432 Propter
2994 4350 3261 4414 similem

1695 4442 1866 4504 enim
1891 4443 2207 4508 rationem
2228 4444 2605 4525 negavimus
2632 4463 2847 4526 supra,
2874 4464 2939 4526 q.
2967 4446 3067 4522 16,
3088 4445 3264 4509 Chri-

1695 4542 1885 4614 stum,
1929 4536 2034 4600 vel
2065 4537 2390 4601 hominem
2434 4537 2675 4601 factum
2704 4555 2845 4601 esse
2884 4538 3085 4602 Deum
3110 4585 3129 4614 ,
3164 4539 3263 4602 vel

1692 4629 1918 4691 Filium
1963 4630 2097 4705 Dei,
2130 4630 2317 4709 quia,
2365 4631 2633 4708 scilicet,
2667 4629 2971 4707 Christus,
3030 4631 3128 4693 vel
3155 4631 3263 4693 hic

1694 4722 1884 4784 homo
1905 4767 1928 4799 ,
1982 4722 2246 4788 includit
2300 4724 2585 4788 divinum
2634 4726 3029 4806 suppositum
3051 4743 3068 4798 3
3107 4741 3261 4805 ergo

1695 4814 1920 4880 eadem
1945 4816 2193 4880 ratione
2218 4817 2585 4898 negandum
2627 4823 2723 4880 est
2768 4835 2909 4880 esse
2938 4817 3263 4898 praedesti-

1693 4915 1908 4974 natum
1928 4908 2149 4972 Filium
2166 4911 2299 4976 Dei.
2324 4909 2504 4976 Unde
2525 4909 2828 4985 Durand.,
2855 4911 3004 4974 dist.
3026 4912 3175 4989 ¹¹1,.q.
3192 4911 3257 4984 3,

1693 5019 1886 5084 quem
1911 5001 2147 5066 ibidem
2176 5002 2396 5066 Palud.
2414 5049 2433 5080 ,
2464 5023 2530 5084 q.
2578 5003 2768 5066 etiam
2798 5004 2868 5080 3,
2916 5007 2981 5066 et
3028 5003 3137 5065 alii
3166 5022 3261 5066 se·

1693 5102 2001 5177 quantur,
2030 5103 2223 5178 negat
2252 5097 2426 5160 illam
2450 5096 2945 5178 propositionem
2984 5115 3129 5159 esse
3150 5115 3258 5158 ve-

1691 5207 1832 5252 ram
1855 5189 1921 5251 in
1950 5207 2142 5252 sensu
2173 5191 2483 5271 rigoroso,
2510 5189 2624 5252 sed
2652 5189 3087 5269 explicandam
3118 5205 3259 5250 esse

1693 5283 1764 5345 in
1809 5301 1999 5346 sensu
2040 5284 2415 5365 improprio;
2452 5284 2541 5344 ita
2570 5288 2645 5344 ut
2682 5283 3079 5365 participium
3106 5279 3261 5345 illud

1691 5378 2185 5458 predestinatus,
2203 5377 2389 5440 cadat
2408 5377 2477 5438 in
2514 5381 2718 5440 totam
2743 5375 3257 5457 propositionem.

1693 5470 1866 5534 Sicut
1892 5471 2180 5551 superius
2201 5469 2567 5533 dicebamus
2590 5469 2668 5533 de
2691 5469 2836 5546 hoc,
2861 5468 3031 5530 homo
3048 5467 3263 5545 sactus·

1695 5571 1784 5632 est
1813 5565 2017 5642 Deus,
2053 5565 2202 5644 quia
2236 5564 2473 5630 factum
2508 5569 2603 5627 est
2644 5571 2713 5630 nt
2748 5579 2967 5626 verum
2998 5559 3111 5632 sit,
3136 5558 3258 5623 ho-
