3892 6167
1369 379 1690 436 mSPL'TA'r.
1723 381 1895 434 XXVI.
1930 383 2101 439 SECT.
2136 386 2199 437 11.
3307 385 3377 444 21

163 480 268 542 lud
289 499 305 539 :
328 475 635 558 Abyssa-3,
654 479 822 544 sicut
839 482 1280 558 vestimentum,
1305 481 1562 546 amictus
1583 483 1732 560 ejm.

167 573 278 641 tbi
303 574 490 635 etiam
513 571 691 634 Elias
721 573 848 634 hoc
875 582 1074 648 notan
1103 581 1164 637 et
1185 581 1341 637 orat.
1371 577 1469 653 34,
1499 595 1563 637 n.
1593 579 1654 648 9,
1675 580 1738 639 et

172 673 266 743 19,
294 667 374 729 de
411 666 680 744 Angelis
735 667 942 730 beatis
979 669 1266 750 loquens,
1299 669 1482 746 dicit,
1517 671 1738 734 elevari

177 764 250 827 ad
269 760 748 833 conspiciendum
775 763 993 835 Deum,
1012 763 1072 826 si
1087 780 1206 825 non
1220 779 1497 842 prorsus,
1522 761 1736 826 saltem

181 855 374 918 melius
395 871 584 934 quam
616 871 756 917 noe.
785 853 962 916 Idem
994 853 1302 936 sig-nificat
1343 861 1502 918 orat.
1531 857 1634 930 36,
1665 873 1730 918 u.

187 951 274 1010 66.
295 947 584 1026 Denique·
603 945 874 1009 definita
893 953 988 1009 est
1007 949 1140 1009 haec
1161 949 1388 1010 veritas
1410 949 1475 1008 in
1498 948 1728 1010 Concil.

183 1044 564 1114 lateranen„
601 1039 686 1101 de
738 1059 988 1102 summa
1033 1043 1332 1104 'trinitate
1375 1049 1437 1103 et
1481 1041 1588 1104 fid.
1623 1041 1731 1102 Ca-

177 1135 314 1196 thol.
341 1180 359 1208 ,
389 1151 448 1195 c.
493 1133 794 1196 Firmiter
825 1153 840 1195 ε
878 1135 1228 1210 Credimus,
1270 1139 1325 1197 et
1367 1135 1732 1214 simpliciter

172 1231 528 1307 eonfitemur,
577 1245 772 1290 unum
823 1247 950 1292 esse
993 1231 1205 1301 Deum,
1255 1229 1582 1310 infinitum,
1627 1228 1730 1290 in-

169 1322 657 1396 commutabilem,
707 1323 1351 1402 incomprelaensibilem
1371 1344 1397 1394 ;
1440 1321 1548 1383 ubi
1597 1328 1728 1384 tam

167 1413 441 1475 absolute
471 1421 536 1476 et
577 1415 950 1495 simpliciter
977 1415 1194 1477 definit
1221 1433 1360 1476 esse
1406 1415 1602 1477 Deum
1629 1417 1728 1478 in-

167 1507 770 1586 comprehensibilem,
823 1507 986 1570 sicut
1037 1508 1468 1572 inmutabilem
1487 1534 1516 1582 ‚·
1565 1508 1726 1569 sicut

165 1619 310 1680 ergo
335 1603 421 1662 ita
445 1601 861 1663 immutabilis
881 1607 998 1675 est,
1019 1609 1090 1663 ut
1120 1603 1310 1662 etiam
1341 1603 1420 1663 de
1449 1601 1725 1682 potentia

161 1695 437 1756 absoluta
462 1696 700 1756 mutari
731 1713 859 1756 non
885 1696 1103 1775 possit,
1127 1695 1218 1756 ita
1241 1695 1726 1774 incomprehen-

160 1789 348 1849 sibilis
395 1793 492 1850 est
539 1797 612 1850 ut
645 1789 820 1850 nulla
867 1790 1108 1853 ratione
1137 1807 1174 1849 a
1216 1797 1505 1850 creatura
1553 1806 1724 1849 com-

155 1881 457 1961 prehendi
485 1884 724 1962 possit3
756 1883 878 1944 hoc
908 1883 1074 1944 enim
1105 1901 1294 1945 sensu
1323 1881 1625 1962 Theologi
1663 1889 1724 1944 et

151 1975 444 2036 Catholici
486 1975 713 2037 omnes
745 1977 1090 2056 loquuntur
1119 1977 1199 2037 de
1229 1975 1336 2037 Dei
1375 1977 1722 2054 incompre-

153 2067 594 2141 hensibilitate,
651 2075 716 2131 et
762 2071 846 2130 ita
901 2069 1068 2129 illam
1115 2069 1502 2148 intelligunt3
1553 2068 1722 2130 uude

160 2161 410 2221 dubium
435 2177 566 2222 non
600 2168 700 2223 est
725 2163 880 2241 quin
907 2163 1248 2224 Concilium
1277 2161 1502 2224 eodem
1533 2180 1725 2224 sensu

177 2255 254 2316 de
281 2255 383 2315 illa
402 2255 686 2316 locutum
716 2257 816 2318 sit.

257 2350 318 2409 4.
359 2347 568 2410 Ultimo
603 2358 1022 2428 argumentor
1045 2351 1328 2426 ratione,
1369 2352 1516 2431 quia
1554 2356 1724 2415 Deus

179 2447 270 2502 est
299 2441 632 2504 immensus
671 2449 736 2506 et
761 2444 1076 2517 infinitus;
1116 2445 1267 2525 erg'o
1296 2463 1422 2507 non
1455 2451 1724 2526 potesta

171 2542 438 2596 creatura
463 2535 653 2598 finite,
682 2537 1156 2616 comprehendi,
1179 2557 1317 2618 quoe
1335 2557 1724 2620 consequen-

163 2628 246 2689 tia
273 2629 400 2689 visa
429 2637 526 2691 est
553 2650 595 2692 a
623 2631 967 2711 Theologis
997 2649 1110 2711 per
1137 2651 1204 2694 se
1229 2637 1378 2694 nota
1409 2651 1484 2693 ex
1509 2633 1722 2695 termi-

167 2721 280 2796 nis,
311 2725 598 2800 quamvis
625 2725 942 2788 rationem
981 2726 1115 2804 ejus
1145 2744 1272 2786 non
1305 2744 1525 2788 omnes
1554 2745 1720 2788 eem-

173 2815 306 2876 dem
343 2817 642 2890 reddant;
685 2819 1102 2898 explicabitur
1125 2837 1275 2880 vero
1319 2820 1542 2882 melius
1582 2839 1722 2882 sec-

175 2911 330 2971 tione
355 2912 672 2989 sequenti,
701 2930 778 2973 ex
806 2931 953 2991 qua,
977 2913 1164 2974 veluti
1195 2931 1230 2974 a
1256 2913 1461 2992 signo,
1491 2912 1720 2975 confir-

177 3003 428 3065 mabitur
455 3007 596 3066 haec
623 3007 878 3080 veritas,
915 3005 1062 3086 quia
1089 3007 1440 3069 intellectus
1469 3013 1719 3068 creatus

176 3115 290 3157 non
327 3106 532 3178 potest
563 3099 630 3160 in
655 3101 792 3161 Deo
835 3099 1048 3164 videre
1099 3101 1311 3161 omnia
1345 3117 1486 3178 quae
1535 3101 1598 3161 in
1643 3119 1718 3163 eo

177 3196 326 3258 sunt,
352 3191 518 3272 qood
545 3198 642 3254 est
665 3194 918 3274 signum
947 3211 1074 3254 non
1104 3211 1287 3272 posse
1308 3193 1722 3272 comprehen-

175 3282 310 3342 dere
341 3287 864 3366 omnipotentiam
884 3287 1042 3365 ejuS.
1063 3287 1136 3346 Et
1162 3287 1256 3348 hae
1282 3287 1558 3348 rationes
1582 3305 1721 3366 pro·-

175 3382 314 3442 bant
357 3379 830 3441 conclusionem
860 3380 1070 3458 quoad
1107 3381 1433 3442 veritatem
1467 3381 1664 3460 ipsam
1698 3399 1714 3453 ;

177 3473 367 3554 quoad
395 3473 669 3552 gradum
696 3480 906 3536 autem
937 3473 1322 3535 certitudinis
1349 3473 1496 3534 fidei
1515 3520 1534 3551 ‚
1569 3474 1719 3534 satis

177 3567 418 3646 probata
445 3565 695 3628 videtur
738 3567 1031 3628 omnibus
1083 3567 1316 3647 regulis
1345 3565 1525 3642 fidei,
1555 3565 1722 3628 scili-

177 3667 278 3730 cet,
314 3661 632 3740 Scriptura
654 3706 670 3734 ,
721 3659 1054 3722 traditione
1072 3707 1088 3735 ,
1121 3666 1185 3723 et
1211 3659 1574 3724 definitione
1599 3661 1718 3723 Ec·

176 3753 378 3816 elesiae.

240 3852 294 3910 5.
337 3850 572 3914 Anima
611 3847 845 3914 Christi
887 3867 1006 3912 non
1042 3850 1479 3930 comprehendit
1525 3869 1720 3914 essen-

171 3944 306 4004 tiam
329 3944 472 4006 Dei.
491 3967 577 3990 ε-
601 3943 754 4004 Dico
777 3942 1052 4004 secundo
1083 3963 1095 4005 :
1133 3943 1358 4005 eodem
1379 3943 1568 4006 modo
1590 3961 1718 4006 cer-

171 4041 288 4096 tum
309 4043 428 4109 est,
467 4036 748 4097 animam
778 4035 999 4097 Christi
1025 4053 1153 4098 non
1182 4035 1717 4116 comprehendere

171 4127 426 4191 divinam
461 4129 827 4193 essentiam.
865 4129 954 4192 Ita
985 4129 1216 4190 docent
1247 4131 1546 4210 Theologi
1581 4149 1716 4192 om-

169 4241 264 4284 nes
289 4241 479 4303 supra
511 4224 704 4295 citati,
751 4229 814 4285 et
847 4223 1129 4304 sequitur
1156 4230 1372 4303 aperte
1404 4242 1480 4286 ex
1510 4225 1711 4301 dictis,

169 4335 294 4377 nam
323 4317 544 4378 anima
571 4315 818 4388 Christi,
853 4315 1205 4379 intellectus
1232 4319 1390 4398 ejus„
1426 4324 1489 4380 et
1510 4325 1710 4391 actus,

169 4429 272 4488 quo
311 4410 486 4472 videt
529 4410 755 4482 Deum,
804 4417 1010 4472 creata
1059 4418 1206 4472 sunt
1247 4416 1310 4472 et
1345 4411 1558 4486 finita;
1601 4413 1715 4474 sed

167 4504 308 4564 Deus
339 4511 437 4566 est
472 4503 1124 4583 incomprehensibilis
1153 4523 1267 4584 per
1297 4513 1506 4568 actum
1538 4525 1714 4569 crea-

171 4603 278 4658 tum
312 4605 376 4659 et
411 4597 666 4658 finitum
686 4613 709 4675 ;
753 4615 926 4677 ergo,
966 4597 1404 4676 confirmatur,
1450 4601 1621 4678 quia,
1659 4601 1712 4661 si

167 4693 351 4752 anima
381 4689 633 4766 Christi,
665 4689 938 4752 videndo
967 4691 1191 4769 Deum,
1223 4692 1713 4772 comprehende-

170 4789 248 4846 ret
271 4785 500 4864 ipsum,
541 4783 646 4845 vel
686 4783 754 4845 id
785 4789 952 4845 esset
995 4801 1070 4844 ex
1105 4787 1423 4846 communi
1468 4788 1713 4848 ratione

171 4879 422 4952 visionis,
443 4877 707 4953 scilicet,
732 4877 880 4956 quia
900 4877 1064 4940 clare
1083 4877 1252 4941 videt
1273 4886 1470 4942 totum
1489 4882 1712 4956 Deum,

175 4979 333 5051 prout
373 4973 438 5032 in
483 4990 554 5033 se
598 4973 731 5044 est;
774 4974 839 5032 et
885 4972 1004 5034 hoc
1047 4991 1172 5034 non
1214 4980 1308 5035 est
1347 4976 1519 5048 satis,
1558 4974 1712 5034 elias

179 5066 402 5144 quilibet
441 5067 675 5130 beatus
703 5065 1265 5144 comprehenderet
1293 5067 1512 5143 Deum,
1544 5067 1713 5146 quod

181 5175 285 5220 esse
309 5159 676 5222 haereticum
707 5163 1026 5218 ostensum
1051 5166 1184 5234 est;
1229 5177 1357 5221 non
1382 5179 1532 5241 ergo
1563 5161 1713 5223 satis

185 5259 252 5315 est
275 5255 472 5316 videre
499 5259 742 5324 totum,
787 5251 906 5311 nisi
939 5251 1143 5315 videat
1171 5255 1464 5330 totaliter,
1510 5261 1580 5316 ut
1606 5271 1710 5315 ex-

184 5347 397 5425 plicatur
417 5349 548 5410 late
571 5349 643 5408 in
669 5346 884 5426 prima
903 5351 1100 5424 parte,
1133 5365 1192 5426 q.
1221 5349 1318 5422 12,
1349 5355 1412 5410 et
1435 5348 1710 5410 sectione

185 5443 391 5521 praeced.
435 5443 692 5506 dictum
727 5445 866 5518 est,
907 5445 968 5502 ct
1003 5441 1065 5501 in
1098 5441 1389 5521 sequenti
1426 5442 1711 5504 nonnihil

181 5540 526 5621 attingemus,
577 5536 708 5598 Vel
751 5536 876 5597 hoc
913 5535 1203 5598 convenit
1229 5537 1457 5598 animae
1488 5537 1710 5600 Christi

1820 499 1898 544 ex
1915 481 2215 564 singulari
2234 483 2477 545 ratione
2502 483 2784 562 unionis;
2818 487 2883 546 et
2906 485 3027 547 hoc
3048 486 3241 548 etiem
3262 487 3383 550 dici

1819 592 1946 636 non
1988 583 2216 656 potest,
2262 577 2409 656 quia
2441 575 2717 636 Verbum
2760 577 3007 640 unitum
3050 597 3259 660 neque
3290 587 3387 644 est

1817 669 2191 750 principium
2218 669 2476 730 formale
2496 669 2773 742 videndi,
2802 689 2919 734 nec
2938 690 3055 750 per
3074 691 3139 734 se
3174 674 3383 754 ipsum

1817 779 1892 823 ac
1917 761 2263 826 formaliter
2294 763 2401 826 dat
2430 763 2769 826 intellectui
2793 765 3085 826 virtutem
3134 785 3247 826 seu
3288 766 3381 828 ef-

1815 853 2099 916 ficaciam
2143 857 2221 917 ad
2257 855 2625 932 videndum,
2672 875 2881 936 neque
2916 859 3107 920 etiam
3135 859 3379 924 ratione

1815 947 1981 1008 illius
2026 949 2209 1010 datur
2244 949 2589 1010 intellectui
2632 947 2855 1012 Christi
2889 951 3129 1012 infinita
3164 952 3379 1030 aliqua

1813 1041 2008 1101 virtus
2055 1043 2513 1120 cognoscendi3
2562 1059 2714 1120 ergo
2757 1061 2885 1104 non
2932 1048 3139 1122 potest
3180 1046 3377 1125 magis

1813 1134 1918 1194 illa
1970 1135 2183 1195 anima
2230 1135 2765 1214 comprehendere
2817 1138 3037 1213 Deum,
3082 1155 3271 1217 quam
3323 1139 3374 1199 si

1812 1235 1979 1289 esset
1998 1235 2311 1308 separata,
2338 1237 2399 1290 et
2422 1227 2683 1291 haberet
2706 1229 2875 1292 idem
2894 1229 3111 1292 lumen
3132 1230 3373 1310 glor-ite,

1809 1327 1928 1383 etc.
1964 1323 2039 1384 Et
2068 1321 2502 1399 confirmatur,
2538 1325 2688 1402 quia
2719 1325 3255 1404 comprehendere
3284 1324 3377 1387 di-

1807 1415 2019 1476 vinam
2088 1417 2428 1478 essentiam
2488 1422 2585 1480 est
2636 1418 2959 1498 proprium
3010 1417 3373 1480 attributum

1805 1508 2001 1588 ipsius
2030 1509 2249 1572 divinae
2280 1517 2517 1571 naturae
2532 1525 2551 1586 3
2580 1510 2692 1572 sed
2718 1511 3045 1590 posthanc
3070 1511 3373 1572 unionem

1805 1607 2045 1663 naturas
2072 1608 2331 1663 manent
2358 1602 2723 1677 inconfusae,
2763 1609 2827 1664 et
2859 1603 3158 1666 attributa
3186 1601 3373 1664 unius

1805 1711 1933 1754 non
1980 1695 2523 1757 communicantur
2568 1697 2795 1772 alteri,
2846 1714 3039 1776 erge,
3084 1697 3371 1774 quamvis

1805 1789 2015 1850 anima
2043 1790 2123 1850 sit
2154 1789 2325 1852 unita
2344 1835 2359 1862 ,
2396 1808 2525 1850 non
2552 1797 2881 1869 propterea
2914 1797 3001 1852 est
3036 1797 3263 1870 potens
3288 1790 3371 1851 ad

1805 1881 2465 1962 comprehendendam
2494 1883 2767 1944 divinam
2798 1890 3109 1945 naturam.

1881 1977 1940 2035 6.
1986 1977 2311 2055 Responsio
2338 1979 2420 2040 ad
2442 1982 2823 2057 aryumenca.
2864 2009 2945 2024 --
2986 1976 3081 2039 Ad
3110 1977 3371 2040 difficul-

1804 2073 1999 2129 tatem
2048 2070 2109 2128 in
2160 2070 2467 2149 principio
2509 2070 2781 2150 positam
2822 2072 2951 2132 fere
2988 2087 3369 2150 responsum

1807 2167 1934 2236 est3
1968 2161 2101 2240 jam
2134 2163 2303 2222 enim
2332 2163 2725 2224 ostendimus
2750 2163 3069 2244 quomodo
3099 2182 3178 2224 ex
3206 2163 3371 2226 Scri-

1805 2261 1990 2334 ptura
2018 2256 2151 2316 haec
2182 2255 2409 2317 veritas
2436 2255 2767 2336 colligatur
2786 2303 2803 2332 ,
2848 2257 3089 2336 etquid
3118 2257 3369 2338 proprie

1807 2349 2115 2427 significet
2144 2349 2512 2411 attributum
2539 2350 2683 2425 hoc,
2714 2351 2975 2426 scilicet,
3006 2353 3204 2413 Deum
3230 2369 3367 2412 esse

1805 2443 2525 2522 incomprehensibilem.
2589 2443 2686 2505 Ad
2726 2443 2882 2504 illud
2927 2463 3077 2506 vero
3123 2445 3321 2506 simile
3348 2489 3365 2516 ,

1805 2537 1975 2616 quod
2012 2537 2393 2598 afferebatur
2430 2537 2510 2599 de
2546 2537 2891 2612 invisibili,
2927 2537 3365 2617 respondetur,

1803 2631 2221 2692 communiter
2261 2649 2299 2690 a
2342 2631 2625 2692 Patribus
2666 2631 3115 2710 interpretari,
3170 2631 3370 2692 Deum

1802 2723 2165 2804 simpliciter
2232 2729 2293 2784 et
2348 2741 2461 2803 per
2514 2741 2769 2786 omnem
2820 2725 3167 2804 potentiam
3222 2743 3365 2787 esse

1801 2817 2175 2878 invisibilem
2220 2835 2259 2877 a
2306 2823 2631 2891 creatura;
2666 2818 2891 2880 dicitur
2934 2819 3105 2880 enim
3155 2819 3370 2881 invisi-

1799 2910 1940 2972 bilis
2010 2911 2207 2972 oculis
2272 2911 2549 2990 corporis
2579 2957 2601 2987 ,
2658 2911 2759 2974 vel
2814 2920 3033 2974 exacta
3084 2919 3147 2974 et
3207 2913 3368 2975 adae-

1801 3012 1992 3084 quata
2027 3005 2265 3067 visione
2298 3005 2671 3066 intellectus.
2721 3007 2937 3068 Patres
2976 3025 3125 3068 vero
3168 3007 3255 3068 ihi
3286 3007 3367 3068 ci-

1800 3098 1910 3158 tati
1941 3105 2155 3177 aperte
2184 3100 2529 3178 loquuntur
2556 3100 2767 3160 inillis
2794 3101 2949 3162 locis
2974 3099 3053 3160 de
3084 3117 3366 3180 compre-

1800 3192 2131 3267 hensione,
2176 3198 2246 3254 ut
2276 3193 2588 3270 significat
2616 3195 3101 3268 assecutionem,
3148 3199 3209 3255 et
3236 3213 3366 3255 non

1802 3291 1870 3346 ut
1919 3284 2231 3366 significat
2278 3285 2621 3364 perfectam
2678 3287 3141 3366 cognitionem,
3181 3287 3365 3365 juxta

1801 3379 2261 3440 distinctionem
2296 3379 2667 3456 explicatam
2698 3379 2759 3440 in
2790 3379 3093 3458 principio
3119 3380 3363 3441 articuli

1797 3471 1984 3553 primi
2025 3473 2096 3532 D.
2143 3472 2425 3534 Thomae.
2472 3473 2541 3533 ln
2570 3473 2709 3534 aliis
2737 3493 2885 3534 vcro
2915 3474 3067 3535 locis
3100 3492 3139 3534 a
3180 3474 3363 3534 nobis

1799 3565 2004 3626 citatis
2038 3581 2165 3654 pro·
2198 3564 2623 3640 conclusione,
2666 3566 2992 3628 evidenter
3020 3566 3363 3646 loquuntur

1799 3659 1880 3720 de
1920 3658 2485 3736 comprehensione
2527 3659 2592 3719 in
2628 3677 2705 3720 ea
2744 3659 3199 3739 significatione
3235 3677 3359 3738 qua

1801 3770 1970 3814 nunc
2002 3751 2277 3825 utimur,
2326 3756 2397 3813 ut
2436 3751 2671 3830 legenti
2710 3753 2923 3816 omnia
2967 3754 3105 3814 loca
3146 3757 3361 3832 aperte

1800 3847 2135 3908 constabit.

1881 3943 1939 4003 7.
1995 3941 2085 4002 Ad
2126 3941 2435 4003 rationem
2474 3941 2910 4020 respondetur,
2946 3957 3109 4018 saepe
3138 3939 3364 4001 verita-

1798 4041 1928 4096 tem
1958 4035 2230 4114 aliquam
2263 4053 2401 4096 esse
2424 4035 2506 4097 de
2532 4035 2657 4096 fide
2685 4040 2945 4106 certam,
2970 4032 3231 4094 modum
3253 4051 3361 4093 au-

1797 4134 1928 4190 tem
1971 4129 2323 4209 explicandi
2364 4129 2467 4190 vel
2506 4127 2886 4190 defendendi
2924 4127 3093 4187 illam
3135 4125 3362 4188 cedere

1799 4222 1918 4284 sub
1943 4224 2341 4302 opinionem3
2378 4229 2441 4284 et
2462 4223 2607 4284 ideo
2634 4241 2762 4283 non
2788 4221 2953 4296 licet,
2987 4239 3063 4283 ex
3088 4239 3165 4282 eo
3188 4219 3361 4300 quod

1797 4316 2052 4397 aliquod
2080 4317 2455 4396 principium
2490 4317 2553 4379 in
2599 4317 2894 4396 opinione
2925 4315 3197 4396 positum
3238 4315 3356 4389 sit,

1794 4409 2049 4482 inferre,
2078 4411 2544 4473 conclusionem
2568 4411 2759 4472 etiam
2786 4427 2925 4471 esse
2952 4408 3352 4489 opinabilem,

1795 4504 1916 4564 nisi
1938 4505 2129 4565 illatio
2160 4504 2239 4566 sit
2266 4505 2353 4565 ita
2380 4505 2663 4579 evidenS,
2696 4511 2763 4566 ut
2788 4503 3043 4565 omnino
3068 4519 3358 4563 necessa-

1794 4598 1887 4658 rio
1919 4605 2252 4676 sequatur;
2297 4598 2363 4657 in
2387 4599 2704 4678 proposito
2734 4615 2885 4678 ergo
2916 4613 3136 4657 omnes
3158 4596 3357 4655 Theo-

1795 4689 1920 4771 logi
1952 4689 2085 4752 sine
2128 4693 2552 4752 controversia
2590 4690 2887 4765 fatentur,
2928 4695 2999 4749 ut
3030 4689 3359 4750 veritatem

1793 4781 1965 4858 fidei,
2014 4785 2213 4845 Deum
2251 4802 2389 4845 esse
2429 4782 3151 4863 incomprehensibilem,
3196 4786 3258 4841 et
3291 4780 3357 4840 in

1797 4877 1936 4939 aliis
1972 4876 2371 4956 opinionibus
2398 4877 2482 4937 ita
2510 4876 2894 4957 procedunt,
2932 4879 3005 4937 ut
3030 4873 3183 4934 nihil
3211 4872 3357 4932 huic

1795 4971 2041 5042 veu‘tati
2100 4971 2479 5032 contrarium
2537 4971 2865 5031 admittere
2913 4967 3188 5029 audeant
3221 4985 3236 5040 ;
3293 4971 3358 5027 et

1795 5067 1916 5140 ita,
1957 5065 2064 5144 qui
2107 5065 2465 5125 existimant
2494 5063 2705 5125 lumen
2754 5063 2964 5142 gloriae
3000 5079 3185 5140 posse
3216 5077 3355 5121 csse

1793 5159 2153 5234 infinitum‘.¹,
2196 5159 2299 5220 vel
2324 5158 2711 5220 intellectum
2744 5163 3025 5220 creatum
3056 5171 3241 5234 posse
3269 5153 3355 5214 vi-

1795 5253 1946 5317 dere
1976 5253 2039 5315 in
2063 5253 2192 5316 Deo
2216 5252 2423 5314 omnia
2454 5269 2593 5332 quoe
2618 5252 2687 5313 in
2711 5269 2785 5313 eo
2814 5255 2959 5311 sunt
2980 5251 3351 5322 eminenter,

1791 5354 2028 5429 negant
2050 5347 2199 5408 inde
2224 5347 2403 5426 sequi
2425 5345 3048 5428 comprehensionem
3070 5342 3216 5414 Dei;
3244 5341 3355 5420 qui

1792 5460 1941 5505 vero
1966 5443 2087 5503 hoc
2110 5443 2287 5521 sequi
2313 5443 2689 5517 existimant,
2720 5438 3213 5518 assumptionem
3243 5453 3354 5499 ne-

1794 5545 1963 5616 gant.
2018 5535 2197 5601 Unde
2246 5553 2321 5596 ex
2366 5535 2467 5598 his
2509 5531 2910 5620 opinionibus
2948 5530 3054 5591 illa
3097 5547 3350 5613 semper
