3892 6167
564 327 687 392 378

561 434 706 498 ideo
734 432 909 496 addit
932 431 1163 496 Paulus
1182 433 1345 495 hanc
1360 431 1978 512 praedestinationem
2000 429 2127 491 fac·

562 535 693 590 tam
724 545 861 589 esse
908 527 1231 591 secundam
1268 525 1586 590 consiliam
1626 525 1957 588 voluntatis
1983 524 2120 588 Dei.

564 621 745 694 Quod
766 621 1017 701 proprie
1036 620 1115 682 de
1138 621 1382 700 integra
1404 617 1950 699 praedestinatione
1977 617 2126 679 dici-

566 719 692 790 tur,
734 729 855 776 nec
884 715 1115 776 Paulus
1144 730 1429 793 unquam
1460 729 1609 773 usus
1642 717 1737 773 est
1780 727 1933 772 voce
1971 727 2124 788 pras-

564 805 1001 869 destinationis
1030 805 1095 868 in
1125 805 1249 868 alia
1286 803 1771 884 significatione3
1820 803 1972 882 quin
2013 819 2125 880 po·

565 901 710 974 tius,
740 900 820 962 ad
850 901 1029 962 Rom.
1063 900 1127 972 8,
1154 898 1480 979 distinguit
1504 896 2124 978 praedestinationem

566 1011 603 1056 a
634 993 896 1073 singulis
926 993 1249 1055 effectibus
1282 993 1458 1073 ejus3
1503 1009 1643 1072 quse
1674 989 1978 1068 expositio
2030 991 2124 1049 est

563 1094 987 1150 consentanea
1018 1087 1367 1164 Augustino
1400 1087 1555 1148 locis
1578 1103 1769 1166 supra
1794 1083 2018 1158 citatis,
2062 1087 2126 1144 et

564 1183 701 1244 aliis
748 1180 1228 1262 expositoribus.
1260 1181 1525 1244 Ratione
1554 1180 1857 1260 probatur
1882 1195 1962 1239 ex
2001 1176 2124 1240 dic·

563 1275 663 1350 tis,
694 1275 843 1353 quia
868 1275 1145 1337 Christus
1190 1277 1421 1336 meruit
1472 1273 1867 1336 dilectionem
1919 1271 2124 1332 effica-

562 1385 701 1430 cem
730 1369 1311 1448 praedestinatorum
1338 1367 1483 1440 3sed
1505 1374 1629 1430 tota
1656 1366 2121 1448 praedestinatio

565 1479 786 1524 eorum
818 1481 899 1524 ex
938 1463 1057 1525 hac
1092 1461 1423 1524 dilectione
1451 1463 1763 1538 nascitur3
1808 1477 1960 1540 ergo
1989 1477 2124 1522 me·

560 1558 685 1618 ruit
714 1555 904 1618 etiam
932 1555 1567 1636 proedestinationem.
1602 1553 1917 1630 Secundo,
1973 1553 2122 1632 quia

560 1649 839 1712 Christus
856 1648 1085 1712 meruit
1106 1665 1330 1710 omnes
1346 1649 1604 1710 effectus
1636 1647 1877 1729 gratias,
1905 1647 2012 1726 qui
2041 1665 2122 1709 ex

560 1743 925 1824 particulari
974 1743 1086 1806 Dei
1134 1743 1525 1822 providentia
1562 1743 1723 1804 finnt
1750 1741 1925 1804 'circa
1967 1759 2124 1822 prae-

562 1836 977 1909 destinatum;
1016 1834 1129 1898 sed
1149 1836 1257 1914 qni
1281 1835 1415 1898 haec
1434 1835 1645 1897 omnia
1674 1837 2123 1909 meretur-,me-

560 1936 737 1990 retur
761 1935 957 1991 totam
1006 1929 1655 2008 proedestinationem3
1692 1933 1758 1990 et
1792 1927 1843 1988 si
1894 1926 2122 2006 aliquis

559 2033 772 2102 posset
800 2024 915 2086 sibi
930 2023 1069 2085 hoec
1084 2023 1298 2098 omnia
1324 2023 1577 2098 mereri,
1600 2027 1945 2085 mereretur
1963 2039 2123 2102 prae·

560 2117 1041 2179 destinationem
1062 2131 1277 2190 suam3
1302 2136 1475 2197 crgo.

640 2215 741 2274 31.
770 2211 1049 2292 objectio.
1070 2209 1507 2294 -Rosponrim
1526 2241 1607 2258 -
1620 2207 1972 2276 Naturalia
1991 2225 2124 2289 μω

560 2309 619 2368 ct
668 2305 948 2385 quomodo
994 2303 1283 2369 Christus
1338 2305 1509 2366 nobis
1562 2303 1872 2366 met-namt.
1894 2333 1976 2348 —
1999 2301 2124 2364 Sed

558 2404 799 2471 contra,
832 2399 983 2477 quia
1012 2395 1291 2462 Christus
1311 2414 1439 2459 non
1464 2397 1693 2458 meruit
1717 2395 2120 2477 praedestina-

556 2491 637 2552 tis
670 2491 879 2552 omnia
894 2489 1105 2553 media
1128 2511 1245 2572 per
1276 2507 1415 2571 quae
1438 2495 1915 2568 consequuntur
1938 2505 2120 2550 suam

556 2583 847 2658 salutem,
868 2585 1161 2662 quianon
1176 2584 1407 2646 meruit
1428 2583 1950 2658 incarnationem,
1973 2597 2116 2662 quoe

555 2683 651 2738 est
700 2677 1097 2756 potissimum
1134 2677 1450 2752 medium3
1510 2676 1623 2738 sed
1668 2676 1899 2737 mereri
1952 2693 2118 2756 prai-

552 2767 1062 2848 destinationem,
1090 2777 1185 2832 est
1204 2768 1435 2833 mereri
1460 2768 1646 2831 alicui
1668 2769 1881 2830 omnia
1907 2768 2116 2830 media

552 2881 679 2924 suae
710 2863 949 2927 salutis.
982 2865 1059 2926 Et
1087 2864 1517 2940 confirmatur,
1550 2863 1695 2944 quia
1722 2863 1923 2925 multa
1946 2861 2114 2926 bona

550 2956 865 3019 naturalia
888 3003 905 3034 ,
938 2965 1253 3038 quatenus
1300 2957 1381 3019 ad
1428 2957 1697 3019 salutem
1744 2955 2110 3033 conferunt,

552 3057 700 3113 sunt
744 3051 1003 3113 effectus
1040 3050 1631 3132 praedestinationis,
1682 3053 1753 3112 ut
1788 3051 1960 3112 nasci
1991 3051 2113 3114 hoc

549 3151 855 3224 tempore,
882 3143 1181 3219 hocloco,
1196 3161 1273 3206 ex
1290 3144 1389 3206 his
1412 3143 1800 3223 parentibus,
1828 3161 1974 3204 cum
1993 3145 2114 3205 hac

552 3236 984 3316 complexione
996 3251 1017 3314 3
1040 3238 1157 3300 sed
1176 3237 1311 3300 haec
1330 3255 1456 3298 non
1477 3238 1767 3299 oriuntur
1780 3255 1857 3298 ex
1884 3235 2110 3300 Christi

548 3332 812 3404 meritis,
831 3330 943 3392 sed
958 3347 1037 3391 ex
1048 3330 1185 3410 ipsa
1196 3329 1599 3410 dispositione
1616 3337 1677 3394 et
1692 3331 1960 3392 naturali
1977 3349 2118 3393 cur-

550 3437 624 3482 su
646 3423 923 3484 universi
948 3441 967 3496 ;
1002 3441 1177 3504 ergo.
1208 3423 1653 3503 Respondetur
1676 3423 1759 3485 ad
1782 3441 2116 3504 argumen-

548 3519 707 3588 tum,
736 3515 1231 3578 incarnationem
1256 3517 1465 3596 potius
1500 3517 1621 3578 dici
1650 3533 1909 3579 causam
1944 3517 2114 3580 salu-

547 3607 629 3668 tis
654 3609 1095 3687 praedestinati,
1126 3627 1319 3689 quam
1346 3611 1597 3690 proprie
1626 3610 1929 3684 medinm,
1963 3611 2112 3690 quia

546 3699 896 3763 incarnatio
920 3719 1049 3764 non
1076 3709 1171 3764 est
1200 3709 1409 3764 amata
1438 3720 1551 3765 seu
1578 3702 1776 3765 electa
1806 3719 1883 3764 ex
1909 3705 2114 3765 inten-

546 3792 713 3854 tione
738 3794 977 3856 efficaci
1000 3794 1194 3857 dandi
1218 3797 1421 3874 ‚vitam
1452 3807 1753 3858 aeternam
1796 3797 2112 3876 praedesti-

548 3893 721 3959 nato,
744 3888 857 3949 sed
878 3907 993 3968 per
1009 3907 1075 3949 se
1094 3889 1210 3950 fuit
1228 3889 1525 3968 primario
1538 3895 1771 3950 amata.
1796 3891 1869 3951 Et
1888 3907 2112 3968 quam·

546 3981 637 4042 vis
664 3981 912 4056 demus,
940 3981 1041 4043 vel
1070 3981 1593 4056 incarnationem,
1618 3983 1719 4044 vel
1750 3984 2109 4062 passionem

546 4091 681 4135 esse
732 4073 1087 4135 ordinatam
1136 4092 1213 4136 ex
1242 4076 1593 4138 intentione
1650 4076 1929 4155 generali
1985 4076 2100 4138 sal·

546 4165 733 4227 vandi
762 4183 959 4245 genus
984 4167 1355 4239 humanum,
1388 4183 1517 4228 non
1556 4173 1769 4228 autem
1814 4185 1891 4228 ex
1920 4169 2110 4247 parti-

545 4257 743 4318 culari
775 4257 1105 4320 dilectione
1132 4259 1739 4336 praedestinatorum,
1766 4259 1978 4322 media
1993 4279 2110 4322 au-

542 4354 671 4412 tem
708 4351 1272 4429 praedestinationis
1320 4352 1636 4419 dicuntur,
1671 4369 1812 4430 quse
1860 4372 1937 4414 ex
1991 4357 2108 4416 hac

544 4442 879 4505 dilectione
898 4444 1269 4523 procedunt.
1288 4445 1589 4519 Quocirca
1602 4445 1761 4506 illud
1772 4464 2110 4526 argumen-

545 4541 679 4596 tum
715 4535 917 4596 solum
950 4537 1283 4612 concludit,
1308 4536 1619 4600 Christum
1641 4555 1771 4599 non
1800 4541 2108 4602 meruisse

543 4629 725 4690 nobis
776 4646 999 4690 omnes
1048 4647 1273 4691 causas
1328 4635 1561 4692 nostrae
1616 4632 1854 4707 salutis,
1898 4651 2106 4712 neque

544 4737 690 4781 omn
698 4739 797 4783 em
822 4723 1365 4801 supernaturalem
1380 4725 1835 4804 providentiam
1851 4727 2100 4804 gratiae3

542 4831 670 4875 non
688 4815 838 4878 inde
870 4823 1081 4878 tamen
1106 4817 1181 4878 fit
1208 4835 1334 4878 non
1374 4818 1681 4880 meruisse
1705 4819 2108 4899 praedestina·-

542 4907 775 4970 tionem
804 4916 1109 4983 nostram,
1141 4912 1291 4990 quia
1321 4911 1403 4972 ad
1437 4911 1556 4972 hoc
1584 4913 1735 4973 satis
1754 4920 1847 4974 est
1876 4914 2103 4976 mereri

540 5003 981 5080 praedestinato
1013 5021 1265 5065 omnem
1305 5005 1591 5084 gratiam,
1625 5023 1765 5085 quae
1816 5005 1903 5067 illi
1953 5025 2103 5067 con-

540 5095 759 5168 fertur,
790 5101 853 5156 et
888 5097 1097 5158 omnia
1128 5097 1337 5159 media
1360 5097 1761 5177 particularia
1803 5117 1916 5178 per
1965 5117 2104 5178 quae

542 5189 870 5264 generales
898 5207 1103 5251 causoe
1134 5192 1235 5252 vel
1284 5191 1570 5253 remedia
1598 5193 1815 5270 gratias
1862 5193 1952 5252 illi
1995 5211 2102 5272 ap·

538 5282 869 5360 plicantur.
905 5283 1372 5346 Praedestinatio
1418 5285 1585 5346 enim
1616 5285 1925 5366 significat
1963 5305 2102 5366 spe·

538 5375 761 5438 cialem
778 5377 1084 5438 rationem
1099 5377 1321 5439 divina.-
1332 5379 1755 5458 providentiae,
1776 5397 1889 5460 per
1906 5397 2098 5458 quam

539 5465 773 5530 electus
790 5469 1195 5532 infallibiliter
1218 5470 1583 5549 perducitur
1610 5471 1691 5533 ad
1708 5475 1895 5534 vitam
1924 5477 2099 5534 oeter-

1778 329 2020 395 QuAEST.
2055 327 2191 381 xlx.
2225 327 2426 381 Anne.
2465 327 2548 382 W.

2207 445 2381 488 nam.
2415 427 2854 507 Quapropter,
2885 427 2994 506 qui
3021 433 3274 508 negant
3297 427 3574 495 Christum
3597 455 3690 503 erse

2207 539 2462 584 causam
2489 529 2720 584 nostrae
2749 523 3344 603 praedestinationiS,
3385 528 3558 590 solum
3593 537 3692 612 qnia

2205 633 2334 676 non
2373 615 2492 678 fuit
2517 633 2709 678 cansa
2739 633 2869 678 suae
2917 618 3398 692 incarnationis,
3429 637 3540 682 non
3577 635 3694 690 recte

2205 708 2574 787 loquuntur,
2605 711 2892 790 quamvis
2919 711 2988 772 in
3023 712 3156 773 solo
3187 713 3386 774 modo
3417 715 3653 795 loquendi
3671 741 3696 782 a

2205 802 2391 864 nohis
2425 803 2678 865 differre
2709 804 3060 867 videantur.
3093 806 3194 868 Ad
3234 807 3695 875 confirmationem

2203 897 2646 974 respondetur,
2677 895 2992 960 Christum
3037 900 3386 962 Dominum
3426 903 3590 964 etiam
3629 907 3697 968 illa

2203 989 2518 1050 naturalia
2543 989 2714 1052 dona
2739 991 2926 1054 nobis
2943 993 3287 1069 meruisse,
3321 1013 3460 1074 quse
3491 997 3560 1058 ad
3591 1001 3698 1060 salu-

2207 1086 2340 1144 tem
2365 1089 2665 1146 aeternam
2689 1085 3042 1160 conferunt,
3073 1093 3402 1166 quatenus
3425 1105 3496 1148 ex
3519 1095 3698 1170 speciali

2205 1175 2552 1238 intentione
2607 1183 2672 1240 et
2715 1178 3022 1241 electione
3068 1179 3499 1259 praedestinati
3551 1186 3700 1247 coate-

2202 1277 2470 1348 runtur3
2509 1271 2868 1334 sicutenim
2907 1289 3252 1353 possumus
3283 1273 3418 1336 hoec
3440 1276 3584 1336 bona
3609 1298 3700 1356 pro·

2202 1364 2434 1424 mereri
2482 1371 2556 1440 et.
2586 1365 2921 1446 impetrare
2962 1365 3028 1428 in
3067 1365 3322 1430 Christo
3355 1375 3418 1430 et
3461 1387 3564 1447 per
3585 1370 3701 1434 Chri-

2202 1461 2390 1530 stum,
2413 1457 2498 1520 ita
2529 1459 2743 1533 etiam,
2765 1477 2911 1522 cum
2935 1460 3072 1523 sine
3103 1461 3342 1524 merito
3369 1463 3466 1524 vel
3491 1466 3700 1526 oratione

2203 1556 2418 1612 nostra
2434 1550 2686 1631 dantur,
2705 1560 2970 1634 possunt
2997 1561 3260 1636 propter
3284 1555 3559 1618 meritum
3575 1557 3697 1621 Chri-

2203 1643 2284 1706 sti
2315 1643 2472 1707 dari.
2509 1645 2660 1720 Quis
2685 1646 2878 1709 etiam
2913 1652 3121 1729 neget,
3173 1655 3290 1710 aut
3343 1650 3498 1710 mori
3535 1649 3590 1710 in
3629 1651 3701 1711 tali

2201 1741 2488 1816 tempore
2513 1745 2576 1801 et
2613 1739 2754 1801 loco
2789 1741 3079 1803 naturale
3103 1759 3278 1819 esse,
3309 1747 3422 1804 aut
3451 1759 3562 1803 non
3587 1763 3700 1824 sape

2199 1829 2340 1892 dari
2369 1838 2625 1912 propter
2649 1831 2874 1896 Christi
2901 1836 3228 1912 meritum,
3259 1853 3410 1897 cnm
3461 1837 3566 1898 hoc
3585 1855 3700 1916 sepe

2203 1923 2286 1985 ad
2349 1924 2590 1987 donum
2649 1928 3134 2006 perseverantias
3191 1929 3542 2007 pertineat?
3587 1930 3700 1992 licet

2202 2033 2354 2096 ergo
2384 2017 2643 2081 effectus
2667 2022 2990 2083 naturales
3013 2039 3094 2082 ex
3113 2021 3522 2101 dispositione
3543 2039 3702 2084 casso·

2201 2127 2344 2172 rum
2357 2113 2740 2175 naturalium
2755 2115 3152 2194 proveniant,
3177 2121 3421 2192 tamen,
3441 2117 3490 2177 si
3511 2115 3580 2178 ad
3595 2135 3698 2197 prr·

2201 2203 2690 2272 destinationem
2739 2211 3060 2290 pertinent
3078 2256 3099 2287 ,
3155 2211 3404 2274 illamet
3451 2212 3698 2290 dispositio
3775 2203 3777 2252 Ξ

2203 2315 2563 2376 causarum,
2614 2303 2776 2364 sicut
2815 2303 2934 2365 sub
2983 2305 3592 2382 praedestinationem
3633 2323 3698 2366 ca·

2203 2390 2318 2468 dit,
2347 2393 2436 2456 ita
2463 2399 2528 2456 et
2553 2395 2674 2456 sub
2701 2397 2996 2459 meritum
3023 2395 3281 2461 Christi.

2641 2599 3096 2665 DISPUTATIO
3139 2603 3324 2680 xm,

2549 2731 2610 2784 ln
2639 2731 2774 2788 duas
2807 2735 3076 2790 sectiones
3099 2735 3411 2791 distributa.

2283 2948 2293 2960 ¹
2365 2888 2442 2938 ns
2471 2891 2549 2940 us
2576 2891 2708 2948 oua
2729 2891 3018 2944 camsrus
3059 2893 3296 2945 metr
3323 2893 3571 2945 anesus

2275 3050 2347 3110 In
2377 3049 2498 3112 bac
2539 3051 2965 3132 disputatione
2997 3051 3252 3116 brevius
3287 3053 3559 3136 qnamin
3580 3069 3692 3133 prae·

2195 3143 2564 3206 cedentibus
2583 3145 2900 3224 agendum
2931 3154 3047 3224 est,
3080 3148 3230 3228 quia
3253 3165 3363 3211 res
3417 3155 3504 3210 est
3539 3147 3692 3207 minus

2193 3241 2384 3312 certa,
2406 3245 2469 3300 et
2491 3237 2636 3301 ideo
2665 3239 2852 3300 unica
2875 3237 3008 3302 fere
3033 3241 3345 3318 sectione,
3373 3237 3690 3303 examinabi-

2197 3347 2342 3391 mus
2371 3349 2453 3392 an
2491 3330 2772 3394 Christus
2817 3337 3124 3396 meruerit
3168 3335 3450 3416 Angelis,
3487 3337 3544 3394 et
3583 3329 3690 3410 quid

2195 3422 2320 3484 illis
2343 3426 2678 3499 meruerit;
2713 3443 2864 3486 nam
2893 3425 3030 3488 hoec
3053 3429 3181 3489 duo
3209 3429 3321 3490 vix
3347 3429 3588 3509 possunt
3605 3423 3690 3484 dis·

2193 3517 2474 3595 putando
2519 3519 2804 3599 sejungi;
2861 3518 3092 3582 deinde
3155 3526 3376 3584 tamen
3427 3518 3687 3582 occasione
3773 3547 3775 3550 <

2193 3608 2342 3670 hinc
2383 3617 2656 3691 sumpta,
2697 3611 3042 3674 videndum
3068 3613 3188 3676 erit
3215 3631 3302 3676 an
3326 3614 3518 3695 possit
3553 3609 3686 3673 Chri·
3773 3629 3775 3634 ·

2193 3707 2326 3763 stus
2347 3703 2560 3782 aliquo
2581 3703 2770 3766 modo
2793 3703 2922 3767 dici
2939 3703 3326 3786 Redemptor
3346 3706 3684 3784 Angelorum,

2193 3794 2314 3870 vel,
2343 3795 2517 3874 quod
2533 3797 2702 3859 idem
2731 3803 2850 3875 est,
2879 3817 2961 3860 an
2993 3817 3108 3880 pro
3131 3801 3258 3862 illis
3280 3798 3628 3863 safisfecerit.

2826 3981 3048 4038 saeuo
3082 3983 3120 4038 1.

2187 4101 2267 4157 An
2287 4099 2534 4163 Christus
2565 4105 2834 4163 meruerit
2853 4105 3076 4248 Alnqelis
3105 4109 3295 4167 omnia
3322 4107 3460 4168 dona
3473 4103 3626 4182 qratiae
3646 4109 3679 4154 et

2856 4209 2888 4265 q
2915 4207 3068 4250 ortoe.

2270 4355 2328 4414 1.
2385 4351 2590 4416 Prima
2646 4360 2960 4420 sententia
3009 4367 3202 4440 negat
3261 4359 3550 4424 Christum
3593 4355 3676 4413 Do-

2189 4447 2430 4510 minum
2462 4449 2718 4530 Angelis
2761 4451 3000 4532 aliquid
3041 4453 3370 4531 meruisse,
3399 4445 3671 4534 presertim

2191 4541 2457 4620 gratiam
2483 4548 2545 4604 et
2571 4544 2855 4622 gloriam.
2888 4547 2980 4608 Ita
3006 4547 3252 4609 videtur
3279 4549 3498 4610 sentire
3521 4544 3672 4605 Bona—

2186 4642 2386 4710 vent„
2417 4635 2484 4696 in
2533 4637 2596 4713 3,
2627 4635 2690 4698 d.
2727 4641 2826 4713 ⁴3,
2875 4646 2995 4701 art.
3029 4645 3090 4716 2,
3147 4657 3209 4721 q.
3261 4643 3324 4716 3,
3359 4643 3496 4703 dum
3535 4631 3670 4712 negti

2189 4725 2502 4792 Christum
2529 4728 2796 4793 influere
2824 4734 3090 4812 gratiam
3118 4733 3183 4795 in
3214 4736 3511 4815 Angelos;
3539 4725 3664 4791 Palu·

2185 4821 2362 4897 dan„
2397 4840 2461 4901 q.
2501 4825 2562 4899 i,
2593 4829 2712 4886 art.
2745 4827 2820 4899 33
2866 4827 3170 4903 Dal-and„
3207 4843 3270 4907 q.
3309 4831 3348 4890 2
3367 4845 3388 4908 ;
3429 4816 3666 4890 Alens.‚3

2184 4931 2278 4994 p.,
2309 4931 2373 4994 q.
2417 4918 2520 4992 12,
2559 4917 2794 4979 memb.
2845 4921 2908 4994 2,
2961 4927 3077 4982 art.
3111 4923 3170 4993 3,
3201 4921 3242 5002 g
3287 4925 3350 4996 5,
3399 4922 3528 4982 dum
3551 4913 3665 4975 affir-

2183 5014 2360 5069 mant
2381 5006 2694 5081 Christum
2717 5011 2956 5074 habere
2993 5013 3301 5076 intluxnm
3331 5014 3524 5095 gloriae
3549 5005 3664 5069 acci·

2183 5098 2478 5178 dentalis,
2511 5109 2576 5164 et
2603 5103 2954 5184 aliquarum
2981 5107 3496 5170 illuminationum
3513 5104 3564 5163 in
3578 5099 3662 5160 An·
3771 5139 3773 5160 2

2181 5194 2394 5272 gelos3
2417 5195 2500 5256 de
2523 5195 2646 5257 alio
2673 5215 2821 5260 vero
2853 5199 3094 5261 influxu
3127 5202 3340 5281 gratioe
3371 5199 3586 5262 omnino
3601 5197 3662 5250 ta·
3771 5243 3773 5252 .

2179 5295 2448 5350 cuerunt
2461 5311 2480 5363 3
2515 5289 2582 5350 D.
2634 5291 2906 5353 Thomas
2949 5293 3159 5366 etiam,
3213 5294 3332 5356 hac
3363 5297 3404 5357 3
3429 5311 3505 5373 p.,
3529 5305 3577 5366 q.
3615 5283 3655 5349 8.

2179 5385 2298 5441 art.
2329 5385 2392 5453 4,
2427 5382 2632 5444 solum
2661 5384 2724 5443 in
2757 5387 3074 5447 communi
3111 5388 3268 5450 dixit
3286 5387 3564 5452 Christum
3585 5375 3660 5437 ³¹5·

2179 5473 2333 5552 quid
2365 5473 2634 5537 influere
2661 5465 2726 5536 ss:
2755 5477 3043 5540 homines
3057 5487 3124 5541 et
3143 5482 3432 5559 Angelos,
3451 5484 3564 5550 etq-
3585 5469 3651 5538 ‹⁹19›
3771 5477 3773 5516 ἒ
