3892 6167
508 793 909 909 INDEX
979 792 1780 921 QUAESTIONUM
1847 794 2003 908 ΕΤ
2074 791 2927 913 ARTIGULORUM

992 1173 1448 1362 DIVI
1594 1174 2440 1365 THOMAE

828 1630 1051 1705 QUAE
1118 1633 1213 1695 IN
1269 1632 1461 1697 HOC
1524 1632 1805 1699 ΤΟΜΟ
1861 1634 2584 1703 ExroNUNTun.

702 2300 985 2364 ouffis‘rto
1008 2304 1077 2381 με.

126 2478 423 2605 υᾏεείεηιὶα
442 2478 598 2533 beata
621 2481 813 2533 animoe
836 2481 1048 2549 Christi,
1083 2486 1142 2535 in
1163 2490 1393 2553 quatuor
1423 2488 1673 2543 articulos

224 2554 363 2607 ’vi-sa.
669 2605 679 2612 .
1642 2570 1669 2618 1

120 2708 219 2757 Art.
252 2707 291 2757 Ι.
326 2707 519 2761 Utrum
564 2712 751 2764 anima
786 2711 985 2766 Christi
1026 2715 1501 2781 comprehenderit
1538 2720 1672 2773 Ver-

170 2782 321 2846 bum,
352 2785 467 2839 sive
490 2786 739 2841 divinam
766 2790 1077 2843 essentiam.
1642 2802 1669 2851 1

118 2860 297 2945 trun.
318 2860 514 2915 Utrum
534 2865 716 2919 anima
738 2867 933 2921 christi
958 2868 1017 2921 in
1032 2868 1207 2925 Verbo
1227 2874 1539 2939 cognoverit
1560 2886 1675 2929 om·

118 2948 343 3142 Ατῗιὲὶῐῖι
361 3013 559 3071 Utrum
584 3019 769 3073 anima
807 3022 1003 3077 Christi
1053 3022 1111 3077 in
1138 3024 1315 3079 Verbo
1356 2958 1672 3095 cognoverint

174 3101 187 3137 l
384 3131 395 3141 .

117 3100 227 3213 Art}¹
244 3102 322 3217 13¹.
346 3103 560 3221 aUtrum
604 3172 789 3227 anima
810 3173 1007 3227 Christi
1050 3175 1234 3231 videat
1263 3178 1526 3245 Verbum,
1557 3112 1672 3237 sivg

169 3237 407 3295 divinam
475 3248 763 3301 essentiam
784 3292 797 3315 ‚
835 3250 1037 3305 clarius
1081 3254 1327 3319 qualibet
1370 3257 1478 3310 alia
1520 3272 1673 3311 erea-

170 3322 297 3369 tura.
1646 3340 1675 3384 o

703 3546 987 3609 QUAESTIO
1020 3552 1101 3604 xl.

120 3680 182 3731 De
214 3686 435 3741 scientia
461 3688 637 3743 indita
659 3688 741 3743 vot
784 3696 966 3760 intusa
1006 3697 1197 3750 anima
1228 3694 1443 3765 Christi,
1480 3701 1539 3752 in
1580 3713 1677 3755 ⁸0oe

47 3764 49 3767 ’
173 3761 425 3817 articulos
452 3763 649 3820 divisa.
1612 3780 1671 3829 38

118 3911 210 3961 Art.
240 3912 279 3965 l.
314 3914 515 3969 Utrum
548 3920 852 3975 seeundum
890 3922 1175 3977 seientiam
1201 3925 1431 3980 inditam
1462 3929 1549 3981 vel
1583 3929 1675 3981 in-

170 3985 343 4042 fusam
370 3993 625 4048 Christus
651 3998 841 4049 omnia
868 3998 1017 4051 sciat.
1616 4010 1675 4057 88

117 4064 210 4115 Art.
242 4066 305 4116 ll.
328 4068 526 4122 Utrum
547 4072 791 4127 christus
808 4076 911 4127 hae
929 4074 1156 4130 seientia
1178 4078 1257 4131 uti
1280 4080 1531 4147 potuerit,
1563 4094 1676 4135 non

168 4146 541 4198 convertendo
560 4160 619 4199 se
634 4150 703 4201 ad
722 4152 1115 4216 phantasmata.
1616 4162 1677 4209 52

115 4213 211 4267 Art.
244 4218 330 4269 lll.
355 4220 553 4274 Utrum
575 4223 693 4277 haee
714 4226 943 4280 seientia
965 4228 1129 4281 suerit
1151 4228 1419 4284 collativa.
1614 4239 1674 4285 53

116 4291 210 4342 Art.
244 4292 327 4345 lv.
364 4294 560 4351 Utrum
609 4300 725 4354 haee
755 4303 984 4358 scientia
1022 4304 1189 4358 fuerit
1233 4306 1409 4372 major
1447 4306 1675 4363 seientia

168 4369 523 4433 Angelorum.
1611 4391 1670 4437 54

116 4444 213 4495 Art.
248 4444 308 4496 V.
344 4447 540 4503 Utrum
570 4451 686 4507 haea
712 4454 941 4509 seientia
965 4456 1131 4511 suerit
1156 4457 1466 4514 habitualis.
1612 4468 1671 4515 stt

114 4520 214 4570 Art.
248 4520 335 4574 Vl.
370 4524 562 4577 Utrum
586 4528 701 4583 haee
728 4530 956 4586 scientia
983 4533 1150 4588 fuerit
1178 4534 1433 4591 distincta
1460 4548 1558 4605 per
1580 4537 1672 4591 di-

172 4606 357 4653 versos
386 4598 620 4657 habitus.
1612 4619 1669 4666 ⁶¹

678 4804 961 4867 QUAES'rto
993 4809 1102 4863 ΧΠ.

128 4932 189 4989 De
206 4942 419 4996 seientia
444 4946 637 5000 animai
661 4949 855 5005 Christi
880 4954 1160 5021 acquisita,
1194 4955 1255 5007 in
1280 4962 1509 5023 quatuor
1536 4962 1677 5009 arti-

190 5014 317 5070 culos
336 5019 531 5073 divisa.
1614 5038 1673 5085 71

124 5166 224 5218 Art.
252 5170 291 5219 1.
317 5171 504 5257 Utrum
527 5176 837 5261 secundum
859 5180 1000 5235 hane
1021 5182 1307 5237 seientiam
1331 5184 1573 5238 christus
1588 5198 1679 5239 eo-

181 5254 426 5306 gnoverit
444 5261 655 5303 omnia.
1615 5265 1676 5313 71

120 5317 231 5367 Art.
267 5319 329 5371 ll.
359 5322 545 5377 Utrum
566 5328 812 5383 christus
828 5331 883 5383 in
906 5334 1009 5387 hac
1027 5336 1257 5389 seientia
1276 5336 1581 5403 profecerit.
1618 5342 1680 5387 72

118 5389 254 5521 inriti.t
266 5393 349 5446 lll.
381 5397 567 5454 Utrum
594 5405 841 5461 Christus
868 5410 1079 5477 aliquid
1118 5413 1187 5465 ab
1213 5413 1435 5467 homine
1468 5414 1681 5541 ᾱίᾱίσξ-

257 5508 269 5520 .
1652 5496 1680 5542 3

122 5542 226 5595 Αη.
262 5542 346 5599 tv.
381 5547 572 5605 Utrum
598 5554 839 5611 christus
857 5559 1071 5629 aliquid
1096 5564 1367 5631 acceperit
1403 5564 1472 5619 ab
1504 5567 1685 5633 Ange-
1764 5567 1874 5619 Art.
1908 5566 2038 5621 vul.
2073 5568 2260 5623 Utrum
2289 5569 2349 5622 in
2375 5569 2586 5625 christo
2614 5570 2780 5625 suerit
2805 5570 3110 5626 admiratio.

180 5618 261 5673 lis.

2311 2318 2592 2381 QUAESTlo
2625 2320 2752 2374 xm.

1752 2504 1827 2556 Do
1855 2506 2087 2569 potentia
2107 2506 2297 2559 animat
2323 2506 2536 2574 Christi,
2566 2510 2624 2561 in
2643 2514 2875 2576 quatuor
2899 2508 3149 2563 articulos
3175 2510 3316 2639 dtvgi

1816 2592 1881 2631 aa

1750 2734 1860 2786 Art.
1884 2735 1923 2785 l.
1946 2734 2134 2789 Utrum
2158 2734 2344 2789 anima
2363 2736 2559 2791 Christi
2590 2736 2844 2791 hahuerit
2861 2738 3314 2805 omnipotentiam

1816 2807 2156 2875 simpliciter.
3257 2820 3316 2868 8⁴

1753 2884 1863 2937 Art.
1898 2884 1960 2938 11.
1995 2886 2182 2941 Utrum
2225 2887 2410 2941 anima
2453 2889 2648 2943 Christi
2678 2889 2933 2945 habuerit
2965 2892 3316 2959 omnipoten-

1814 2960 1944 3014 tiam
1975 2967 2220 3029 respectu
2242 2963 2636 3019 immutationis
2656 2971 3044 3020 ereaturarum.
3255 2974 3316 3020 8⁶

1750 3038 1859 3091 Art.
1894 3038 1980 3091 ΙΙΙ.
2017 3040 2202 3092 Utrum
2231 3039 2417 3094 anima
2442 3041 2638 3095 Christi
2680 3041 2932 3096 hahuerit
2966 3044 3317 3112 omnipoten-

1814 3114 1943 3168 tiam
1980 3121 2225 3182 respectu
2248 3117 2454 3183 proprii
2491 3118 2751 3184 eorporis.
3253 3125 3314 3173 89

1751 3192 1861 3243 Art.
1898 3191 1980 3244 tv.
2016 3192 2202 3245 Utrum
2235 3193 2422 3245 anima
2443 3194 2638 3247 christi
2682 3195 2942 3250 huhuerit
2966 3195 3316 3264 omnipoten-
3386 3208 3391 3211 ·

1820 3264 1950 3318 tiam
1977 3273 2221 3334 respectu
2249 3270 2586 3323 executionis
2601 3283 2715 3323 suae
2734 3272 3044 3326 voluntatis.
3254 3278 3315 3323 90

2311 3494 2596 3559 QUAESTlo
2625 3499 2754 3551 xw.

1760 3660 1829 3713 De
1854 3662 2124 3725 defectibus
2151 3666 2390 3729 corporis
2427 3670 2686 3736 assumpti
2725 3683 2762 3721 a
2781 3669 2916 3723 Filio
2955 3670 3060 3733 Dei,
3095 3670 3152 3723 t’n
3179 3684 3316 3738 qua-

1820 3742 1939 3789 tuor
1961 3738 2212 3792 articulos
2233 3740 2430 3796 derisa.
3222 3752 3316 3801 1⁸⁵

1754 3889 1863 3941 Art.
1900 3889 1939 3939 l.
1976 3890 2162 3943 Utrum
2197 3890 2341 3946 tilius
2359 3895 2452 3947 Dei
2481 3896 2536 3947 in
2563 3896 2803 3950 humana
2825 3902 3019 3951 natura
3042 3910 3316 3965 assumere

1818 3964 2067 4020 debuerit
2099 3971 2344 4035 eorporis
2373 3971 2633 4025 defectus.
3225 3980 3318 4029 tos

1756 4044 1865 4095 Art.
1902 4043 1962 4094 ll.
2001 4044 2184 4097 Utrum
2221 4047 2464 4100 Christus
2491 4049 2864 4103 necessitatem
2895 4050 2978 4103 his
3017 4049 3321 4105 defectibus

1822 4118 2138 4182 subjacendi
2169 4125 2536 4189 assumpserit.
3227 4130 3318 4179 167

1757 4194 1869 4321 Ατιῑ.
1906 4194 2212 4281 lit-Utrum
2239 4198 2484 4253 Christus
2531 4199 2776 4255 desectus
2830 4202 3138 4269 corporales
3185 4214 3323 4331 cogg-

1844 4277 2058 4325 taxent.
3221 4286 3242 4330 1

1755 4347 1862 4399 Art.
1898 4347 1980 4399 IV.
2016 4348 2201 4403 Utrum
2231 4352 2472 4407 christus
2503 4365 2694 4407 omnes
2735 4353 2978 4408 desectus
3011 4355 3317 4422 corporales

1818 4423 2106 4477 homiuum
2135 4440 2410 4482 assumere
2439 4430 2704 4483 debuerit.
3223 4434 3314 4482 170

2317 4622 2602 4685 QUAESTto
2645 4625 2746 4679 XV.

1759 4800 1829 4853 De
1852 4802 2124 4869 defectibus
2155 4806 2344 4859 animoe
2367 4808 2620 4862 achi-isto
2637 4811 2938 4876 assumptis,
2961 4812 3018 4865 t‘n
3034 4810 3198 4865 decem
3219 4826 3317 4865 ar-

1822 4878 2005 4932 ticulos
2032 4881 2223 4933 diona.
3223 4892 3313 4941 181

1757 5030 1866 5083 Art.
1902 5030 1941 5083 1.
1977 5032 2162 5086 Utrum
2194 5034 2253 5087 in
2281 5034 2492 5089 Christo
2516 5036 2681 5089 fuerit
2707 5043 3003 5104 peccatum.
3226 5046 3316 5094 181

1758 5107 1868 5157 Art.
1902 5107 1966 5159 ll.
2003 5109 2188 5161 Utrum
2213 5110 2268 5161 in
2292 5112 2502 5164 Christo
2531 5113 2695 5167 fuerit
2715 5114 2888 5168 fomes
2907 5117 3129 5182 peceati.
3228 5122 3320 5169 183

1758 5184 1868 5233 Art.
1903 5184 1986 5236 111.
2022 5186 2209 5238 Utrum
2235 5187 2292 5239 in
2319 5188 2528 5241 Christo
2552 5190 2718 5244 suerit
2745 5192 3066 5258 ignorantia.
3229 5199 3322 5244 196

1758 5260 1869 5312 Art.
1910 5260 1988 5313 lV.
2025 5263 2212 5316 Utrum
2245 5266 2430 5318 anima
2455 5268 2648 5320 Christi
2681 5269 2846 5322 suerit
2872 5269 3161 5336 passibilis.
3229 5274 3320 5321 197

1760 5337 1867 5387 Art.
1903 5336 1962 5388 V.
2000 5338 2184 5391 Utrum
2209 5340 2266 5391 in
2289 5341 2502 5395 Christo
2531 5342 2695 5397 fuerit
2722 5346 2879 5398 dolor
2899 5346 3193 5398 sensibilis.
3230 5349 3321 5397 20⁴

1759 5413 1869 5464 Art.
1908 5414 1988 5466 Vl.
2026 5416 2207 5467 Utrum
2239 5416 2296 5468 in
2318 5418 2528 5471 Christo
2559 5420 2722 5472 fuerit
2744 5422 2972 5474 tristitia.
3227 5426 3322 5473 2⁰6

1763 5490 1873 5541 Art.
1908 5490 2014 5543 Vll.
2051 5492 2236 5546 Utrum
2261 5493 2318 5545 in
2345 5495 2556 5548 Christo
2579 5496 2742 5549 suerit
2769 5497 2946 5549 timor.
3231 5500 3326 5623 20:

1622 5644 1686 5692 ‘nt
1764 5643 1875 5695 Art.
1910 5642 1993 5696 lx.
2029 5642 2216 5699 Utrum
2245 5646 2304 5699 in
2329 5648 2540 5702 christo
2565 5646 2732 5702 fuerit
2759 5648 2856 5701 ira.
3231 5576 3322 5698 224
