3892 6167
564 305 680 366 tlt*

561 411 761 473 dictas
788 411 873 470 est
900 407 1028 471 sine
1046 413 1251 488 patre,
1284 414 1336 470 et
1365 411 1495 473 siae
1533 415 1751 488 mettre,
1780 418 1833 474 et
1859 411 1988 474 sine
2009 429 2117 494 qe·-

568 503 870 586 ποαῖορὶα,
903 508 959 564 et
1008 504 1166 582 quod
1212 521 1329 566 non
1371 506 1545 570 habet
1584 505 1833 568 initium
1879 506 2116 566 dierum

564 613 749 678 aeque
778 597 985 674 finoni,
1032 614 1153 658 non
1178 597 1323 676 quia
1358 599 1483 660 ista
1524 615 1641 659 noa
1681 599 1982 670 habuerit,
2009 599 2117 660 sed

562 691 710 770 quia
734 689 803 752 in
826 689 1162 771 Scriptura
1188 709 1369 754 sacra
1398 691 1521 755 ista
1550 693 1623 754 de
1652 711 1715 755 eo
1754 709 1869 753 non
1897 691 2114 776 lequa-

561 786 686 846 tar.
708 783 803 847 Et
816 803 934 866 per
950 785 1057 848 hoc
1074 786 1272 866 ipsam
1298 782 1391 866 (ut
1412 783 1743 867 Apostolus
1770 785 1990 850 ibidem
2013 786 2116 849 di-

560 877 673 961 cit)
722 877 1105 940 assimilatus
1138 881 1227 942 est
1274 877 1449 941 Filio
1490 879 1610 944 Dei
1628 925 1645 953 ,
1676 880 1786 960 qui
1820 879 1888 942 in
1931 881 2118 942 terris

562 975 649 1034 est
674 971 802 1036 sine
834 976 1043 1054 patre,
1076 975 1131 1034 ct
1172 971 1241 1034 ia
1286 971 1452 1037 coelis
1487 973 1617 1036 sine
1645 977 1866 1046 matre,
1896 977 1952 1034 et
1989 973 2118 1036 sine

558 1065 937 1148 ymoaloyia,
967 1067 1287 1130 secandum
1314 1065 1481 1130 illua
1512 1065 1667 1130 lsai.
1702 1069 1815 1130 53:
1842 1065 2114 1130 Genera-

556 1159 777 1222 tionem
799 1158 927 1239 ejus
952 1159 1089 1241 quis
1116 1161 1479 1224 enarrabit?
1515 1165 1571 1224 et
1597 1161 1919 1225 secundum
1949 1161 2113 1224 divi-

562 1253 835 1327 nitatem„
866 1271 1047 1336 neque
1072 1255 1453 1338 ,vy-impium
1492 1273 1677 1336 neque
1714 1256 1899 1334 finem
1936 1257 2112 1318 habet

558 1346 813 1410 dierum.

1030 1537 1649 1604 COMMENTARIUS.

638 1731 767 1795 Duo
802 1733 985 1798 docet
1012 1733 1082 1797 D.
1104 1733 1407 1807 Thomas,
1437 1732 1721 1814 quamvis
1746 1752 1949 1798 unum
1973 1739 2114 1798 tan-

558 1829 690 1888 tum
722 1825 1085 1909 interroget.
1125 1829 1405 1890 Affirmat
1429 1827 1597 1890 enim
1630 1827 1939 1892 Christum
1972 1845 2112 1892 esse

556 1919 943 1983 sacerdotem
1024 1921 1373 1983 secundum
1429 1920 1717 1982 ordinem
1788 1921 2111 1985 Melchise-

556 2012 739 2085 dech,
772 2019 835 2074 et
862 2019 1051 2094 negat
1068 2013 1259 2076 fuisse
1283 2015 1631 2077 secundum
1660 2015 1996 2078 Leviticum
2016 2033 2114 2076 or·

554 2105 789 2168 dinem.
848 2107 1194 2186 Utrumque
1242 2126 1391 2170 vero
1442 2107 1641 2170 fusius
1688 2107 1753 2170 in
1823 2108 2110 2189 sequenti

553 2199 971 2280 disputatione
1010 2199 1403 2262 tractandum
1435 2209 1549 2275 est,
1586 2202 1693 2263 uhi
1722 2201 1907 2264 simul
1950 2201 2110 2288 litte-

554 2311 687 2354 ram
719 2292 909 2373 hujus
933 2293 1179 2356 articuli
1207 2293 1683 2376 explicabimus.

980 2502 1435 2565 msruTA'rlo
1478 2501 1681 2580 xm,

850 2643 908 2694 lu
944 2647 1175 2706 quatuor
1214 2641 1483 2694 sectiones
1512 2640 1819 2694 distributa.

548 2801 625 2850 mi
668 2803 869 2850 sunno
906 2802 1143 2850 cnmsn
1172 2801 1531 2848 sAczanono
1572 2801 1651 2848 m·
1690 2801 2103 2850 roNTchTu.

633 2947 925 3020 Quamvis
952 2948 1084 3008 Div.
1122 2947 1343 3007 Thom.
1381 2945 1583 3006 solum
1621 2945 1699 3008 de
1735 2945 2108 3009 sacerdotali

546 3041 767 3103 Christi
798 3039 1098 3120 dignitate
1120 3039 1183 3101 in
1212 3039 1333 3099 hac
1354 3039 1696 3118 quaestione
1720 3058 1797 3102 ex
1827 3040 2104 3120 professo

545 3135 980 3216 disputaverit,
1024 3133 1238 3195 docuit
1283 3139 1497 3196 tamen
1531 3133 1757 3208 obiter,
1807 3134 1984 3196 illum
2027 3133 2103 3194 si-

544 3228 675 3290 mul
721 3235 785 3288 et
818 3226 1205 3289 sacerdotem
1257 3247 1421 3304 esse,
1454 3233 1515 3288 et
1552 3226 2000 3307 legislatorem,
2037 3235 2100 3290 et

544 3339 796 3402 regem,
854 3325 917 3382 et
970 3319 1108 3382 ideo
1158 3319 1236 3381 de
1290 3319 1385 3380 his
1438 3319 1633 3381 tribus
1688 3319 2098 3400 dignitatibus

544 3413 765 3477 Christi
819 3411 1131 3494 sigillatim
1204 3412 1653 3494 disputandum
1704 3413 1885 3475 nobis
1922 3405 2090 3486 'erit3

544 3526 907 3589 quanquam
939 3507 1043 3586 (ut
1071 3505 1223 3568 mihi
1273 3507 1527 3586 quidem
1560 3506 1835 3590 videtur)
1866 3525 2098 3570 munus

544 3601 915 3684 legislatoris
943 3618 1071 3661 non
1092 3599 1348 3661 omnino
1378 3600 1460 3660 ab
1487 3599 1625 3661 aliis
1646 3599 1889 3662 duobus
1916 3619 2096 3680 sepa-

541 3703 732 3770 retur,
771 3695 821 3756 si
850 3695 915 3754 in
940 3693 1217 3774 perfecto
1248 3692 1453 3776 gradu
1495 3697 1559 3754 et-
1586 3693 1889 3773 dignitate
1938 3693 2099 3754 exis·

542 3795 712 3860 tant;
746 3786 826 3849 ad
854 3805 1072 3868 regem
1098 3787 1267 3848 enim
1306 3786 1578 3866 pertinet
1613 3792 1888 3867 potestas
1908 3786 2096 3867 legis-

536 3881 725 3942 lativa
754 3899 882 3942 suae
904 3879 1188 3960 dignitati
1206 3881 1701 3960 proportionata,
1723 3884 1787 3940 et
1814 3879 2096 3941 simililer

538 3975 619 4036 ad
646 3975 971 4036 Summum
1020 3972 1387 4034 Pontificem
1419 3979 1482 4036 et
1521 3971 1937 4049 sacerdotem,
1966 3989 2096 4033 ser·

536 4073 677 4130 vata
723 4068 914 4130 etiam
940 4066 1383 4146 proportione3
1416 4064 1702 4145 quamvis
1753 4063 1921 4126 enim
1967 4083 2092 4125 non

536 4162 742 4223 omnis
772 4157 1061 4222 sacerdos
1084 4157 1279 4238 possit
1301 4157 1467 4222 ferre
1498 4160 1695 4237 legeS,
1730 4175 2094 4238 supremum

534 4263 749 4317 autem
773 4251 1156 4327 Pontificem,
1188 4257 1250 4312 et
1290 4251 1353 4312 iu
1381 4270 1458 4313 eo
1488 4251 1707 4313 ordine
1750 4251 2094 4329 perfectam

534 4353 907 4430 potestatem
962 4343 1326 4422 habentem,
1384 4345 1505 4406 hoc
1586 4360 1848 4404 munere
1915 4343 2092 4422 fungi

534 4459 719 4522 posse
749 4457 1011 4502 necesse
1042 4444 1158 4500 est.
1191 4438 1482 4499 Dicemus
1538 4455 1691 4515 ergo
1749 4435 1952 4514 primo
2011 4435 2090 4497 de

535 4533 837 4616 supremo'
858 4529 1081 4594 Christi
1112 4529 1485 4592 sacerdoti0.
1516 4527 1829 4600 Secundo,
1872 4525 1951 4588 de
1982 4546 2090 4607 po·

535 4633 752 4690 testate
796 4625 1177 4688 excellentiae
1238 4621 1322 4683 illi
1383 4629 1451 4684 ut
1494 4623 1752 4684 Summo
1811 4621 2088 4683 Pontifici

532 4715 1261 4798 communicata.'1'e1·tio‚
1289 4715 1367 4776 de
1381 4713 1605 4776 Christi
1632 4731 1829 4793 reguo
1849 4719 1912 4774 et
1934 4720 2092 4774 tem-

532 4813 732 4892 porali
755 4809 1057 4873 dominic.
1090 4807 1394 4882 Quoniam
1424 4825 1569 4868 vero
1612 4804 1691 4867 de
1737 4805 1963 4867 effectu
1997 4826 2086 4866 sa-

534 4903 792 4967 cerdotii
818 4903 1066 4978 Christi,
1090 4901 1197 4982 qui
1220 4900 1387 4963 idem
1414 4907 1507 4962 est
1532 4917 1675 4961 cum
1698 4900 1920 4961 ellectu
1959 4917 2088 4961 me-

535 4998 633 5060 riti
660 5005 723 5060 et
742 4995 1183 5060 satisfactionis
1213 4995 1372 5074 ejuS‚
1398 4993 1547 5056 satis
1567 4993 1628 5054 in
1660 4993 2087 5073 superioribus

532 5091 916 5172 disputatum
946 5095 1060 5166 cst,
1092 5089 1233 5152 ideo
1262 5090 1340 5151 de
1364 5089 1484 5151 hac
1509 5106 1578 5150 re
1617 5087 1773 5148 nihil
1818 5087 2086 5168 amplius

532 5183 837 5260 dicemus,
862 5182 972 5245 sed
1002 5182 1205 5245 solum
1249 5181 1329 5244 de
1375 5199 1523 5243 vera
1568 5178 1705 5260 ejus
1749 5181 1992 5242 ratione
2023 5187 2088 5242 et

532 5278 924 5341 excellentia.

1776 311 2008 376 QUAEST.
2047 309 2196 364 xxn.
2231 314 2432 368 Anne.
2471 315 2550 368 w.

2835 527 3052 613 sectio
3085 529 3122 580 l.

2327 663 2408 721 An
2431 665 2684 722 Christus
2709 679 2838 722 vere
2861 671 2916 720 ct
2933 665 3155 739 proprie
3178 665 3354 736 suffit
3373 667 3614 726 merdas.

2281 882 2337 942 1.
2389 878 2680 946 Christus
2698 897 2834 944 vere
2852 897 2922 944 ac
2938 883 3182 964 proprie
3210 881 3491 946 sacerdos.
3507 918 3572 930 —
3597 887 3690 952 Sa-

2197 973 2429 1052 crifioii
2451 973 2610 1038 ratio
2641 973 2708 1036 in
2753 991 2864 1058 quo
2889 975 3208 1039 consistat.
3233 1005 3316 1024 -·-
3345 975 3518 1042 Verus
3541 997 3692 1044 sacer-

2195 1067 2302 1128 dos
2327 1067 2640 1148 qualis.-
2657 1066 3054 1148 Respondeo,
3081 1067 3394 1129 Christum
3423 1071 3694 1136 Dominum

2195 1177 2330 1222 esse
2362 1179 2508 1222 vere
2535 1165 2598 1222 et
2625 1159 2877 1242 proprie
2909 1159 3327 1222 sacerdotem.
3359 1161 3461 1228 Est
3484 1161 3552 1225 dc
3578 1163 3690 1244 fide,

2193 1271 2385 1334 quam
2416 1272 2491 1316 ex
2533 1255 2814 1335 professo
2848 1253 3068 1336 probat
3101 1253 3307 1330 Paul„
3355 1255 3418 1316 in
3443 1257 3606 1336 Epist.
3637 1261 3695 1321 ad

2194 1348 2378 1419 Heb„
2417 1367 2454 1410 a
2497 1367 2552 1410 c.
2585 1353 2662 1426 5,
2692 1367 2895 1429 usque
2943 1347 3026 1412 ad
3074 1351 3184 1422 103
3237 1353 3302 1412 et
3342 1347 3608 1414 definitur
3649 1353 3694 1416 in

2193 1443 2464 1506 Concilio
2491 1443 2752 1524 Ephes.,
2775 1461 2916 1506 cau.
2944 1445 3020 1506 10
3035 1466 3056 1522 3
3089 1443 3242 1506 etin
3260 1443 3693 1522 Trideut.,sess.
3796 1438 3797 1466 ¹

2195 1539 2298 1612 22,
2339 1555 2477 1600 can.
2517 1539 2544 1626 l
2578 1539 2640 1600 et
2669 1539 2730 1599 2.
2777 1537 3042 1599 Ratione
3070 1534 3432 1600 declaratur
3457 1539 3696 1620 optimea

2194 1629 2268 1690 D.
2299 1631 2552 1706 Tuom„
2586 1649 2663 1694 ex
2695 1629 2804 1692 illo
2845 1629 3045 1708 Pauli,
3075 1629 3158 1692 ad
3205 1630 3401 1694 Hebr.
3435 1633 3507 1694 5:
3534 1631 3696 1698 Οηικίε

2189 1723 2462 1806 pontisas
2476 1741 2551 1786 em
2575 1723 2916 1788 hominibus
2941 1729 3322 1804 assumptus,
3353 1743 3466 1808 pro
3489 1725 3698 1790 homini-

2196 1817 2304 1880 bus
2325 1819 2722 1881 constituitur
2757 1817 2824 1882 in
2875 1819 2960 1881 iis
2987 1835 3120 1900 qua»
3154 1823 3302 1881 sunt
3328 1819 3410 1880 ad
3433 1819 3622 1895 Deum,
3647 1825 3698 1884 ut

2192 1913 2416 1992 offerat
2432 1913 2586 1976 dona
2603 1917 2658 1976 et
2674 1913 2980 1992 sacrificia
3003 1911 3426 1996 propeccatis.
3451 1913 3584 1986 Quae
3598 1931 3698 1975 ver·
3798 1949 3799 1958 κ

2191 2005 2272 2068 ba
2295 2007 2610 2090 propriam
2636 2005 3063 2070 definitionem
3102 2003 3450 2068 sacerdotis
3472 2006 3698 2068 contine·

2191 2118 2259 2163 re
2291 2099 2605 2176 videntur,
2640 2106 2703 2161 et
2731 2099 2980 2178 singula
3009 2097 3463 2179 perfectissime
3486 2101 3551 2160 in
3569 2099 3697 2160 Chri-

2192 2199 2356 2256 stum
2399 2194 2801 2268 eonveniunt,
2833 2199 2903 2255 ut
2949 2192 3133 2254 facile
3179 2199 3471 2255 constare
3515 2199 3692 2276 potest,

2193 2287 2442 2370 singula
2467 2287 2767 2350 intuendo
2802 2293 2865 2350 et
2888 2285 3289 2370 applicando,
3327 2287 3406 2349 Ut
3437 2305 3573 2348 vero
3599 2285 3696 2348 haec

2195 2384 2351 2444 ratio
2373 2381 2600 2445 clarius
2621 2381 3024 2464 percipiatur,
3057 2379 3514 2444 advertendum
3541 2381 3696 2462 primo

2193 2482 2309 2550 est,
2343 2475 2732 2538 sacerdotem
2759 2475 2966 2538 dicere
2994 2473 3433 2538 habitudinem
3464 2474 3536 2536 ad
3556 2471 3698 2534 sacri·

2191 2569 2403 2632 ficium
2425 2577 2726 2650 tanquam
2753 2569 2834 2631 ad
2863 2575 3073 2632 actum
3102 2567 3386 2630 maxime
3429 2567 3695 2650 proprium

2191 2671 2254 2726 et
2279 2664 2462 2744 quasi
2491 2665 2917 2744 adaequatum:
2943 2661 3232 2744 quamvis
3263 2662 3434 2724 enim
3464 2659 3699 2722 sacerdos

2191 2757 2349 2818 alias
2370 2757 2558 2820 etiam
2586 2755 2942 2818 functiones
2970 2775 3181 2818 sacras
3195 2759 3512 2830 exerceat,
3528 2771 3698 2818 omnes
3801 2831 3803 2838 Ι

2193 2856 2402 2914 tamen
2432 2847 2897 2930 quodammodo
2926 2849 3006 2911 ad
3043 2849 3421 2912 sacrificium
3468 2847 3700 2910 reserun-

2191 2949 2312 3008 tur.
2373 2943 2578 3018 Unde,
2631 2943 2778 3006 licet
2825 2943 3047 3024 aliquis
3089 2941 3328 3006 habeat
3373 2943 3696 3025 potestatem

2189 3037 2523 3100 exercendi
2571 3036 2806 3118 aliquid
2873 3055 3159 3112 sacrum,
3197 3055 3334 3100 non
3367 3043 3584 3098 -tamen
3628 3038 3698 3095 est

2185 3132 2372 3212 plene
2403 3137 2466 3194 et
2497 3133 2928 3193 consummate
2954 3130 3276 3206 sacerdos»,
3310 3129 3511 3192 donec
3533 3134 3696 3209 potes·

2185 3231 2376 3288 tatem
2413 3225 2643 3286 haheat
2671 3224 3047 3288 sacrificium
3083 3223 3414 3288 offerendi.
3443 3221 3601 3298 Quod
3623 3239 3694 3280 sa-

2179 3321 2256 3381 tis
2303 3325 2478 3403 patet
2520 3339 2596 3382 ex
2630 3319 2952 3381 communi
2981 3339 3100 3382 usu
3131 3319 3325 3402 hujus
3355 3317 3540 3394 vociS,
3563 3329 3693 3377 etex

2177 3413 2376 3474 citatis
2433 3413 2637 3474 verbis
2693 3413 2910 3490 Pauli,
2965 3420 3028 3476 et
3072 3432 3147 3476 ex
3209 3411 3289 3474 iis
3342 3430 3479 3492 quae
3530 3407 3692 3470 statim

2176 3505 2543 3587 subjungit:
2585 3507 2844 3574 Necesse
2887 3507 3096 3571 'tabem
3115 3507 3452 3570 sacerdotes
3472 3519 3574 3586 pro
3592 3501 3696 3564 suis

2177 3599 2410 3664 delictis
2437 3599 2618 3680 prius
2653 3598 2889 3663 hostias
2925 3603 3169 3681 offerre,
3225 3597 3434 3663 asinae
3479 3615 3582 3680 pro
3610 3611 3696 3675 po·

2171 3695 2330 3776 puli.
2379 3693 2539 3756 Hinc
2573 3694 2876 3768 Justinus‚
2909 3694 3149 3774 Dialog.
3201 3711 3350 3754 cum
3387 3689 3690 3772 Tryphon-2

2177 3787 2350 3864 dicit,
2391 3789 2580 3852 Deum
2628 3805 2746 3850 non
2789 3788 3055 3868 accipere
3103 3785 3498 3867 sacrificium,
3538 3781 3644 3845 nisi
3665 3797 3695 3840 a

2175 3881 2606 3944 sacerdotibus.
2670 3881 2745 3941 Et
2797 3881 3206 3962 Augustinus,
3271 3878 3457 3962 epist.
3518 3875 3605 3946 49.
3642 3891 3690 3952 q·

2181 3973 2383 4047 tertia,
2427 3973 2564 4035 haec
2617 3974 2760 4050 tria,
2813 3974 3121 4058 temptum,
3178 3972 3568 4052 sacrificium,
3615 3983 3692 4030 sa·

2177 4067 2399 4141 cordos,
2421 4067 2597 4144 pouit
2615 4073 2684 4128 ut
2705 4083 2844 4130 sese
2875 4066 3346 4146 consequentia.
3371 4063 3535 4127 Idem
3551 4077 3692 4142 aper·

2181 4159 2302 4220 tius
2344 4159 2452 4220 lib.
2485 4163 2562 4222 22
2607 4159 2686 4222 de
2725 4160 2929 4239 Civit.,
2959 4179 3012 4222 c.
3062 4163 3160 4222 10.
3191 4157 3482 4221 Secundo
3511 4155 3691 4216 adver·

2181 4251 2439 4314 tendum
2471 4260 2666 4316 estex
2701 4251 3073 4333 AugustinO,
3121 4253 3230 4313 lib.
3277 4257 3354 4316 10
3403 4251 3478 4312 de
3523 4247 3686 4318 civit„

2176 4364 2316 4426 cap.
2341 4349 2400 4418 6,
2431 4345 2804 4408 sacrificium
2842 4344 3160 4409 interdum
3190 4345 3354 4407 sumi
3385 4339 3688 4426 generatim

2173 4458 2287 4518 pro
2311 4437 2485 4500 omni
2510 4439 2776 4516 actione,
2799 4439 3018 4522 quaein
3041 4439 3298 4502 laudem
3319 4437 3426 4500 Dei
3446 4437 3686 4502 offertur,

2174 4531 2303 4595 sive
2334 4532 2581 4594 iuterna
2617 4534 2720 4608 sit,
2767 4531 2895 4595 sive
2928 4538 3208 4595 externa.
3259 4532 3409 4610 Quae
3448 4524 3684 4608 acceptio

2171 4625 2380 4688 minus
2404 4627 2654 4706 propria
2685 4633 2801 4700 est,
2836 4633 2897 4688 et
2923 4624 3101 4708 quasi
3131 4623 3571 4706 metaphorica,
3592 4617 3685 4680 illi-

2172 4739 2296 4800 que
2347 4719 2687 4800 respondet
2750 4721 2968 4782 similis
3020 4719 3300 4800 acceptio
3357 4711 3678 4782 sacerdotii:

2173 4813 2290 4875 hoc
2350 4813 2520 4875 cuim
2581 4813 2769 4874 modo
2827 4831 3047 4876 omues
3108 4812 3239 4874 veri
3295 4812 3553 4874 cultores
3591 4799 3682 4866 nei

2169 4906 2530 4968 sacerdotes
2567 4905 2885 4968 interdum
2937 4905 3334 4988 appellantur
3357 4951 3377 4982 ‚
3406 4911 3474 4966 ut
3517 4905 3542 4964 l
3592 4901 3682 4960 Pe·

2169 5001 2244 5062 tri
2289 5005 2326 5064 2
2362 5021 2377 5060 ε
2429 5001 2519 5063 Et
2567 5001 2692 5080 ipsi
2741 5006 3029 5080 tanquam
3077 4999 3310 5080 lapides
3355 4999 3480 5062 vivi
3514 5009 3684 5073 super·

2168 5093 2567 5166 aedificamini
2619 5093 2827 5156 domus
2882 5093 3240 5175 spirituales
3259 5140 3280 5171 ,
3331 5085 3683 5158 sacerdotium

2168 5192 2464 5262 sanctum,
2497 5187 2715 5267 offerre
2766 5185 3125 5266 spirituales
3171 5187 3421 5262 hostias,
3459 5184 3684 5262 accepta·

2169 5279 2317 5344 biles
2344 5282 2467 5344 Deo
2491 5297 2602 5359 per
2640 5281 2694 5344 J
2695 5297 2860 5344 esum
2891 5279 3236 5350 Christum3
3266 5285 3330 5340 et
3369 5275 3551 5338 iufra:
3591 5269 3680 5339 Vos

2171 5377 2370 5438 autem
2387 5390 2575 5454 ,aenas
2601 5371 2869 5447 electum,
2906 5373 3106 5452 rcqale
3130 5369 3536 5441 sacerdotium,
3560 5377 3682 5444 aens

2170 5471 2408 5544 sancta,
2442 5471 2560 5528 etc..
2596 5467 2670 5529 Et
2699 5466 2955 5548 Apocal.
2981 5469 3059 5530 5:
3091 5465 3320 5532 Fecisti
3346 5481 3448 5526 uos
3476 5461 3584 5525 Dea
3607 5471 3678 5518 τε·

3803 3068 3805 3134 1

3803 3137 3805 3194 l
