3892 6167
1327 311 1652 373 msPu‘rA'r.
1683 317 1850 370 dex.
1885 317 2055 370 SECT.
2090 318 2153 371 u.

145 415 219 477 ab
258 415 630 479 auctoritate
659 417 950 496 negativa
977 417 1206 480 clarius
1253 419 1536 488 satisfiat,
1589 419 1702 480 ad-

143 513 331 582 verto,
359 507 698 588 dupliciter
724 529 842 572 nos
883 510 1056 591 loqui
1083 509 1274 592 p'osse·
1297 513 1376 576 de
1407 511 1506 573 his
1545 511 1704 573 filia-

138 601 448 664 tionibus:
483 599 620 664 uno
647 603 861 679 motin,
897 607 1204 684 quantum
1233 605 1314 668 ad
1345 607 1554 686 ipsum
1577 621 1704 668 res·

141 701 380 776 pectam
409 695 1053 777 praedicamentalem,
1114 717 1225 762 seu
1257 700 1437 780 quasi
1475 697 1704 781 praedi—

143 789 582 865 camentalem,
613 791 722 872 qui
746 791 869 854 dici
897 791 1078 871 solet,
1109 811 1234 858 ease
1261 793 1361 869 ad,
1391 799 1451 855 el
1477 811 1702 854 secun-

143 883 478 945 dum'hanc
509 882 820 948 rationem
856 887 1101 948 nullum
1131 893 1228 948 est
1248 886 1701 950 inconveniens

144 977 464 1040 admittere
478 979 550 1038 in
565 977 806 1042 Christo
828 984 957 1044 tres
971 988 1314 1061 respectus,
1342 999 1542 1043 uuum
1561 998 1699 1044 rea·

142 1072 257 1133 lem
275 1071 354 1132 ad
376 1073 658 1150 Patrem,
685 1092 875 1154 quem
898 1073 1091 1138 habet
1114 1075 1176 1137 in
1207 1080 1514 1156 quantum
1535 1076 1699 1136 Deus

143 1165 376 1245 genitus
433 1171 566 1243 est3
609 1167 826 1242 alium,
867 1185 1059 1248 quem
1103 1175 1175 1232 ut
1213 1169 1406 1232 homo
1449 1167 1698 1250 genitus

143 1259 318 1320 habet
343 1259 429 1320 ad
477 1263 777 1337 matrem,
807 1262 936 1325 sive
968 1263 1071 1326 ille
1117 1261 1382 1324 rationis
1430 1263 1528 1337 sit,
1567 1262 1698 1326 sive

144 1351 346 1427 realis3
379 1351 581 1415 alium
619 1373 810 1436 quem
839 1363 911 1418 ut
927 1357 1118 1419 homo
1149 1355 1568 1418 sanctificatus
1587 1373 1702 1435 per

145 1445 399 1523 gratiam
429 1446 714 1510 unionis
743 1455 808 1511 et
835 1451 1033 1513 haeres
1059 1449 1200 1512 vitae
1227 1455 1479 1512 aeternae
1507 1449 1701 1511 habet

137 1537 216 1599 ad
245 1537 442 1601 Deum
477 1541 1005 1606 sanctificatorem
1038 1561 1250 1620 sunm,
1282 1544 1391 1624 qui
1414 1548 1542 1605 tres
1567 1559 1701 1605 res-

143 1637 349 1712 pectus
404 1642 680 1714 possunt
719 1638 974 1700 nomine
1019 1636 1340 1699 filiationis
1395 1637 1699 1700 naturalis

141 1727 508 1808 nuncupari,
547 1736 622 1793 ut
649 1729 728 1792 de
773 1731 1022 1793 duobus
1048 1731 1266 1812 primis
1293 1749 1410 1811 per
1438 1749 1506 1793 se
1553 1749 1701 1793 con-

146 1829 278 1899 stat,
308 1822 476 1886 etde
506 1825 697 1886 tertio
725 1826 874 1887 satis
893 1843 930 1887 a
947 1825 1130 1887 nobis
1159 1824 1548 1888 declaratum
1577 1829 1697 1887 est.

145 1913 280 1976 Haec
295 1933 449 1978 vero
476 1917 903 1980 consideratio
927 1917 1116 1980 nimis
1147 1921 1244 1981 est
1264 1917 1702 1999 philosophica

150 2015 204 2070 et
231 2009 641 2087 scholastica,
693 2011 1088 2092 multumque
1121 2011 1316 2073 habet
1360 2010 1440 2074 de
1472 2017 1701 2073 nostrae

147 2103 390 2166 rationis
402 2100 779 2185 praecisione
796 2124 870 2169 ac
895 2105 1419 2182 consideratIone,
1441 2123 1702 2187 praeser-

149 2199 249 2260 tim
277 2199 324 2262 si
371 2198 605 2281 aliquis
645 2221 722 2265 ex
749 2202 848 2265 bis
875 2197 1264 2284 respectibus
1306 2208 1552 2266 tautum
1600 2221 1702 2265 ra-

149 2293 320 2356 tionis
349 2294 452 2370 sit,
491 2301 570 2358 ut
594 2315 820 2361 revera
860 2317 1000 2361 esse
1024 2297 1323 2374 diximus3
1358 2303 1420 2360 et
1445 2304 1703 2380 propter

149 2387 299 2451 hanc
339 2408 599 2453 causam
647 2411 790 2454 raro
823 2396 934 2454 aut
977 2409 1300 2471 nunquam
1348 2391 1705 2454 invenietur

153 2483 274 2545 haec
309 2475 701 2548 trimembris
741 2485 986 2562 divisio,
1017 2485 1366 2566 praesertim
1405 2485 1575 2566 apud
1605 2503 1706 2547 sa·

155 2594 276 2639 cros
298 2583 615 2642 auctores,
664 2579 802 2642 Alio
836 2579 1019 2641 modo
1061 2595 1398 2660 possumus
1423 2578 1596 2657 loqui
1625 2579 1705 2641 de

149 2669 233 2730 his
262 2669 694 2749 filiationibus,
720 2679 1026 2752 quantum
1047 2671 1128 2733 ad
1149 2673 1403 2745 formaS,
1431 2674 1495 2733 et
1515 2671 1701 2752 origi-

149 2781 248 2824 nes
265 2781 372 2826 seu
396 2764 858 2846 productiones
873 2766 940 2827 in
956 2764 1184 2845 quibus
1201 2765 1567 2842 fundantur,
1587 2783 1701 2828 seu

147 2857 218 2916 ad
245 2875 393 2938 quas
435 2864 924 2940 consequuntur
948 2858 1231 2940 praedicti
1260 2864 1603 2937 respectus,
1637 2865 1701 2921 et

147 2949 254 3012 hoc
285 2951 472 3016 modo
515 2953 580 3015 in
612 2969 682 3014 re
727 2957 976 3015 tantum
1010 2957 1154 3014 sunt
1192 2951 1333 3014 duae
1361 2951 1700 3014 filiationes

149 3045 449 3108 naturales
472 3047 550 3106 in
581 3045 850 3121 Christe,
879 3053 942 3108 et
970 3045 1114 3108 duae
1142 3045 1584 3126 generationes
1611 3063 1705 3108 se-

157 3139 412 3202 cundum
453 3141 624 3202 duas
677 3146 936 3202 naturas
989 3157 1067 3202 ex
1132 3139 1362 3219 quibus
1417 3145 1698 3215 constat,

159 3235 423 3310 quamvis
452 3235 808 3298 secundum
834 3233 1145 3296 rationem
1175 3238 1238 3295 et
1269 3233 1702 3314 praecisionem

155 3331 438 3407 nostram,
468 3347 604 3390 una
647 3346 866 3390 earum
895 3327 1094 3408 possit
1141 3325 1474 3407 dupliciter
1507 3328 1706 3389 consi-

158 3415 366 3496 derari,
398 3427 467 3484 ut
491 3419 648 3484 inde
677 3427 1016 3504 consurgat
1041 3419 1273 3501 triplex
1313 3419 1417 3482 ille
1459 3438 1706 3500 respec-

158 3515 248 3572 tus
273 3531 458 3594 supra
479 3515 863 3578 declaratus.

229 3607 321 3670 35.
353 3609 454 3673 Sic
483 3625 640 3694 ergo
671 3609 888 3672 filiatio
917 3607 1222 3673 naturalis
1247 3609 1315 3672 in
1343 3609 1585 3672 Christo
1607 3625 1709 3672 se-

158 3701 416 3768 cundum
448 3721 593 3770 rem
620 3697 750 3767 una
792 3704 1144 3786 eademque
1171 3711 1302 3780 est3
1338 3711 1550 3768 tamen
1578 3703 1714 3765 illa-

159 3801 294 3870 met,
320 3804 390 3862 ut
415 3799 744 3863 constituit
773 3817 1111 3882 personam
1143 3799 1208 3862 in
1237 3804 1464 3862 natura
1502 3797 1715 3860 divina

161 3889 592 3958 subsistentem
627 3899 690 3957 et
731 3893 814 3956 ab
856 3901 1090 3957 aeterno
1128 3894 1407 3978 genitam
1432 3911 1470 3956 a
1499 3893 1706 3969 Patre,

162 3985 250 4045 est
283 3984 501 4052 filiatio
549 3988 858 4050 naturalis
892 4005 1008 4068 per
1054 3987 1424 4064 essentiam3
1456 3990 1528 4049 ut
1558 4001 1708 4049 vero

160 4079 323 4156 quasi
363 4077 717 4144 formaliter
763 4079 1114 4142 sanctificat
1157 4082 1450 4144 naturam
1484 4080 1713 4142 huma·

159 4185 296 4232 nam
335 4173 451 4236 sibi
485 4175 755 4250 unitam,
798 4172 1131 4254 redditque
1169 4172 1339 4238 hunc
1387 4173 1712 4236 hominem

159 4259 458 4330 haeredem
506 4265 735 4330 divinae
775 4265 1151 4352 haereditatis
1172 4311 1189 4342 ,
1224 4265 1290 4329 in
1335 4264 1474 4348 ipsa
1520 4265 1710 4327 etiam

161 4355 422 4425 humana
443 4369 675 4424 natura
695 4367 767 4422 ut
787 4361 872 4424 sic
892 4359 1115 4424 fundat
1134 4361 1328 4424 alium
1352 4365 1712 4442 respectum

162 4448 462 4520 filiationis
491 4453 831 4532 naturalis3
865 4461 929 4516 et
959 4454 1082 4516 hoc
1108 4457 1299 4516 modo
1323 4452 1543 4516 filiatio
1572 4453 1713 4534 ipsa

163 4549 475 4627 naturalis,
509 4547 858 4612 secundum
884 4566 1018 4609 rem
1057 4551 1341 4627 sumpta,
1369 4546 1614 4608 ratione
1650 4550 1714 4607 et

163 4652 409 4704 munere
455 4643 867 4724 distinguitur
895 4659 933 4703 a
959 4641 1144 4703 nobis
1161 4685 1176 4716 ,
1218 4641 1365 4703 licet
1391 4641 1458 4701 in
1488 4657 1558 4702 se
1585 4654 1715 4701 una

167 4731 264 4808 sit;
292 4736 355 4798 iu
383 4737 687 4801 filiatione
731 4740 943 4799 autem
968 4736 1252 4798 humana
1279 4753 1407 4796 non
1438 4739 1534 4796 est
1581 4733 1715 4798 haec

166 4823 382 4908 duplex
429 4829 848 4894 consideratio
883 4875 902 4908 ,
953 4836 1014 4893 et
1048 4828 1192 4892 ideo
1247 4829 1418 4890 omni
1469 4829 1714 4892 ratione

167 4935 282 4982 una
315 4930 559 4989 tantum
610 4921 725 4987 est,
759 4925 808 4986 E
856 4923 1169 4986 contrario
1199 4939 1350 4985 vero
1383 4921 1607 4984 accidit
1647 4921 1716 4984 in

167 5016 559 5090 productione
587 5035 700 5080 seu
747 5015 1021 5098 origine3
1058 5032 1208 5077 nam
1259 5015 1435 5095 origo
1482 5017 1717 5076 aeterna

169 5101 293 5168 Filii
321 5111 430 5174 Dei
461 5129 498 5173 a
533 5111 746 5186 Patre,
779 5117 838 5172 et
866 5125 936 5171 re
971 5115 1034 5172 et
1058 5104 1561 5171 consideratione
1589 5123 1718 5170 una

169 5199 400 5267 tantum
449 5211 568 5282 est,
619 5199 924 5287 quantum
975 5203 1056 5266 ad
1109 5203 1412 5284 praesens'
1439 5207 1716 5282 spectat3

173 5296 481 5372 productio
511 5305 724 5361 autem
753 5297 1002 5376 Christi,
1029 5301 1101 5359 ut
1135 5297 1326 5359 homo
1352 5299 1469 5372 est,
1502 5311 1719 5376 quam-

175 5383 345 5452 visin
371 5411 438 5456 re
465 5393 543 5457 sit
568 5409 718 5471 una,
745 5391 1061 5474 duplicem
1102 5397 1319 5453 tamen
1347 5387 1542 5450 habet
1570 5405 1720 5450 con·

179 5477 640 5568 siderationem3
669 5487 736 5551 in
771 5485 900 5552 illa‘
931 5487 1102 5550 enim
1129 5483 1542 5567 productione
1587 5499 1718 5545 non

489 5611 598 5658 xvl
603 5611 642 5656 11
649 5637 666 5658 ·

1781 423 2028 479 tantum
2084 416 2517 480 consideratur
2578 418 2825 481 effectio
2882 437 2995 482 seu
3052 421 3348 485 formatio

1781 509 2211 586 humanitatiS,
2248 511 2362 574 sed
2392 511 2711 594 praecipue
2756 513 2953 574 unitio
2992 515 3179 577 totius
3227 516 3346 577 hu-

1781 602 2101 667 manitatis
2146 604 2227 666 ad
2254 603 2564 680 Verbum,
2599 623 2713 686 per
2762 623 2955 687 quam
3000 607 3105 669 bic
3152 607 3343 673 homo

1781 701 2072 775 resultat;
2096 694 2232 763 haec
2255 717 2407 779 ergo
2429 700 2589 762 actio
2608 699 2941 780 dupliciter
2956 693 3342 767 considerari

1760 799 1987 872 ‘potest
2002 839 2023 871 ,
2054 793 2292 874 primo,
2324 799 2634 873 quatenus
2665 793 2928 875 praecise
2974 795 3345 859 terminatur

1780 887 1862 948 ad
1901 889 2059 962 hoc,
2092 894 2161 950 ut
2188 891 2352 952 Deus
2402 905 2480 950 ex
2510 888 2777 951 muliere
2824 889 3249 970 concipiatur,
3283 897 3346 954 et

1777 979 1889 1044 fiat
1933 981 2155 1057 hom03
2192 987 2255 1045 et
2282 987 2352 1045 ut
2393 981 2482 1044 sic
2510 980 2734 1044 fundat
2774 982 3144 1046 relationem
3189 983 3346 1047 filia-

1778 1075 1969 1138 tionis
1995 1067 2287 1138 hnmanae
2314 1077 2383 1138 in
2424 1076 2645 1139 ordine
2670 1076 2753 1139 ad
2778 1079 3205 1152 matrem,·vel
3246 1095 3347 1142 re-

1780 1169 2077 1232 lationem
2130 1169 2390 1234 effectus
2441 1167 2525 1232 ad
2571 1187 2822 1232 cansam
2877 1170 2944 1232 in
2993 1169 3217 1233 ordine
3264 1171 3346 1233 ad

1780 1264 1980 1326 Deum
2026 1263 2419 1326 efficientem.
2456 1263 2747 1326 Secundo
2781 1269 2989 1344 potest
3032 1263 3141 1325 illa
3180 1265 3341 1326 actio

1782 1355 2263 1421 considerari'ut
2303 1375 2419 1437 per
2458 1360 2729 1420 eammet
2764 1353 3346 1420 sanctificatur-'hu-

1780 1449 2076 1528 manitaS,
2100 1457 2162 1515 et
2186 1441 2505 1514 confertur
2530 1450 2677 1513 huic
2700 1449 2939 1513 homini
2961 1449 3066 1531 jus
3090 1450 3172 1512 ad
3196 1449 3349 1513 divi-

1777 1564 1929 1608 nam
1956 1545 2406 1608 haereditatem.
2434 1545 2605 1609 Sicut
2635 1543 2895 1607 enimin
2918 1545 3347 1624 superioribus

1781 1638 2171 1716 dicebamus,
2201 1655 2542 1718 personam
2564 1637 2779 1714 Verbi,
2804 1642 2877 1699 ut
2902 1637 3349 1701 terminantem

1781 1731 2270 1814 dependentiam
2308 1737 2551 1794 naturae
2580 1730 2874 1792 humanae
2900 1729 2968 1791 in
3010 1730 3350 1794 subsisten-

1781 1825 1887 1902 do,
1923 1825 2221 1908 distingui
2251 1827 2496 1888 ratione
2536 1845 2575 1887 a
2610 1843 2678 1888 se
2716 1817 2879 1906 ipsa,
2907 1830 2978 1887 ut
3012 1827 3107 1888 est
3146 1826 3351 1888 forma

1781 1920 2181 1988 sanctificans
2208 1919 2694 1996 humanitatem,
2718 1919 2804 1982 ita
2831 1917 3023 1982 etiam
3051 1921 3216 1982 actio
3245 1937 3353 1982 ea-

1782 2013 1952 2093 dem,
1984 2020 2296 2094 quatenus
2338 2015 2433 2076 est
2460 2012 2825 2094 productiva
2853 2011 3043 2092 hujus
3078 2011 3352 2074 hominis

1782 2109 1846 2171 in
1873 2109 2116 2170 ratione
2165 2107 2495 2188 cujusdam
2532 2123 2822 2187 personae
2861 2105 3255 2169 subsistentis
3282 2106 3350 2167 in

1782 2216 2010 2265 natura
2046 2203 2350 2275 humana,
2379 2201 2627 2263 ratione
2656 2199 3063 2280 distinguitur
3094 2219 3133 2262 a
3162 2219 3227 2264 se
3256 2201 3351 2281 ip-

1784 2317 1876 2373 sa,
1905 2286 2215 2378 quatenus
2244 2299 2339 2359 est
2366 2293 2628 2357 actualis
2656 2293 2849 2376 hujus
2876 2286 3150 2356 hominis
3176 2311 3351 2356 sanc-

1783 2390 2061 2455 tificatio·
2084 2391 2159 2452 Et
2188 2389 2307 2451 sub
2334 2390 2455 2450 hac
2485 2387 2821 2470 posteriori
2848 2387 3093 2450 ratione
3124 2386 3351 2450 fundat

1786 2485 1979 2547 alium
2032 2489 2391 2565 respectum
2438 2478 2758 2546 filiationis
2795 2481 3119 2555 naturalis,
3156 2499 3351 2562 quem

1788 2580 2101 2643 Christum
2134 2584 2205 2642 ut
2246 2575 2575 2642 hominem
2603 2577 2686 2640 ad
2713 2577 2908 2639 Deum
2940 2575 3175 2639 habere
3204 2575 3353 2638 dici·

1779 2692 1944 2737 mus.
1979 2671 2184 2754 Atque
2236 2671 2324 2734 ita
2354 2675 2631 2748 constat,
2664 2669 2982 2754 quomodo
3012 2669 3077 2730 in
3104 2669 3351 2732 Christo

1781 2766 2135 2830 secundum
2166 2781 2305 2827 rem
2355 2770 2603 2828 tantum
2638 2764 2719 2825 sit
2746 2753 2979 2844 duplei:
3006 2761 3222 2825 filiatio
3238 2808 3260 2839 ,
3292 2769 3357 2826 et

1781 2859 2015 2944 duplex
2035 2861 2235 2940 origo,
2253 2863 2319 2921 et
2336 2857 2653 2950 quomodo
2675 2855 3024 2920 secundum
3044 2857 3355 2919 rationem

1787 2961 1850 3018 et
1904 2953 2478 3015 considerationem
2526 2956 2810 3012 nostram
2858 2949 3087 3030 triplex
3141 2947 3356 3012 distin-

1785 3055 2039 3132 guatur.
2073 3047 2327 3110 Constat
2356 3044 2546 3107 etiam
2574 3061 2686 3106 cur
2714 3043 2951 3117 Sancti,
2979 3041 3044 3105 iu
3073 3059 3355 3105 commu·

1786 3143 1852 3204 ni
1878 3139 2183 3224 loquendi
2210 3138 2399 3202 modo
2421 3183 2438 3214 ,
2466 3137 2732 3220 duplicis
2760 3144 3005 3201 tantum
3032 3137 3354 3200 filiationis

1789 3243 1851 3300 et
1895 3235 2238 3298 nativitatis
2290 3231 2515 3296 Christi
2565 3223 3011 3312 meminerint,
3066 3232 3214 3312 quia
3262 3232 3356 3294 lo-

1786 3336 2067 3412 quuntur
2116 3324 2463 3390 secundum
2503 3343 2665 3403 rem,
2722 3329 2783 3388 et
2826 3343 2959 3388 non
3005 3325 3355 3416 secundum

1787 3422 2354 3487 considerationem
2422 3423 2483 3481 et
2548 3417 2986 3499 praecisionem
3048 3423 3349 3481 nostram.

1787 3515 2045 3583 Constat
2088 3513 2365 3596 denique
2417 3529 2560 3586 cur,
2611 3517 2873 3592 agentes
2916 3511 2997 3574 de
3049 3510 3355 3574 filiatione

1793 3610 2019 3676 Christi
2064 3607 2357 3680 naturali,
2394 3621 2648 3684 semper
2699 3621 2842 3666 eam
2892 3603 3205 3685 explicent
3238 3619 3356 3684 per

1791 3710 2151 3787 respectum
2186 3698 2469 3781 originis,
2501 3695 2895 3780 aequalitatis,
2944 3715 3019 3759 ac
3058 3695 3355 3778 perfectae

1796 3797 2217 3864 similitudinis
2242 3794 2323 3857 ad
2354 3795 2603 3857 Patrem
2627 3809 2703 3854 ex
2729 3791 2791 3853 vi
2811 3797 3077 3853 aeternae·
3096 3809 3359 3872 genera-

1791 3893 2003 3966 tionis,
2032 3889 2449 3973 adjungentes
2478 3886 2539 3948 ei
2562 3883 3016 3948 humanitatem
3056 3884 3360 3966 hyposta-

1789 3987 1911 4051 tice
1962 3987 2229 4059 unitam,
2262 3977 2411 4062 quia
2448 3977 2799 4042 secundum
2844 3995 2979 4040 rem
3028 3994 3179 4039 vere
3227 3993 3359 4040 non

1792 4081 1981 4146 estin
2010 4078 2250 4141 Christo
2281 4073 2403 4137 alia
2444 4071 2701 4146 filiatio;
2738 4077 2801 4133 et
2828 4069 3129 4132 sanctitas
3156 4086 3231 4132 ac
3251 4071 3359 4151 jus

1791 4174 1873 4235 ad
1893 4172 2170 4234 divinam
2196 4165 2629 4230 haereditatem
2644 4209 2661 4240 ,
2684 4163 2857 4244 quod
2877 4164 2942 4226 in
2962 4161 3321 4226 humanitat

1789 4271 2001 4350 potest
2026 4262 2311 4344 intelligi,
2344 4261 2425 4323 ab
2454 4259 2576 4321 hac
2604 4257 2906 4320 filiatione
2928 4259 3106 4338 quasi
3129 4256 3361 4322 forma-

1789 4359 1935 4423 liter
1961 4358 2270 4441 provenit,
2298 4353 2507 4417 media
2536 4351 2799 4426 unione-3
2823 4357 2887 4413 et
2908 4355 3112 4412 totum
3139 4349 3361 4413 funda-

1792 4457 1896 4516 tur
1933 4453 1999 4516 in
2022 4451 2268 4514 infinita
2301 4445 2606 4527 dignitate
2631 4445 2794 4506 illius
2822 4441 3165 4518 filiationiS‚
3192 4447 3254 4506 ct
3278 4442 3360 4505 ab

1794 4545 1902 4610 illa
1930 4538 2186 4608 omnino
2213 4537 2648 4621 inseparabilis
2675 4542 2770 4601 est
2810 4535 3217 4600 sanctificatio
3240 4535 3361 4598 hu·

1794 4640 2131 4716 manitatis,
2156 4633 2479 4718 supposita
2502 4635 2640 4710 eJus
2662 4629 2923 4707 unione,
2946 4635 3008 4692 et
3033 4629 3174 4692 ideo
3192 4635 3361 4692 totus

1794 4736 1898 4798 hic
1943 4738 2265 4815 respectus
2313 4726 2425 4792 filii
2474 4725 2797 4803 naturalis,
2833 4739 3026 4804 quem
3078 4723 3361 4786 Christus

1797 4827 1914 4892 sub
1933 4833 2201 4905 utraque
2215 4828 2441 4886 natura
2456 4820 2804 4883 subsistens
2820 4817 3013 4880 habet
3032 4815 3113 4878 ad
3133 4815 3357 4888 Deum,

1796 4941 1912 5005 per
1940 4919 2199 4984 modum
2229 4913 2863 4979 unius'communiter
2889 4910 3266 4983 declaratur,
3298 4914 3363 4971 et

1797 5034 1965 5078 unus
2004 5011 2136 5075 fere
2168 5027 2311 5072 cum
2352 5009 2475 5071 alio
2505 5005 2929 5081 confunditur,
2958 5023 3089 5066 non
3118 5008 3363 5066 tantum

1797 5113 2057 5189 propter
2101 5104 2407 5166 unitatem
2454 5117 2763 5180 personae,
2805 5116 2957 5160 nam
3003 5095 3126 5160 hoc
3170 5094 3360 5156 modo

1802 5204 1991 5264 etiam
2020 5197 2186 5260 filius
2218 5195 2511 5269 hominia,
2546 5199 2608 5257 et
2638 5191 2831 5257 Filius
2859 5191 2993 5262 Dei,
3027 5207 3192 5252 unus
3220 5193 3363 5250 tan-

1798 5299 1934 5356 tum
1963 5297 2058 5355 est
2082 5291 2250 5354 filius
2268 5336 2285 5366 ,
2318 5305 2439 5352 nec
2466 5292 2725 5369 propter
2765 5286 2963 5349 solam
3010 5279 3362 5345 similitudi-

1797 5405 1946 5450 nem
1970 5385 2164 5462 vociS,
2186 5401 2336 5445 nam
2354 5381 2492 5442 haec
2516 5381 2703 5442 etiam
2728 5396 2858 5442 non
2886 5377 3223 5450 sufficeret,
3248 5372 3363 5436 sed

1798 5486 2057 5563 propter
2088 5465 2389 5540 unitatem
2418 5480 2482 5538 et
2518 5471 2909 5537 identitatem
2924 5471 3151 5533 'formae
3178 5483 3365 5531 sanc-

2954 5577 3035 5639 32

3226 317 3343 380 Μ
3456 280 3461 287 .
