3892 6167
1355 362 1674 418 msrc'rAT.
1708 363 1808 414 XL.
1847 363 2017 416 stur.
2056 366 2093 416 Ι.

151 489 244 544 ne,
271 477 336 531 ut
363 473 542 530 actos
569 463 880 526 interioris
909 463 1182 529 scientiae
1223 469 1453 525 natura
1499 470 1678 525 ante·-

151 563 319 626 cedat
351 568 565 627 aetum
611 557 882 630 visionis,
913 563 979 618 et
1001 563 1178 618 actus
1222 556 1454 620 amoris
1500 555 1678 618 liberi

153 655 392 737 gratiam
433 655 636 733 ipsam
673 658 1198 723 eonsummatam,
1225 651 1376 728 quia
1417 648 1678 712 seientia

151 751 332 811 infusa
351 745 636 826 sequitur
655 761 732 809 ex
753 744 893 823 ipsa
919 744 1158 805 visione
1181 743 1390 818 beata,
1415 750 1478 804 et
1500 749 1677 806 actus

151 843 355 904 amoris
379 855 456 901 ex
479 840 620 918 ipsa
647 837 850 916 gratia
869 880 884 908 ,
923 853 1064 916 quae
1090 837 1374 916 proxime
1400 835 1678 900 naseitur

153 951 216 996 ex
241 935 482 994 unione.
511 931 638 996 Sed
661 930 856 1010 gratia
883 944 953 991 et
972 930 1111 991 sine
1141 929 1555 991 fundamento
1579 929 1676 990 di·

153 1030 292 1090 citur
311 1028 432 1088 hoe
449 1035 586 1088 esse
613 1023 1021 1104 impossibile,
1047 1039 1190 1085 eum
1211 1023 1388 1086 nulla
1417 1023 1516 1085 vel
1537 1039 1678 1102 pro-

153 1121 350 1182 babilis
381 1117 787 1193 contradictio
817 1116 1061 1180 ostendi
1103 1117 1344 1196 possit3
1375 1115 1525 1196 quia
1553 1131 1676 1177 neo

153 1225 384 1276 neeesse
409 1214 506 1274 est
531 1210 862 1273 scientiam
888 1209 1164 1270 infusam
1194 1208 1373 1288 sequi
1408 1227 1485 1270 ex
1525 1208 1678 1270 bea·-

153 1315 222 1380 ta‚
239 1323 374 1368 cum
395 1306 598 1386 possit
623 1305 793 1368 Deus
814 1321 934 1365 sua
969 1303 1104 1365 sola
1138 1303 1370 1365 virtute·
1394 1303 1678 1382 proxime

153 1406 204 1460 ει
246 1398 594 1460 immediate
641 1397 826 1458 illam
853 1397 1132 1469 donare3
1164 1413 1374 1475 neque
1420 1411 1676 1458 necesse

150 1493 315 1553 etim
335 1497 452 1564 est,
475 1490 754 1570 primum
777 1493 994 1550 aetum
1019 1487 1364 1567 procedere
1389 1487 1474 1548 ab
1497 1486 1678 1550 habi·

151 1591 208 1646 ta
229 1585 452 1664 gratim,
476 1582 596 1645 sed
621 1587 830 1663 potest
851 1581 990 1642 fieri
1008 1599 1048 1641 a
1063 1581 1200 1642 sola
1225 1581 1506 1660 potentia
1531 1596 1676 1642 cum

151 1678 372 1740 auxilio.
409 1675 594 1740 Unde
643 1675 824 1736 faoile
851 1672 1176 1754 ‘explicari
1215 1680 1415 1754 potest
1449 1673 1676 1736 modus

152 1791 258 1853 quo
279 1771 400 1834 tale
421 1771 726 1832 meritum
753 1767 818 1830 in
846 1766 1090 1832 Christo
1121 1785 1261 1830 esse
1291 1769 1534 1848 potuit;
1565 1787 1678 1849 po-

151 1866 448 1928 luiteuim
475 1865 646 1925 Deus
685 1862 754 1924 in
795 1860 1057 1924 instanti
1079 1862 1420 1924 oreationis
1449 1862 1676 1922 animae

152 1957 366 2030 Christi,
393 1957 673 2038 primum
705 1956 990 2017 omnium
1017 1955 1265 2016 elevare
1289 1954 1678 2016 intellectum

151 2053 269 2131 ejus
288 2051 374 2116 ad
392 2050 820 2131 cognitionem
860 2048 1142 2126 aliquam
1193 2046 1303 2108 Dei
1355 2046 1680 2109 abstracti-

149 2163 291 2218 vam,
331 2149 393 2206 et
415 2161 530 2222 per
574 2141 906 2205 seientiam
953 2139 1258 2212 infusam3
1287 2147 1353 2201 et
1396 2140 1680 2201 similiter

151 2239 394 2318 prnbere
423 2235 736 2299 milium
767 2235 1096 2308 voluntati,
1140 2240 1212 2298 ut
1251 2249 1369 2313 per
1411 2233 1681 2294 liberum

151 2337 332 2394 actum
355 2349 420 2392 se
456 2329 832 2408 disponeret
859 2327 944 2390 ad
977 2326 1436 2406 susceptionem
1465 2326 1681 2406 gratian

154 2432 205 2486 et
246 2424 496 2486 aliorum
543 2423 890 2497 donorum,
919 2421 1003 2484 ad
1047 2439 1207 2482 eum
1243 2419 1506 2481 modum
1553 2437 1678 2497 quo

153 2536 294 2579 nuuc
321 2519 528 2581 elevat
565 2516 966 2580 voluntatem
1014 2513 1288 2574 huminis
1325 2514 1391 2574 in
1423 2513 1678 2574 instanti

153 2609 618 2690 justificationis,
662 2616 736 2672 ut
760 2627 844 2672 ae
894 2608 1186 2688 disponat
1233 2604 1315 2667 ad
1368 2607 1674 2686 gratiam;

153 2705 320 2780 unde,
333 2705 550 2778 sionis
534 2723 606 2766 ιιι
624 2701 1068 2795 justificatione
1095 2705 1338 2773 nostra,
1355 2699 1678 2777 dispositi-o

157 2805 346 2860 natura
385 2797 708 2860 antecedit.
735 2775 1124 2858 infusionem
1154 2794 1390 2874 gratiae,
1427 2794 1516 2854 ita
1541 2792 1678 2854 fieri

159 2893 367 2971 potuit
349 2911 416 2954 ιιι
435 2893 652 2972 prima
677 2889 1170 2952 sanctificatione
1197 2889 1426 2950 animae
1456 2887 1682 2952 Christi

159 3003 254 3064 ρει·
286 2987 538 3066 gratiam
592 2982 1068 3047 accidentalem.
1102 2983 1210 3043 Est
1245 2987 1460 3043 tamen
1505 2980 1682 3043 diffe-

158 3079 350 3153 rentia,
373 3079 522 3158 quia
551 3095 678 3138 nos
723 3093 839 3155 per
882 3075 1354 3154 dispositionem
1379 3092 1511 3136 non
1553 3091 1682 3134 me-

157 3189 338 3232 remur
363 3172 440 3232 de
467 3169 790 3249 condigno
827 3167 1208 3228 infusionem
1245 3166 1459 3246 gratiae
1481 3211 1497 3240 ‚
1535 3166 1682 3244 quia

161 3283 268 3326 non
284 3264 702 3344 supponimur
732 3263 892 3342 grati
908 3277 930 3338 ;
957 3259 1237 3323 Christus
1261 3265 1500 3334 autem,
1534 3259 1683 3336 quia

157 3375 252 3435 per
289 3359 482 3438 ipsam
524 3356 836 3419 unionem
863 3360 958 3416 est
987 3353 1408 3432 gratissimus,
1437 3359 1502 3414 et
1541 3370 1686 3432 per·-

155 3449 529 3514 fectissimum
563 3447 942 3529 principium
969 3446 1198 3519 meriti,
1243 3445 1388 3507 ideo
1431 3463 1546 3525 per
1591 3451 1684 3506 ta-

157 3542 260 3604 lem
307 3543 780 3625 dispositionem
818 3540 900 3602 de
928 3538 1240 3618 condigno
1279 3555 1360 3600 ex
1407 3537 1684 3617 perfecta

157 3637 362 3714 justitia
379 3639 742 3699 mereretur
769 3634 970 3712 ipsam
1001 3630 1384 3694 infusionem
1423 3629 1678 3710 gratise3

159 3747 284 3790 nam
331 3735 624 3810 respeetn
675 3727 939 3802 Christi,
975 3727 1113 3788 haec
1161 3742 1290 3786 nou
1341 3729 1437 3786 est
1483 3722 1686 3803 prima

165 3824 356 3899 gratia,
379 3823 496 3886 sed.
511 3820 822 3896 secunda,
851 3837 994 3899 quse
1035 3819 1224 3880 aliam
1253 3817 1686 3897 perfectiorem

165 3918 451 3996 supponit;
482 3915 646 3978 nihil
669 3921 884 3978 autem
915 3917 1252 3993 repugnat,
1278 3929 1394 3990 per
1419 3911 1687 3992 primam

165 4011 416 4087 gratiam,
449 4008 686 4072 mereri
729 4005 1098 4070 secundam.
1133 4004 1316 4068 Unde
1360 4003 1553 4065 etiam
1594 4001 1684 4078 fit,

165 4107 220 4162 ut
251 4121 351 4182 per
393 4102 689 4166 eamdem
739 4099 1212 4180 dispositionem
1253 4097 1528 4178 potuerit
1563 4113 1692 4156 me-

165 4196 268 4255 reri
289 4196 576 4258 eamdem
624 4193 890 4274 gratiam
919 4195 1421 4254 consummatam
1459 4193 1524 4250 et
1554 4206 1690 4266 per·

167 4286 384 4363 tectam,
419 4295 618 4369 atque
673 4285 834 4350 adeo
886 4283 1150 4366 gloriam
1193 4287 1260 4346 et
1303 4287 1524 4344 coetera
1580 4281 1693 4342 do-

167 4398 267 4453 na;
289 4382 428 4461 quia
465 4381 649 4444 valor
693 4383 758 4442 et
800 4383 1098 4442 meritum
1131 4377 1300 4438 illius
1339 4373 1691 4456 dispositio-

169 4472 250 4534 nis
289 4475 491 4554 majus
535 4479 634 4538 est
681 4489 873 4552 quam
915 4473 1055 4534 haec
1101 4469 1356 4545 omnia,
1395 4474 1460 4532 et
1485 4467 1692 4530 aliun-

169 4564 236 4624 de
257 4567 416 4631 nulla
453 4574 551 4632 est
579 4565 1017 4647 repugnantia,
1047 4569 1118 4626 ut
1145 4561 1532 4624 declaratum
1571 4564 1686 4622 est.

172 4657 244 4720 Ex
295 4680 410 4742 quo
471 4662 765 4726 discursu
817 4658 1206 4740 intelligitur,
1257 4657 1461 4718 solum
1519 4655 1694 4716 illum

173 4753 410 4830 primum
441 4762 656 4820 actum
685 4753 986 4827 scientiae,
1007 4759 1070 4816 et
1100 4751 1374 4832 primum
1397 4747 1697 4810 auxilium

175 4844 362 4910 datum
387 4848 692 4912 voluntati
711 4846 933 4911 Christi
961 4845 1040 4906 ad
1059 4835 1432 4924 praedictum
1457 4849 1692 4914 actum,

177 4955 284 5002 nou
309 4944 580 5020 potuisse
615 4941 758 5004 hoc·
781 4939 974 5004 modo
1003 4938 1230 5002 eadere
1257 4937 1375 5000 sub
1403 4935 1698 5000 meritum

180 5032 428 5108 ejusdem
459 5034 711 5111 Christi,
741 5034 894 5114 quia
921 5039 1070 5094 ante
1097 5031 1366 5111 primam
1397 5027 1700 5109 coguitio-

178 5141 304 5186 nem
334 5134 392 5191 et
429 5129 703 5210 primum
749 5133 960 5189 actum
1002 5125 1270 5188 liberum
1319 5119 1700 5201 impossibile

179 5224 262 5280 est
280 5220 620 5302 intelligere
638 5227 712 5283 ut
733 5220 800 5282 in
825 5218 1054 5286 eudem
1078 5217 1338 5282 homine
1363 5212 1698 5278 antecedat

182 5313 470 5391 meritum,
491 5315 686 5380 etiam·
703 5314 926 5378 ordine
953 5317 1217 5386 naturae,
1241 5325 1384 5372 oum
1405 5305 1700 5370 meritum

184 5410 504 5470 necessario
547 5413 862 5488 supponat
896 5405 1346 5487 cognitionem,
1373 5405 1438 5462 et
1462 5399 1528 5462 in
1558 5405 1701 5462 actu

186 5495 360 5562 libero
377 5501 691 5566 fundetur.

483 5625 659 5672 xvxxi.

3207 363 3321 424 337

1840 466 1899 524 ’1.
1930 461 2145 525 Etiam
2171 475 2281 542 per
2306 461 2725 542 subsequentia
2751 481 2931 543 opera
2954 483 2993 527 a
3014 468 3138 530 Deo
3159 485 3325 548 pm·-

1758 557 1911 628 visa,
1939 555 2161 617 mer-ori
2180 553 2385 634 potuit
2414 553 2705 618 Clarium
2722 557 2889 619 dicta
2916 559 3091 621 dona.
3120 591 3201 610 --
3218 561 3327 624 Se·

1759 647 1971 710 cundo
2006 647 2195 708 modo
2238 646 2501 725 intelligi
2532 653 2739 726 potest
2782 648 2975 710 fuisse
3024 653 3319 730 possibile

1759 741 1881 803 hoc
1907 740 2199 802 meritum
2236 757 2353 818 per
2394 739 2839 820 subsequentia
2873 761 3090 824 opera,
3133 746 3221 807 ita
3252 751 3324 809 ut

1755 841 2015 914 propter
2042 833 2147 894 illa
2178 834 2433 913 praevisa
2465 834 2617 894 data
2653 834 2843 897 fuerit
2882 836 3085 914 prima
3118 839 3323 918 gratia

1759 934 1824 989 et
1851 927 2215 999 heatitud03
2266 932 2328 988 et
2369 926 2623 988 extendi
2664 926 2786 990 hoo
2822 935 3029 1007 potest
3067 931 3149 992 ad
3194 932 3323 1011 pri-

1755 1037 1932 1080 mum
1963 1019 2293 1092 auxilium,
2328 1025 2391 1081 et
2419 996 2693 1098 primum
2735 1027 2947 1082 aetum
2980 1025 3321 1102 cujuscun-

1757 1129 1880 1193 que
1903 1113 2205 1176 scientiae.
2236 1113 2327 1174 De
2349 1113 2471 1174 hoc
2492 1119 2705 1174 tamen
2730 1114 2943 1188 mode,
2976 1115 3125 1192 quia
3150 1134 3322 1178 nunc

1759 1206 2153 1268 necessarius
2172 1223 2301 1268 non
2325 1212 2449 1284 est,
2465 1206 2647 1285 plura
2671 1217 2799 1268 uon
2824 1207 3053 1280 dicam,
3086 1210 3241 1271 sed
3216 1227 3321 1289 Ju-

1757 1300 2103 1362 dicandum
2132 1300 2213 1362 de
2242 1300 2347 1362 illo
2393 1307 2487 1362 est
2510 1300 2686 1378 Juxta
2716 1317 2793 1362 ea
2826 1317 2969 1379 quae
3014 1301 3095 1364 de
3124 1303 3321 1382 possi·

1757 1394 1868 1456 bili
1893 1395 2125 1456 merito
2153 1393 2605 1454 incarnationis
2632 1393 2903 1456 diximus
2930 1411 3226 1474 supra,q.
3252 1401 3315 1468 2,

1757 1495 1877 1552 art.
1909 1493 1978 1551 Η·
1990 1533 2011 1565 ,
2036 1494 2097 1551 et
2116 1488 2179 1551 in
2206 1487 2613 1567 sequentibus
2636 1495 2918 1550 occurret
2940 1489 3187 1552 occasio
3210 1490 3319 1552 ad-

1757 1579 1946 1644 dendi
1976 1581 2305 1644 nonnulla.

1835 1678 1898 1739 8.
1928 1673 2151 1743 Gratia
2174 1721 2195 1754 ‚
2244 1680 2319 1740 vt
2362 1675 2449 1740 sit
2491 1675 2871 1756 principium
2906 1675 3153 1751 meriti,
3196 1691 3314 1738 non

1757 1786 1906 1851 opus
1937 1774 2028 1832 eet
2060 1777 2131 1834 ut
2176 1771 2261 1833 sit
2291 1769 2495 1850 aliquo
2520 1769 2691 1832 modo
2733 1771 3099 1850 impertirem.
3121 1769 3317 1833 -Ad

1757 1869 2157 1943 argumenta,
2188 1862 2395 1942 primo
2434 1879 2563 1924 non
2609 1863 2891 1924 existimo
2942 1881 3195 1924 sensum
3238 1865 3312 1924 D.

1756 1957 2015 2018 Thomas
2038 1973 2179 2018 esse
2208 1971 2399 2035 quem
2428 1955 2696 2035 explicat
2716 1955 2826 2018 illa
2848 1958 3185 2032 sententia,
3206 1957 3321 2020 sed

1759 2065 1944 2130 posse
1972 2049 2207 2128 optime
2234 2048 2317 2111 de
2338 2049 2619 2129 potentia
2650 2047 2967 2111 ordinaria
2996 2050 3316 2130 explicari,

1763 2147 1833 2202 ut
1865 2142 2145 2204 sectione
2171 2139 2460 2221 sequenti
2489 2139 2715 2202 dicam.
2748 2141 2845 2205 Ad
2872 2141 3141 2220 primam
3164 2159 3315 2204 vero

1759 2235 2071 2298 rationem
2106 2235 2547 2315 respondetur,
2572 2233 2859 2314 gratiam,
2896 2251 3039 2313 quaa
3062 2240 3229 2297 esset
3247 2235 3317 2297 in

1761 2327 2005 2392 Christo
2033 2328 2409 2409 principium
2436 2326 2644 2389 meriti
2674 2326 2743 2388 in
2774 2326 2940 2390 dioto
2970 2345 3145 2403 casu,
3188 2345 3319 2390 uon

1763 2439 1904 2485 esse
1923 2421 2191 2502 gratiam
2212 2419 2665 2500 imperfectam,
2684 2419 2795 2482 sed
2822 2420 3023 2500 ipsam
3051 2422 3319 2502 gratiam

1761 2515 2036 2578 unionis.
2068 2515 2308 2576 Deinde
2352 2514 2535 2576 etiam
2578 2513 2633 2576 si
2676 2513 2905 2575 demus
2940 2515 3055 2592 (ut
3094 2531 3317 2600 revera

1759 2610 1894 2672 fieri
1945 2609 2193 2688 posset)
2226 2606 2513 2670 habitum
2550 2607 2769 2688 gratiae
2812 2607 3055 2668 infundi
3094 2609 3319 2672 animm

1759 2703 1983 2768 Christi
2010 2703 2151 2764 sine
2176 2702 2425 2775 merito,
2446 2708 2519 2763 ut
2544 2720 2661 2780 per
2690 2700 2961 2781 aliquem
3001 2706 3216 2764 aetum
3238 2703 3321 2764 ab

1759 2797 1864 2860 illo
1887 2796 2162 2858 elicitum
2177 2801 2525 2858 mereretur
2534 2794 2843 2858 visionem
2857 2794 3111 2856 beatam
3126 2795 3191 2856 in
3216 2813 3325 2858 eo·

1761 2889 1904 2952 dem
1933 2889 2187 2950 instanti
2214 2887 2517 2961 dandm,
2540 2887 2751 2951 adhue
2776 2893 3223 2968 argumentum
3246 2888 3321 2950 il-

1760 2982 1873 3046 lud
1899 3003 2029 3046 non
2058 2983 2469 3062 ριοεειιειεις
2500 2999 2648 3044 nam
2674 2983 2993 3062 interrogo
3033 2983 3186 3061 quid
3229 2983 3324 3044 in·

1759 3079 2074 3158 telligatur
2101 3077 2361 3138 nomine
2392 3075 2607 3157 gratiae
2636 3074 3021 3156 imperfeotae
3047 3095 3063 3149 ;
3094 3093 3243 3139 nam
3270 3077 3326 3137 si

1761 3170 2133 3252 intelligitur
2180 3167 2379 3249 gratia
2428 3187 2568 3248 quae
2608 3170 2822 3247 aliquo
2870 3173 3151 3247 tempore
3193 3185 3327 3232 non

1762 3263 1958 3326 habet
1978 3267 2385 3342 conjunctam
2408 3262 2741 3337 visionem,
2772 3261 2862 3322 sio
2896 3261 3131 3340 petitur
3156 3263 3328 3342 prin-

1766 3357 2037 3435 cipium;
2066 3373 2231 3436 nego
2262 3355 2435 3417 enim
2464 3371 2603 3416 esse
2656 3353 2735 3414 de
2784 3351 3029 3415 ratione
3084 3355 3323 3434 gratim,

1765 3467 1910 3528 qnae
1958 3455 2055 3511 est
2096 3447 2472 3529 principium
2514 3445 2745 3522 meriti,
2772 3451 2843 3508 ut
2868 3446 2949 3507 sit
2974 3445 3095 3507 hoe
3134 3447 3323 3512 modo

1766 3542 2161 3622 imperfecta3
2184 3539 2359 3602 nulla
2376 3539 2548 3602 enim
2578 3537 2823 3600 ratione
2850 3537 2973 3600 hoc
2998 3538 3323 3618 probatur,
3416 3531 3425 3539 ’

1767 3642 1830 3698 ει
1866 3635 2247 3696 contrarium
2276 3632 2429 3694 satis
2474 3649 2515 3692 a
2540 3649 2646 3692 me
2688 3629 3023 3710 probatum
3048 3638 3163 3694 cst.
3200 3634 3325 3695 Aut

1766 3747 1882 3808 per
1925 3726 2195 3809 gratiam
2240 3724 2673 3804 imperfectam
2702 3721 3073 3802 intelligitur
3104 3724 3325 3804 gratia,

1767 3839 1910 3902 quae
1933 3839 2049 3901 per
2074 3819 2266 3881 fidem
2291 3823 2613 3898 operatur,
2638 3821 2705 3876 et
2727 3813 2849 3880 hoo
2876 3832 3065 3876 sensu
3094 3814 3161 3876 in
3190 3815 3329 3878 aliia

1767 3919 1995 3995 praeter
2016 3912 2326 3974 Christum
2344 3908 2597 3990 speciali
2616 3906 2810 3970 modo
2836 3915 3171 3987 repugnat,
3194 3925 3329 3971 me·

1767 4009 1958 4069 ritum
1994 4005 2249 4067 visionis
2276 4004 2479 4065 beatae
2506 4000 2693 4063 simul
2724 4017 2867 4062 esse
2890 4017 3037 4061 eum
3068 4000 3206 4079 ipsa
3240 4001 3329 4062 vi·

1769 4099 1953 4161 sione
1977 4097 2195 4174 beata,
2223 4114 2301 4158 eo
2327 4093 2517 4157 modo
2542 4111 2671 4173 quo
2698 4097 3011 4172 repugnat
3035 4091 3229 4154 fidem
3267 4100 3331 4156 et

1770 4191 2075 4254 visionem
2106 4205 2243 4252 esse
2278 4185 2487 4260 simul,
2512 4186 2645 4248 sive
2664 4185 2775 4246 illa
2800 4184 3223 4264 repugnantia
3250 4183 3332 4248 sit

1771 4284 1841 4347 in
1873 4283 2095 4346 ordine
2140 4281 2223 4344 ad
2270 4279 2625 4342 absolutam
2657 4276 2771 4339 Dei
2799 4275 3167 4356 potentiam,
3200 4277 3331 4340 sive

1773 4377 1981 4439 solum
2001 4395 2077 4438 ex
2102 4381 2327 4446 natura
2356 4373 2473 4448 rei,
2496 4377 2610 4434 aut
2628 4369 2987 4432 secundum·
3001 4367 3211 4450 legem
3236 4387 3333 4434 or-

1775 4469 2106 4543 dinariam,
2138 4466 2309 4547 quod
2340 4465 2605 4528 fortasse
2645 4461 3033 4542 probabilius
3085 4467 3221 4537 est;
3270 4469 3335 4525 at

1773 4580 1924 4625 vero
1952 4561 2019 4624 in
2045 4561 2295 4624 Christo
2314 4558 2581 4620 Domino
2610 4573 2819 4634 neque
2846 4553 2949 4616 hic
2976 4555 3209 4616 modus
3234 4573 3333 4618 re·

1776 4653 2141 4736 pugnantiae
2177 4650 2511 4732 reperitur,
2537 4647 2687 4729 qnia
2714 4646 3009 4710 meritum
3042 4649 3181 4727 ejus
3198 4665 3335 4712 nou

1776 4747 2075 4810 fundatur
2098 4745 2165 4806 in
2194 4744 2341 4814 fide,
2363 4743 2533 4804 unde
2560 4758 2769 4821 neque
2796 4739 3020 4820 gratia,
3050 4740 3338 4821 qum-fuit

1779 4839 2153 4920 principium
2176 4837 2335 4916 ejus,
2358 4834 2477 4896 fuit
2499 4833 2565 4896 in
2594 4833 2701 4897 illo
2726 4850 2915 4897 sensu
2940 4832 3330 4912 imperfecta.

1781 4936 1906 4996 Aut
1926 4949 2043 5012 per
2068 4931 2333 5011 gratiam
2356 4925 2791 5008 imperfectam
2812 4925 3179 5005 intelligitur
3196 4946 3338 5009 gra-

1781 5027 1892 5102 tia,
1914 5039 2057 5104 quae
2080 5039 2211 5086 nou
2230 5021 2421 5082 hahet
2446 5022 2648 5082 totum
2674 5023 3091 5098 augmentum
3110 5039 3227 5084 seu
3242 5023 3337 5084 in-

1779 5118 2135 5182 tensionem
2164 5130 2358 5194 quam
2388 5111 2685 5176 habitura
2713 5115 2845 5185 est,
2880 5114 2949 5172 et
2978 5111 3101 5173 hoc
3142 5131 3339 5177 sensu

1781 5211 1973 5275 etiam
2002 5207 2185 5270 facile
2214 5205 2435 5285 negari
2460 5209 2669 5284 potest
2712 5202 2880 5266 hanc
2918 5202 3339 5284 imperfectio-

1779 5322 1933 5368 nem
1984 5319 2115 5366 esse
2164 5299 2244 5362 de
2294 5298 2539 5362 ratione
2567 5295 2733 5356 illius
2764 5294 2981 5374 gratiae
2995 5339 3017 5372 ‚
3058 5315 3199 5377 quae
3246 5307 3341 5362 est

1779 5397 2157 5480 principium
2176 5392 2410 5470 meriti3
2428 5389 2585 5452 nihil
2604 5390 2775 5452 enim
2802 5388 2909 5452 illa
2936 5388 3021 5452 ad
3048 5391 3342 5456 meritum

1783 5491 2061 5567 confert;
2088 5505 2295 5569 neque
2318 5484 2445 5550 ulla
2466 5482 2625 5548 ratio
2644 5481 2951 5564 assignari
2974 5486 3183 5563 potest
3197 5503 3346 5568 pro..
