3892 6167
1352 353 1673 410 manunt.
1706 353 1873 408 xuv.
1908 355 2082 410 amr.
2117 359 2158 410 1.

84 459 309 514 nostra
338 456 717 517 sententis.
748 455 847 517 Ad
890 455 1060 535 quod
1090 456 1363 536 primum
1408 455 1701 534 expendo

88 547 193 610 illa
220 546 441 608 verbu
468 565 487 608 ε
525 548 727 612 Sicut
742 564 955 614 smus
974 553 1183 628 faetus
1210 557 1321 624 est,
1344 549 1435 614 sie
1458 553 1517 614 et
1544 549 1715 616 Pom.

88 643 243 716 tina
292 647 359 703 et
416 641 747 706 minister.
792 643 875 704 At
913 643 1197 706 Christus
1248 660 1377 704 non
1424 644 1705 722 putative

90 737 345 796 tantum
382 741 509 796 aut
556 737 1004 816 metaphorice
1028 737 1307 798 Pontifex
1338 737 1539 798 factus
1580 743 1701 812 est,

94 827 208 888 ssd
235 842 403 888 vere
423 845 524 890 -ae
546 831 837 910 proprie,
862 835 931 890 ut
954 848 1016 908 q.
1040 832 1120 892 22
1143 829 1523 904 videbimus;
1552 847 1705 909 ergo

94 920 333 982 eodem
360 922 601 983 modo·
633 923 835 985 factm
860 929 953 986 est
980 939 1216 986 servus.
1244 925 1503 998 Rursus,
1530 924 1707 984 Chri-

96 1023 227 1075 stus
264 1015 663 1078 ascendens
692 1016 760 1078 in
782 1017 1017 1079 eoelum
1046 1033 1175 1078 non
1202 1017 1409 1078 amisit
1440 1017 1707 1096 dignitas

100 1115 223 1169 tem
266 1107 661 1187 PontifioiS,
690 1127 901 1190 neque
952 1110 1375 1174 conditionem
1412 1112 1704 1189 ministri,

102 1205 163 1262 in
220 1207 375 1263 actu
438 1203 669 1282 primo
726 1204 821 1282 (ut
872 1205 961 1268 sie
1006 1203 1263 1285 dicam);
1298 1221 1447 1266 nam
1490 1212 1557 1268 et
1612 1213 1707 1272 est

102 1295 399 1356 Pontifex
441 1297 521 1357 in
560 1305 905 1374 aeternum,
940 1304 1003 1359 et
1048 1305 1353 1378 quantum
1396 1307 1597 1362 estex
1637 1317 1705 1364 se

104 1390 393 1450 elit-istus
428 1391 743 1454 athenio
770 1409 1023 1471 semper
1051 1397 1147 1454 est
1170 1399 1355 1472 aptus
1383 1393 1465 1456 ad
1492 1396 1704 1456 minis-

105 1481 409 1542 trandum
466 1485 655 1559 Dee,
684 1485 749 1545 in
776 1485 1073 1546 omnibus
1101 1503 1241 1564 quse
1276 1487 1405 1550 Deo
1450 1489 1706 1568 placue-

108 1578 266 1654 rint3
298 1577 453 1652 sed,
485 1584 811 1654 quantum
844 1579 923 1642 ad
950 1595 1161 1655 usum,
1190 1581 1417 1642 dicitur
1442 1583 1503 1642 in
1548 1583 1705 1644 coelo

108 1688 231 1730 non
266 1688 601 1734 exercere
630 1689 864 1735 munus
892 1674 1195 1744 ministri,
1226 1679 1335 1736 aut
1362 1675 1699 1750 Ponuticis,

112 1765 371 1838 scilicet,
416 1771 749 1843 (plantum
778 1767 862 1829 ad
892 1785 969 1830 ea
993 1768 1339 1831 ministeria
1367 1785 1508 1848 quse
1548 1769 1707 1832 infe-

112 1861 291 1920 rioris
336 1867 501 1922 sunt
535 1863 804 1937 ordinis,
836 1865 935 1925 vel
964 1865 1047 1926 ad
1080 1867 1311 1925 statum
1338 1865 1453 1926 virs
1483 1871 1545 1927 et
1570 1883 1707 1927 oar·

118 1957 211 2015 nis
230 1955 569 2034 passibilis
586 1957 1009 2036 pertinebant.
1032 1957 1227 2037 Igitur
1244 1957 1471 2020 eodem
1489 1958 1701 2034 modo,

120 2055 431 2125 quantum
488 2049 582 2110 ad
630 2050 1055 2112 conditionem
1102 2051 1396 2112 humanae
1444 2056 1702 2127 naturas,

124 2159 371 2222 semper
429 2149 671 2205 manet
719 2160 970 2221 servus;
1007 2151 1221 2206 tamen
1270 2150 1578 2224 quantum
1624 2145 1707 2208 ad

124 2255 303 2296 usum
354 2253 597 2298 earum
633 2239 949 2300 actionum
1000 2238 1227 2316 quibus
1278 2257 1405 2300 nen
1461 2245 1704 2300 tantum

129 2333 283 2403 Dec,
333 2331 457 2392 >sed
510 2331 714 2393 etiam
752 2331 1111 2393 huminibus
1154 2331 1381 2394 dicitur
1426 2331 1705 2394 Christus

130 2427 471 2504 aliquando
500 2425 821 2501 serviissc,
838 2425 1167 2504 reliquisse
1188 2425 1415 2487 dicitur
1444 2427 1704 2488 servitu-

134 2527 275 2580 tem.
308 2519 493 2581 Hanc
524 2525 751 2582 autem
790 2535 927 2580 esse
962 2521 1245 2580 mentem
1280 2521 1497 2597 Chrys.
1532 2524 1704 2598 patet

136 2613 355 2674 abillis
382 2615 611 2676 verbis
638 2631 655 2674 ε
684 2613 839 2678 Noli
864 2613 1069 2694 ipitur
1098 2619 1338 2695 putare,
1369 2629 1505 2675 eum
1534 2613 1701 2674 Pon-

138 2706 341 2783 tificem
392 2723 539 2772 eum
586 2707 769 2770 audis
786 2751 807 2781 ‚
858 2707 1016 2786 quod
1056 2721 1287 2785 semper
1334 2703 1699 2782 Pontificati

138 2803 435 2880 [τινι-«γαῖαν
460 2801 698 2880 officio,
732 2806 851 2862 etc.

210 2895 305 2954 53.
334 2895 715 2957 Secundum
740 2894 1168 2956 testimonium
1188 2899 1322 2955 erat
1350 2893 1696 2968 Athanasii,

141 2989 307 3066 cnjus
334 2989 557 3063 verba,
586 2989 657 3050 in
686 2988 909 3049 codem
938 3003 1125 3048 serm.
1153 2990 1381 3049 3‘cont.
1411 2987 1696 3063 Arianos,

142 3084 281 3142 satis
318 3089 475 3145 sunt
500 3099 808 3163 expressa
838 3083 905 3142 in
933 3085 1161 3142 nostrae
1186 3081 1515 3142 sententiae
1545 3099 1700 3144 cou-

144 3175 583 3251 afflationem,
610 3181 683 3238 ut
702 3176 996 3236 vidimus·
1023 3173 1323 3245 Quocirca
1350 3175 1414 3236 in
1442 3175 1698 3254 reliquis

146 3265 285 3328 locis
306 3269 477 3330 iliius
502 3271 817 3331 sermonis
842 3269 1043 3329 solum
1070 3268 1357 3340 intendit,
1388 3267 1699 3330 Christum

148 3375 341 3438 neque
392 3379 537 3426 esse
588 3381 795 3440 neque
854 3377 1037 3442 posse
1096 3361 1395 3440 appellari
1450 3379 1699 3423 servum

150 3456 371 3517 ratione
400 3461 551 3518 susc
578 3471 891 3536 perseum,
922 3455 1036 3517 sed
1060 3459 1305 3516 tantum
1334 3455 1578 3516 ratione
1606 3471 1701 3514 as-

152 3557 396 3627 sumptas
434 3557 715 3622 naturam
764 3549 873 3610 illa
916 3555 1131 3611 autem
1174 3550 1391 3622 verba,
1441 3548 1695 3622 scilicet,

153 3636 259 3702 dici
286 3643 628 3718 Christum,
659 3658 896 3707 servum
926 3643 1320 3724 appellatione
1340 3687 1357 3717 ‚
1392 3659 1515 3706 non
1542 3643 1701 3706 veri·

156 3737 283 3808 tate,
312 3734 375 3796 iu
402 3738 749 3800 Athanasio
778 3753 907 3798 non
930 3736 1179 3815 reperio
1190 3751 1211 3812 3
1240 3734 1411 3812 quod
1438 3734 1493 3796 si
1519 3751 1699 3814 repe-

156 3825 431 3908 rirentur,
488 3829 823 3892 referenda
867 3834 1079 3891 essent
1130 3830 1211 3890 ad
1266 3829 1657 3908 suppositum
1679 3872 1696 3902 ,

160 3921 308 3994 quod
330 3923 681 3986 secundum
710 3941 777 3984 sc
806 3941 1027 3984 revera
1052 3939 1175 3984 non
1204 3928 1299 3984 cst
1322 3937 1561 3996 servus,
1586 3920 1697 3982 scd

158 4010 213 4069 in
238 4023 541 4090 qnantum
574 4017 765 4077 homo
795 4017 1037 4078 ratione
1080 4021 1415 4094 assumptae
1460 4021 1733 4077 natura&

162 4101 313 4166 illam
340 4109 598 4189 suscipit
632 4107 1225 4170 denominationem.
1260 4109 1540 4169 'l'ertium
1578 4113 1701 4168 tes·

162 4202 471 4264 amonium
514 4209 614 4264 est
638 4203 891 4264 Eusebii
924 4201 1231 4264 Emisseni
1254 4245 1271 4274 ,
1298 4201 1473 4280 quod
1510 4201 1577 4262 in
1606 4201 1700 4260 his

166 4287 411 4355 homiliis
440 4297 712 4371 Eusebii‚
761 4312 919 4376 quas
966 4296 1133 4376 apud
1164 4313 1265 4357 me
1314 4297 1538 4370 habeo,
1573 4313 1697 4356 non

170 4382 422 4468 inrcui03
464 4399 679 4454 tamen
727 4391 1087 4469 ubicunque
1134 4389 1238 4452 illa
1286 4389 1477 4450 verba
1528 4390 1700 4450 inve-

170 4477 417 4557 niantur,
442 4487 595 4548 satis
623 4505 700 4548 ex
730 4487 821 4548 eis
850 4485 1156 4565 colligitur
1182 4491 1500 4546 auctorem
1527 4483 1702 4562 loqui

172 4571 239 4632 de
274 4581 565 4644 servitute
596 4581 859 4661 peccati.
894 4581 1073 4652 Quod
1107 4580 1273 4640 enim
1312 4579 1555 4640 dixerat
1582 4577 1703 4638 illis

178 4668 357 4730 verbis
390 4691 405 4733 ι
439 4677 772 4740 Subvenire
800 4681 1038 4756 peccato
1072 4691 1189 4735 non
1223 4677 1485 4753 poterat,
1517 4671 1707 4736 simili

173 4771 384 4834 peccato
412 4768 731 4842 ebionim,
774 4767 1045 4846 explicat
1070 4785 1183 4846 per
1211 4766 1313 4828 illa
1348 4781 1363 4826 ε
1400 4767 1531 4832 Neo
1572 4766 1707 4828 sub-

178 4856 353 4919 venire
384 4879 496 4939 pro.
532 4863 723 4926 emis
750 4862 1053 4941 mbjwtus
1090 4860 1321 4940 Zeqibus
1364 4861 1701 4924 servitutis.

182 4943 243 5005 Et
273 4947 343 5009 ab
388 4955 505 5018 huc
546 4955 843 5018 servitute
883 4959 947 5018 et
978 4955 1359 5030 conditione,
1392 4953 1711 5016 concludit

184 5034 443 5108 (tenuisse
468 5065 607 5110 esse
640 5047 909 5110 liberum
950 5065 1091 5112 cum
1114 5094 1130 5123 ,
1164 5047 1269 5127 qui
1300 5065 1413 5127 pro
1452 5046 1589 5108 ah'is
1618 5045 1710 5108 of·-

188 5128 449 5202 ferendus
488 5150 641 5204 crat.

256 5229 345 5288 54.
380 5231 673 5303 Quartum
703 5243 834 5298 erat
866 5237 1115 5312 LeoniS,
1144 5236 1221 5298 de
1254 5253 1378 5314 quo
1406 5234 1555 5295 satis
1586 5232 1709 5292 dic-

194 5319 303 5377 tum
332 5331 416 5386 cst
444 5333 501 5388 et
542 5333 861 5391 ostensum
880 5341 901 5401 ,'
928 5347 1071 5390 cum
1100 5329 1269 5408 loqui
1302 5327 1383 5388 de
1410 5326 1709 5388 servitute

194 5419 421 5481 peceati,
440 5419 729 5492 Quintum
760 5429 895 5485 crat
920 5423 1275 5501 Augustini,
1296 5421 1401 5501 qui
1430 5420 1495 5481 in
1521 5418 1713 5499 priori

201 5515 621 5585 comparatione
646 5515 876 5597 Moysis
899 5523 953 5578 ot
988 5517 1203 5578 Christi
1234 5513 1713 5594 lemtim-’plane

3226 351 3348 414 423

1783 455 1863 516 de
1900 473 2060 536 puro
2086 470 2204 518 seu
2231 457 2488 520 omnino
2519 471 2724 531 servo,
2749 455 2860 536 qui
2889 455 2974 518 ita
2993 456 3074 518 sit
3099 474 3346 534 servus,

1784 555 1853 612 ut
1882 564 2015 610 non
2045 550 2126 612 sit
2157 551 2345 612 etiam
2373 549 2689 613 dominus.
2719 551 2798 612 Et
2833 550 3238 629 probabiliter
3265 569 3346 614 ex

1786 660 1861 704 eo
1890 643 2029 705 loco
2061 649 2126 706 et
2173 645 2478 706 similibus
2525 645 2730 724 colligi
2763 650 3001 724 potest,
3031 643 3344 708 Christum

1784 752 1913 796 non
1942 736 2323 817 simpliciter,
2358 737 2471 799 sed
2519 737 2725 800 solum
2775 755 2918 798 cum
2965 737 3348 800 determina·-

1784 830 1978 905 tione‚
2017 836 2090 894 ut
2135 832 2328 906 homo,
2376 849 2563 910 posse
2611 849 2862 894 servum
2909 831 3234 910 appellari,
3267 831 3348 894 de

1786 940 1913 1000 quo
1949 925 2232 986 dicemus
2265 926 2540 988 sectione
2577 924 2888 1004 sequenti.
2924 926 3180 988 Sextum
3209 927 3348 989 erat

1786 1017 1996 1096 Cyrilli
2033 1017 2462 1094 Alexandrini,
2495 1019 2576 1082 de
2619 1020 2800 1099 cujus
2845 1019 3155 1080 sententia
3197 1018 3348 1081 satis

1788 1129 1865 1172 ex
1891 1109 2073 1173 dictis
2105 1118 2370 1174 constat.
2405 1111 2472 1174 In
2496 1113 2684 1174 citato
2715 1119 2928 1176 autem
2957 1112 3094 1174 loco
3131 1117 3348 1193 aperte

1785 1203 2066 1283 loquitur
2089 1213 2306 1268 contra
2334 1205 2689 1268 Nestorium
2709 1251 2726 1282 ‚
2757 1211 2822 1268 et
2849 1206 2914 1268 in
2942 1207 3168 1268 virtute
3197 1223 3348 1268 con-

1784 1302 1882 1358 tra
1918 1297 2314 1378 Elipandum‚
2347 1307 2410 1362 et
2458 1306 2674 1362 contra
2718 1317 2940 1362 omnes
2975 1300 3085 1377 qui
3130 1302 3351 1366 audent

1788 1391 1998 1456 dicere
2029 1392 2192 1470 (haec
2221 1395 2391 1455 enim
2421 1401 2565 1457 sunt
2593 1395 2785 1456 verba
2811 1392 3071 1473 Cyrilli),
3097 1395 3258 1473 quod
3275 1410 3350 1458 ea·

1785 1489 2009 1550 semine
2057 1488 2322 1550 Abi-alia
2367 1488 2654 1550 hominem
2697 1487 2820 1552 eibi
2865 1487 2987 1566 ipsi
3031 1487 3352 1565 adaptavit

1788 1581 1976 1653 Deus,
2005 1585 2062 1644 et
2089 1580 2544 1643 communicavit
2563 1581 2664 1644 illi
2685 1581 3032 1660 dipsitatem
3059 1579 3268 1661 ylorioe
3294 1584 3350 1644 et

1786 1673 2032 1736 honoris
2061 1690 2138 1736 ae
2165 1673 2510 1748 filiationis.
2547 1673 2622 1735 Et
2653 1672 2814 1734 infra
2843 1693 2860 1734 :
2890 1673 3040 1740 Non
3077 1672 3238 1736 enim
3275 1687 3350 1734 ea

1786 1767 2022 1832 homine
2059 1767 2225 1830 Deus
2262 1769 2463 1843 faetus
2492 1773 2581 1832 est
2611 1767 2927 1838 Christus,
2953 1770 3027 1828 ut
3057 1767 3212 1840 dixi,
3247 1766 3353 1830 sed

1787 1861 1955 1922 Deus
1983 1861 2246 1924 existens
2288 1861 2544 1928 Verbum
2569 1863 2806 1938 sactum
2833 1866 2924 1924 est
2946 1877 3110 1934 caro,
3132 1859 3238 1922 hoe
3259 1865 3351 1924 est

1788 1954 1978 2018 homo.
2013 1953 2404 2018 Eminaxitue
2439 1972 2577 2017 vero
2618 1971 2742 2018 esse
2779 1952 3040 2026 dieitur,
3086 1967 3148 2014 eo
3197 1953 3357 2033 quod

1786 2055 1929 2110 ante
1946 2047 2416 2110 exinanitionem
2432 2047 2870 2126 plenitudinem
2895 2045 3103 2110 habuit
3121 2044 3190 2106 in
3211 2061 3352 2125 pro-

1782 2143 1927 2221 pria
1955 2145 2182 2202 natura
2207 2141 2528 2204 secundum
2555 2157 2736 2220 quam
2755 2139 3128 2219 inteltiyitur
3154 2138 3348 2210 Deus,-

1786 2251 1907 2296 non
1952 2235 2110 2295 enim
2143 2249 2216 2294 em
2243 2249 2306 2296 eo
2333 2233 2491 2313 quod
2531 2233 2739 2298 inanis
2785 2231 3092 2312 quispiam
3119 2231 3238 2303 sit,
3269 2231 3352 2293 ad

1783 2327 2216 2405 plenitudinem
2237 2327 2508 2403 pervenit
2527 2325 2723 2404 (quod
2751 2324 2958 2386 aiebat
2977 2323 3341 2402 ElipanduS,

1787 2437 1865 2481 ex
1892 2418 2168 2498 quodam
2199 2435 2378 2480 servo
2397 2417 2634 2480 factum
2663 2435 2802 2480 esse
2830 2417 3028 2480 filium
3058 2417 3220 2492 Dei),
3244 2418 3350 2480 sed

1782 2512 1986 2590 maffia
2003 2527 2076 2574 em
2105 2509 2330 2574 divinis
2359 2509 2782 2592 diqaitatibue,
2805 2517 2861 2575 et
2889 2509 3190 2592 ineffabili
3213 2509 3345 2588 ylo-

1780 2605 1885 2668 ria
1911 2604 2258 2668 humiliavit
2285 2621 2350 2668 se
2381 2606 2608 2685 ipsum,
2642 2623 2760 2670 non
2789 2605 3040 2670 humilis
3077 2602 3348 2666 emisione

1778 2700 1972 2773 homo,
2023 2697 2326 2762 multatus
2371 2705 2430 2762 et
2469 2699 2870 2782 ytorifieatus.
2906 2700 2978 2760 In
3019 2697 3144 2758 hoc
3191 2714 3343 2776 ergo

1780 2791 2006 2853 ecdem
2027 2809 2217 2854 sensu
2247 2791 2454 2854 subdit
2488 2794 2675 2854 citata
2711 2791 3197 2872 verba:Aeeepit
3229 2809 3344 2856 au-

1780 2894 1897 2950 tem
1931 2889 2198 2964 formam
2223 2889 2388 2952 servi
2419 2894 2490 2951 at
2519 2889 2717 2952 liberi.
2748 2891 2850 2952 Ita·
2883 2887 3052 2950 enim
3083 2893 3175 2948 est
3211 2903 3344 2948 ser-

1782 2999 1918 3057 vuS,
1946 2980 2012 3042 in
2046 2987 2354 3058 quantum
2384 2981 2597 3056 homo,
2626 2989 2696 3045 ut
2723 2988 2934 3046 tamen
2963 2983 3166 3062 ipsum
3199 2998 3342 3060 sup·

1780 3075 2052 3152 positum
2109 3075 2190 3136 sit
2232 3075 2534 3152 liberum,
2583 3084 2645 3140 et
2693 3075 2986 3138 dominus
3035 3075 3342 3149 omnium,

1780 3167 1952 3228 unde
1981 3167 2231 3230 subdit:
2256 3167 2402 3232 Non
2425 3185 2635 3235 servus
2660 3172 2920 3234 existens
2939 3169 3020 3231 ad
3043 3167 3346 3230 libertatis

1778 3262 1967 3324 rediit
1991 3261 2273 3343 yion-iam.
2301 3263 2449 3324 Haec
2474 3263 2642 3324 enim
2671 3270 2808 3324 erat
2832 3261 3106 3342 propria,
3130 3268 3192 3322 et
3211 3261 3342 3322 fere

1780 3354 1847 3414 in
1890 3353 2129 3416 eisdem
2171 3354 2454 3417 terminis
2498 3357 2812 3418 sententia
2857 3355 3166 3434 Elipandi‚
3199 3369 3341 3434 quae

1780 3447 1898 3509 illis
1933 3447 2141 3508 verbis
2169 3447 2510 3522 refutatum
2541 3465 2690 3510 nam
2719 3448 2822 3510 hic
2845 3463 3061 3511 revera
3089 3455 3182 3510 cst
3211 3448 3347 3526 pla-

1780 3557 1901 3602 nus
1932 3557 2155 3602 sensus
2184 3541 2522 3604 verborum
2553 3541 2796 3623 Cyrilli,
2831 3548 2902 3602 ut
2929 3559 3005 3602 ex
3045 3547 3342 3602 contextu

1782 3634 1970 3696 citato
2015 3639 2284 3696 constat.
2325 3634 2573 3697 Etenim
2623 3653 2750 3696 non
2797 3637 3066 3698 affirmat
3111 3635 3176 3697 in
3223 3633 3344 3695 hac

1784 3727 1998 3788 ultima
2025 3726 2472 3806 propositione,
2501 3729 2810 3790 Christum
2833 3747 2958 3790 non
2985 3746 3236 3790 servum
3261 3727 3344 3788 ad

1782 3823 2083 3884 libertatis
2113 3821 2374 3884 rediisse
2405 3824 2693 3901 gloriam,
2723 3823 2808 3885 ita
2841 3827 2909 3884 ut
2936 3823 3042 3884 illa
3071 3823 3343 3902 particu-

1782 3917 1865 3990 la,
1896 3933 2020 3978 noa
2067 3932 2306 3989 servus,
2345 3915 2732 3978 infinitanter
2782 3924 3086 3990 sumatur,
3127 3923 3194 3977 ut
3242 3933 3346 3976 so-

1784 4011 2002 4090 phistae
2062 4011 2278 4071 dicunt
2308 4029 2323 4083 ;
2384 4011 2499 4072 sed
2552 4017 2749 4090 negat
2803 4010 3117 4074 Christum
3169 4009 3344 4089 prius

1781 4105 1972 4166 fuisse
2026 4121 2318 4178 servum,
2373 4110 2436 4166 et
2487 4122 2602 4185 per
2663 4106 3204 4180 incarnationem,
3261 4103 3346 4164 ad
3469 4101 3472 4104 ’

1784 4197 2122 4276 quamdam
2167 4198 2381 4275 gloriae
2415 4198 2954 4278 participationem
3003 4198 3196 4260 fuisse
3243 4213 3345 4257 as-

1784 4299 2126 4368 sumptum,
2168 4291 2340 4370 quod
2367 4294 2683 4354 Nestorius
2711 4292 2922 4354 aiebat
2951 4311 2962 4352 :
3001 4294 3078 4353 Et
3106 4293 3225 4354 hoc
3252 4292 3345 4372 ip·

1782 4405 1921 4448 sum
1942 4386 2225 4464 estquod
2249 4385 2486 4448 subdit:
2510 4387 2593 4450 In
2615 4387 3017 4450 similitudine
3042 4386 3346 4448 hominum

1782 4481 1992 4558 factus
2019 4486 2130 4555 est,
2159 4480 2264 4560 qui
2293 4481 2362 4542 in
2399 4482 2631 4558 forma,
2658 4485 2715 4543 et
2741 4481 2808 4542 in
2850 4477 3069 4542 Patris
3098 4478 3348 4559 oequati-

1786 4579 1909 4637 tate
1938 4573 2206 4652 (supple,
2233 4573 2390 4649 erat)
2403 4588 2423 4650 ς
2454 4589 2571 4634 nou
2590 4574 2759 4636 homo
2785 4574 3070 4648 emittens,
3087 4577 3156 4634 at
3181 4574 3348 4652 tieret

1786 4667 1851 4730 in
1880 4667 2280 4730 similitudine
2317 4667 2458 4742 Dei,
2490 4666 2808 4730 seeundum
2833 4665 3230 4746 participium
3261 4663 3349 4724 Zo-

1786 4761 2122 4839 cupiemus
2160 4765 2285 4832 Μ,-
2329 4759 2438 4820 ubi
2487 4777 2616 4820 non
2646 4760 2916 4822 affirmat
2959 4758 3145 4838 Cyril.
3179 4755 3350 4816 Chri·

1788 4861 1954 4918 stum
1995 4855 2186 4916 fuisse
2213 4853 2561 4916 secundum
2588 4853 2984 4934 participium
3010 4851 3349 4932 locupleta-

1791 4956 1960 5025 tum,
1989 4947 2100 5009 sed
2131 4947 2340 5026 potius
2368 4952 2562 5028 negat
2589 4946 2900 5026 Christum
2933 4945 3126 5008 fuisse
3151 4945 3352 5012 homi·

1790 5059 1939 5102 nem
1978 5041 2326 5104 secundum
2354 5039 2751 5120 participium
2779 5039 3250 5118 locupletatum,
3285 5040 3352 5098 ut

1792 5136 1974 5196 ficret
1997 5135 2064 5195 in
2087 5133 2494 5196 similitudine
2523 5133 2664 5205 Dei;
2700 5133 2848 5210 quia
2889 5132 3094 5212 potius
3121 5131 3237 5192 fuit
3265 5130 3352 5210 ip-

1796 5234 1994 5291 semet
2014 5230 2176 5290 Deus
2195 5229 2262 5288 in
2285 5227 2754 5288 similitudinem
2779 5227 3106 5290 hominum
3129 5224 3350 5296 factuS,

1792 5327 1861 5382 ut
1890 5321 2173 5399 proxime
2204 5327 2387 5382 antea
2419 5320 2679 5382 dixerat.

1882 5417 1982 5476 55.
2029 5414 2398 5480 Dama-wem·
2425 5413 2669 5492 difficile
2719 5411 3123 5475 testimonium
3151 5410 3358 5492 eaptu-

1794 5515 2002 5573 παίειν.
2039 5543 2116 5555 --
2146 5508 2458 5587 Septimus
2489 5511 2620 5568 erat
2650 5503 3104 5581 TheodoretuS,
3161 5504 3224 5565 iu
3255 5521 3358 5567 cu-
