3892 6167
1346 414 1667 471 msrunr.
1701 412 1877 467 xxvl.
1910 414 2082 469 SEGT.
2119 415 2178 467 11.

122 512 195 573 in
247 512 583 593 Scriptura
612 520 745 577 tam
780 514 1127 596 appellatur
1152 517 1317 578 Deus
1350 516 1707 589 invisibilis,

122 623 329 685 qnam
354 605 981 688 incomprehensibilis
1008 612 1347 673 intellectui
1380 619 1615 685 creato,
1644 616 1713 673 ut

116 701 355 778 primm
392 702 479 762 nd
527 703 804 764 Timoth.
852 706 883 767 1
918 726 933 763 :
968 706 1283 767 Invisibili
1314 708 1430 769 soli
1458 708 1582 769 Dso
1612 706 1713 767 ko-

117 810 239 857 που·
264 800 325 857 et
352 796 567 875 ylon‘a
581 822 605 869 ,·
636 798 713 858 ad
743 798 972 859 coms.
1008 802 1035 861 1
1064 820 1079 861 t
1112 799 1231 873 Qui
1256 806 1347 862 est
1370 800 1573 879 imayo
1598 802 1713 865 Dei

126 888 517 961 invisibilis;
539 897 601 953 et
622 892 843 971 primm
864 892 945 953 ad
965 893 1237 955 Timoth.
1266 898 1305 955 6
1334 912 1349 955 :
1378 894 1561 967 Quom
1582 893 1713 956 uul-

134 982 235 1045 tus
260 984 583 1047 hominum
628 986 807 1059 vidit,
840 989 943 1049 sod
976 1004 1081 1051 neo
1110 989 1307 1050 vidore
1340 993 1557 1066 potsse.
1590 985 1715 1049 Sed

134 1076 275 1137 haee
322 1078 693 1139 necessario
736 1080 1203 1159 interpretanda
1234 1088 1399 1157 sunt,
1432 1081 1531 1141 vel
1580 1098 1715 1142 res·

126 1176 331 1248 pectu
360 1171 647 1233 hominis
682 1173 747 1233 in
788 1175 915 1235 vita
963 1176 1233 1251 mortali,
1272 1175 1374 1237 vel
1424 1183 1713 1255 respectu

122 1264 507 1327 intellectus
537 1268 758 1341 creati,
794 1268 943 1329 solis
970 1270 1101 1331 suis
1126 1270 1363 1331 viribus
1410 1270 1713 1340 naturali-

116 1356 253 1418 bus
296 1360 629 1439 operantis
654 1384 673 1436 3
724 1380 875 1442 ergo
934 1363 1159 1425 eodem
1208 1362 1397 1425 modo
1442 1364 1709 1443 intelligi

116 1456 374 1531 potest,
396 1472 544 1514 cnm
560 1454 1597 1537 diciturincomprehensibilis.0uoe
1614 1458 1710 1517 in·

116 1546 491 1625 telligentia
536 1548 963 1626 confirmatur,
994 1557 1128 1612 tum
1162 1570 1241 1612 ex
1276 1552 1595 1631 Scriptura
1614 1570 1709 1613 sa-

116 1658 261 1715 cra,
301 1657 451 1717 quae
482 1642 805 1704 interdum
830 1644 1501 1725 incomprehensibiles
1526 1652 1713 1709 vocat

120 1735 341 1794 etiam
370 1734 549 1813 ipsos
576 1736 834 1798 effectus
864 1738 1009 1813 Dei,
1042 1740 1113 1799 ut
1151 1738 1271 1801 Job
1303 1743 1381 1803 9:
1418 1740 1537 1813 Qui
1560 1742 1709 1813 facit

118 1844 402 1905 mayna,
452 1834 512 1892 et
548 1830 1175 1909 incomprehensibilia
1198 1876 1213 1905 ,
1264 1837 1319 1895 et
1370 1832 1710 1909 mirabilia,

114 1936 405 2000 quorum
438 1940 557 1984 non
593 1928 683 1984 est
706 1940 1039 1996 nummus,-
1068 1932 1133 1985 et
1176 1943 1233 1985 c.
1268 1928 1339 1987 11
1376 1946 1389 1987 :
1424 1924 1713 1989 Forsitan

114 2012 407 2093 testiyia
432 2014 567 2095 esus
594 2018 1053 2094 comprehendes
1073 2018 1101 2076 ,ἲ
1148 2036 1293 2079 cum
1322 2025 1534 2079 tamen
1582 2036 1713 2079 cer-

110 2113 271 2166 tum
294 2108 381 2168 sit
414 2125 609 2187 opera
637 2110 747 2171 Dei
780 2127 987 2187 posse,
1018 2112 1239 2173 saltem
1268 2118 1713 2192 supernatura-

114 2198 301 2274 liter,
338 2202 829 2280 comprehendi;
872 2208 1005 2263 tum
1062 2206 1249 2266 etiam
1280 2224 1355 2267 ex
1401 2206 1709 2279 Pati-ibae,

116 2294 242 2371 qui
294 2294 525 2356 dicunt
567 2314 697 2357 non
756 2314 943 2375 posse
998 2316 1115 2359 nos
1170 2298 1709 2377 comprehendere

114 2389 369 2460 Deum,
400 2387 607 2449 donec
625 2389 707 2449 ad
720 2390 986 2469 pat-riam
1010 2392 1474 2471 perveniamus,
1499 2396 1569 2452 ut
1584 2394 1707 2453 Ire-

130 2500 289 2555 nae„
332 2482 450 2543 lib.
502 2484 543 2543 4
598 2491 763 2546 cont.
808 2486 1053 2557 haereS„
1109 2504 1161 2547 c.
1218 2488 1327 2551 37:
1389 2487 1705 2557 Nazianz.,

134 2582 307 2637 orat.
350 2580 462 2651 25,
497 2582 559 2639 et
590 2580 695 2649 27,
721 2596 786 2639 n.
818 2579 921 2649 26,
970 2585 1031 2640 et
1062 2580 1165 2656 34,
1194 2585 1257 2641 et
1278 2586 1435 2641 orat.
1468 2581 1571 2651 42,
1602 2579 1709 2658 qui

126 2671 337 2731 etiam
390 2678 554 2732 orat.
588 2674 695 2747 20,
724 2674 827 2749 ³4,
874 2675 973 2745 36,
1028 2692 1093 2735 n.
1150 2676 1251 2746 66,
1306 2675 1388 2735 ita
1430 2674 1705 2753 exponit,

120 2766 347 2826 Deum
380 2782 523 2827 esse
548 2766 1248 2846 incomprehensibilem
1276 2773 1342 2829 ut
1376 2786 1503 2828 non
1520 2768 1713 2847 possit

122 2858 215 2919 ab
254 2858 531 2921 homine
564 2860 810 2921 mortali
860 2860 1331 2939 comprehendi,
1385 2860 1587 2922 donec
1632 2859 1713 2921 ad

120 2954 413 3033 patriam
456 2954 807 3033 perveniat.
846 2956 919 3015 Et
946 2953 1172 3016 eodem
1218 2954 1409 3015 modo
1438 2954 1715 3033 loquitur

124 3047 429 3127 Origen„
470 3049 500 3108 1
561 3048 899 3122 Periarch„
952 3068 1009 3111 c.
1058 3052 1087 3111 1
1116 3097 1133 3123 ,
1178 3054 1240 3109 et
1274 3048 1595 3127 Cypriam,
1648 3048 1713 3107 in

124 3140 455 3221 principio
504 3141 713 3221 operis
740 3140 823 3202 de
864 3142 1112 3203 Cardia.
1138 3141 1359 3202 Christi
1388 3139 1707 3220 operibus.

128 3236 405 3296 Ratione
432 3252 773 3315 possumus
792 3235 1241 3317 argumentari,
1274 3234 1445 3312 quia,
1474 3234 1523 3293 si
1546 3233 1714 3295 Chri·

130 3328 211 3388 sti
257 3328 485 3389 anima
522 3328 1025 3411 baberetlumen
1070 3328 1411 3400 infinitum,
1444 3344 1571 3405 quo
1622 3326 1713 3388 vi-

132 3422 285 3482 deat
314 3422 537 3483 omnia
560 3440 702 3501 quae
744 3422 809 3483 in
837 3426 969 3485 Deo
998 3428 1165 3493 sunt,
1197 3428 1325 3484 tam
1364 3422 1715 3483 eminenter

138 3534 335 3594 qnam
352 3515 721 3591 formaliter,
742 3516 1233 3596 comprehendet
1248 3515 1451 3596 ipsum
1474 3516 1669 3577 Deum
1690 3558 1712 3591 ,

142 3616 206 3670 ut
242 3616 473 3687 aperte
516 3610 699 3671 docet
752 3612 819 3671 D.
862 3612 1159 3684 Thomna,
1186 3612 1253 3671 in
1288 3610 1409 3671 hac
1457 3615 1709 3689 quaest„

140 3709 255 3763 art.
306 3706 377 3777 2,
408 3708 475 3764 et
505 3704 821 3781 colligitur
850 3722 927 3765 ex
974 3705 1223 3776 eodem,
1272 3708 1302 3766 1
1338 3724 1429 3784 p.‚
1486 3722 1547 3782 q.
1612 3706 1710 3778 12,

144 3803 254 3856 art.
292 3800 331 3856 7
362 3803 425 3858 et
456 3796 517 3859 8.
548 3796 673 3859 Sed
702 3816 829 3857 non
856 3804 951 3859 est
975 3797 1053 3858 de
1082 3798 1207 3859 fide
1232 3798 1507 3858 animam
1538 3796 1715 3859 Chri-

146 3891 217 3951 sti
250 3908 387 3952 non
420 3892 658 3953 habere
690 3892 909 3953 lumen
952 3892 1291 3965 infinitum,
1336 3910 1455 3951 nec
1499 3890 1711 3953 videre

146 3986 354 4047 omnia
384 3986 453 4047 in
476 3986 707 4061 Verb0,
735 3986 845 4047 sed
870 3986 1211 4066 probabilis
1237 3992 1332 4047 est
1360 3985 1569 4065 opinio
1596 3987 1713 4046 hoc

150 4078 507 4151 affirmans3
536 4098 689 4160 ergo
718 4078 903 4143 etiam
937 4086 1031 4141 est
1057 4079 1407 4159 probabile,
1433 4096 1715 4159 compre-

152 4174 429 4236 hendere
455 4174 677 4235 Deum.

226 4272 287 4329 2.
334 4268 503 4331 Deus
539 4266 701 4330 omni
741 4274 1033 4333 creatura?
1073 4266 1707 4348 incomprehensibilis.

158 4363 395 4423 -Dsus
410 4362 697 4443 quomodo
727 4364 968 4425 dicatur
991 4362 1712 4441 incompreheusibilis.—

156 4454 565 4515 Nihilominus
614 4455 751 4517 dico
802 4456 1051 4535 primo:
1085 4457 1163 4517 de
1200 4456 1325 4517 fide
1374 4460 1469 4516 est
1514 4454 1713 4515 Deum

160 4566 285 4611 esse
330 4548 1034 4628 incomprehensibilem
1086 4566 1461 4628 quacunque
1504 4552 1713 4609 creata

160 4642 522 4721 cognitione.
552 4644 698 4704 Haec
726 4642 1041 4705 conclusio
1068 4642 1475 4723 intelligenda
1512 4646 1607 4702 est
1632 4640 1709 4701 de

161 4737 711 4815 comprehensione
737 4736 1019 4797 absolute
1047 4744 1109 4799 et
1137 4736 1497 4816 simpliciter
1518 4734 1706 4809 dicta,

164 4828 231 4889 ita
260 4838 325 4890 nt
355 4848 585 4891 sensns
615 4830 725 4906 sit,
758 4832 957 4891 Deum
1000 4848 1141 4893 esse
1183 4828 1713 4909 incomprehensi-

162 4922 329 4983 bilem
361 4940 401 4983 a
436 4930 725 4984 creatura
754 4924 1315 5003 comprehensione
1345 4924 1621 5003 propria,
1650 4926 1712 4983 et

162 5016 509 5095 simpliciter
546 5016 845 5095 perfecta,
876 5016 1019 5078 licet
1046 5032 1174 5077 non
1205 5016 1281 5077 sit
1312 5014 1391 5076 de
1422 5014 1545 5075 fide
1574 5032 1710 5076 cer·

165 5114 273 5169 tum
318 5112 385 5169 in
436 5126 566 5188 qno
598 5111 889 5171 consistat
936 5112 1065 5172 haec
1104 5110 1607 5189 comprehensio.
1636 5106 1713 5169 Et

162 5200 259 5263 hoc
294 5202 491 5264 modo
544 5202 779 5265 docent
810 5202 975 5264 hanc
1024 5204 1433 5265 assertionem
1488 5216 1711 5263 omnes

158 5294 459 5376 Theologi,
485 5298 561 5359 D.
588 5298 843 5372 Thom.,
867 5298 967 5359 cit.
994 5298 1144 5372 loc„
1170 5304 1232 5360 et
1258 5296 1295 5359 3
1326 5314 1465 5358 con.
1498 5296 1707 5371 Gent.,

162 5408 202 5450 c.
226 5394 325 5465 553
351 5392 485 5467 alii,
514 5392 579 5452 in
606 5392 667 5467 3,
690 5390 753 5451 d.
782 5394 887 5465 143
917 5394 1287 5469 Bonai*ent.,
1316 5398 1430 5453 art.
1460 5393 1518 5467 1,
1546 5408 1609 5471 q.
1638 5390 1703 5465 23

164 5489 453 5567 Richard„
478 5508 543 5569 q.
578 5491 643 5565 4,
673 5488 777 5549 ubi
809 5488 1123 5567 Albertus,
1149 5494 1267 5550 art.
1298 5491 1357 5565 1,
1390 5486 1540 5549 dicit
1569 5502 1709 5549 esse

170 5580 607 5665 blasphemiam
654 5588 869 5645 contra
900 5582 1283 5646 divinitatem
1322 5580 1581 5657 Christi,
1614 5597 1708 5641 as·

1790 532 2000 578 serere
2031 516 2114 576 ab
2143 515 2281 595 ejus
2307 515 2700 576 humanitate
2737 520 3204 597 comprehendi.
3236 524 3364 584 Du-

1790 609 2000 683 rand.,
2025 610 2222 685 Scot.,
2241 608 2480 679 Gabri.,
2509 608 2841 687 Paludan.,
2871 632 2933 691 q.
2963 616 3022 683 1,
3045 621 3112 675 et
3143 615 3272 690 alii,
3293 618 3362 679 in

1792 703 1853 774 4,
1878 702 2021 763 dist.
2039 706 2142 777 49,
2165 702 2278 763 uhi
2291 703 2528 771 800103,
2555 720 2616 781 q.
2641 704 2704 777 3,
2723 710 2841 765 art.
2871 710 2929 765 1.
2961 706 3034 767 El.
3059 708 3361 786 probatur

1794 796 1998 875 primo
2020 814 2098 857 ex
2119 796 2477 875 scriptun-ie,
2491 797 2526 858 J
2532 814 2726 858 erem.
2754 800 2831 859 32
2847 817 2858 858 :
2876 800 3148 879 Maynus
3163 806 3360 867 consi-

1796 888 1897 963 lio,
1931 896 1990 951 et
2012 888 2630 969 incomprehensibilis
2657 896 2924 971 aoy-'tatu
2940 917 2964 965 ,·
2987 895 3156 973 quod
3189 900 3360 961 enim

1796 982 1883 1043 ita
1908 981 2249 1062 legendum
2278 982 2378 1058 sit,
2397 989 2644 1045 constat.
2667 1002 2744 1045 ex
2773 984 3040 1065 Vulgata
3061 988 3358 1067 editione,

1796 1092 1990 1155 quam
2021 1076 2082 1137 in
2115 1092 2185 1137 re
2233 1080 2358 1137 tam
2405 1078 2577 1157 gravi
2615 1079 2736 1139 hoc
2773 1085 3054 1159 tempore
3099 1083 3362 1163 rejicere

1793 1168 2126 1231 manifeste
2177 1178 2346 1233 esset
2399 1178 2616 1233 contra
2669 1172 3010 1235 Concilium
3055 1176 3363 1239 Tridenti-

1794 1280 1972 1332 num,
1985 1266 2328 1343 praesertim
2351 1282 2494 1326 cum
2515 1266 2820 1327 Hebraica
2841 1270 3070 1329 veritas
3089 1288 3234 1331 cum
3255 1272 3362 1333 illa

1794 1357 2180 1436 consentiat3
2214 1359 2383 1438 quod
2431 1378 2582 1423 vero
2613 1361 2700 1423 ita
2735 1362 3212 1444 intelligendum
3259 1368 3360 1441 sit,

1796 1458 1893 1513 est
1936 1453 2250 1515 sententia
2289 1454 2657 1534 Hieronymi
2713 1462 2778 1517 et
2827 1457 3058 1519 Glossae
3097 1460 3180 1520 ibi
3234 1459 3362 1538 (alii

1794 1546 2010 1607 Patres
2037 1546 2208 1607 hunc
2237 1546 2446 1607 locum
2487 1566 2618 1609 non
2645 1548 3036 1627 attigerunt),
3075 1557 3135 1613 et
3161 1553 3364 1614 Theo-

1791 1637 1917 1717 logi
1949 1656 2171 1701 omnes
2203 1641 2372 1701 hunc
2403 1658 2658 1703 sensum
2690 1644 2880 1703 secuti
2914 1651 3062 1705 sunt
3083 1688 3100 1717 ‚
3135 1645 3364 1725 quibus

1795 1732 2088 1794 omnibus
2113 1733 2546 1796 contradicere
2582 1734 2724 1813 plus
2753 1742 2920 1797 esset
2953 1756 3144 1817 quam
3171 1745 3355 1801 teme·

1794 1828 2054 1901 ratium,
2079 1829 2423 1906 pressei-tim
2451 1829 2596 1907 quin
2613 1830 2792 1907 juxta
2817 1831 3077 1910 planum
3103 1838 3364 1895 contex—

1794 1925 1927 1982 tum
1977 1920 2090 1981 illa
2113 1922 2422 1999 particula
2467 1925 2738 2000 copitalia
2781 1929 3071 1987 nontam
3119 1926 3366 1989 videtur

1794 2013 2128 2075 referenda
2155 2015 2236 2075 ad
2269 2016 2594 2077 hominum
2635 2017 2736 2078 vel
2765 2018 3148 2098 Angelorum
3193 2020 3366 2101 cogi-

1796 2108 2064 2169 tationes
2091 2152 2106 2181 ,
2139 2124 2328 2187 quam
2359 2109 2556 2189 ipsius
2586 2110 2733 2185 Dei,
2764 2112 2862 2173 vel
2893 2115 2985 2189 (nt
3017 2113 3103 2173 itu
3133 2114 3362 2195 diram)

1792 2218 1921 2263 non
1951 2207 2080 2261 tam
2109 2204 2312 2263 active
2345 2219 2538 2280 quam
2583 2204 2832 2282 passive
2863 2206 3159 2281 sumitur3
3187 2226 3359 2283 nam,

1792 2294 1956 2355 sicut
1981 2294 2208 2357 dicitur
2233 2298 2424 2371 Deua„
2448 2315 2710 2374 maynus
2739 2298 3011 2375 coasilia,
3041 2302 3190 2378 quia
3217 2318 3366 2363 con-

1792 2389 1927 2449 silia
1957 2389 2095 2467 ejus
2133 2390 2434 2453 altissima
2467 2399 2633 2466 sunt,
2664 2394 2750 2454 ita
2780 2393 3006 2455 dicitur
3034 2395 3366 2477 incompre-

1790 2482 2105 2547 hensibilis
2133 2487 2424 2567 copitatu,
2451 2486 2600 2563 quia
2630 2486 2694 2545 in
2725 2488 2856 2549 suis
2883 2488 3365 2566 cogitationibus

1792 2585 1887 2641 est
1942 2578 2620 2658 incomprehensibilis,
2665 2582 2844 2660 juxta
2897 2582 3046 2643 illud
3087 2602 3102 2643 :
3153 2584 3368 2649 Nimis

1784 2674 2103 2753 profunda·
2125 2676 2304 2746 facta·
2347 2680 2492 2737 sunt
2519 2676 2909 2755 coniectiones
2951 2684 3100 2747 tuce,
3133 2678 3360 2741 Psalm.

1795 2769 1867 2829 91
1902 2784 1917 2839 ;
1953 2770 2015 2827 et
2041 2765 2196 2827 illud
2225 2766 2425 2838 Pauli,
2453 2767 2532 2829 ad
2561 2768 2742 2830 Rom.
2777 2772 2847 2832 11
2883 2784 2898 2827 :
2929 2768 3123 2843 Quam
3147 2770 3367 2834 incom-

1788 2860 2226 2941 prekensibilia
2257 2864 2404 2922 sunt
2417 2861 2666 2940 judicia
2689 2862 2852 2941 ojus,
2883 2867 2942 2924 et
2986 2864 3370 2946 investiyabi·

1794 2952 1883 3015 los
1922 2952 2040 3015 vioe
2073 2952 2252 3032 ejus!
2277 2958 2340 3015 et
2380 2954 2541 3015 infra
2573 2976 2588 3014 ε
2627 2956 2778 3028 Quis
2807 2959 3081 3037 coqnovit
3125 2974 3364 3019 sensum

1797 3046 2073 3121 Domini,
2099 3054 2205 3109 aut
2247 3049 2383 3128 quis
2417 3048 2808 3111 consiliarius
2834 3050 2967 3130 ejus
2989 3052 3158 3125 fuit?
3189 3050 3367 3121 Quod

1798 3138 1851 3200 si
1882 3140 2043 3201 Dens
2079 3139 2146 3199 in
2176 3141 2452 3203 consiliis
2481 3147 2545 3202 et
2571 3140 2637 3201 in
2660 3142 2914 3223 judiciis
2959 3142 3089 3205 suis
3123 3142 3368 3205 incom-

1797 3232 2236 3311 prehensibilis
2271 3242 2388 3309 est,
2423 3234 2618 3297 multo
2663 3237 2867 3314 magis
2913 3237 2978 3297 in
3021 3236 3368 3297 substantia

1798 3344 1931 3388 sua.
1967 3328 2042 3389 Et
2071 3328 2296 3389 eodem
2325 3329 2515 3391 modo
2543 3329 2837 3393 dicuntur
2875 3330 3188 3391 interdum
3217 3346 3369 3411 ope-

1796 3440 1891 3499 ra,
1914 3440 2029 3485 seu
2057 3424 2316 3502 vestigia
2345 3424 2482 3497 Dei,
2511 3424 3192 3504 incomprehensibilia,
3221 3437 3372 3503 qua-

1796 3520 2006 3589 tenus,
2033 3516 2292 3589 scilicet‚
2321 3517 2556 3579 cadunt
2583 3518 2702 3579 sub
2731 3517 3006 3579 divinam
3036 3517 3368 3598 providen-

1798 3608 1946 3669 tiam
1979 3616 2038 3670 et
2069 3610 2471 3689 sapientiam;
2509 3610 2678 3671 unde
2720 3610 2784 3671 in
2833 3610 2938 3673 cit.
2968 3610 3086 3672 loc.
3113 3610 3236 3673 Joh
3265 3612 3366 3685 ss,

1800 3709 2130 3781 postquam
2165 3704 2320 3764 dixit
2353 3722 2368 3763 ε
2411 3704 2710 3767 Forsitan
2757 3706 3022 3783 testiyia
3063 3706 3180 3767 Dei
3217 3716 3371 3767 oom-

1786 3796 2166 3875 prehendes?
2218 3795 2428 3857 subdit
2455 3813 2474 3857 ε
2527 3798 2620 3859 Et
2675 3814 2862 3877 usque
2909 3797 2992 3859 ad
3035 3800 3366 3879 perfectum

1796 3889 2254 3967 omnipotentem
2282 3888 2588 3967 reperies?
2615 3893 2732 3951 etc.
2772 3888 3048 3967 Denique
3079 3908 3156 3950 ex
3195 3906 3364 3951 com·

1796 3982 1968 4041 muni
2013 3981 2226 4061 phrasi
2269 3982 2602 4061 Scripturas
2625 4027 2646 4057 ,
2683 3988 2745 4043 et
2773 3998 2850 4043 ex
2899 3982 3088 4043 modo
3117 3999 3243 4061 quo
3287 3982 3367 4046 (10

1794 4074 2218 4137 immensitate
2247 4076 2361 4137 Dei
2391 4075 2690 4154 loquitur,
2719 4075 2984 4155 ejusque
3015 4076 3371 4155 incompre-

1796 4170 2282 4231 hensibilitatem
2315 4176 2684 4249 exaggerat,
2713 4170 3028 4249 variisque
3057 4170 3276 4251 figuris
3305 4176 3368 4233 et

1796 4262 2179 4341 metaphoris
2206 4263 2377 4323 illam
2405 4264 2632 4343 saepius
2661 4263 2976 4343 proponit,
2999 4264 3152 4324 satis
3176 4264 3366 4344 signi·-

1794 4356 1939 4419 ficat
1968 4357 2172 4418 altiori
2201 4356 2392 4419 modo
2421 4375 2560 4419 esse
2595 4358 2792 4419 Deum
2829 4356 3364 4436 incomprebensi-

1792 4449 1982 4510 bilem
2019 4455 2347 4523 creaturae,
2382 4470 2571 4531 quam
2605 4452 2686 4512 sit
2727 4449 2854 4511 nlla
2883 4453 3200 4527 (ιι-001010,
3233 4468 3362 4511 non

1796 4562 1945 4627 ergo
1973 4552 2232 4606 vocatur
2257 4544 2938 4625 incomprehensibiliS,
2981 4545 3182 4606 solum
3213 4544 3362 4623 quia

1795 4658 1833 4700 a
1859 4640 2110 4701 mortali
2134 4640 2390 4702 homine
2428 4639 2724 4719 cognosci
2759 4656 2888 4700 non
2919 4644 3148 4717 potest,
3177 4645 3363 4719 prout

1794 4735 1858 4797 in
1892 4752 1958 4795 se
1985 4741 2101 4809 est;
2129 4734 2246 4795 hoc
2275 4736 2440 4797 enim
2471 4734 2660 4797 modo
2682 4734 2869 4796 ctiam
2897 4734 3206 4813 Angelum
3234 4750 3365 4795 non

1792 4834 1999 4909 potest
2021 4828 2302 4889 mortalis
2329 4829 2520 4889 homo
2547 4826 3124 4907 comprehendet-⁴³3
3155 4844 3364 4907 neque

1794 4924 1984 4985 etiam
2012 4922 2236 4983 dicitnr
2259 4918 2908 5001 incomprehensibilis
2929 4964 2944 4989 ,
2979 4920 3184 4981 solum
3215 4921 3361 4999 quia

1794 5016 1873 5077 ab
1920 5013 2246 5077 intellectu
2289 5022 2500 5075 creato
2532 5013 2682 5075 solis
2729 5020 2968 5074 naturae
3013 5012 3246 5074 viribus
3277 5014 3360 5073 vi-

1793 5107 1925 5170 deri
1953 5124 2082 5169 non
2110 5112 2318 5187 potest
2349 5114 2532 5187 prout
2555 5106 2620 5167 in
2649 5122 2718 5169 se
2747 5113 2864 5183 est3
2883 5106 3002 5167 hoc
3028 5106 3195 5168 enim
3225 5122 3359 5167 mo·

1792 5200 1899 5278 do,
1932 5202 2119 5263 etiam
2154 5202 2375 5281 gratia,
2407 5216 2549 5279 quae
2581 5205 2676 5262 est
2711 5200 2774 5261 in
2805 5201 3078 5261 essentia
3106 5198 3356 5273 animae,

1792 5296 1915 5357 dici
1944 5300 2162 5375 posset
2191 5293 2856 5374 incomprehensibilis.
2881 5292 3005 5355 Sed
3036 5292 3181 5373 quia
3205 5293 3361 5354 Sci-i·

1792 5396 1990 5470 pturae
2023 5404 2138 5467 per
2163 5406 2230 5450 se
2259 5388 2430 5451 nude
2459 5393 2724 5467 sumptae
2755 5402 2882 5448 non
2910 5384 3204 5447 videntur
3231 5400 3360 5446 orn-

1790 5486 1943 5547 nino
2001 5484 2375 5547 convincere
2407 5530 2424 5559 ,
2480 5482 2900 5564 adjungamus
2957 5494 3356 5543 communem

1792 5594 2048 5642 sensum
2075 5586 2136 5643 et
2153 5577 2554 5642 traditionem
2579 5578 2851 5652 Petrum,
2875 5574 3042 5655 apud
3063 5590 3225 5653 quos
3249 5572 3356 5637 illa
