3892 6167
595 392 622 451 l

593 392 1040 582 uezprincipale
1069 510 1266 577 agens
1297 494 1563 575 gratiam
1601 494 1666 555 in
1721 494 1881 572 aliis,
1907 494 2007 556 vel
2037 494 2158 557 hoc

1824 394 2061 459 QUAEST.
2094 392 2227 451 xm.
2260 394 2461 449 Aurio.
2496 394 2579 449 lv.

2240 494 2603 574 principalis
2650 512 2846 559 causa
2896 498 3155 576 gratian
3214 512 3361 581 ergo
3406 518 3512 567 nec
3548 506 3710 579 Christi

593 594 830 657 faceret
857 612 972 675 per
997 592 1262 675 gratiam
1309 606 1501 668 quam
1545 588 1608 649 in
1639 606 1753 650 sua
1807 588 2019 649 anima
2044 587 2161 649 ha·
2240 586 2617 663 hnmanitas,
2664 590 2813 669 quia
2860 591 2995 653 sola
3042 592 3195 655 unio
3244 608 3357 672 per
3394 612 3457 658 se
3498 616 3604 663 non
3637 622 3711 668 au.

592 688 1040 770 bet,tanquam
1067 704 1182 767 per
1204 684 1466 745 formale
1495 684 1870 763 principium
1902 682 2157 763 agendi,

596 781 698 844 vel
735 800 854 862 per
882 782 1157 861 aliquam
1187 778 1375 840 aliam
1423 778 1810 855 qualitatem.
1841 778 1974 841 Boc
2016 794 2161 857 pos-

592 877 790 939 terius
815 876 935 938 dici
959 894 1086 937 non
1107 876 1346 955 potest,
1372 878 1504 934 tum
1529 873 1678 951 quia
1703 872 1969 934 fortasse
1986 872 2159 933 nulla

595 977 804 1049 potest
833 990 967 1033 esse
993 968 1328 1051 perfectior
1356 966 1648 1046 qualitas,
1672 984 1790 1047 per
1811 984 2003 1046 quam
2026 984 2158 1028 me-

589 1064 712 1127 lius
730 1066 1140 1146 participetur
1171 1062 1382 1123 divina
1430 1066 1656 1123 natura
1687 1078 1879 1141 quam
1909 1062 1990 1123 sit
2016 1078 2154 1141 gra-

590 1158 712 1232 tia3
742 1165 877 1220 tum
903 1158 1092 1221 etiam
1133 1156 1279 1237 quia
1311 1155 1485 1217 nulla
1509 1154 1668 1215 ratio
1723 1161 1820 1217 est
1865 1174 1979 1217 cur
2032 1154 2153 1217 alia

592 1253 860 1333 qualitas
881 1251 1078 1333 possit
1104 1257 1330 1313 natura
1369 1268 1484 1311 sua
1527 1264 1666 1309 esse
1693 1248 1978 1311 effectiva
2018 1266 2155 1328 gra-

591 1347 718 1425 tiae,
757 1364 945 1427 quam
974 1348 1174 1427 gratia
1207 1346 1382 1425 ipsa;
1411 1344 1540 1405 imo
1592 1344 1892 1419 rationeS,
1923 1344 2154 1424 quibus

591 1440 998 1503 ostendemus
1025 1460 1142 1523 per
1170 1440 1434 1520 gratiam
1467 1437 1588 1498 hoc
1617 1436 1754 1500 fieri
1783 1457 1912 1499 non
1937 1457 2145 1519 posse,

593 1536 893 1615 applicari
921 1534 1054 1597 fere
1082 1539 1345 1615 possunt
1372 1532 1450 1593 ad
1480 1550 1924 1611 quamcunque
1956 1534 2155 1613 quali-

595 1634 814 1691 tatem.
841 1628 1150 1691 Probatur
1178 1644 1328 1707 ergo
1359 1626 1528 1706 quod
1549 1644 1670 1688 nec
1717 1626 1990 1707 primum
2029 1626 2153 1689 dici

595 1723 812 1803 possit.
871 1724 1101 1797 Primo,
1134 1722 1280 1800 quia
1333 1720 1532 1800 gratia
1577 1738 1703 1781 non
1747 1726 1839 1781 est
1881 1720 2151 1799 qualitas

591 1817 791 1877 activa
821 1816 915 1878 sui
943 1814 1181 1890 similis,
1227 1819 1295 1876 ut
1321 1834 1358 1875 a
1388 1814 1716 1895 posteriori
1757 1813 2000 1875 ostendi
2030 1832 2149 1892 po·

590 1914 734 1984 test,
767 1910 920 1971 alias
949 1928 1115 1971 unus
1145 1908 1447 1991 Angelus,
1477 1908 1578 1971 vel
1607 1908 1816 1970 anima
1843 1909 1906 1968 in
1949 1908 2147 1987 gratia

588 2006 946 2081 constituta,
974 2013 1190 2086 posset
1245 2005 1656 2077 sanctificare,
1707 2010 1767 2065 et
1795 2004 2146 2083 producere

587 2099 856 2161 similem
883 2100 1150 2180 gratiam
1177 2099 1241 2160 in
1275 2100 1422 2160 alio.
1453 2100 1670 2177 Neque
1711 2098 1961 2159 habitus
2002 2116 2149 2177 ope·

584 2194 789 2271 rativi,
822 2194 929 2274 qui
958 2194 1122 2256 hanc
1147 2194 1414 2273 gratiam
1449 2194 1847 2267 comitantur,
1881 2198 1951 2253 ut
1998 2193 2148 2253 cha-

582 2290 758 2363 ritaS,
792 2294 854 2351 et
882 2288 1017 2350 aliae
1051 2290 1306 2351 virtutes
1337 2287 1586 2362 infusae,
1620 2293 1878 2367 possunt
1915 2304 2033 2367 per
2074 2304 2144 2348 se

579 2382 930 2464 producere
969 2382 1086 2444 sihi
1142 2382 1416 2455 similes;
1453 2382 1676 2443 eadem
1717 2387 1929 2442 autem
1984 2380 2142 2443 ratio

582 2482 678 2539 est
695 2475 776 2539 de
799 2476 1000 2557 gratia
1032 2476 1196 2537 etde
1215 2476 1314 2537 his
1328 2474 1669 2537 habitibus,
1687 2475 1762 2536 Et
1775 2474 1934 2535 ratio
1964 2474 2145 2535 reddi

579 2575 810 2651 potest,
842 2570 992 2649 quia
1041 2570 1174 2631 haec
1201 2575 1298 2631 est
1325 2568 1680 2631 communis
1707 2569 1866 2629 ratio
1889 2566 2144 2629 habitus

582 2664 910 2745 operativi‚
939 2668 1030 2736 ut,
1059 2664 1317 2739 scilicet,
1350 2680 1477 2723 non
1505 2664 1584 2724 sit
1621 2660 2027 2741 productivus
2056 2662 2146 2723 al-

579 2757 776 2818 terius
799 2756 1074 2831 habitus,
1103 2756 1215 2817 sed
1243 2755 1448 2817 solum
1475 2760 1769 2835 actuum3
1799 2756 1970 2837 quod
1994 2756 2044 2817 si
2066 2756 2146 2817 de

583 2848 786 2931 gratia
811 2849 1171 2929 loquamur,
1203 2866 1344 2928 quae
1391 2847 1809 2910 communiter
1831 2866 1961 2909 non
2005 2866 2148 2909 cen-

580 2948 754 3006 setur
791 2942 1041 3004 habitus
1084 2944 1464 3022 operativus,
1498 2942 1780 3003 dicemus
1803 2942 1976 3003 illam
2006 2958 2145 3004 esse

580 3036 647 3098 in
671 3036 791 3099 hoc
816 3036 1105 3116 ejusdem
1143 3036 1404 3099 rationis
1457 3054 1602 3098 cum
1642 3034 1779 3097 aliis
1829 3035 2147 3099 habitibus

588 3128 1191 3211 supernaturalibus,
1224 3130 1451 3209 quihus
1481 3130 1993 3193 accommodatur
2013 3134 2149 3193 tan-

587 3242 779 3305 quam
829 3224 1144 3305 praecipua
1171 3223 1397 3287 forma.
1425 3224 1540 3286 Vel
1579 3229 1746 3286 certe
1781 3223 1902 3285 dici
1942 3228 2149 3304 potest

584 3318 852 3399 gratiam
901 3336 1040 3379 esse
1091 3318 1475 3380 eminentem
1524 3318 1864 3398 quamdam
1899 3318 2147 3398 partici-

579 3411 902 3493 pationem
943 3410 1169 3473 divinae
1201 3418 1464 3487 naturae,
1497 3430 1638 3492 quae
1669 3420 2003 3492 propterea
2034 3430 2145 3492 po-

579 3505 772 3567 stulat
798 3510 867 3567 ut
896 3505 1100 3567 solum
1125 3524 1234 3585 per
1259 3506 1564 3569 influxum
1602 3506 1936 3569 divinitatis
1966 3510 2146 3567 natu·-

580 3616 652 3660 ra
701 3618 813 3661 sua
851 3598 1209 3681 participari
1269 3601 1508 3680 possit3
1557 3606 1619 3663 et
1665 3600 1808 3661 ideo
1867 3618 1999 3661 non
2048 3604 2145 3662 est

551 3686 558 3691 ’
588 3692 857 3773 qualitas
887 3692 1086 3755 activa
1117 3692 1215 3755 sui
1242 3694 1482 3769 similia,
1517 3692 1630 3755 sed
1671 3712 1708 3754 a
1737 3692 1868 3754 solo
1897 3694 2050 3769 Dec,
2076 3696 2143 3753 ut

581 3806 618 3849 a
659 3785 989 3871 principali
1036 3806 1226 3849 causa
1268 3786 1703 3868 producibilis;
1756 3788 1938 3861 sicut,
1993 3786 2141 3866 quia

575 3886 803 3941 natura
859 3881 1144 3962 angelica
1175 3882 1318 3943 talis
1361 3888 1457 3944 est
1499 3889 1571 3944 ut
1614 3901 1693 3944 ex
1739 3900 1808 3943 se
1865 3882 2144 3961 postulet

572 3974 839 4057 produci
891 3994 1008 4057 per
1029 3978 1451 4052 'creationem,
1480 3976 1628 4038 inde
1673 3976 1745 4037 fit
1775 3982 1842 4037 ut
1893 3994 2023 4036 non
2060 3976 2141 4038 sit

576 4068 947 4151 productiva
977 4070 1072 4132 sui
1104 4071 1344 4146 similiS,
1381 4070 1494 4131 sed
1529 4090 1565 4131 a
1599 4070 1732 4131 solo
1775 4069 1906 4131 Deo
1937 4069 2137 4131 creari

575 4162 795 4243 possit.
831 4164 908 4226 Et
938 4162 1368 4240 confirmatur,
1419 4182 1569 4225 nam
1607 4164 1664 4225 si
1698 4164 1900 4245 gratia
1930 4170 2139 4225 creata

575 4256 851 4319 existens
892 4258 956 4318 in
1006 4259 1221 4319 anima
1268 4258 1492 4319 Christi
1539 4264 1750 4338 posset
1807 4276 1945 4319 esse
1997 4276 2139 4336 pro-

573 4350 785 4430 prium
809 4350 1188 4432 principium
1213 4352 1606 4432 producendi
1629 4352 1815 4413 aliam
1845 4351 2137 4430 similem,

573 4442 678 4506 vel
719 4443 842 4505 hoc
889 4444 1128 4507 faceret
1161 4446 1354 4507 veluti
1387 4447 1630 4508 actione
1666 4452 2030 4508 transeunte
2058 4446 2142 4507 ad

572 4536 830 4599 modum
862 4538 1079 4601 formae
1111 4540 1444 4620 naturalis-3
1475 4546 1538 4601 et
1567 4538 1668 4601 hic
1691 4538 1918 4601 modus
1950 4558 2142 4619 agen-

575 4628 640 4692 di
673 4638 769 4693 est
791 4632 1220 4712 imperfectuS‚
1256 4639 1318 4695 et
1373 4650 1501 4694 non
1560 4634 1848 4695 convenit
1897 4634 2134 4713 gratiae,

571 4738 713 4802 quae
744 4730 839 4787 est
864 4726 1043 4805 quasi
1085 4724 1374 4805 quaedam
1403 4732 1630 4789 natura
1661 4726 1998 4807 spiritualis
2042 4747 2139 4790 or-

570 4816 787 4881 dinata
811 4818 894 4880 ad
919 4821 1311 4899 operandum
1331 4838 1448 4901 per
1477 4828 1653 4884 actus
1671 4823 1893 4884 vitales
1921 4826 1983 4885 et
2013 4823 2137 4885 im-

568 4918 921 4974 manentes,
967 4912 1080 4975 Vel
1123 4914 1401 4978 efficeret
1451 4916 1643 4978 talem
1700 4918 1967 4997 gratiam
2020 4934 2137 4997 per

573 5002 850 5081 aliquem
904 5008 1113 5068 actum
1151 5006 1408 5070 vitalem
1457 5016 1520 5072 et
1561 5009 2039 5087 immanentem,
2070 5016 2135 5073 et

569 5096 691 5159 hoc
720 5098 912 5161 etiam
962 5100 1085 5163 dici
1135 5120 1265 5165 non
1294 5110 1502 5185 potest
1516 5128 1537 5182 3
1569 5122 1720 5167 nam
1752 5104 1852 5167 isti
1879 5103 2131 5165 habitus

567 5192 754 5254 infusi
784 5212 915 5256 non
963 5196 1401 5276 producuntur
1451 5218 1660 5279 neque
1691 5206 2004 5280 augentur
2042 5198 2134 5259 ef-

563 5284 788 5351 fective
845 5306 962 5370 per
1020 5294 1309 5373 proprios
1363 5298 1563 5372 actus,
1625 5296 1815 5357 etiam
1871 5295 1934 5355 in
1984 5310 2132 5372 pro-

563 5382 702 5463 prio
756 5382 1039 5465 subjecto
1073 5404 1090 5461 ;
1139 5406 1290 5469 ergo
1343 5388 1538 5451 multo
1595 5388 1806 5451 minus
1865 5386 2129 5467 produci

2244 689 2350 761 get
2376 700 2488 745 seu
2520 684 2761 747 confert
2786 686 3079 747 virtutem
3112 687 3361 767 agendi,
3386 695 3627 774 utsupra
3644 718 3711 763 og.

2244 779 2491 836 tensum
2516 782 2627 839 est.
3781 847 3791 864 ,

2321 871 2380 931 Β.
2406 870 2739 951 Responsio
2762 872 2847 935 ad
2860 878 3390 953 argumentum—-
3408 877 3493 939 Ad
3508 882 3712 947 rationes
3780 873 3792 948 ἓ

2238 980 2384 1025 vero
2416 964 2481 1023 in
2510 965 2816 1044 principio
2842 968 3081 1046 positas
3102 967 3289 1029 facile
3316 976 3509 1050 potest
3522 992 3712 1055 respon·

2234 1058 2391 1119 deri.
2425 1058 2521 1120 Ad
2548 1059 2815 1139 primam
2848 1060 3097 1138 dicitur,
3126 1062 3432 1125 Christum
3458 1066 3515 1125 in
3542 1086 3710 1146 genere
3789 1066 3791 1113 ÷

2238 1168 2445 1213 causae
2502 1154 2833 1215 meritorias
2900 1173 3041 1217 esse
3086 1154 3329 1217 fontem
3372 1165 3433 1219 et
3462 1168 3711 1223 auctorem
3785 1167 3794 1211 ἲ

2236 1248 2619 1326 gratiae,non
2642 1256 2856 1311 tamen
2884 1251 3139 1329 proprie
3166 1251 3231 1312 in
3259 1252 3485 1313 ratione
3508 1256 3711 1319 efficien-
3789 1243 3794 1301 ἶ

2232 1341 2313 1402 tis
2350 1341 2633 1420 physice,
2666 1344 2716 1404 si
2772 1344 2837 1404 in
2890 1346 3101 1425 rigore
3136 1346 3491 1425 loquamur;
3522 1368 3712 1429 compa-
3789 1406 3790 1411 ,

2233 1436 2433 1497 raudo
2466 1438 2635 1499 enim
2658 1438 2884 1502 Christi
2941 1440 3401 1502 humanitatem
3431 1442 3509 1502 ad
3532 1444 3630 1504 alia
3654 1446 3711 1505 in·
3789 1446 3791 1489 ἶ

2236 1535 2585 1591 strumenta
2617 1532 2854 1611 gratiae,
2888 1538 2955 1595 ut
2980 1532 3063 1595 ad
3080 1540 3467 1596 sacramenta
3486 1542 3543 1597 et
3564 1554 3713 1597 sacra-
3783 1545 3796 1592 :ff

2232 1629 2591 1685 mentorum
2628 1627 2973 1702 ministros,
3010 1628 3136 1689 dici
3194 1628 3619 1708 quodammodo
3641 1649 3713 1709 po·
3787 1596 3789 1669 Ε

2232 1721 2355 1779 test
2402 1716 2679 1780 Christus
2725 1720 3073 1801 principale
3110 1740 3327 1803 agens,
3360 1728 3429 1783 ut
3476 1724 3628 1784 etiam
3661 1723 3710 1784 D.
3781 1722 3789 1784 .’“

2230 1812 2451 1872 Thom.
2482 1812 2778 1893 loquitur,
2808 1814 2871 1875 in
2896 1817 2959 1891 4,
2987 1816 3051 1877 d.
3084 1820 3148 1892 5,
3174 1834 3239 1897 q.
3276 1818 3342 1892 2,
3374 1822 3482 1879 art.
3514 1820 3564 1891 2,
3590 1834 3713 1896 quae-
3781 1807 3790 1911 j

2232 1904 2455 1967 stiunc.
2486 1908 2549 1983 2,
2581 1907 2663 1968 ad
2689 1912 2747 1985 l,
2780 1909 2929 1987 quia
2968 1910 3253 1971 omnium
3282 1909 3532 1971 aliorum
3572 1912 3711 1971 virtus
3781 1965 3789 1976 .

2231 1998 2311 2058 ab
2338 1999 2477 2077 ipso
2502 2006 2719 2061 manat
2746 2008 2807 2063 et
2836 2002 3094 2082 pendet,
3124 2011 3187 2065 et
3217 2004 3299 2066 ad
3335 2004 3711 2065 humanitatem
3787 2007 3788 2021 ¹

2230 2092 2450 2155 Christi
2481 2096 2724 2175 reliqua
2754 2104 3206 2179 comparantur
3232 2107 3517 2179 tanquam
3550 2100 3711 2158 instru-

2227 2193 2441 2249 menta
2466 2194 2753 2268 separata
2792 2190 2875 2253 ad
2912 2194 3346 2271 conjunctum.
3378 2192 3713 2255 Nihilominus

2232 2287 2437 2342 tamen
2464 2284 2739 2362 proprie,
2774 2285 2929 2346 etin
2970 2286 3207 2366 rigore,
3240 2302 3369 2349 non
3421 2289 3509 2346 est
3550 2283 3713 2362 princi·
3778 2164 3791 2376 i

2226 2374 2384 2455 palis
2408 2394 2598 2437 causa
2629 2378 2911 2458 physica,
2938 2381 3086 2459 quia
3110 2398 3241 2441 non
3280 2378 3466 2440 habet
3489 2378 3713 2438 virtutem

2224 2469 2545 2547 propriam
2576 2470 2658 2531 ad
2680 2472 3157 2551 producendam
3178 2474 3461 2555 gratiam,
3486 2476 3546 2530 ut
3560 2474 3712 2529 osten-

2226 2580 2366 2623 sum
2402 2568 2517 2625 est.
2552 2564 2841 2637 Quinimo
2878 2566 3071 2628 etiam
3120 2568 3173 2629 si
3229 2568 3292 2628 in
3343 2562 3711 2647 justificatione

2224 2658 2572 2739 peccatoris
2618 2660 3091 2725 consideremus
3130 2663 3199 2725 id
3252 2661 3421 2743 quod
3462 2664 3549 2721 est
3572 2657 3709 2718 veluti
3787 2685 3802 2736 4

2226 2752 2467 2814 morale
2492 2754 2664 2833 quid,
2696 2760 2757 2817 et
2790 2757 3075 2819 consistit
3101 2758 3169 2818 in
3196 2752 3623 2819 condonatione
3640 2747 3709 2809 vel
3789 2767 3797 2811 ·,

2226 2846 2597 2909 remissione
2624 2850 2889 2929 peccati,
2922 2868 3065 2931 quae
3114 2850 3304 2913 simul
3344 2864 3482 2911 cnm
3506 2844 3712 2927 produc·
3793 2860 3795 2901 1

2226 2941 2399 3002 tione
2450 2942 2715 3022 physica
2760 2944 2975 3025 gratiae.
3026 2946 3365 3025 conjiincta
3402 2948 3523 3015 est,
3560 2932 3715 3017 quoad

2228 3033 2372 3110 hoc,
2402 3034 2586 3097 etiam
2614 3037 2903 3099 remissio
2930 3041 3178 3119 peccati
3206 3054 3337 3100 non
3362 3040 3511 3099 esta
3532 3030 3713 3095 Christo

2229 3128 2507 3204 homine,
2536 3136 2608 3191 ut
2650 3138 2950 3211 operante
2997 3151 3115 3214 per
3160 3134 3535 3195 voluntatem
3558 3126 3717 3187 huma·
3795 3142 3804 3149 ’¹

2226 3240 2400 3298 nam,
2432 3228 2504 3284 ut
2532 3242 2569 3284 a
2612 3242 2802 3286 causa
2846 3227 3205 3307 principali,
3240 3228 3353 3290 sed
3398 3244 3433 3287 a
3468 3221 3585 3285 solo
3606 3220 3714 3289 Deo,

2228 3316 2334 3395 qui
2374 3334 2489 3395 per
2517 3324 2844 3397 peccatum
2880 3321 3199 3401 proecipuo
3248 3320 3516 3383 offensus
3552 3317 3645 3375 est.
3668 3308 3717 3368 Et

2226 3410 2345 3471 hoc
2378 3412 2568 3471 modo
2600 3410 2753 3471 dixit
2788 3413 2863 3473 D.
2894 3414 3117 3475 Thom.
3148 3414 3338 3485 infra,
3365 3431 3426 3492 q.
3460 3412 3549 3485 16,
3585 3404 3713 3465 artie.
3795 3420 3797 3422 ’

2225 3506 2324 3579 11,
2358 3504 2440 3565 ad
2463 3505 2525 3580 2,
2563 3509 2939 3584 potestatem
2978 3506 3333 3571 dimittendi
3360 3508 3594 3586 peccata
3618 3510 3717 3557 ease
3797 3494 3798 3508 ¹

2224 3600 2291 3660 in
2322 3605 2549 3660 natura
2580 3598 2913 3680 divinaper
2940 3604 3392 3675 auctoritatem,
3418 3599 3475 3660 in
3504 3596 3719 3655 humana
3801 3642 3803 3672 ÷

2227 3698 2435 3753 autem
2466 3698 2691 3752 natura
2734 3692 2987 3770 Christi,
3017 3689 3557 3759 instrumentaliter
3580 3689 3625 3747 et
3644 3692 3721 3761 W

2224 3784 2652 3848 ministerium.
3801 3824 3804 3857 ε

2302 3882 2361 3939 6.
2412 3877 2635 3944 Gratia
2658 3879 2957 3944 hominum
2978 3883 3267 3963 quomodo
3292 3880 3380 3944 sit
3390 3864 3721 3959 participatio

2219 3973 2443 4056 pratioe
2474 3971 2913 4036 Carina—Ad
2944 3974 3295 4037 secundam
3324 3973 3610 4035 rationem
3630 3976 3721 4021 res·
3802 4006 3804 4043 ;

2220 4064 2554 4144 pondetur,
2583 4066 2686 4127 illa
2710 4068 2944 4143 omnia,
2970 4066 3047 4129 de
3070 4069 3301 4147 quihus
3326 4067 3413 4129 ibi
3436 4066 3501 4125 fit
3516 4054 3718 4153 mentiqae
3801 4084 3804 4131 5

2222 4160 2507 4239 quamvis
2534 4178 2651 4238 per
2678 4178 2745 4222 se
2775 4178 2903 4223 non
2932 4162 3057 4223 sint
3082 4163 3386 4243 requisita
3414 4158 3494 4221 ad
3518 4145 3723 4217 cau-‘³⁸11‘

2220 4258 2413 4314 tatem
2456 4254 3023 4330 instrumentalem,
3052 4262 3269 4318 tamen
3315 4254 3393 4317 ad
3440 4246 3721 4333 perfeetflm

2224 4364 2477 4409 causam
2512 4350 2917 4425 meritoriam,
2959 4350 3059 4411 vel
3088 4348 3443 4413 necessario
3470 4350 3527 4407 et
3550 4354 3649 4420 per
3675 4346 3721 4390 ΞΘ

2220 4443 2476 4521 requiri,
2496 4444 2595 4504 vel
2624 4444 2842 4505 saltem
2874 4444 3141 4505 multum
3173 4444 3475 4513 conferre,
3494 4443 3553 4498 et
3576 4432 3721 4493 etiam

2223 4555 2360 4597 esse
2390 4538 2710 4617 aptissima
2758 4546 3129 4599 ornamenta
3157 4532 3586 4605 humanitatis,
3618 4533 3722 4603 (111ae

2221 4637 2317 4692 est
2368 4632 2851 4695 instrumentum
2905 4635 3311 4714 conjunctum
3363 4626 3572 4697 Verbi,
3612 4614 3723 4678 ficet

2218 4724 2297 4785 ad
2346 4727 2778 4789 causalitatem
2817 4728 3363 4790 instrumentalem
3400 4738 3521 4785 non
3558 4706 3723 4777 essent

2218 4818 2581 4900 simpliciter
2621 4821 2997 4883 necessaria.
3046 4822 3323 4883 Christus
3356 4834 3498 4896 ergo
3542 4804 3722 4870 dicitur

2215 4930 2331 4993 per
2369 4932 2435 4975 se
2488 4920 2735 4994 gratus,
2766 4932 2881 4994 per
2916 4916 3183 4996 gratiam
3230 4911 3493 4985 unionis,
3522 4900 3721 4966 ratione

2216 5008 2393 5086 cujus
2424 5008 2614 5068 etiam
2644 5008 2846 5087 ipsam
2877 5009 3138 5089 gratiam
3168 5002 3597 5072 accidentalem
3616 5008 3647 5051 a
3670 4998 3719 5045 ⁵⁶

2214 5102 2447 5163 habere
2461 5102 2705 5163 dicitur.
2722 5102 2841 5163 Alii
2856 5120 3005 5165 vero
3023 5104 3481 5166 sanctificantur
3490 5108 3593 5175 per
3612 5096 3721 5165 gru·

2212 5196 2366 5257 tiam
2404 5197 2839 5275 participatam
2874 5196 2957 5258 ab
2994 5198 3141 5273 alio,
3178 5216 3315 5278 quae
3340 5202 3562 5258 tamen,
3594 5177 3717 5277 PhY‘

2215 5292 2339 5351 sice
2368 5289 2727 5369 loquendo,
2776 5310 2905 5354 non
2940 5298 3036 5354 est
3083 5292 3337 5373 propria
3380 5274 3716 5369 participatlo

2212 5385 2428 5466 gratiae
2480 5384 2723 5460 Christi,
2755 5384 2866 5447 sed
2914 5385 3251 5448 divinitatis
3261 5430 3282 5461 ,
3314 5398 3447 5465 quoe
3494 5371 3609 5435 ⁵⁰1³
3643 5358 3717 5421 ⁰⁸*

560 5482 860 5557 poterunt
897 5479 966 5540 in
1013 5482 1309 5562 subjectis
1347 5484 1736 5557 extrinsecis,
1770 5498 1878 5544 seu
1922 5481 2129 5543 diver·
2208 5480 2553 5560 priucipale
2585 5480 2961 5560 principium
3006 5480 3144 5561 ejus
3163 5527 3184 5558 ,
3216 5486 3399 5557 atque
3436 5470 3580 5533 adeo
3608 5472 3716 5539 ΡΨ

566 5569 673 5633 siS.
705 5570 992 5653 Denique
1023 5576 1199 5639 nulla
1225 5592 1386 5657 pura
1432 5582 1718 5641 creatura
1752 5581 1957 5657 potest
1986 5592 2125 5637 esse
2206 5575 2478 5635 marium
2511 5575 2699 5637 etiam
2745 5576 3063 5655 exemplar
3092 5594 3169 5638 ex
3201 5578 3372 5658 parte
3402 5574 3583 5631 causas
3608 5545 3713 5611 effi‘
