<?xml version="1.0" encoding="UTF-8"?>
<!DOCTYPE html PUBLIC "-//W3C//DTD XHTML 1.0 Transitional//EN"
    "http://www.w3.org/TR/xhtml1/DTD/xhtml1-transitional.dtd">
<html xmlns="http://www.w3.org/1999/xhtml" xml:lang="en" lang="en">
 <head>
  <title>
</title>
<meta http-equiv="Content-Type" content="text/html;charset=utf-8" />
  <meta name='ocr-system' content='tesseract 3.04.00' />
  <meta name='ocr-capabilities' content='ocr_page ocr_carea ocr_par ocr_line ocrx_word'/>
</head>
<body>
  <div class='ocr_page' id='page_1' title='image "./rpfranciscisuar00unkngoog_0189.png"; bbox 0 0 3892 6167; ppageno 0'>
   <div class='ocr_carea' id='block_1_1' title="bbox 1250 393 2081 456">
    <p class='ocr_par' dir='ltr' id='par_1_1' title="bbox 1250 393 2081 456">
     <span class='ocr_line' id='line_1_1' title="bbox 1250 393 2081 456; baseline -0.002 -1"><span class='ocrx_word' id='word_1_1' title='bbox 1250 396 1572 456; x_wconf 70' lang='lat' dir='ltr'>msPu&#39;rA‘r.</span> <span class='ocrx_word' id='word_1_2' title='bbox 1602 393 1802 452; x_wconf 76' lang='lat' dir='ltr'>XXXII.</span> <span class='ocrx_word' id='word_1_3' title='bbox 1832 394 2008 454; x_wconf 76' lang='lat' dir='ltr'>sscT.</span> <span class='ocrx_word' id='word_1_4' title='bbox 2040 398 2081 453; x_wconf 87' lang='lat'>1.</span> 
     </span>
    </p>
   </div>
   <div class='ocr_carea' id='block_1_2' title="bbox 135 490 1664 4425">
    <p class='ocr_par' dir='ltr' id='par_1_2' title="bbox 135 490 1642 2177">
     <span class='ocr_line' id='line_1_2' title="bbox 137 490 1628 597; baseline -0.019 -9"><span class='ocrx_word' id='word_1_5' title='bbox 137 521 322 593; x_wconf 71' lang='lat' dir='ltr'>recent,</span> <span class='ocrx_word' id='word_1_6' title='bbox 345 517 444 597; x_wconf 87' lang='lat' dir='ltr'>qui</span> <span class='ocrx_word' id='word_1_7' title='bbox 471 512 554 576; x_wconf 86' lang='lat' dir='ltr'>ad</span> <span class='ocrx_word' id='word_1_8' title='bbox 576 510 858 573; x_wconf 85' lang='lat' dir='ltr'>animam</span> <span class='ocrx_word' id='word_1_9' title='bbox 899 504 1110 586; x_wconf 84' lang='lat' dir='ltr'>potius</span> <span class='ocrx_word' id='word_1_10' title='bbox 1167 490 1362 583; x_wconf 83' lang='lat' dir='ltr'>quam&#39;</span> <span class='ocrx_word' id='word_1_11' title='bbox 1389 499 1470 561; x_wconf 87' lang='lat' dir='ltr'>ad</span> <span class='ocrx_word' id='word_1_12' title='bbox 1494 514 1628 561; x_wconf 87' lang='lat' dir='ltr'>cor-</span> 
     </span>
     <span class='ocr_line' id='line_1_3' title="bbox 139 591 1628 701; baseline -0.019 -20"><span class='ocrx_word' id='word_1_13' title='bbox 139 636 230 701; x_wconf 83' lang='lat' dir='ltr'>pus</span> <span class='ocrx_word' id='word_1_14' title='bbox 247 613 548 695; x_wconf 73' lang='lat' dir='ltr'><strong>pertinent,</strong></span> <span class='ocrx_word' id='word_1_15' title='bbox 579 612 653 667; x_wconf 90' lang='lat' dir='ltr'>ut</span> <span class='ocrx_word' id='word_1_16' title='bbox 671 608 822 665; x_wconf 81' lang='lat' dir='ltr'>sunt</span> <span class='ocrx_word' id='word_1_17' title='bbox 865 598 1242 681; x_wconf 82' lang='lat' dir='ltr'>ignorantia,</span> <span class='ocrx_word' id='word_1_18' title='bbox 1287 591 1628 674; x_wconf 78' lang='lat' dir='ltr'>propensio</span> 
     </span>
     <span class='ocr_line' id='line_1_4' title="bbox 139 684 1628 777; baseline -0.021 -1"><span class='ocrx_word' id='word_1_19' title='bbox 139 714 202 777; x_wconf 84' lang='lat' dir='ltr'>ad</span> <span class='ocrx_word' id='word_1_20' title='bbox 237 708 464 776; x_wconf 88' lang='lat' dir='ltr'>malum,</span> <span class='ocrx_word' id='word_1_21' title='bbox 511 698 850 764; x_wconf 84' lang='lat' dir='ltr'>difficultas</span> <span class='ocrx_word' id='word_1_22' title='bbox 893 695 962 757; x_wconf 88' lang='lat' dir='ltr'>in</span> <span class='ocrx_word' id='word_1_23' title='bbox 1001 694 1190 755; x_wconf 86' lang='lat' dir='ltr'>bono.</span> <span class='ocrx_word' id='word_1_24' title='bbox 1241 684 1628 767; x_wconf 78' lang='lat' dir='ltr'>Responderi</span> 
     </span>
     <span class='ocr_line' id='line_1_5' title="bbox 135 780 1622 880; baseline -0.021 -10"><span class='ocrx_word' id='word_1_25' title='bbox 135 817 302 871; x_wconf 84' lang='lat' dir='ltr'>tamen</span> <span class='ocrx_word' id='word_1_26' title='bbox 331 801 549 880; x_wconf 85' lang='lat' dir='ltr'>potest,</span> <span class='ocrx_word' id='word_1_27' title='bbox 585 792 790 855; x_wconf 80' lang='lat' dir='ltr'>obiter</span> <span class='ocrx_word' id='word_1_28' title='bbox 809 795 1054 851; x_wconf 78' lang='lat' dir='ltr'>tantum</span> <span class='ocrx_word' id='word_1_29' title='bbox 1089 787 1224 847; x_wconf 78' lang='lat' dir='ltr'>haec</span> <span class='ocrx_word' id='word_1_30' title='bbox 1249 781 1525 860; x_wconf 74' lang='lat' dir='ltr'><strong>attigisse</strong></span> <span class='ocrx_word' id='word_1_31' title='bbox 1553 780 1622 841; x_wconf 90' lang='lat' dir='ltr'>D.</span> 
     </span>
     <span class='ocr_line' id='line_1_6' title="bbox 135 878 1626 971; baseline -0.018 -8"><span class='ocrx_word' id='word_1_32' title='bbox 135 906 334 971; x_wconf 66' lang='lat' dir='ltr'>Thom„</span> <span class='ocrx_word' id='word_1_33' title='bbox 347 892 596 955; x_wconf 83' lang='lat' dir='ltr'>atillam</span> <span class='ocrx_word' id='word_1_34' title='bbox 619 885 984 969; x_wconf 83' lang='lat' dir='ltr'>generalem</span> <span class='ocrx_word' id='word_1_35' title='bbox 1002 880 1287 961; x_wconf 82' lang='lat' dir='ltr'>regulam</span> <span class='ocrx_word' id='word_1_36' title='bbox 1303 878 1626 949; x_wconf 76' lang='lat' dir='ltr'><strong>statueret,</strong></span> 
     </span>
     <span class='ocr_line' id='line_1_7' title="bbox 137 969 1631 1069; baseline -0.019 -13"><span class='ocrx_word' id='word_1_37' title='bbox 137 995 344 1067; x_wconf 81' lang='lat' dir='ltr'>scilicet,</span> <span class='ocrx_word' id='word_1_38' title='bbox 372 990 596 1069; x_wconf 67' lang='lat' dir='ltr'>praeter</span> <span class='ocrx_word' id='word_1_39' title='bbox 615 1000 728 1043; x_wconf 88' lang='lat' dir='ltr'>eos</span> <span class='ocrx_word' id='word_1_40' title='bbox 745 978 1047 1051; x_wconf 84' lang='lat' dir='ltr'>defectus,</span> <span class='ocrx_word' id='word_1_41' title='bbox 1065 975 1172 1054; x_wconf 83' lang='lat' dir='ltr'>qui</span> <span class='ocrx_word' id='word_1_42' title='bbox 1197 972 1278 1035; x_wconf 87' lang='lat' dir='ltr'>ad</span> <span class='ocrx_word' id='word_1_43' title='bbox 1303 969 1631 1033; x_wconf 76' lang='lat' dir='ltr'>vex-itatem</span> 
     </span>
     <span class='ocr_line' id='line_1_8' title="bbox 136 1063 1633 1157; baseline -0.019 -5"><span class='ocrx_word' id='word_1_44' title='bbox 136 1093 378 1153; x_wconf 79' lang='lat' dir='ltr'>humanae</span> <span class='ocrx_word' id='word_1_45' title='bbox 413 1086 651 1143; x_wconf 78' lang='lat' dir='ltr'>naturae</span> <span class='ocrx_word' id='word_1_46' title='bbox 693 1076 1036 1157; x_wconf 77' lang='lat' dir='ltr'><strong>pertinent,</strong></span> <span class='ocrx_word' id='word_1_47' title='bbox 1073 1069 1210 1132; x_wconf 87' lang='lat' dir='ltr'>illos</span> <span class='ocrx_word' id='word_1_48' title='bbox 1236 1072 1484 1130; x_wconf 86' lang='lat' dir='ltr'>tantum</span> <span class='ocrx_word' id='word_1_49' title='bbox 1523 1063 1633 1126; x_wconf 87' lang='lat' dir='ltr'>de-</span> 
     </span>
     <span class='ocr_line' id='line_1_9' title="bbox 137 1159 1634 1248; baseline -0.017 -4"><span class='ocrx_word' id='word_1_50' title='bbox 137 1186 296 1245; x_wconf 74' lang='lat' dir='ltr'>tectus</span> <span class='ocrx_word' id='word_1_51' title='bbox 335 1176 636 1239; x_wconf 83' lang='lat' dir='ltr'><strong>Christum</strong></span> <span class='ocrx_word' id='word_1_52' title='bbox 681 1166 1122 1248; x_wconf 75' lang='lat' dir='ltr'><strong>assumpsisse,</strong></span> <span class='ocrx_word' id='word_1_53' title='bbox 1163 1160 1270 1242; x_wconf 88' lang='lat' dir='ltr'>qui</span> <span class='ocrx_word' id='word_1_54' title='bbox 1307 1160 1388 1221; x_wconf 91' lang='lat' dir='ltr'>ad</span> <span class='ocrx_word' id='word_1_55' title='bbox 1435 1159 1634 1221; x_wconf 82' lang='lat' dir='ltr'>finem</span> 
     </span>
     <span class='ocr_line' id='line_1_10' title="bbox 137 1262 1632 1340; baseline -0.018 -3"><span class='ocrx_word' id='word_1_56' title='bbox 137 1268 524 1339; x_wconf 83' lang='lat' dir='ltr'>incarnationis</span> <span class='ocrx_word' id='word_1_57' title='bbox 547 1266 736 1328; x_wconf 86' lang='lat' dir='ltr'>utiles</span> <span class='ocrx_word' id='word_1_58' title='bbox 775 1280 918 1325; x_wconf 89' lang='lat' dir='ltr'>esse</span> <span class='ocrx_word' id='word_1_59' title='bbox 945 1262 1276 1340; x_wconf 83' lang='lat' dir='ltr'>poterant;</span> <span class='ocrx_word' id='word_1_60' title='bbox 1305 1270 1436 1315; x_wconf 91' lang='lat' dir='ltr'>non</span> <span class='ocrx_word' id='word_1_61' title='bbox 1484 1266 1632 1311; x_wconf 81' lang='lat' dir='ltr'>vero</span> 
     </span>
     <span class='ocr_line' id='line_1_11' title="bbox 135 1348 1637 1451; baseline -0.016 -22"><span class='ocrx_word' id='word_1_62' title='bbox 135 1371 217 1451; x_wconf 84' lang='lat' dir='ltr'>qui</span> <span class='ocrx_word' id='word_1_63' title='bbox 239 1366 308 1428; x_wconf 83' lang='lat' dir='ltr'>ad</span> <span class='ocrx_word' id='word_1_64' title='bbox 345 1367 503 1424; x_wconf 88' lang='lat' dir='ltr'>hunc</span> <span class='ocrx_word' id='word_1_65' title='bbox 543 1360 739 1421; x_wconf 86' lang='lat' dir='ltr'>finem</span> <span class='ocrx_word' id='word_1_66' title='bbox 783 1355 938 1417; x_wconf 89' lang='lat' dir='ltr'>nihil</span> <span class='ocrx_word' id='word_1_67' title='bbox 973 1350 1347 1422; x_wconf 85' lang='lat' dir='ltr'>conferunt,</span> <span class='ocrx_word' id='word_1_68' title='bbox 1386 1348 1460 1407; x_wconf 87' lang='lat' dir='ltr'>ut</span> <span class='ocrx_word' id='word_1_69' title='bbox 1491 1348 1637 1407; x_wconf 80' lang='lat' dir='ltr'>sunt</span> 
     </span>
     <span class='ocr_line' id='line_1_12' title="bbox 137 1438 1638 1544; baseline -0.018 -19"><span class='ocrx_word' id='word_1_70' title='bbox 137 1458 460 1544; x_wconf 79' lang='lat' dir='ltr'>ignorantia,</span> <span class='ocrx_word' id='word_1_71' title='bbox 487 1460 608 1516; x_wconf 89' lang='lat' dir='ltr'>etc.</span> <span class='ocrx_word' id='word_1_72' title='bbox 647 1451 765 1513; x_wconf 81' lang='lat' dir='ltr'>Vel</span> <span class='ocrx_word' id='word_1_73' title='bbox 795 1455 968 1511; x_wconf 81' lang='lat' dir='ltr'>certa</span> <span class='ocrx_word' id='word_1_74' title='bbox 1009 1446 1134 1508; x_wconf 90' lang='lat' dir='ltr'>dici</span> <span class='ocrx_word' id='word_1_75' title='bbox 1161 1446 1362 1524; x_wconf 85' lang='lat' dir='ltr'>potest</span> <span class='ocrx_word' id='word_1_76' title='bbox 1391 1456 1518 1500; x_wconf 89' lang='lat' dir='ltr'>non</span> <span class='ocrx_word' id='word_1_77' title='bbox 1541 1438 1638 1499; x_wconf 89' lang='lat' dir='ltr'>lo·</span> 
     </span>
     <span class='ocr_line' id='line_1_13' title="bbox 140 1532 1639 1637; baseline -0.017 -20"><span class='ocrx_word' id='word_1_78' title='bbox 140 1558 222 1637; x_wconf 84' lang='lat' dir='ltr'>qui</span> <span class='ocrx_word' id='word_1_79' title='bbox 243 1555 332 1615; x_wconf 87' lang='lat' dir='ltr'>hic</span> <span class='ocrx_word' id='word_1_80' title='bbox 355 1554 420 1613; x_wconf 87' lang='lat' dir='ltr'>D.</span> <span class='ocrx_word' id='word_1_81' title='bbox 447 1550 672 1611; x_wconf 85' lang='lat' dir='ltr'>Thom.</span> <span class='ocrx_word' id='word_1_82' title='bbox 695 1545 776 1606; x_wconf 83' lang='lat' dir='ltr'>de</span> <span class='ocrx_word' id='word_1_83' title='bbox 797 1544 896 1603; x_wconf 83' lang='lat' dir='ltr'>his</span> <span class='ocrx_word' id='word_1_84' title='bbox 921 1540 1288 1609; x_wconf 77' lang='lat' dir='ltr'><strong>defectibus,</strong></span> <span class='ocrx_word' id='word_1_85' title='bbox 1307 1538 1494 1615; x_wconf 86' lang='lat' dir='ltr'>prout</span> <span class='ocrx_word' id='word_1_86' title='bbox 1511 1532 1639 1595; x_wconf 85' lang='lat' dir='ltr'>for-</span> 
     </span>
     <span class='ocr_line' id='line_1_14' title="bbox 137 1628 1635 1717; baseline -0.017 -6"><span class='ocrx_word' id='word_1_87' title='bbox 137 1648 346 1712; x_wconf 83' lang='lat' dir='ltr'>maliter</span> <span class='ocrx_word' id='word_1_88' title='bbox 377 1644 456 1705; x_wconf 84' lang='lat' dir='ltr'>ad</span> <span class='ocrx_word' id='word_1_89' title='bbox 492 1641 768 1703; x_wconf 86' lang='lat' dir='ltr'>animam</span> <span class='ocrx_word' id='word_1_90' title='bbox 795 1634 1134 1717; x_wconf 79' lang='lat' dir='ltr'><strong>pertinent,</strong></span> <span class='ocrx_word' id='word_1_91' title='bbox 1183 1628 1298 1692; x_wconf 90' lang='lat' dir='ltr'>sed</span> <span class='ocrx_word' id='word_1_92' title='bbox 1349 1632 1536 1708; x_wconf 89' lang='lat' dir='ltr'>prout</span> <span class='ocrx_word' id='word_1_93' title='bbox 1559 1643 1635 1687; x_wconf 85' lang='lat' dir='ltr'>ex</span> 
     </span>
     <span class='ocr_line' id='line_1_15' title="bbox 139 1722 1640 1821; baseline -0.017 -17"><span class='ocrx_word' id='word_1_94' title='bbox 139 1740 492 1821; x_wconf 82' lang='lat' dir='ltr'>dispositione</span> <span class='ocrx_word' id='word_1_95' title='bbox 545 1731 826 1812; x_wconf 85' lang='lat' dir='ltr'>eorporis</span> <span class='ocrx_word' id='word_1_96' title='bbox 873 1727 1180 1807; x_wconf 81' lang='lat' dir='ltr'>originem</span> <span class='ocrx_word' id='word_1_97' title='bbox 1223 1722 1512 1795; x_wconf 86' lang='lat' dir='ltr'>trahunt,</span> <span class='ocrx_word' id='word_1_98' title='bbox 1569 1724 1640 1781; x_wconf 87' lang='lat' dir='ltr'>ut</span> 
     </span>
     <span class='ocr_line' id='line_1_16' title="bbox 141 1819 1640 1903; baseline -0.017 -5"><span class='ocrx_word' id='word_1_99' title='bbox 141 1852 324 1898; x_wconf 83' lang='lat' dir='ltr'>sensus</span> <span class='ocrx_word' id='word_1_100' title='bbox 349 1832 440 1903; x_wconf 89' lang='lat' dir='ltr'>sit,</span> <span class='ocrx_word' id='word_1_101' title='bbox 465 1846 586 1890; x_wconf 89' lang='lat' dir='ltr'>non</span> <span class='ocrx_word' id='word_1_102' title='bbox 621 1823 1036 1903; x_wconf 72' lang='lat' dir='ltr'>assumpsisse</span> <span class='ocrx_word' id='word_1_103' title='bbox 1057 1819 1370 1881; x_wconf 77' lang='lat' dir='ltr'>Christum</span> <span class='ocrx_word' id='word_1_104' title='bbox 1412 1830 1640 1893; x_wconf 84' lang='lat' dir='ltr'>corpus</span> 
     </span>
     <span class='ocr_line' id='line_1_17' title="bbox 141 1908 1638 2005; baseline -0.017 -14"><span class='ocrx_word' id='word_1_105' title='bbox 141 1934 208 1991; x_wconf 79' lang='lat' dir='ltr'>ila</span> <span class='ocrx_word' id='word_1_106' title='bbox 235 1926 598 2005; x_wconf 86' lang='lat' dir='ltr'>dispositum,</span> <span class='ocrx_word' id='word_1_107' title='bbox 629 1919 732 1980; x_wconf 83' lang='lat' dir='ltr'>vel</span> <span class='ocrx_word' id='word_1_108' title='bbox 773 1918 860 1979; x_wconf 87' lang='lat' dir='ltr'>ita</span> <span class='ocrx_word' id='word_1_109' title='bbox 899 1912 1362 1996; x_wconf 69' lang='lat' dir='ltr'>praedominans</span> <span class='ocrx_word' id='word_1_110' title='bbox 1391 1908 1638 1979; x_wconf 69' lang='lat' dir='ltr'>animm,</span> 
     </span>
     <span class='ocr_line' id='line_1_18' title="bbox 143 2002 1642 2103; baseline -0.015 -18"><span class='ocrx_word' id='word_1_111' title='bbox 143 2032 197 2085; x_wconf 79' lang='lat' dir='ltr'>ut</span> <span class='ocrx_word' id='word_1_112' title='bbox 223 2020 634 2103; x_wconf 77' lang='lat' dir='ltr'>perfectionem</span> <span class='ocrx_word' id='word_1_113' title='bbox 659 2011 937 2076; x_wconf 70' lang='lat' dir='ltr'>scientiis</span> <span class='ocrx_word' id='word_1_114' title='bbox 968 2014 1034 2073; x_wconf 86' lang='lat' dir='ltr'>et</span> <span class='ocrx_word' id='word_1_115' title='bbox 1051 2008 1266 2089; x_wconf 71' lang='lat' dir='ltr'>gratiss</span> <span class='ocrx_word' id='word_1_116' title='bbox 1289 2006 1504 2085; x_wconf 86' lang='lat' dir='ltr'>posset</span> <span class='ocrx_word' id='word_1_117' title='bbox 1526 2002 1642 2063; x_wconf 91' lang='lat' dir='ltr'>im-</span> 
     </span>
     <span class='ocr_line' id='line_1_19' title="bbox 211 2118 340 2177; baseline -0.008 0"><span class='ocrx_word' id='word_1_118' title='bbox 211 2118 340 2177; x_wconf 86' lang='lat' dir='ltr'>dire.</span> 
     </span>
    </p>

    <p class='ocr_par' dir='ltr' id='par_1_3' title="bbox 147 2137 1646 2939">
     <span class='ocr_line' id='line_1_20' title="bbox 147 2137 1643 2275; baseline -0.015 -3"><span class='ocrx_word' id='word_1_119' title='bbox 147 2137 258 2272; x_wconf 57' lang='lat' dir='ltr'>Pei.</span> <span class='ocrx_word' id='word_1_120' title='bbox 277 2204 542 2271; x_wconf 85' lang='lat' dir='ltr'>Secunda</span> <span class='ocrx_word' id='word_1_121' title='bbox 561 2202 824 2264; x_wconf 87' lang='lat' dir='ltr'>assertio</span> <span class='ocrx_word' id='word_1_122' title='bbox 831 2216 988 2275; x_wconf 88' lang='lat' dir='ltr'>,non</span> <span class='ocrx_word' id='word_1_123' title='bbox 1012 2192 1424 2274; x_wconf 81' lang='lat' dir='ltr'>assumpsisse</span> <span class='ocrx_word' id='word_1_124' title='bbox 1437 2188 1643 2253; x_wconf 85' lang='lat' dir='ltr'>Chris·-</span> 
     </span>
     <span class='ocr_line' id='line_1_21' title="bbox 151 2284 1641 2382; baseline -0.015 -17"><span class='ocrx_word' id='word_1_125' title='bbox 151 2314 251 2365; x_wconf 86' lang='lat' dir='ltr'>tum</span> <span class='ocrx_word' id='word_1_126' title='bbox 289 2298 676 2382; x_wconf 77' lang='lat' dir='ltr'>particulares</span> <span class='ocrx_word' id='word_1_127' title='bbox 705 2293 986 2356; x_wconf 78' lang='lat' dir='ltr'>defectus</span> <span class='ocrx_word' id='word_1_128' title='bbox 1028 2288 1332 2369; x_wconf 86' lang='lat' dir='ltr'>corporis,</span> <span class='ocrx_word' id='word_1_129' title='bbox 1365 2284 1472 2364; x_wconf 89' lang='lat' dir='ltr'>qui</span> <span class='ocrx_word' id='word_1_130' title='bbox 1511 2300 1641 2345; x_wconf 86' lang='lat' dir='ltr'>non</span> 
     </span>
     <span class='ocr_line' id='line_1_22' title="bbox 149 2378 1644 2460; baseline -0.012 -4"><span class='ocrx_word' id='word_1_131' title='bbox 149 2402 262 2457; x_wconf 81' lang='lat' dir='ltr'>sunt</span> <span class='ocrx_word' id='word_1_132' title='bbox 283 2395 376 2456; x_wconf 82' lang='lat' dir='ltr'>toti</span> <span class='ocrx_word' id='word_1_133' title='bbox 421 2398 656 2453; x_wconf 65' lang='lat' dir='ltr'>naturai</span> <span class='ocrx_word' id='word_1_134' title='bbox 683 2402 1077 2460; x_wconf 85' lang='lat' dir='ltr'>commun-es,</span> <span class='ocrx_word' id='word_1_135' title='bbox 1107 2388 1180 2445; x_wconf 83' lang='lat' dir='ltr'>ut</span> <span class='ocrx_word' id='word_1_136' title='bbox 1211 2383 1360 2443; x_wconf 88' lang='lat' dir='ltr'>sunt</span> <span class='ocrx_word' id='word_1_137' title='bbox 1393 2378 1644 2457; x_wconf 57' lang='lat' dir='ltr'>aegritu-</span> 
     </span>
     <span class='ocr_line' id='line_1_23' title="bbox 152 2470 1644 2565; baseline -0.013 -14"><span class='ocrx_word' id='word_1_138' title='bbox 152 2491 234 2565; x_wconf 80' lang='lat' dir='ltr'>do,</span> <span class='ocrx_word' id='word_1_139' title='bbox 259 2495 314 2549; x_wconf 85' lang='lat' dir='ltr'>et</span> <span class='ocrx_word' id='word_1_140' title='bbox 353 2486 722 2548; x_wconf 69' lang='lat' dir='ltr'>deformitas,</span> <span class='ocrx_word' id='word_1_141' title='bbox 753 2479 934 2541; x_wconf 80' lang='lat' dir='ltr'>Ratio</span> <span class='ocrx_word' id='word_1_142' title='bbox 965 2482 1080 2551; x_wconf 85' lang='lat' dir='ltr'>est,</span> <span class='ocrx_word' id='word_1_143' title='bbox 1121 2476 1268 2555; x_wconf 85' lang='lat' dir='ltr'>quia</span> <span class='ocrx_word' id='word_1_144' title='bbox 1307 2474 1372 2533; x_wconf 89' lang='lat' dir='ltr'>in</span> <span class='ocrx_word' id='word_1_145' title='bbox 1401 2470 1644 2533; x_wconf 86' lang='lat' dir='ltr'>Christo</span> 
     </span>
     <span class='ocr_line' id='line_1_24' title="bbox 157 2564 1646 2647; baseline -0.012 -5"><span class='ocrx_word' id='word_1_146' title='bbox 157 2602 254 2642; x_wconf 86' lang='lat' dir='ltr'>non</span> <span class='ocrx_word' id='word_1_147' title='bbox 273 2588 398 2642; x_wconf 84' lang='lat' dir='ltr'>sunt</span> <span class='ocrx_word' id='word_1_148' title='bbox 421 2581 683 2640; x_wconf 66' lang='lat' dir='ltr'>inventae</span> <span class='ocrx_word' id='word_1_149' title='bbox 715 2590 922 2636; x_wconf 74' lang='lat' dir='ltr'>causae</span> <span class='ocrx_word' id='word_1_150' title='bbox 967 2590 1043 2633; x_wconf 87' lang='lat' dir='ltr'>ex</span> <span class='ocrx_word' id='word_1_151' title='bbox 1089 2568 1314 2647; x_wconf 84' lang='lat' dir='ltr'>quibus</span> <span class='ocrx_word' id='word_1_152' title='bbox 1341 2566 1407 2627; x_wconf 89' lang='lat' dir='ltr'>hi</span> <span class='ocrx_word' id='word_1_153' title='bbox 1431 2564 1646 2626; x_wconf 83' lang='lat' dir='ltr'>defec-</span> 
     </span>
     <span class='ocr_line' id='line_1_25' title="bbox 159 2658 1646 2751; baseline -0.011 -15"><span class='ocrx_word' id='word_1_154' title='bbox 159 2685 234 2736; x_wconf 69' lang='lat' dir='ltr'>tus</span> <span class='ocrx_word' id='word_1_155' title='bbox 255 2675 380 2736; x_wconf 87' lang='lat' dir='ltr'>oriri</span> <span class='ocrx_word' id='word_1_156' title='bbox 399 2673 615 2745; x_wconf 86' lang='lat' dir='ltr'>solent,</span> <span class='ocrx_word' id='word_1_157' title='bbox 647 2687 788 2751; x_wconf 72' lang='lat' dir='ltr'>qum</span> <span class='ocrx_word' id='word_1_158' title='bbox 815 2670 984 2741; x_wconf 86' lang='lat' dir='ltr'>sunt,</span> <span class='ocrx_word' id='word_1_159' title='bbox 1009 2670 1116 2725; x_wconf 90' lang='lat' dir='ltr'>aut</span> <span class='ocrx_word' id='word_1_160' title='bbox 1131 2659 1500 2741; x_wconf 84' lang='lat' dir='ltr'>imperfecta</span> <span class='ocrx_word' id='word_1_161' title='bbox 1527 2658 1646 2719; x_wconf 85' lang='lat' dir='ltr'>vir-</span> 
     </span>
     <span class='ocr_line' id='line_1_26' title="bbox 158 2752 1646 2845; baseline -0.012 -16"><span class='ocrx_word' id='word_1_162' title='bbox 158 2776 232 2829; x_wconf 84' lang='lat' dir='ltr'>tus</span> <span class='ocrx_word' id='word_1_163' title='bbox 276 2768 528 2830; x_wconf 84' lang='lat' dir='ltr'>formans</span> <span class='ocrx_word' id='word_1_164' title='bbox 574 2781 826 2845; x_wconf 86' lang='lat' dir='ltr'>corpus,</span> <span class='ocrx_word' id='word_1_165' title='bbox 859 2767 967 2822; x_wconf 89' lang='lat' dir='ltr'>aut</span> <span class='ocrx_word' id='word_1_166' title='bbox 1011 2755 1448 2838; x_wconf 81' lang='lat' dir='ltr'>imperfectum</span> <span class='ocrx_word' id='word_1_167' title='bbox 1483 2752 1646 2832; x_wconf 84' lang='lat' dir='ltr'>regi-</span> 
     </span>
     <span class='ocr_line' id='line_1_27' title="bbox 153 2856 922 2939; baseline -0.009 -16"><span class='ocrx_word' id='word_1_168' title='bbox 153 2882 272 2925; x_wconf 88' lang='lat' dir='ltr'>men</span> <span class='ocrx_word' id='word_1_169' title='bbox 293 2862 598 2939; x_wconf 79' lang='lat' dir='ltr'>ipsiusmet</span> <span class='ocrx_word' id='word_1_170' title='bbox 619 2856 922 2937; x_wconf 86' lang='lat' dir='ltr'>corporis.</span> 
     </span>
    </p>

    <p class='ocr_par' dir='ltr' id='par_1_4' title="bbox 135 2936 1664 4425">
     <span class='ocr_line' id='line_1_28' title="bbox 213 2936 1648 3030; baseline -0.011 -13"><span class='ocrx_word' id='word_1_171' title='bbox 213 2961 264 3017; x_wconf 87' lang='lat'>3.</span> <span class='ocrx_word' id='word_1_172' title='bbox 303 2956 488 3018; x_wconf 86' lang='lat' dir='ltr'>Tertia</span> <span class='ocrx_word' id='word_1_173' title='bbox 514 2960 630 3027; x_wconf 84' lang='lat' dir='ltr'>est,</span> <span class='ocrx_word' id='word_1_174' title='bbox 663 2948 1082 3030; x_wconf 82' lang='lat' dir='ltr'>assumpsisse</span> <span class='ocrx_word' id='word_1_175' title='bbox 1101 2943 1412 3007; x_wconf 87' lang='lat' dir='ltr'>Christum</span> <span class='ocrx_word' id='word_1_176' title='bbox 1439 2936 1648 3001; x_wconf 80' lang='lat' dir='ltr'>defec-</span> 
     </span>
     <span class='ocr_line' id='line_1_29' title="bbox 135 3034 1646 3115; baseline -0.013 -1"><span class='ocrx_word' id='word_1_177' title='bbox 135 3060 230 3115; x_wconf 83' lang='lat' dir='ltr'>tus</span> <span class='ocrx_word' id='word_1_178' title='bbox 257 3066 596 3111; x_wconf 85' lang='lat' dir='ltr'>communes</span> <span class='ocrx_word' id='word_1_179' title='bbox 621 3044 914 3107; x_wconf 85' lang='lat' dir='ltr'>omnibus</span> <span class='ocrx_word' id='word_1_180' title='bbox 939 3038 1321 3111; x_wconf 88' lang='lat' dir='ltr'>hominibus,</span> <span class='ocrx_word' id='word_1_181' title='bbox 1355 3052 1516 3113; x_wconf 78' lang='lat' dir='ltr'>quos</span> <span class='ocrx_word' id='word_1_182' title='bbox 1535 3034 1646 3095; x_wconf 86' lang='lat' dir='ltr'>Da-</span> 
     </span>
     <span class='ocr_line' id='line_1_30' title="bbox 139 3127 1646 3211; baseline -0.011 -6"><span class='ocrx_word' id='word_1_183' title='bbox 139 3160 436 3205; x_wconf 82' lang='lat' dir='ltr'>mascenus</span> <span class='ocrx_word' id='word_1_184' title='bbox 453 3146 632 3201; x_wconf 75' lang='lat' dir='ltr'>vocat</span> <span class='ocrx_word' id='word_1_185' title='bbox 653 3136 972 3200; x_wconf 84' lang='lat' dir='ltr'>naturales</span> <span class='ocrx_word' id='word_1_186' title='bbox 993 3138 1056 3195; x_wconf 88' lang='lat' dir='ltr'>et</span> <span class='ocrx_word' id='word_1_187' title='bbox 1069 3127 1646 3211; x_wconf 82' lang='lat' dir='ltr'>irreprehensibiles</span> 
     </span>
     <span class='ocr_line' id='line_1_31' title="bbox 137 3220 1649 3303; baseline -0.01 -5"><span class='ocrx_word' id='word_1_188' title='bbox 137 3237 380 3298; x_wconf 87' lang='lat' dir='ltr'>hominis</span> <span class='ocrx_word' id='word_1_189' title='bbox 425 3232 802 3296; x_wconf 78' lang='lat' dir='ltr'>affectiones.</span> <span class='ocrx_word' id='word_1_190' title='bbox 857 3230 1036 3291; x_wconf 85' lang='lat' dir='ltr'>Circa</span> <span class='ocrx_word' id='word_1_191' title='bbox 1081 3242 1276 3303; x_wconf 85' lang='lat' dir='ltr'>quam</span> <span class='ocrx_word' id='word_1_192' title='bbox 1303 3220 1649 3285; x_wconf 87' lang='lat' dir='ltr'>conclusio-</span> 
     </span>
     <span class='ocr_line' id='line_1_32' title="bbox 139 3316 1650 3397; baseline -0.011 -5"><span class='ocrx_word' id='word_1_193' title='bbox 139 3350 270 3392; x_wconf 85' lang='lat' dir='ltr'>nem</span> <span class='ocrx_word' id='word_1_194' title='bbox 289 3338 344 3392; x_wconf 87' lang='lat' dir='ltr'>et</span> <span class='ocrx_word' id='word_1_195' title='bbox 366 3336 608 3391; x_wconf 75' lang='lat' dir='ltr'>caeteras</span> <span class='ocrx_word' id='word_1_196' title='bbox 629 3326 788 3388; x_wconf 88' lang='lat' dir='ltr'>nihil</span> <span class='ocrx_word' id='word_1_197' title='bbox 803 3320 1150 3385; x_wconf 85' lang='lat' dir='ltr'>notandum</span> <span class='ocrx_word' id='word_1_198' title='bbox 1181 3316 1472 3390; x_wconf 86' lang='lat' dir='ltr'>occurrit,</span> <span class='ocrx_word' id='word_1_199' title='bbox 1493 3332 1650 3397; x_wconf 81' lang='lat' dir='ltr'>prae-</span> 
     </span>
     <span class='ocr_line' id='line_1_33' title="bbox 143 3406 1652 3502; baseline -0.011 -17"><span class='ocrx_word' id='word_1_200' title='bbox 143 3432 229 3485; x_wconf 73' lang='lat' dir='ltr'>ter</span> <span class='ocrx_word' id='word_1_201' title='bbox 243 3443 308 3484; x_wconf 83' lang='lat' dir='ltr'>ea</span> <span class='ocrx_word' id='word_1_202' title='bbox 331 3440 452 3502; x_wconf 81' lang='lat' dir='ltr'>quae</span> <span class='ocrx_word' id='word_1_203' title='bbox 468 3421 672 3485; x_wconf 84' lang='lat' dir='ltr'>statim</span> <span class='ocrx_word' id='word_1_204' title='bbox 691 3414 1168 3496; x_wconf 75' lang='lat' dir='ltr'>disputabimus.</span> <span class='ocrx_word' id='word_1_205' title='bbox 1191 3410 1406 3473; x_wconf 89' lang='lat' dir='ltr'>Solum</span> <span class='ocrx_word' id='word_1_206' title='bbox 1431 3414 1524 3470; x_wconf 84' lang='lat' dir='ltr'>est</span> <span class='ocrx_word' id='word_1_207' title='bbox 1541 3406 1652 3469; x_wconf 84' lang='lat' dir='ltr'>oh-</span> 
     </span>
     <span class='ocr_line' id='line_1_34' title="bbox 145 3502 1647 3591; baseline -0.009 -14"><span class='ocrx_word' id='word_1_208' title='bbox 145 3518 482 3579; x_wconf 74' lang='lat' dir='ltr'>servandum</span> <span class='ocrx_word' id='word_1_209' title='bbox 533 3514 692 3577; x_wconf 83' lang='lat' dir='ltr'>illud</span> <span class='ocrx_word' id='word_1_210' title='bbox 743 3508 1116 3591; x_wconf 83' lang='lat' dir='ltr'>principium</span> <span class='ocrx_word' id='word_1_211' title='bbox 1166 3504 1438 3584; x_wconf 88' lang='lat' dir='ltr'>positum</span> <span class='ocrx_word' id='word_1_212' title='bbox 1489 3520 1528 3561; x_wconf 87' lang='lat' dir='ltr'>a</span> <span class='ocrx_word' id='word_1_213' title='bbox 1578 3502 1647 3563; x_wconf 87' lang='lat' dir='ltr'>D.</span> 
     </span>
     <span class='ocr_line' id='line_1_35' title="bbox 145 3593 1652 3691; baseline -0.012 -18"><span class='ocrx_word' id='word_1_214' title='bbox 145 3612 337 3672; x_wconf 76' lang='lat' dir='ltr'>Thom.</span> <span class='ocrx_word' id='word_1_215' title='bbox 375 3613 437 3671; x_wconf 85' lang='lat' dir='ltr'>in</span> <span class='ocrx_word' id='word_1_216' title='bbox 479 3606 786 3691; x_wconf 84' lang='lat' dir='ltr'>principio</span> <span class='ocrx_word' id='word_1_217' title='bbox 830 3601 1112 3683; x_wconf 85' lang='lat' dir='ltr'>corporis</span> <span class='ocrx_word' id='word_1_218' title='bbox 1158 3596 1400 3658; x_wconf 76' lang='lat' dir='ltr'>articuli</span> <span class='ocrx_word' id='word_1_219' title='bbox 1425 3638 1442 3669; x_wconf 92' lang='lat'>,</span> <span class='ocrx_word' id='word_1_220' title='bbox 1491 3599 1556 3657; x_wconf 90' lang='lat' dir='ltr'>et</span> <span class='ocrx_word' id='word_1_221' title='bbox 1585 3593 1652 3655; x_wconf 89' lang='lat' dir='ltr'>in</span> 
     </span>
     <span class='ocr_line' id='line_1_36' title="bbox 155 3688 1653 3780; baseline -0.01 -17"><span class='ocrx_word' id='word_1_222' title='bbox 155 3705 416 3766; x_wconf 84' lang='lat' dir='ltr'>solutione</span> <span class='ocrx_word' id='word_1_223' title='bbox 441 3704 520 3767; x_wconf 88' lang='lat' dir='ltr'>ad</span> <span class='ocrx_word' id='word_1_224' title='bbox 545 3706 585 3765; x_wconf 75' lang='lat'><strong>2</strong></span> <span class='ocrx_word' id='word_1_225' title='bbox 612 3699 975 3780; x_wconf 86' lang='lat' dir='ltr'>repetitum,</span> <span class='ocrx_word' id='word_1_226' title='bbox 1023 3692 1282 3765; x_wconf 85' lang='lat' dir='ltr'>scilicet,</span> <span class='ocrx_word' id='word_1_227' title='bbox 1325 3688 1653 3769; x_wconf 86' lang='lat' dir='ltr'>perfectio-</span> 
     </span>
     <span class='ocr_line' id='line_1_37' title="bbox 167 3783 1656 3860; baseline -0.011 -2"><span class='ocrx_word' id='word_1_228' title='bbox 167 3817 284 3858; x_wconf 89' lang='lat' dir='ltr'>nem</span> <span class='ocrx_word' id='word_1_229' title='bbox 301 3818 524 3860; x_wconf 88' lang='lat' dir='ltr'>omnem</span> <span class='ocrx_word' id='word_1_230' title='bbox 571 3798 866 3857; x_wconf 75' lang='lat' dir='ltr'>humanae</span> <span class='ocrx_word' id='word_1_231' title='bbox 903 3796 1144 3851; x_wconf 80' lang='lat' dir='ltr'>naturae</span> <span class='ocrx_word' id='word_1_232' title='bbox 1175 3783 1656 3847; x_wconf 84' lang='lat' dir='ltr'>convenientem</span> 
     </span>
     <span class='ocr_line' id='line_1_38' title="bbox 167 3876 1660 3971; baseline -0.012 -18"><span class='ocrx_word' id='word_1_233' title='bbox 167 3910 258 3971; x_wconf 83' lang='lat' dir='ltr'>per</span> <span class='ocrx_word' id='word_1_234' title='bbox 275 3910 326 3953; x_wconf 85' lang='lat' dir='ltr'>se</span> <span class='ocrx_word' id='word_1_235' title='bbox 337 3892 604 3953; x_wconf 87' lang='lat' dir='ltr'>debitam</span> <span class='ocrx_word' id='word_1_236' title='bbox 641 3904 778 3950; x_wconf 83' lang='lat' dir='ltr'>esse</span> <span class='ocrx_word' id='word_1_237' title='bbox 807 3880 1180 3947; x_wconf 73' lang='lat' dir='ltr'>humanitati</span> <span class='ocrx_word' id='word_1_238' title='bbox 1205 3879 1450 3941; x_wconf 87' lang='lat' dir='ltr'>ratione</span> <span class='ocrx_word' id='word_1_239' title='bbox 1477 3876 1660 3938; x_wconf 88' lang='lat' dir='ltr'>unio·-</span> 
     </span>
     <span class='ocr_line' id='line_1_39' title="bbox 166 3976 1662 4057; baseline -0.009 -13"><span class='ocrx_word' id='word_1_240' title='bbox 166 3988 268 4057; x_wconf 86' lang='lat' dir='ltr'>nis;</span> <span class='ocrx_word' id='word_1_241' title='bbox 313 3986 574 4047; x_wconf 85' lang='lat' dir='ltr'>defectas</span> <span class='ocrx_word' id='word_1_242' title='bbox 611 3998 762 4043; x_wconf 81' lang='lat' dir='ltr'>vero</span> <span class='ocrx_word' id='word_1_243' title='bbox 823 3984 1068 4041; x_wconf 82' lang='lat' dir='ltr'>tantam</span> <span class='ocrx_word' id='word_1_244' title='bbox 1114 3992 1255 4037; x_wconf 87' lang='lat' dir='ltr'>esse</span> <span class='ocrx_word' id='word_1_245' title='bbox 1307 3976 1662 4051; x_wconf 84' lang='lat' dir='ltr'>assumptos</span> 
     </span>
     <span class='ocr_line' id='line_1_40' title="bbox 159 4070 1660 4159; baseline -0.011 -17"><span class='ocrx_word' id='word_1_246' title='bbox 159 4088 372 4159; x_wconf 84' lang='lat' dir='ltr'>propter</span> <span class='ocrx_word' id='word_1_247' title='bbox 412 4098 546 4140; x_wconf 88' lang='lat' dir='ltr'>nos.</span> <span class='ocrx_word' id='word_1_248' title='bbox 603 4078 738 4138; x_wconf 87' lang='lat' dir='ltr'>Hoc</span> <span class='ocrx_word' id='word_1_249' title='bbox 787 4073 954 4135; x_wconf 85' lang='lat' dir='ltr'>enim</span> <span class='ocrx_word' id='word_1_250' title='bbox 994 4070 1396 4151; x_wconf 85' lang='lat' dir='ltr'>principium,</span> <span class='ocrx_word' id='word_1_251' title='bbox 1446 4072 1510 4129; x_wconf 86' lang='lat' dir='ltr'>et</span> <span class='ocrx_word' id='word_1_252' title='bbox 1545 4082 1660 4146; x_wconf 87' lang='lat' dir='ltr'>pro</span> 
     </span>
     <span class='ocr_line' id='line_1_41' title="bbox 165 4160 1664 4251; baseline -0.01 -17"><span class='ocrx_word' id='word_1_253' title='bbox 165 4175 412 4251; x_wconf 83' lang='lat' dir='ltr'>qualitate</span> <span class='ocrx_word' id='word_1_254' title='bbox 439 4170 714 4233; x_wconf 68' lang='lat' dir='ltr'>materias</span> <span class='ocrx_word' id='word_1_255' title='bbox 736 4186 852 4247; x_wconf 85' lang='lat' dir='ltr'>per</span> <span class='ocrx_word' id='word_1_256' title='bbox 873 4184 958 4239; x_wconf 61' lang='lat' dir='ltr'>,se</span> <span class='ocrx_word' id='word_1_257' title='bbox 977 4170 1198 4226; x_wconf 82' lang='lat' dir='ltr'>notum</span> <span class='ocrx_word' id='word_1_258' title='bbox 1230 4168 1346 4236; x_wconf 86' lang='lat' dir='ltr'>est,</span> <span class='ocrx_word' id='word_1_259' title='bbox 1380 4167 1442 4225; x_wconf 86' lang='lat' dir='ltr'>et</span> <span class='ocrx_word' id='word_1_260' title='bbox 1467 4161 1576 4223; x_wconf 90' lang='lat' dir='ltr'>illo</span> <span class='ocrx_word' id='word_1_261' title='bbox 1595 4160 1664 4221; x_wconf 86' lang='lat' dir='ltr'>iu</span> 
     </span>
     <span class='ocr_line' id='line_1_42' title="bbox 161 4254 1663 4347; baseline -0.008 -20"><span class='ocrx_word' id='word_1_262' title='bbox 161 4268 537 4347; x_wconf 86' lang='lat' dir='ltr'>superioribus</span> <span class='ocrx_word' id='word_1_263' title='bbox 566 4282 732 4345; x_wconf 81' lang='lat' dir='ltr'>saepe</span> <span class='ocrx_word' id='word_1_264' title='bbox 763 4262 860 4323; x_wconf 89' lang='lat' dir='ltr'>usi</span> <span class='ocrx_word' id='word_1_265' title='bbox 889 4278 1127 4336; x_wconf 80' lang='lat' dir='ltr'>sumus„</span> <span class='ocrx_word' id='word_1_266' title='bbox 1154 4261 1218 4319; x_wconf 88' lang='lat' dir='ltr'>et</span> <span class='ocrx_word' id='word_1_267' title='bbox 1243 4257 1310 4319; x_wconf 88' lang='lat' dir='ltr'>in</span> <span class='ocrx_word' id='word_1_268' title='bbox 1345 4254 1663 4335; x_wconf 87' lang='lat' dir='ltr'>sequenti-</span> 
     </span>
     <span class='ocr_line' id='line_1_43' title="bbox 163 4360 529 4425; baseline 0.011 -6"><span class='ocrx_word' id='word_1_269' title='bbox 163 4360 250 4423; x_wconf 87' lang='lat' dir='ltr'>bus</span> <span class='ocrx_word' id='word_1_270' title='bbox 273 4370 529 4425; x_wconf 85' lang='lat' dir='ltr'>utemur.</span> 
     </span>
    </p>
   </div>
   <div class='ocr_carea' id='block_1_3' title="bbox 407 4554 1368 4780">
    <p class='ocr_par' dir='ltr' id='par_1_5' title="bbox 407 4554 1368 4780">
     <span class='ocr_line' id='line_1_44' title="bbox 504 4554 1259 4627; baseline -0.017 0"><span class='ocrx_word' id='word_1_271' title='bbox 504 4558 966 4627; x_wconf 78' lang='lat' dir='ltr'>DISPUTATIO</span> <span class='ocrx_word' id='word_1_272' title='bbox 1003 4554 1217 4617; x_wconf 85' lang='lat' dir='ltr'>XXXII</span> <span class='ocrx_word' id='word_1_273' title='bbox 1244 4598 1259 4627; x_wconf 95' lang='lat'>,</span> 
     </span>
     <span class='ocr_line' id='line_1_45' title="bbox 407 4700 1368 4780; baseline -0.02 -10"><span class='ocrx_word' id='word_1_274' title='bbox 407 4716 468 4769; x_wconf 87' lang='lat' dir='ltr'>ln</span> <span class='ocrx_word' id='word_1_275' title='bbox 499 4716 736 4780; x_wconf 81' lang='lat' dir='ltr'>quatuor</span> <span class='ocrx_word' id='word_1_276' title='bbox 765 4706 1035 4766; x_wconf 75' lang='lat' dir='ltr'>sectiones</span> <span class='ocrx_word' id='word_1_277' title='bbox 1061 4700 1368 4757; x_wconf 82' lang='lat' dir='ltr'>distributa.</span> 
     </span>
    </p>
   </div>
   <div class='ocr_carea' id='block_1_4' title="bbox 217 4860 1593 5015">
    <p class='ocr_par' dir='ltr' id='par_1_6' title="bbox 217 4860 1593 5015">
     <span class='ocr_line' id='line_1_46' title="bbox 217 4860 1593 4927; baseline -0.015 -2"><span class='ocrx_word' id='word_1_278' title='bbox 217 4880 283 4927; x_wconf 75' lang='lat' dir='ltr'>DE</span> <span class='ocrx_word' id='word_1_279' title='bbox 309 4872 793 4927; x_wconf 67' lang='lat' dir='ltr'>Psnmc&#39;nonmus</span> <span class='ocrx_word' id='word_1_280' title='bbox 817 4870 896 4917; x_wconf 77' lang='lat' dir='ltr'>m·</span> <span class='ocrx_word' id='word_1_281' title='bbox 935 4862 1288 4917; x_wconf 64' lang='lat' dir='ltr'>nummus</span> <span class='ocrx_word' id='word_1_282' title='bbox 1321 4860 1593 4909; x_wconf 79' lang='lat' dir='ltr'>CORPORIS</span> 
     </span>
     <span class='ocr_line' id='line_1_47' title="bbox 775 4964 1031 5015; baseline -0.027 1"><span class='ocrx_word' id='word_1_283' title='bbox 775 4964 1031 5015; x_wconf 75' lang='lat' dir='ltr'><strong>CHRISTI.</strong></span> 
     </span>
    </p>
   </div>
   <div class='ocr_carea' id='block_1_5' title="bbox 159 5106 1684 5666">
    <p class='ocr_par' dir='ltr' id='par_1_7' title="bbox 159 5106 1684 5666">
     <span class='ocr_line' id='line_1_48' title="bbox 221 5106 1675 5196; baseline -0.013 -14"><span class='ocrx_word' id='word_1_284' title='bbox 221 5120 505 5196; x_wconf 84' lang='lat' dir='ltr'>Quoniam</span> <span class='ocrx_word' id='word_1_285' title='bbox 519 5116 801 5181; x_wconf 87' lang='lat' dir='ltr'>defectus</span> <span class='ocrx_word' id='word_1_286' title='bbox 823 5112 1164 5176; x_wconf 73' lang='lat' dir='ltr'>carentiam</span> <span class='ocrx_word' id='word_1_287' title='bbox 1185 5106 1520 5190; x_wconf 81' lang='lat' dir='ltr'>quamdam</span> <span class='ocrx_word' id='word_1_288' title='bbox 1533 5118 1675 5183; x_wconf 88' lang='lat' dir='ltr'>per-</span> 
     </span>
     <span class='ocr_line' id='line_1_49' title="bbox 159 5196 1677 5285; baseline -0.011 -12"><span class='ocrx_word' id='word_1_289' title='bbox 159 5214 406 5277; x_wconf 80' lang='lat' dir='ltr'>fectionis</span> <span class='ocrx_word' id='word_1_290' title='bbox 439 5212 695 5285; x_wconf 85' lang='lat' dir='ltr'>indicat,</span> <span class='ocrx_word' id='word_1_291' title='bbox 729 5208 900 5271; x_wconf 90' lang='lat' dir='ltr'>idem</span> <span class='ocrx_word' id='word_1_292' title='bbox 941 5205 1114 5267; x_wconf 87' lang='lat' dir='ltr'>enim</span> <span class='ocrx_word' id='word_1_293' title='bbox 1159 5204 1438 5265; x_wconf 88' lang='lat' dir='ltr'>defectus</span> <span class='ocrx_word' id='word_1_294' title='bbox 1471 5196 1677 5259; x_wconf 87' lang='lat' dir='ltr'>nomi-</span> 
     </span>
     <span class='ocr_line' id='line_1_50' title="bbox 159 5291 1679 5390; baseline -0.009 -23"><span class='ocrx_word' id='word_1_295' title='bbox 159 5324 224 5371; x_wconf 87' lang='lat' dir='ltr'>ne</span> <span class='ocrx_word' id='word_1_296' title='bbox 271 5308 430 5390; x_wconf 87' lang='lat' dir='ltr'>quod</span> <span class='ocrx_word' id='word_1_297' title='bbox 473 5324 634 5368; x_wconf 77' lang='lat' dir='ltr'>voce</span> <span class='ocrx_word' id='word_1_298' title='bbox 675 5298 1164 5383; x_wconf 82' lang='lat' dir='ltr'>imperfectionis</span> <span class='ocrx_word' id='word_1_299' title='bbox 1215 5292 1550 5379; x_wconf 83' lang='lat' dir='ltr'>significari</span> <span class='ocrx_word' id='word_1_300' title='bbox 1591 5291 1679 5353; x_wconf 74' lang='lat' dir='ltr'>vi-</span> 
     </span>
     <span class='ocr_line' id='line_1_51' title="bbox 164 5386 1680 5479; baseline -0.009 -19"><span class='ocrx_word' id='word_1_301' title='bbox 164 5401 352 5479; x_wconf 88' lang='lat' dir='ltr'>detur,</span> <span class='ocrx_word' id='word_1_302' title='bbox 397 5400 540 5463; x_wconf 90' lang='lat' dir='ltr'>ideo</span> <span class='ocrx_word' id='word_1_303' title='bbox 588 5396 668 5460; x_wconf 86' lang='lat' dir='ltr'>ad</span> <span class='ocrx_word' id='word_1_304' title='bbox 707 5394 1149 5477; x_wconf 83' lang='lat' dir='ltr'>explicandum</span> <span class='ocrx_word' id='word_1_305' title='bbox 1195 5409 1354 5472; x_wconf 89' lang='lat' dir='ltr'>quos</span> <span class='ocrx_word' id='word_1_306' title='bbox 1398 5386 1680 5450; x_wconf 85' lang='lat' dir='ltr'>defectus</span> 
     </span>
     <span class='ocr_line' id='line_1_52' title="bbox 165 5482 1682 5573; baseline -0.009 -19"><span class='ocrx_word' id='word_1_307' title='bbox 165 5489 406 5558; x_wconf 78' lang='lat' dir='ltr'>Christus</span> <span class='ocrx_word' id='word_1_308' title='bbox 427 5496 496 5559; x_wconf 83' lang='lat' dir='ltr'>in</span> <span class='ocrx_word' id='word_1_309' title='bbox 523 5508 786 5573; x_wconf 85' lang='lat' dir='ltr'>corpore</span> <span class='ocrx_word' id='word_1_310' title='bbox 813 5506 928 5551; x_wconf 86' lang='lat' dir='ltr'>suo</span> <span class='ocrx_word' id='word_1_311' title='bbox 975 5482 1420 5565; x_wconf 85' lang='lat' dir='ltr'>assumpserit,</span> <span class='ocrx_word' id='word_1_312' title='bbox 1455 5498 1496 5542; x_wconf 87' lang='lat' dir='ltr'>a</span> <span class='ocrx_word' id='word_1_313' title='bbox 1536 5496 1682 5559; x_wconf 89' lang='lat' dir='ltr'>per-</span> 
     </span>
     <span class='ocr_line' id='line_1_53' title="bbox 165 5578 1684 5666; baseline -0.008 -21"><span class='ocrx_word' id='word_1_314' title='bbox 165 5586 496 5652; x_wconf 84' lang='lat' dir='ltr'>fectionibus</span> <span class='ocrx_word' id='word_1_315' title='bbox 513 5584 848 5666; x_wconf 82' lang='lat' dir='ltr'>assumptis</span> <span class='ocrx_word' id='word_1_316' title='bbox 869 5579 1294 5645; x_wconf 84' lang='lat' dir='ltr'>inchoandum</span> <span class='ocrx_word' id='word_1_317' title='bbox 1323 5580 1442 5651; x_wconf 88' lang='lat' dir='ltr'>est,</span> <span class='ocrx_word' id='word_1_318' title='bbox 1468 5578 1542 5635; x_wconf 86' lang='lat' dir='ltr'>ut</span> <span class='ocrx_word' id='word_1_319' title='bbox 1563 5588 1684 5652; x_wconf 88' lang='lat' dir='ltr'>per</span> 
     </span>
    </p>
   </div>
   <div class='ocr_carea' id='block_1_6' title="bbox 1706 496 3286 3117">
    <p class='ocr_par' dir='ltr' id='par_1_8' title="bbox 1706 496 3286 3117">
     <span class='ocr_line' id='line_1_54' title="bbox 1706 496 3261 583; baseline 0.008 -27"><span class='ocrx_word' id='word_1_320' title='bbox 1706 496 1994 559; x_wconf 89' lang='lat' dir='ltr'>habitum</span> <span class='ocrx_word' id='word_1_321' title='bbox 2014 498 2277 579; x_wconf 83' lang='lat' dir='ltr'>privatio</span> <span class='ocrx_word' id='word_1_322' title='bbox 2302 498 2543 563; x_wconf 79' lang='lat' dir='ltr'>facilius</span> <span class='ocrx_word' id='word_1_323' title='bbox 2570 509 3003 583; x_wconf 85' lang='lat' dir='ltr'>cognoscatur.</span> <span class='ocrx_word' id='word_1_324' title='bbox 3026 503 3261 569; x_wconf 76' lang='lat' dir='ltr'>Adver-</span> 
     </span>
     <span class='ocr_line' id='line_1_55' title="bbox 1709 592 3264 682; baseline 0.006 -29"><span class='ocrx_word' id='word_1_325' title='bbox 1709 592 1972 653; x_wconf 87' lang='lat' dir='ltr'>tendum</span> <span class='ocrx_word' id='word_1_326' title='bbox 1992 600 2204 655; x_wconf 89' lang='lat' dir='ltr'>autem</span> <span class='ocrx_word' id='word_1_327' title='bbox 2234 601 2331 682; x_wconf 82' lang='lat' dir='ltr'>est</span> <span class='ocrx_word' id='word_1_328' title='bbox 2358 596 2637 675; x_wconf 84' lang='lat' dir='ltr'>duplices</span> <span class='ocrx_word' id='word_1_329' title='bbox 2660 614 2797 659; x_wconf 89' lang='lat' dir='ltr'>esse</span> <span class='ocrx_word' id='word_1_330' title='bbox 2814 616 2998 679; x_wconf 86' lang='lat' dir='ltr'>posse</span> <span class='ocrx_word' id='word_1_331' title='bbox 3026 600 3264 679; x_wconf 85' lang='lat' dir='ltr'>perfec-</span> 
     </span>
     <span class='ocr_line' id='line_1_56' title="bbox 1707 685 3264 768; baseline 0.005 -21"><span class='ocrx_word' id='word_1_332' title='bbox 1707 685 1914 747; x_wconf 86' lang='lat' dir='ltr'>tiones</span> <span class='ocrx_word' id='word_1_333' title='bbox 1941 686 2005 747; x_wconf 89' lang='lat' dir='ltr'>in</span> <span class='ocrx_word' id='word_1_334' title='bbox 2028 706 2285 767; x_wconf 88' lang='lat' dir='ltr'>corpore</span> <span class='ocrx_word' id='word_1_335' title='bbox 2309 689 2619 751; x_wconf 87' lang='lat' dir='ltr'>humano:</span> <span class='ocrx_word' id='word_1_336' title='bbox 2651 690 2939 768; x_wconf 61' lang='lat' dir='ltr'>quaedam</span> <span class='ocrx_word' id='word_1_337' title='bbox 2958 699 3103 753; x_wconf 88' lang='lat' dir='ltr'>sunt</span> <span class='ocrx_word' id='word_1_338' title='bbox 3118 712 3264 755; x_wconf 91' lang='lat' dir='ltr'>con-</span> 
     </span>
     <span class='ocr_line' id='line_1_57' title="bbox 1709 779 3266 863; baseline 0.006 -25"><span class='ocrx_word' id='word_1_339' title='bbox 1709 779 2055 855; x_wconf 79' lang='lat' dir='ltr'>naturales,</span> <span class='ocrx_word' id='word_1_340' title='bbox 2087 786 2149 841; x_wconf 88' lang='lat' dir='ltr'>et</span> <span class='ocrx_word' id='word_1_341' title='bbox 2184 780 2411 843; x_wconf 83' lang='lat' dir='ltr'>debitae</span> <span class='ocrx_word' id='word_1_342' title='bbox 2458 782 2568 844; x_wconf 86' lang='lat' dir='ltr'>tali</span> <span class='ocrx_word' id='word_1_343' title='bbox 2624 784 2865 863; x_wconf 87' lang='lat' dir='ltr'>corpori</span> <span class='ocrx_word' id='word_1_344' title='bbox 2918 786 3266 848; x_wconf 88' lang='lat' dir='ltr'>secundum</span> 
     </span>
     <span class='ocr_line' id='line_1_58' title="bbox 1710 871 3267 957; baseline 0.006 -24"><span class='ocrx_word' id='word_1_345' title='bbox 1710 871 1991 934; x_wconf 89' lang='lat' dir='ltr'>debitum</span> <span class='ocrx_word' id='word_1_346' title='bbox 2022 880 2252 935; x_wconf 86' lang='lat' dir='ltr'>statum</span> <span class='ocrx_word' id='word_1_347' title='bbox 2278 877 2440 957; x_wconf 86' lang='lat' dir='ltr'>ejus,</span> <span class='ocrx_word' id='word_1_348' title='bbox 2469 880 2542 939; x_wconf 86' lang='lat' dir='ltr'>ut</span> <span class='ocrx_word' id='word_1_349' title='bbox 2564 882 2706 941; x_wconf 87' lang='lat' dir='ltr'>sunt</span> <span class='ocrx_word' id='word_1_350' title='bbox 2720 878 3139 957; x_wconf 87' lang='lat' dir='ltr'>pulchritudo,</span> <span class='ocrx_word' id='word_1_351' title='bbox 3172 898 3267 942; x_wconf 89' lang='lat' dir='ltr'>sa-</span> 
     </span>
     <span class='ocr_line' id='line_1_59' title="bbox 1711 966 3269 1051; baseline 0.005 -25"><span class='ocrx_word' id='word_1_352' title='bbox 1711 966 1875 1027; x_wconf 87' lang='lat' dir='ltr'>nitas</span> <span class='ocrx_word' id='word_1_353' title='bbox 1900 973 1965 1031; x_wconf 89' lang='lat' dir='ltr'>et</span> <span class='ocrx_word' id='word_1_354' title='bbox 1984 968 2256 1039; x_wconf 77' lang='lat' dir='ltr'>similes3</span> <span class='ocrx_word' id='word_1_355' title='bbox 2294 970 2432 1031; x_wconf 80' lang='lat' dir='ltr'>aliae</span> <span class='ocrx_word' id='word_1_356' title='bbox 2458 976 2605 1033; x_wconf 90' lang='lat' dir='ltr'>sunt</span> <span class='ocrx_word' id='word_1_357' title='bbox 2632 990 2820 1051; x_wconf 87' lang='lat' dir='ltr'>supra</span> <span class='ocrx_word' id='word_1_358' title='bbox 2852 971 3133 1034; x_wconf 86' lang='lat' dir='ltr'>debitum</span> <span class='ocrx_word' id='word_1_359' title='bbox 3154 990 3269 1035; x_wconf 83' lang='lat' dir='ltr'>na-</span> 
     </span>
     <span class='ocr_line' id='line_1_60' title="bbox 1711 1062 3268 1143; baseline 0.006 -23"><span class='ocrx_word' id='word_1_360' title='bbox 1711 1062 1896 1133; x_wconf 79' lang='lat' dir='ltr'>turae,</span> <span class='ocrx_word' id='word_1_361' title='bbox 1927 1066 1997 1122; x_wconf 90' lang='lat' dir='ltr'>ut</span> <span class='ocrx_word' id='word_1_362' title='bbox 2020 1068 2165 1123; x_wconf 89' lang='lat' dir='ltr'>sunt</span> <span class='ocrx_word' id='word_1_363' title='bbox 2189 1062 2392 1139; x_wconf 88' lang='lat' dir='ltr'>dotes,</span> <span class='ocrx_word' id='word_1_364' title='bbox 2450 1080 2607 1143; x_wconf 82' lang='lat' dir='ltr'>quas</span> <span class='ocrx_word' id='word_1_365' title='bbox 2642 1080 2869 1143; x_wconf 85' lang='lat' dir='ltr'>corpus</span> <span class='ocrx_word' id='word_1_366' title='bbox 2918 1064 3176 1128; x_wconf 89' lang='lat' dir='ltr'>habebit</span> <span class='ocrx_word' id='word_1_367' title='bbox 3201 1068 3268 1129; x_wconf 90' lang='lat' dir='ltr'>in</span> 
     </span>
     <span class='ocr_line' id='line_1_61' title="bbox 1715 1153 3269 1245; baseline 0.006 -32"><span class='ocrx_word' id='word_1_368' title='bbox 1715 1153 1938 1233; x_wconf 84' lang='lat' dir='ltr'>gloria,</span> <span class='ocrx_word' id='word_1_369' title='bbox 1972 1161 2037 1216; x_wconf 88' lang='lat' dir='ltr'>et</span> <span class='ocrx_word' id='word_1_370' title='bbox 2067 1156 2148 1217; x_wconf 89' lang='lat' dir='ltr'>ad</span> <span class='ocrx_word' id='word_1_371' title='bbox 2181 1158 2295 1218; x_wconf 88' lang='lat' dir='ltr'>has</span> <span class='ocrx_word' id='word_1_372' title='bbox 2326 1158 2603 1220; x_wconf 76' lang='lat' dir='ltr'>revocari</span> <span class='ocrx_word' id='word_1_373' title='bbox 2632 1164 2897 1245; x_wconf 82' lang='lat' dir='ltr'>possunt</span> <span class='ocrx_word' id='word_1_374' title='bbox 2939 1160 3269 1238; x_wconf 86' lang='lat' dir='ltr'>perfectio·</span> 
     </span>
     <span class='ocr_line' id='line_1_62' title="bbox 1713 1246 3267 1331; baseline 0.005 -24"><span class='ocrx_word' id='word_1_375' title='bbox 1713 1264 1830 1308; x_wconf 87' lang='lat' dir='ltr'>nes</span> <span class='ocrx_word' id='word_1_376' title='bbox 1863 1266 2021 1327; x_wconf 85' lang='lat' dir='ltr'>quas</span> <span class='ocrx_word' id='word_1_377' title='bbox 2048 1246 2311 1311; x_wconf 89' lang='lat' dir='ltr'>haberet</span> <span class='ocrx_word' id='word_1_378' title='bbox 2330 1250 2393 1311; x_wconf 90' lang='lat' dir='ltr'>in</span> <span class='ocrx_word' id='word_1_379' title='bbox 2424 1256 2588 1312; x_wconf 84' lang='lat' dir='ltr'>statu</span> <span class='ocrx_word' id='word_1_380' title='bbox 2616 1251 3017 1326; x_wconf 78' lang='lat' dir='ltr'>innocentiae,</span> <span class='ocrx_word' id='word_1_381' title='bbox 3046 1253 3114 1313; x_wconf 90' lang='lat' dir='ltr'>in</span> <span class='ocrx_word' id='word_1_382' title='bbox 3143 1270 3267 1331; x_wconf 85' lang='lat' dir='ltr'>quo</span> 
     </span>
     <span class='ocr_line' id='line_1_63' title="bbox 1713 1342 3266 1424; baseline 0.003 -23"><span class='ocrx_word' id='word_1_383' title='bbox 1713 1347 1883 1403; x_wconf 84' lang='lat' dir='ltr'>esset</span> <span class='ocrx_word' id='word_1_384' title='bbox 1909 1342 2121 1423; x_wconf 81' lang='lat' dir='ltr'>aliquo</span> <span class='ocrx_word' id='word_1_385' title='bbox 2150 1343 2339 1404; x_wconf 88' lang='lat' dir='ltr'>modo</span> <span class='ocrx_word' id='word_1_386' title='bbox 2365 1344 2749 1424; x_wconf 87' lang='lat' dir='ltr'>impassibile</span> <span class='ocrx_word' id='word_1_387' title='bbox 2784 1350 2846 1406; x_wconf 88' lang='lat' dir='ltr'>et</span> <span class='ocrx_word' id='word_1_388' title='bbox 2870 1344 3220 1406; x_wconf 86' lang='lat' dir='ltr'>immortale</span> <span class='ocrx_word' id='word_1_389' title='bbox 3248 1364 3266 1419; x_wconf 79' lang='lat'>3</span> 
     </span>
     <span class='ocr_line' id='line_1_64' title="bbox 1717 1438 3275 1517; baseline 0.003 -20"><span class='ocrx_word' id='word_1_390' title='bbox 1717 1452 1983 1514; x_wconf 85' lang='lat' dir='ltr'>quarum</span> <span class='ocrx_word' id='word_1_391' title='bbox 2016 1438 2271 1515; x_wconf 86' lang='lat' dir='ltr'>quidem</span> <span class='ocrx_word' id='word_1_392' title='bbox 2314 1440 2767 1517; x_wconf 78' lang='lat' dir='ltr'>perfectionum</span> <span class='ocrx_word' id='word_1_393' title='bbox 2814 1440 3130 1515; x_wconf 88' lang='lat' dir='ltr'>carentia,</span> <span class='ocrx_word' id='word_1_394' title='bbox 3163 1438 3275 1501; x_wconf 88' lang='lat' dir='ltr'>de-</span> 
     </span>
     <span class='ocr_line' id='line_1_65' title="bbox 1715 1532 3274 1611; baseline 0.001 -17"><span class='ocrx_word' id='word_1_395' title='bbox 1715 1533 1916 1594; x_wconf 84' lang='lat' dir='ltr'>fectus</span> <span class='ocrx_word' id='word_1_396' title='bbox 1933 1532 2189 1611; x_wconf 86' lang='lat' dir='ltr'>quidam</span> <span class='ocrx_word' id='word_1_397' title='bbox 2214 1539 2330 1607; x_wconf 85' lang='lat' dir='ltr'>est,</span> <span class='ocrx_word' id='word_1_398' title='bbox 2346 1533 2474 1611; x_wconf 85' lang='lat' dir='ltr'>qui,</span> <span class='ocrx_word' id='word_1_399' title='bbox 2500 1534 2702 1594; x_wconf 85' lang='lat' dir='ltr'>solum</span> <span class='ocrx_word' id='word_1_400' title='bbox 2726 1534 3159 1595; x_wconf 85' lang='lat' dir='ltr'>consideratus</span> <span class='ocrx_word' id='word_1_401' title='bbox 3178 1551 3274 1595; x_wconf 89' lang='lat' dir='ltr'>se·</span> 
     </span>
     <span class='ocr_line' id='line_1_66' title="bbox 1719 1624 3277 1707; baseline -0.001 -18"><span class='ocrx_word' id='word_1_402' title='bbox 1719 1625 1996 1689; x_wconf 88' lang='lat' dir='ltr'>cundum</span> <span class='ocrx_word' id='word_1_403' title='bbox 2024 1625 2088 1688; x_wconf 88' lang='lat' dir='ltr'>id</span> <span class='ocrx_word' id='word_1_404' title='bbox 2117 1627 2285 1707; x_wconf 86' lang='lat' dir='ltr'>quod</span> <span class='ocrx_word' id='word_1_405' title='bbox 2303 1634 2543 1689; x_wconf 80' lang='lat' dir='ltr'>naturae</span> <span class='ocrx_word' id='word_1_406' title='bbox 2569 1627 2864 1689; x_wconf 72' lang='lat' dir='ltr'>humanae</span> <span class='ocrx_word' id='word_1_407' title='bbox 2894 1626 2973 1689; x_wconf 90' lang='lat' dir='ltr'>de</span> <span class='ocrx_word' id='word_1_408' title='bbox 3006 1646 3074 1688; x_wconf 90' lang='lat' dir='ltr'>se</span> <span class='ocrx_word' id='word_1_409' title='bbox 3100 1624 3277 1689; x_wconf 88' lang='lat' dir='ltr'>debi-</span> 
     </span>
     <span class='ocr_line' id='line_1_67' title="bbox 1717 1721 3272 1801; baseline -0.001 -17"><span class='ocrx_word' id='word_1_410' title='bbox 1717 1728 1854 1784; x_wconf 85' lang='lat' dir='ltr'>tum</span> <span class='ocrx_word' id='word_1_411' title='bbox 1885 1728 2001 1795; x_wconf 89' lang='lat' dir='ltr'>est,</span> <span class='ocrx_word' id='word_1_412' title='bbox 2030 1722 2234 1783; x_wconf 86' lang='lat' dir='ltr'>solum</span> <span class='ocrx_word' id='word_1_413' title='bbox 2287 1727 2381 1783; x_wconf 88' lang='lat' dir='ltr'>est</span> <span class='ocrx_word' id='word_1_414' title='bbox 2428 1722 2623 1783; x_wconf 84' lang='lat' dir='ltr'>veluti</span> <span class='ocrx_word' id='word_1_415' title='bbox 2661 1722 2913 1801; x_wconf 83' lang='lat' dir='ltr'>negatio</span> <span class='ocrx_word' id='word_1_416' title='bbox 2956 1721 3272 1801; x_wconf 80' lang='lat' dir='ltr'>quasdam,</span> 
     </span>
     <span class='ocr_line' id='line_1_68' title="bbox 1721 1815 3275 1898; baseline -0.002 -19"><span class='ocrx_word' id='word_1_417' title='bbox 1721 1836 1832 1880; x_wconf 89' lang='lat' dir='ltr'>seu</span> <span class='ocrx_word' id='word_1_418' title='bbox 1849 1816 2141 1898; x_wconf 83' lang='lat' dir='ltr'>negativa</span> <span class='ocrx_word' id='word_1_419' title='bbox 2166 1815 2555 1897; x_wconf 84' lang='lat' dir='ltr'>imperfectio</span> <span class='ocrx_word' id='word_1_420' title='bbox 2581 1836 2597 1889; x_wconf 87' lang='lat'><strong>;</strong></span> <span class='ocrx_word' id='word_1_421' title='bbox 2626 1823 2839 1878; x_wconf 87' lang='lat' dir='ltr'>tamen</span> <span class='ocrx_word' id='word_1_422' title='bbox 2855 1820 3142 1897; x_wconf 89' lang='lat' dir='ltr'>respectu</span> <span class='ocrx_word' id='word_1_423' title='bbox 3163 1832 3275 1877; x_wconf 88' lang='lat' dir='ltr'>na-</span> 
     </span>
     <span class='ocr_line' id='line_1_69' title="bbox 1718 1908 3277 1993; baseline -0.002 -19"><span class='ocrx_word' id='word_1_424' title='bbox 1718 1920 1879 1975; x_wconf 82' lang='lat' dir='ltr'>turae</span> <span class='ocrx_word' id='word_1_425' title='bbox 1916 1914 2207 1972; x_wconf 69' lang='lat' dir='ltr'>humanae</span> <span class='ocrx_word' id='word_1_426' title='bbox 2238 1911 2499 1972; x_wconf 77' lang='lat' dir='ltr'>elevatae</span> <span class='ocrx_word' id='word_1_427' title='bbox 2528 1908 2610 1971; x_wconf 91' lang='lat' dir='ltr'>ad</span> <span class='ocrx_word' id='word_1_428' title='bbox 2636 1912 3024 1993; x_wconf 87' lang='lat' dir='ltr'>superiorem</span> <span class='ocrx_word' id='word_1_429' title='bbox 3059 1926 3277 1991; x_wconf 87' lang='lat' dir='ltr'>quem-</span> 
     </span>
     <span class='ocr_line' id='line_1_70' title="bbox 1722 2005 3278 2086; baseline -0.001 -18"><span class='ocrx_word' id='word_1_430' title='bbox 1722 2007 1867 2069; x_wconf 86' lang='lat' dir='ltr'>dam</span> <span class='ocrx_word' id='word_1_431' title='bbox 1890 2012 2143 2082; x_wconf 88' lang='lat' dir='ltr'>statum,</span> <span class='ocrx_word' id='word_1_432' title='bbox 2174 2012 2239 2067; x_wconf 90' lang='lat' dir='ltr'>et</span> <span class='ocrx_word' id='word_1_433' title='bbox 2260 2006 2610 2086; x_wconf 64' lang='lat' dir='ltr'>praesertim</span> <span class='ocrx_word' id='word_1_434' title='bbox 2630 2005 2708 2068; x_wconf 86' lang='lat' dir='ltr'>ad</span> <span class='ocrx_word' id='word_1_435' title='bbox 2733 2006 3029 2068; x_wconf 88' lang='lat' dir='ltr'>unionem</span> <span class='ocrx_word' id='word_1_436' title='bbox 3046 2006 3278 2085; x_wconf 84' lang='lat' dir='ltr'>hypos-</span> 
     </span>
     <span class='ocr_line' id='line_1_71' title="bbox 1719 2098 3275 2181; baseline -0.004 -13"><span class='ocrx_word' id='word_1_437' title='bbox 1719 2104 1998 2179; x_wconf 83' lang='lat' dir='ltr'>taticam,</span> <span class='ocrx_word' id='word_1_438' title='bbox 2032 2102 2131 2164; x_wconf 90' lang='lat' dir='ltr'>cui</span> <span class='ocrx_word' id='word_1_439' title='bbox 2160 2102 2361 2163; x_wconf 88' lang='lat' dir='ltr'>omnis</span> <span class='ocrx_word' id='word_1_440' title='bbox 2390 2100 2491 2162; x_wconf 88' lang='lat' dir='ltr'>illa</span> <span class='ocrx_word' id='word_1_441' title='bbox 2546 2100 2847 2181; x_wconf 78' lang='lat' dir='ltr'>perfectio</span> <span class='ocrx_word' id='word_1_442' title='bbox 2892 2098 3103 2161; x_wconf 90' lang='lat' dir='ltr'>debita</span> <span class='ocrx_word' id='word_1_443' title='bbox 3157 2104 3275 2177; x_wconf 86' lang='lat' dir='ltr'>est,</span> 
     </span>
     <span class='ocr_line' id='line_1_72' title="bbox 1721 2193 3277 2279; baseline -0.004 -20"><span class='ocrx_word' id='word_1_444' title='bbox 1721 2200 1925 2279; x_wconf 85' lang='lat' dir='ltr'>magis</span> <span class='ocrx_word' id='word_1_445' title='bbox 1954 2196 2147 2257; x_wconf 85' lang='lat' dir='ltr'>habet</span> <span class='ocrx_word' id='word_1_446' title='bbox 2183 2195 2489 2256; x_wconf 85' lang='lat' dir='ltr'>rationem</span> <span class='ocrx_word' id='word_1_447' title='bbox 2546 2193 2913 2273; x_wconf 84' lang='lat' dir='ltr'>privationis</span> <span class='ocrx_word' id='word_1_448' title='bbox 2943 2198 3005 2253; x_wconf 89' lang='lat' dir='ltr'>et</span> <span class='ocrx_word' id='word_1_449' title='bbox 3044 2194 3277 2275; x_wconf 87' lang='lat' dir='ltr'>proprii</span> 
     </span>
     <span class='ocr_line' id='line_1_73' title="bbox 1724 2286 3279 2367; baseline -0.003 -12"><span class='ocrx_word' id='word_1_450' title='bbox 1724 2292 2027 2361; x_wconf 77' lang='lat' dir='ltr'>defectuS,</span> <span class='ocrx_word' id='word_1_451' title='bbox 2059 2306 2170 2350; x_wconf 89' lang='lat' dir='ltr'>seu</span> <span class='ocrx_word' id='word_1_452' title='bbox 2188 2286 2697 2367; x_wconf 79' lang='lat' dir='ltr'>imperfectionis.</span> <span class='ocrx_word' id='word_1_453' title='bbox 2734 2288 2960 2348; x_wconf 68' lang='lat' dir='ltr'>Praeter</span> <span class='ocrx_word' id='word_1_454' title='bbox 2987 2288 3102 2348; x_wconf 85' lang='lat' dir='ltr'>bos</span> <span class='ocrx_word' id='word_1_455' title='bbox 3131 2304 3279 2351; x_wconf 85' lang='lat' dir='ltr'>vero</span> 
     </span>
     <span class='ocr_line' id='line_1_74' title="bbox 1725 2382 3279 2467; baseline -0.006 -13"><span class='ocrx_word' id='word_1_456' title='bbox 1725 2388 2109 2455; x_wconf 88' lang='lat' dir='ltr'>considerari</span> <span class='ocrx_word' id='word_1_457' title='bbox 2152 2393 2416 2467; x_wconf 89' lang='lat' dir='ltr'>possunt</span> <span class='ocrx_word' id='word_1_458' title='bbox 2460 2386 2523 2447; x_wconf 90' lang='lat' dir='ltr'>in</span> <span class='ocrx_word' id='word_1_459' title='bbox 2564 2386 2842 2446; x_wconf 87' lang='lat' dir='ltr'>humano</span> <span class='ocrx_word' id='word_1_460' title='bbox 2889 2400 3148 2464; x_wconf 86' lang='lat' dir='ltr'>corpore</span> <span class='ocrx_word' id='word_1_461' title='bbox 3174 2382 3279 2445; x_wconf 86' lang='lat' dir='ltr'>alii</span> 
     </span>
     <span class='ocr_line' id='line_1_75' title="bbox 1725 2477 3281 2557; baseline -0.005 -9"><span class='ocrx_word' id='word_1_462' title='bbox 1725 2486 2006 2548; x_wconf 88' lang='lat' dir='ltr'>defectus</span> <span class='ocrx_word' id='word_1_463' title='bbox 2044 2482 2299 2542; x_wconf 89' lang='lat' dir='ltr'>omnino</span> <span class='ocrx_word' id='word_1_464' title='bbox 2354 2479 2793 2541; x_wconf 85' lang='lat' dir='ltr'>connaturales</span> <span class='ocrx_word' id='word_1_465' title='bbox 2832 2478 2941 2551; x_wconf 86' lang='lat' dir='ltr'>illi,</span> <span class='ocrx_word' id='word_1_466' title='bbox 2994 2477 3099 2557; x_wconf 86' lang='lat' dir='ltr'>qui</span> <span class='ocrx_word' id='word_1_467' title='bbox 3150 2494 3281 2540; x_wconf 89' lang='lat' dir='ltr'>non</span> 
     </span>
     <span class='ocr_line' id='line_1_76' title="bbox 1724 2572 3280 2659; baseline -0.004 -19"><span class='ocrx_word' id='word_1_468' title='bbox 1724 2579 1972 2659; x_wconf 88' lang='lat' dir='ltr'>privant</span> <span class='ocrx_word' id='word_1_469' title='bbox 1994 2573 2148 2638; x_wconf 88' lang='lat' dir='ltr'>illud</span> <span class='ocrx_word' id='word_1_470' title='bbox 2164 2575 2371 2654; x_wconf 85' lang='lat' dir='ltr'>aliqua</span> <span class='ocrx_word' id='word_1_471' title='bbox 2388 2574 2791 2653; x_wconf 81' lang='lat' dir='ltr'>perfectione,</span> <span class='ocrx_word' id='word_1_472' title='bbox 2814 2572 2877 2631; x_wconf 91' lang='lat' dir='ltr'>in</span> <span class='ocrx_word' id='word_1_473' title='bbox 2890 2572 3098 2651; x_wconf 86' lang='lat' dir='ltr'>aliquo</span> <span class='ocrx_word' id='word_1_474' title='bbox 3116 2576 3280 2633; x_wconf 85' lang='lat' dir='ltr'>statu</span> 
     </span>
     <span class='ocr_line' id='line_1_77' title="bbox 1727 2666 3282 2747; baseline -0.005 -13"><span class='ocrx_word' id='word_1_475' title='bbox 1727 2673 1847 2734; x_wconf 88' lang='lat' dir='ltr'>sibi</span> <span class='ocrx_word' id='word_1_476' title='bbox 1889 2672 2100 2743; x_wconf 60' lang='lat' dir='ltr'>dehita</span> <span class='ocrx_word' id='word_1_477' title='bbox 2121 2718 2138 2745; x_wconf 97' lang='lat'>,</span> <span class='ocrx_word' id='word_1_478' title='bbox 2171 2669 2279 2731; x_wconf 87' lang='lat' dir='ltr'>sed</span> <span class='ocrx_word' id='word_1_479' title='bbox 2312 2670 2509 2731; x_wconf 90' lang='lat' dir='ltr'>solum</span> <span class='ocrx_word' id='word_1_480' title='bbox 2564 2673 2804 2747; x_wconf 82' lang='lat' dir='ltr'>negant</span> <span class='ocrx_word' id='word_1_481' title='bbox 2830 2666 3282 2746; x_wconf 82' lang='lat' dir='ltr'>perfectionem</span> 
     </span>
     <span class='ocr_line' id='line_1_78' title="bbox 1723 2760 3286 2851; baseline -0.004 -20"><span class='ocrx_word' id='word_1_482' title='bbox 1723 2768 2043 2851; x_wconf 87' lang='lat' dir='ltr'>propriam</span> <span class='ocrx_word' id='word_1_483' title='bbox 2077 2766 2342 2847; x_wconf 86' lang='lat' dir='ltr'>alicujus</span> <span class='ocrx_word' id='word_1_484' title='bbox 2370 2770 2611 2825; x_wconf 82' lang='lat' dir='ltr'>naturae</span> <span class='ocrx_word' id='word_1_485' title='bbox 2642 2760 3004 2843; x_wconf 86' lang='lat' dir='ltr'>superioris,</span> <span class='ocrx_word' id='word_1_486' title='bbox 3038 2765 3108 2821; x_wconf 85' lang='lat' dir='ltr'>ut</span> <span class='ocrx_word' id='word_1_487' title='bbox 3139 2768 3286 2825; x_wconf 87' lang='lat' dir='ltr'>sunt</span> 
     </span>
     <span class='ocr_line' id='line_1_79' title="bbox 1727 2854 3286 2935; baseline -0.004 -11"><span class='ocrx_word' id='word_1_488' title='bbox 1727 2861 2153 2925; x_wconf 88' lang='lat' dir='ltr'>circumscribi</span> <span class='ocrx_word' id='word_1_489' title='bbox 2181 2862 2342 2935; x_wconf 79' lang='lat'>1000,</span> <span class='ocrx_word' id='word_1_490' title='bbox 2377 2864 2440 2919; x_wconf 87' lang='lat' dir='ltr'>et</span> <span class='ocrx_word' id='word_1_491' title='bbox 2468 2876 2603 2919; x_wconf 89' lang='lat' dir='ltr'>esse</span> <span class='ocrx_word' id='word_1_492' title='bbox 2636 2858 2775 2918; x_wconf 92' lang='lat' dir='ltr'>loco</span> <span class='ocrx_word' id='word_1_493' title='bbox 2799 2854 3188 2929; x_wconf 86' lang='lat' dir='ltr'>mutabilem,</span> <span class='ocrx_word' id='word_1_494' title='bbox 3220 2860 3286 2917; x_wconf 86' lang='lat' dir='ltr'>et</span> 
     </span>
     <span class='ocr_line' id='line_1_80' title="bbox 1730 2947 3285 3035; baseline -0.007 -14"><span class='ocrx_word' id='word_1_495' title='bbox 1730 2959 1832 3021; x_wconf 89' lang='lat' dir='ltr'>alii</span> <span class='ocrx_word' id='word_1_496' title='bbox 1888 2957 2146 3033; x_wconf 77' lang='lat' dir='ltr'>simileS,</span> <span class='ocrx_word' id='word_1_497' title='bbox 2182 2954 2261 3017; x_wconf 89' lang='lat' dir='ltr'>de</span> <span class='ocrx_word' id='word_1_498' title='bbox 2286 2952 2515 3035; x_wconf 86' lang='lat' dir='ltr'>quibus</span> <span class='ocrx_word' id='word_1_499' title='bbox 2542 2950 2818 3014; x_wconf 79' lang='lat' dir='ltr'>breviter</span> <span class='ocrx_word' id='word_1_500' title='bbox 2845 2948 3161 3031; x_wconf 86' lang='lat' dir='ltr'>sigillatim</span> <span class='ocrx_word' id='word_1_501' title='bbox 3188 2947 3285 3011; x_wconf 79' lang='lat' dir='ltr'>di-</span> 
     </span>
     <span class='ocr_line' id='line_1_81' title="bbox 1730 3046 2297 3117; baseline -0.005 -2"><span class='ocrx_word' id='word_1_502' title='bbox 1730 3053 2001 3117; x_wconf 86' lang='lat' dir='ltr'>cendum</span> <span class='ocrx_word' id='word_1_503' title='bbox 2030 3056 2144 3114; x_wconf 90' lang='lat' dir='ltr'>est.</span> <span class='ocrx_word' id='word_1_504' title='bbox 2290 3046 2297 3061; x_wconf 64' lang='lat'>⁵</span> 
     </span>
    </p>
   </div>
   <div class='ocr_carea' id='block_1_7' title="bbox 2364 3206 2651 3263">
    <p class='ocr_par' dir='ltr' id='par_1_9' title="bbox 2364 3206 2651 3263">
     <span class='ocr_line' id='line_1_82' title="bbox 2364 3206 2651 3263; baseline 0.003 -2"><span class='ocrx_word' id='word_1_505' title='bbox 2364 3206 2581 3261; x_wconf 70' lang='lat' dir='ltr'>sueno</span> <span class='ocrx_word' id='word_1_506' title='bbox 2610 3208 2651 3263; x_wconf 85' lang='lat'>1.</span> 
     </span>
    </p>
   </div>
   <div class='ocr_carea' id='block_1_8' title="bbox 1741 3344 3290 3678">
    <p class='ocr_par' dir='ltr' id='par_1_10' title="bbox 1741 3344 3290 3665">
     <span class='ocr_line' id='line_1_83' title="bbox 1741 3344 3285 3425; baseline -0.004 -16"><span class='ocrx_word' id='word_1_507' title='bbox 1741 3350 1926 3409; x_wconf 81' lang='lat' dir='ltr'>Utrum</span> <span class='ocrx_word' id='word_1_508' title='bbox 1984 3350 2214 3409; x_wconf 79' lang='lat' dir='ltr'>Verbum</span> <span class='ocrx_word' id='word_1_509' title='bbox 2256 3346 2623 3425; x_wconf 77' lang='lat' dir='ltr'>assumpserit</span> <span class='ocrx_word' id='word_1_510' title='bbox 2656 3347 2719 3403; x_wconf 81' lang='lat' dir='ltr'>in</span> <span class='ocrx_word' id='word_1_511' title='bbox 2771 3360 3000 3421; x_wconf 81' lang='lat' dir='ltr'>corpore</span> <span class='ocrx_word' id='word_1_512' title='bbox 3048 3344 3285 3403; x_wconf 80' lang='lat' dir='ltr'>humano</span> 
     </span>
     <span class='ocr_line' id='line_1_84' title="bbox 1799 3429 3283 3509; baseline -0.004 -16"><span class='ocrx_word' id='word_1_513' title='bbox 1799 3436 2171 3509; x_wconf 74' lang='lat' dir='ltr'>perfectiones</span> <span class='ocrx_word' id='word_1_514' title='bbox 2200 3436 2451 3507; x_wconf 81' lang='lat' dir='ltr'>eorporis</span> <span class='ocrx_word' id='word_1_515' title='bbox 2478 3432 2727 3507; x_wconf 75' lang='lat' dir='ltr'>yloriosi,</span> <span class='ocrx_word' id='word_1_516' title='bbox 2760 3431 2849 3489; x_wconf 85' lang='lat' dir='ltr'>vel</span> <span class='ocrx_word' id='word_1_517' title='bbox 2887 3431 3075 3505; x_wconf 83' lang='lat' dir='ltr'>potius</span> <span class='ocrx_word' id='word_1_518' title='bbox 3099 3429 3283 3502; x_wconf 80' lang='lat' dir='ltr'>defec-</span> 
     </span>
     <span class='ocr_line' id='line_1_85' title="bbox 1805 3514 3290 3665; baseline -0.003 -88"><span class='ocrx_word' id='word_1_519' title='bbox 1805 3520 2061 3665; x_wconf 52' lang='grc' dir='ltr'>ιειὲῗείὶὶτέἰ</span> <span class='ocrx_word' id='word_1_520' title='bbox 2114 3524 2499 3593; x_wconf 73' lang='lat' dir='ltr'>repuynantes,</span> <span class='ocrx_word' id='word_1_521' title='bbox 2544 3524 2607 3575; x_wconf 76' lang='lat' dir='ltr'>ut</span> <span class='ocrx_word' id='word_1_522' title='bbox 2652 3530 2771 3575; x_wconf 80' lang='lat' dir='ltr'>esse</span> <span class='ocrx_word' id='word_1_523' title='bbox 2810 3514 3103 3590; x_wconf 76' lang='lat' dir='ltr'>passibile,</span> <span class='ocrx_word' id='word_1_524' title='bbox 3137 3530 3290 3574; x_wconf 86' lang='lat' dir='ltr'>mor-</span> 
     </span>
    </p>

    <p class='ocr_par' dir='ltr' id='par_1_11' title="bbox 1927 3622 2082 3678">
     <span class='ocr_line' id='line_1_86' title="bbox 1927 3622 2082 3678; baseline -0.006 -15"><span class='ocrx_word' id='word_1_525' title='bbox 1927 3650 1941 3678; x_wconf 93' lang='lat'>,</span> <span class='ocrx_word' id='word_1_526' title='bbox 1974 3622 2003 3663; x_wconf 84' lang='lat' dir='ltr'>e</span> <span class='ocrx_word' id='word_1_527' title='bbox 2068 3648 2082 3662; x_wconf 89' lang='lat'>.</span> 
     </span>
    </p>
   </div>
   <div class='ocr_carea' id='block_1_9' title="bbox 1737 3770 3318 5644">
    <p class='ocr_par' dir='ltr' id='par_1_12' title="bbox 1737 3770 3318 5644">
     <span class='ocr_line' id='line_1_87' title="bbox 1819 3770 3295 3855; baseline -0.005 -16"><span class='ocrx_word' id='word_1_528' title='bbox 1819 3781 1878 3840; x_wconf 84' lang='lat'>1.</span> <span class='ocrx_word' id='word_1_529' title='bbox 1926 3778 2161 3839; x_wconf 88' lang='lat' dir='ltr'>Sensus</span> <span class='ocrx_word' id='word_1_530' title='bbox 2184 3776 2370 3855; x_wconf 84' lang='lat' dir='ltr'>hujus</span> <span class='ocrx_word' id='word_1_531' title='bbox 2396 3773 2573 3836; x_wconf 88' lang='lat' dir='ltr'>dubii</span> <span class='ocrx_word' id='word_1_532' title='bbox 2592 3780 2687 3836; x_wconf 87' lang='lat' dir='ltr'>est</span> <span class='ocrx_word' id='word_1_533' title='bbox 2710 3773 2791 3836; x_wconf 90' lang='lat' dir='ltr'>de</span> <span class='ocrx_word' id='word_1_534' title='bbox 2808 3770 3111 3853; x_wconf 80' lang='lat' dir='ltr'>principio</span> <span class='ocrx_word' id='word_1_535' title='bbox 3132 3776 3295 3833; x_wconf 82' lang='lat' dir='ltr'>tem·</span> 
     </span>
     <span class='ocr_line' id='line_1_88' title="bbox 1737 3866 3294 3955; baseline -0.004 -22"><span class='ocrx_word' id='word_1_536' title='bbox 1737 3870 1910 3955; x_wconf 89' lang='lat' dir='ltr'>poris</span> <span class='ocrx_word' id='word_1_537' title='bbox 1966 3888 2093 3949; x_wconf 85' lang='lat' dir='ltr'>quo</span> <span class='ocrx_word' id='word_1_538' title='bbox 2142 3869 2302 3930; x_wconf 89' lang='lat' dir='ltr'>facta</span> <span class='ocrx_word' id='word_1_539' title='bbox 2359 3874 2453 3931; x_wconf 89' lang='lat' dir='ltr'>est</span> <span class='ocrx_word' id='word_1_540' title='bbox 2500 3867 2843 3947; x_wconf 82' lang='lat' dir='ltr'>assumptio</span> <span class='ocrx_word' id='word_1_541' title='bbox 2860 3912 2877 3941; x_wconf 96' lang='lat'>,</span> <span class='ocrx_word' id='word_1_542' title='bbox 2924 3872 2990 3927; x_wconf 85' lang='lat' dir='ltr'>et</span> <span class='ocrx_word' id='word_1_543' title='bbox 3036 3866 3117 3926; x_wconf 87' lang='lat' dir='ltr'>de</span> <span class='ocrx_word' id='word_1_544' title='bbox 3164 3870 3294 3927; x_wconf 88' lang='lat' dir='ltr'>toto</span> 
     </span>
     <span class='ocr_line' id='line_1_89' title="bbox 1741 3959 3297 4044; baseline -0.006 -17"><span class='ocrx_word' id='word_1_545' title='bbox 1741 3972 2030 4044; x_wconf 87' lang='lat' dir='ltr'>tempore</span> <span class='ocrx_word' id='word_1_546' title='bbox 2050 3964 2189 4024; x_wconf 81' lang='lat' dir='ltr'>vise.</span> <span class='ocrx_word' id='word_1_547' title='bbox 2222 3964 2401 4034; x_wconf 89' lang='lat' dir='ltr'>Nam,</span> <span class='ocrx_word' id='word_1_548' title='bbox 2424 3960 2595 4040; x_wconf 85' lang='lat' dir='ltr'>quod</span> <span class='ocrx_word' id='word_1_549' title='bbox 2616 3966 2758 4040; x_wconf 90' lang='lat' dir='ltr'>post</span> <span class='ocrx_word' id='word_1_550' title='bbox 2772 3959 3297 4020; x_wconf 86' lang='lat' dir='ltr'>resurrectionem</span> 
     </span>
     <span class='ocr_line' id='line_1_90' title="bbox 1745 4053 3297 4135; baseline -0.005 -14"><span class='ocrx_word' id='word_1_551' title='bbox 1745 4059 2035 4121; x_wconf 85' lang='lat' dir='ltr'>habuerit</span> <span class='ocrx_word' id='word_1_552' title='bbox 2056 4057 2338 4119; x_wconf 85' lang='lat' dir='ltr'>Christus</span> <span class='ocrx_word' id='word_1_553' title='bbox 2382 4058 2448 4117; x_wconf 89' lang='lat' dir='ltr'>in</span> <span class='ocrx_word' id='word_1_554' title='bbox 2478 4072 2741 4135; x_wconf 88' lang='lat' dir='ltr'>corpore</span> <span class='ocrx_word' id='word_1_555' title='bbox 2778 4070 2891 4115; x_wconf 90' lang='lat' dir='ltr'>suo</span> <span class='ocrx_word' id='word_1_556' title='bbox 2933 4070 3155 4114; x_wconf 86' lang='lat' dir='ltr'>omues</span> <span class='ocrx_word' id='word_1_557' title='bbox 3183 4053 3297 4113; x_wconf 88' lang='lat' dir='ltr'>has</span> 
     </span>
     <span class='ocr_line' id='line_1_91' title="bbox 1743 4146 3299 4237; baseline -0.006 -20"><span class='ocrx_word' id='word_1_558' title='bbox 1743 4154 2185 4237; x_wconf 80' lang='lat' dir='ltr'>perfectiones,</span> <span class='ocrx_word' id='word_1_559' title='bbox 2216 4158 2281 4214; x_wconf 84' lang='lat' dir='ltr'>et</span> <span class='ocrx_word' id='word_1_560' title='bbox 2330 4150 2598 4213; x_wconf 84' lang='lat' dir='ltr'>caruerit</span> <span class='ocrx_word' id='word_1_561' title='bbox 2640 4148 2935 4211; x_wconf 90' lang='lat' dir='ltr'>omnihus</span> <span class='ocrx_word' id='word_1_562' title='bbox 2966 4147 3065 4208; x_wconf 89' lang='lat' dir='ltr'>his</span> <span class='ocrx_word' id='word_1_563' title='bbox 3094 4146 3299 4209; x_wconf 82' lang='lat' dir='ltr'>defec—</span> 
     </span>
     <span class='ocr_line' id='line_1_92' title="bbox 1745 4240 3303 4323; baseline -0.008 -11"><span class='ocrx_word' id='word_1_564' title='bbox 1745 4252 1936 4321; x_wconf 87' lang='lat' dir='ltr'>tibus,</span> <span class='ocrx_word' id='word_1_565' title='bbox 1958 4248 2221 4309; x_wconf 87' lang='lat' dir='ltr'>duhium</span> <span class='ocrx_word' id='word_1_566' title='bbox 2244 4264 2373 4306; x_wconf 87' lang='lat' dir='ltr'>non</span> <span class='ocrx_word' id='word_1_567' title='bbox 2395 4250 2511 4317; x_wconf 87' lang='lat' dir='ltr'>est,</span> <span class='ocrx_word' id='word_1_568' title='bbox 2540 4244 2620 4305; x_wconf 89' lang='lat' dir='ltr'>de</span> <span class='ocrx_word' id='word_1_569' title='bbox 2643 4261 2767 4323; x_wconf 79' lang='lat' dir='ltr'>qua</span> <span class='ocrx_word' id='word_1_570' title='bbox 2800 4260 2869 4304; x_wconf 90' lang='lat' dir='ltr'>re</span> <span class='ocrx_word' id='word_1_571' title='bbox 2892 4240 3055 4303; x_wconf 80' lang='lat' dir='ltr'>infra</span> <span class='ocrx_word' id='word_1_572' title='bbox 3077 4240 3142 4301; x_wconf 88' lang='lat' dir='ltr'>in</span> <span class='ocrx_word' id='word_1_573' title='bbox 3160 4256 3303 4321; x_wconf 86' lang='lat' dir='ltr'>pro-</span> 
     </span>
     <span class='ocr_line' id='line_1_93' title="bbox 1747 4336 3303 4425; baseline -0.007 -19"><span class='ocrx_word' id='word_1_574' title='bbox 1747 4344 1886 4425; x_wconf 83' lang='lat' dir='ltr'>prio</span> <span class='ocrx_word' id='word_1_575' title='bbox 1909 4343 2051 4404; x_wconf 87' lang='lat' dir='ltr'>loco</span> <span class='ocrx_word' id='word_1_576' title='bbox 2092 4338 2571 4418; x_wconf 85' lang='lat' dir='ltr'>disputabimus.</span> <span class='ocrx_word' id='word_1_577' title='bbox 2619 4338 2729 4399; x_wconf 88' lang='lat' dir='ltr'>Est</span> <span class='ocrx_word' id='word_1_578' title='bbox 2754 4354 2907 4417; x_wconf 83' lang='lat' dir='ltr'>ergo</span> <span class='ocrx_word' id='word_1_579' title='bbox 2938 4336 3177 4417; x_wconf 86' lang='lat' dir='ltr'>primus</span> <span class='ocrx_word' id='word_1_580' title='bbox 3204 4349 3303 4396; x_wconf 87' lang='lat' dir='ltr'>er-</span> 
     </span>
     <span class='ocr_line' id='line_1_94' title="bbox 1745 4428 3302 4512; baseline -0.008 -11"><span class='ocrx_word' id='word_1_581' title='bbox 1745 4456 1854 4501; x_wconf 88' lang='lat' dir='ltr'>ror</span> <span class='ocrx_word' id='word_1_582' title='bbox 1881 4454 2124 4507; x_wconf 87' lang='lat' dir='ltr'>eorum,</span> <span class='ocrx_word' id='word_1_583' title='bbox 2153 4432 2259 4512; x_wconf 88' lang='lat' dir='ltr'>qui</span> <span class='ocrx_word' id='word_1_584' title='bbox 2298 4436 2615 4511; x_wconf 83' lang='lat' dir='ltr'>negarunt</span> <span class='ocrx_word' id='word_1_585' title='bbox 2659 4431 3070 4511; x_wconf 83' lang='lat' dir='ltr'>assumpsisse</span> <span class='ocrx_word' id='word_1_586' title='bbox 3100 4428 3302 4493; x_wconf 82' lang='lat' dir='ltr'>Chris·</span> 
     </span>
     <span class='ocr_line' id='line_1_95' title="bbox 1743 4524 3306 4609; baseline -0.006 -15"><span class='ocrx_word' id='word_1_587' title='bbox 1743 4538 1882 4595; x_wconf 88' lang='lat' dir='ltr'>tum</span> <span class='ocrx_word' id='word_1_588' title='bbox 1898 4548 2128 4609; x_wconf 87' lang='lat' dir='ltr'>corpus</span> <span class='ocrx_word' id='word_1_589' title='bbox 2145 4524 2713 4608; x_wconf 88' lang='lat' dir='ltr'>passibile,etiamsi</span> <span class='ocrx_word' id='word_1_590' title='bbox 2732 4542 2859 4585; x_wconf 90' lang='lat' dir='ltr'>non</span> <span class='ocrx_word' id='word_1_591' title='bbox 2881 4528 3189 4603; x_wconf 83' lang='lat' dir='ltr'>negarent</span> <span class='ocrx_word' id='word_1_592' title='bbox 3206 4536 3306 4585; x_wconf 75' lang='lat' dir='ltr'>as·-</span> 
     </span>
     <span class='ocr_line' id='line_1_96' title="bbox 1751 4616 3309 4703; baseline -0.005 -16"><span class='ocrx_word' id='word_1_593' title='bbox 1751 4624 2091 4703; x_wconf 87' lang='lat' dir='ltr'>sumpsisse</span> <span class='ocrx_word' id='word_1_594' title='bbox 2117 4638 2339 4683; x_wconf 83' lang='lat' dir='ltr'>verum</span> <span class='ocrx_word' id='word_1_595' title='bbox 2386 4637 2613 4699; x_wconf 89' lang='lat' dir='ltr'>corpus</span> <span class='ocrx_word' id='word_1_596' title='bbox 2652 4619 3024 4679; x_wconf 88' lang='lat' dir='ltr'>humanum.</span> <span class='ocrx_word' id='word_1_597' title='bbox 3078 4616 3309 4679; x_wconf 81' lang='lat' dir='ltr'>Auctor</span> 
     </span>
     <span class='ocr_line' id='line_1_97' title="bbox 1749 4708 3308 4799; baseline -0.008 -18"><span class='ocrx_word' id='word_1_598' title='bbox 1749 4720 1940 4799; x_wconf 86' lang='lat' dir='ltr'>hujus</span> <span class='ocrx_word' id='word_1_599' title='bbox 1976 4717 2091 4778; x_wconf 80' lang='lat' dir='ltr'>fuit</span> <span class='ocrx_word' id='word_1_600' title='bbox 2126 4715 2417 4778; x_wconf 84' lang='lat' dir='ltr'>Julianus</span> <span class='ocrx_word' id='word_1_601' title='bbox 2444 4713 3003 4787; x_wconf 78' lang='lat' dir='ltr'>Halicarnassoeus,</span> <span class='ocrx_word' id='word_1_602' title='bbox 3036 4716 3101 4772; x_wconf 85' lang='lat' dir='ltr'>et</span> <span class='ocrx_word' id='word_1_603' title='bbox 3134 4708 3308 4770; x_wconf 89' lang='lat' dir='ltr'>Caia-</span> 
     </span>
     <span class='ocr_line' id='line_1_98' title="bbox 1750 4802 3312 4883; baseline -0.006 -8"><span class='ocrx_word' id='word_1_604' title='bbox 1750 4832 1896 4883; x_wconf 90' lang='lat' dir='ltr'>nus,</span> <span class='ocrx_word' id='word_1_605' title='bbox 1911 4818 1983 4873; x_wconf 87' lang='lat' dir='ltr'>ut</span> <span class='ocrx_word' id='word_1_606' title='bbox 2000 4810 2189 4872; x_wconf 75' lang='lat' dir='ltr'>refert</span> <span class='ocrx_word' id='word_1_607' title='bbox 2202 4810 2657 4882; x_wconf 73' lang='lat' dir='ltr'>DamascenuS,</span> <span class='ocrx_word' id='word_1_608' title='bbox 2676 4804 2905 4867; x_wconf 69' lang='lat' dir='ltr'>histes,</span> <span class='ocrx_word' id='word_1_609' title='bbox 2933 4807 3033 4877; x_wconf 70' lang='lat'>84;</span> <span class='ocrx_word' id='word_1_610' title='bbox 3054 4809 3119 4867; x_wconf 90' lang='lat' dir='ltr'>et</span> <span class='ocrx_word' id='word_1_611' title='bbox 3131 4802 3312 4865; x_wconf 76' lang='lat' dir='ltr'>Nice·</span> 
     </span>
     <span class='ocr_line' id='line_1_99' title="bbox 1751 4897 3311 4991; baseline -0.008 -22"><span class='ocrx_word' id='word_1_612' title='bbox 1751 4909 2014 4991; x_wconf 88' lang='lat' dir='ltr'>phorus,</span> <span class='ocrx_word' id='word_1_613' title='bbox 2046 4904 2153 4966; x_wconf 89' lang='lat' dir='ltr'>lib.</span> <span class='ocrx_word' id='word_1_614' title='bbox 2186 4907 2261 4965; x_wconf 80' lang='lat'>17</span> <span class='ocrx_word' id='word_1_615' title='bbox 2286 4902 2534 4976; x_wconf 88' lang='lat' dir='ltr'>Hist.,c.</span> <span class='ocrx_word' id='word_1_616' title='bbox 2563 4904 2665 4975; x_wconf 71' lang='lat'>29,</span> <span class='ocrx_word' id='word_1_617' title='bbox 2700 4900 2852 4961; x_wconf 90' lang='lat' dir='ltr'>etin</span> <span class='ocrx_word' id='word_1_618' title='bbox 2883 4897 3179 4960; x_wconf 90' lang='lat' dir='ltr'>eumdem</span> <span class='ocrx_word' id='word_1_619' title='bbox 3207 4913 3311 4956; x_wconf 90' lang='lat' dir='ltr'>er-</span> 
     </span>
     <span class='ocr_line' id='line_1_100' title="bbox 1754 4991 3311 5072; baseline -0.009 -7"><span class='ocrx_word' id='word_1_620' title='bbox 1754 5018 1964 5065; x_wconf 88' lang='lat' dir='ltr'>rorem</span> <span class='ocrx_word' id='word_1_621' title='bbox 1994 5000 2215 5061; x_wconf 85' lang='lat' dir='ltr'>dicitur</span> <span class='ocrx_word' id='word_1_622' title='bbox 2271 4996 2565 5059; x_wconf 87' lang='lat' dir='ltr'>incidisse</span> <span class='ocrx_word' id='word_1_623' title='bbox 2592 4994 2627 5057; x_wconf 85' lang='lat' dir='ltr'><strong>J</strong></span> <span class='ocrx_word' id='word_1_624' title='bbox 2634 4992 2985 5055; x_wconf 86' lang='lat' dir='ltr'>ustinianus</span> <span class='ocrx_word' id='word_1_625' title='bbox 3036 4991 3311 5072; x_wconf 89' lang='lat' dir='ltr'>impera-</span> 
     </span>
     <span class='ocr_line' id='line_1_101' title="bbox 1753 5086 3309 5175; baseline -0.007 -17"><span class='ocrx_word' id='word_1_626' title='bbox 1753 5102 1875 5171; x_wconf 86' lang='lat' dir='ltr'>tor,</span> <span class='ocrx_word' id='word_1_627' title='bbox 1902 5100 1976 5156; x_wconf 88' lang='lat' dir='ltr'>ut</span> <span class='ocrx_word' id='word_1_628' title='bbox 2004 5100 2101 5155; x_wconf 91' lang='lat' dir='ltr'>est</span> <span class='ocrx_word' id='word_1_629' title='bbox 2130 5089 2300 5175; x_wconf 87' lang='lat' dir='ltr'>apud</span> <span class='ocrx_word' id='word_1_630' title='bbox 2325 5088 2689 5169; x_wconf 78' lang='lat' dir='ltr'>Evagrium,</span> <span class='ocrx_word' id='word_1_631' title='bbox 2710 5087 2821 5148; x_wconf 89' lang='lat' dir='ltr'>lib.</span> <span class='ocrx_word' id='word_1_632' title='bbox 2854 5088 2895 5148; x_wconf 71' lang='lat'>4</span> <span class='ocrx_word' id='word_1_633' title='bbox 2920 5087 3104 5160; x_wconf 64' lang='lat' dir='ltr'>nist„</span> <span class='ocrx_word' id='word_1_634' title='bbox 3132 5104 3187 5147; x_wconf 87' lang='lat' dir='ltr'>c.</span> <span class='ocrx_word' id='word_1_635' title='bbox 3208 5086 3309 5159; x_wconf 76' lang='lat'>19,</span> 
     </span>
     <span class='ocr_line' id='line_1_102' title="bbox 1758 5181 3314 5269; baseline -0.011 -16"><span class='ocrx_word' id='word_1_636' title='bbox 1758 5196 1824 5253; x_wconf 82' lang='lat' dir='ltr'>et</span> <span class='ocrx_word' id='word_1_637' title='bbox 1847 5188 2265 5269; x_wconf 83' lang='lat' dir='ltr'>Nicephorum</span> <span class='ocrx_word' id='word_1_638' title='bbox 2298 5202 2511 5264; x_wconf 87' lang='lat' dir='ltr'>supra,</span> <span class='ocrx_word' id='word_1_639' title='bbox 2528 5200 2586 5245; x_wconf 87' lang='lat' dir='ltr'>c.</span> <span class='ocrx_word' id='word_1_640' title='bbox 2620 5183 2723 5258; x_wconf 82' lang='lat'>31,</span> <span class='ocrx_word' id='word_1_641' title='bbox 2750 5181 2859 5261; x_wconf 89' lang='lat' dir='ltr'>qui</span> <span class='ocrx_word' id='word_1_642' title='bbox 2878 5186 3091 5241; x_wconf 86' lang='lat' dir='ltr'>tamen</span> <span class='ocrx_word' id='word_1_643' title='bbox 3118 5192 3314 5239; x_wconf 83' lang='lat' dir='ltr'>excu-</span> 
     </span>
     <span class='ocr_line' id='line_1_103' title="bbox 1760 5269 3317 5364; baseline -0.013 -16"><span class='ocrx_word' id='word_1_644' title='bbox 1760 5292 1860 5348; x_wconf 87' lang='lat' dir='ltr'>sat</span> <span class='ocrx_word' id='word_1_645' title='bbox 1891 5286 2359 5364; x_wconf 88' lang='lat' dir='ltr'>imperatorem,</span> <span class='ocrx_word' id='word_1_646' title='bbox 2396 5296 2472 5341; x_wconf 91' lang='lat' dir='ltr'>eo</span> <span class='ocrx_word' id='word_1_647' title='bbox 2522 5276 2693 5357; x_wconf 88' lang='lat' dir='ltr'>quod</span> <span class='ocrx_word' id='word_1_648' title='bbox 2734 5292 2849 5355; x_wconf 89' lang='lat' dir='ltr'>per</span> <span class='ocrx_word' id='word_1_649' title='bbox 2892 5269 3317 5354; x_wconf 81' lang='lat' dir='ltr'>ignorantiam</span> 
     </span>
     <span class='ocr_line' id='line_1_104' title="bbox 1759 5362 3316 5460; baseline -0.012 -20"><span class='ocrx_word' id='word_1_650' title='bbox 1759 5382 1974 5460; x_wconf 88' lang='lat' dir='ltr'>lapsus</span> <span class='ocrx_word' id='word_1_651' title='bbox 2004 5374 2213 5451; x_wconf 88' lang='lat' dir='ltr'>fuerit,</span> <span class='ocrx_word' id='word_1_652' title='bbox 2244 5379 2317 5435; x_wconf 91' lang='lat' dir='ltr'>ut</span> <span class='ocrx_word' id='word_1_653' title='bbox 2365 5390 2495 5434; x_wconf 87' lang='lat' dir='ltr'>non</span> <span class='ocrx_word' id='word_1_654' title='bbox 2538 5374 2869 5450; x_wconf 87' lang='lat' dir='ltr'>propterea</span> <span class='ocrx_word' id='word_1_655' title='bbox 2896 5366 2975 5427; x_wconf 86' lang='lat' dir='ltr'>sit</span> <span class='ocrx_word' id='word_1_656' title='bbox 3002 5366 3163 5426; x_wconf 82' lang='lat' dir='ltr'>inter</span> <span class='ocrx_word' id='word_1_657' title='bbox 3190 5362 3316 5422; x_wconf 82' lang='lat' dir='ltr'>hae-</span> 
     </span>
     <span class='ocr_line' id='line_1_105' title="bbox 1760 5454 3317 5551; baseline -0.015 -13"><span class='ocrx_word' id='word_1_658' title='bbox 1760 5475 1989 5538; x_wconf 89' lang='lat' dir='ltr'>reticos</span> <span class='ocrx_word' id='word_1_659' title='bbox 2014 5468 2425 5551; x_wconf 88' lang='lat' dir='ltr'>reputandus,</span> <span class='ocrx_word' id='word_1_660' title='bbox 2450 5463 2800 5546; x_wconf 67' lang='lat' dir='ltr'>praesertim</span> <span class='ocrx_word' id='word_1_661' title='bbox 2826 5460 2974 5541; x_wconf 85' lang='lat' dir='ltr'>quia</span> <span class='ocrx_word' id='word_1_662' title='bbox 2998 5458 3067 5519; x_wconf 90' lang='lat' dir='ltr'>in</span> <span class='ocrx_word' id='word_1_663' title='bbox 3098 5456 3178 5517; x_wconf 78' lang='lat' dir='ltr'>VI</span> <span class='ocrx_word' id='word_1_664' title='bbox 3200 5454 3317 5533; x_wconf 83' lang='lat' dir='ltr'>Sy-</span> 
     </span>
     <span class='ocr_line' id='line_1_106' title="bbox 1761 5546 3318 5644; baseline -0.017 -13"><span class='ocrx_word' id='word_1_665' title='bbox 1761 5568 1955 5643; x_wconf 86' lang='lat' dir='ltr'>nod0,</span> <span class='ocrx_word' id='word_1_666' title='bbox 1984 5567 2050 5626; x_wconf 91' lang='lat' dir='ltr'>in</span> <span class='ocrx_word' id='word_1_667' title='bbox 2078 5561 2439 5644; x_wconf 64' lang='lat' dir='ltr'>praefatione</span> <span class='ocrx_word' id='word_1_668' title='bbox 2465 5560 2622 5637; x_wconf 79' lang='lat' dir='ltr'>ejus,</span> <span class='ocrx_word' id='word_1_669' title='bbox 2650 5562 2715 5617; x_wconf 90' lang='lat' dir='ltr'>et</span> <span class='ocrx_word' id='word_1_670' title='bbox 2743 5554 2880 5613; x_wconf 86' lang='lat' dir='ltr'>aliis</span> <span class='ocrx_word' id='word_1_671' title='bbox 2908 5552 3064 5613; x_wconf 89' lang='lat' dir='ltr'>locis</span> <span class='ocrx_word' id='word_1_672' title='bbox 3090 5548 3158 5609; x_wconf 88' lang='lat' dir='ltr'>in</span> <span class='ocrx_word' id='word_1_673' title='bbox 3180 5546 3318 5626; x_wconf 88' lang='lat' dir='ltr'>qui-</span> 
     </span>
    </p>
   </div>
  </div>
 </body>
</html>
