3892 6167
1471 379 1707 442 QUAEST.
1740 377 1843 431 XV.
1878 379 2084 434 An'rlc.
2119 378 2181 432 Χ.

207 495 345 560 yar.
383 477 541 543 dicit
560 526 577 553 ,
612 481 651 541 ὃ
674 477 909 542 Moral.
950 479 1006 553 ¹,
1034 479 1135 544 ira
1164 477 1494 560 dupliciter
1518 497 1580 542 se
1609 480 1783 542 babet

202 575 279 634 in
298 574 559 637 bomine.
588 573 957 654 Quandoque
980 575 1135 635 enim
1144 575 1445 654 pra-venit
1460 574 1779 648 rationem,

210 671 269 728 et
317 667 525 728 trabit
565 685 695 729 eam
733 685 935 730 secum
972 667 1059 730 ad
1096 670 1494 748 operandum,
1540 672 1597 728 et
1642 672 1787 729 tunc

200 762 467 842 proprie
492 761 595 823 ira
624 761 855 832 dicitur
889 762 1131 842 operari
1149 812 1164 837 ,
1206 779 1350 824 nam
1377 762 1645 842 operatio
1682 763 1787 822 at-

207 855 517 917 tribuitur
549 855 902 936 principali
930 855 1160 939 ayenti.
1193 855 1287 918 B't
1326 858 1645 920 secundum
1683 857 1789 917 boc

107 977 111 1036 ξ
205 949 599 1032 intelliyitur
642 953 804 1029 quod
842 951 943 1014 ira
987 952 1110 1014 viri
1146 951 1469 1029 justitiam
1512 950 1633 1013 Dei
1670 967 1787 1013 non

107 1037 109 1042 ’
208 1049 529 1124 operatur.
574 1043 946 1125 Quandoque
977 1063 1112 1108 vero
1151 1046 1253 1108 ira
1283 1045 1559 1124 sequitur
1588 1045 1791 1124 ipsam

103 1143 107 1226 j
202 1137 535 1214 rationem,
570 1143 630 1200 et
658 1143 747 1202 est
774 1140 952 1220 quasi
977 1139 1447 1202 instrumentum
1474 1138 1691 1218 ipsius,
1726 1143 1784 1200 et

103 1227 105 1272 ἕ
206 1234 351 1294 tunc
376 1231 670 1310 operatio,
703 1249 837 1310 quoe
860 1237 947 1294 est
956 1230 1249 1311 justitiae,
1270 1250 1391 1293 non
1416 1231 1784 1294 attribuitur

101 1331 104 1384 ζ
204 1322 343 1396 iroe,
378 1325 488 1388 sed
512 1325 769 1390 rationi.

286 1417 403 1480 Ad
450 1421 777 1482 secundum
824 1421 1140 1484 dicendum
1164 1470 1178 1496 ‚
1240 1420 1399 1500 quod
1444 1419 1545 1482 ira
1569 1467 1587 1492 ,
1648 1437 1783 1498 quoe

204 1513 675 1594 trans-creditur
744 1515 1017 1576 ordinem
1090 1514 1355 1576 rationis
1386 1561 1403 1586 ‚
1458 1514 1783 1594 opponitur

204 1607 671 1670 mansuetudini
699 1661 712 1684 ,
752 1628 873 1671 non
900 1613 1101 1674 autem
1142 1609 1244 1674 ira
1286 1627 1421 1688 quoe
1458 1615 1543 1672 est
1576 1611 1783 1672 mode-

198 1707 377 1779 rata,
428 1708 489 1766 et
536 1707 623 1766 ad
662 1705 929 1768 medium
969 1705 1221 1770 reducta
1260 1723 1381 1786 per
1428 1705 1723 1766 rationem
1757 1729 1779 1773 ,-

204 1813 355 1856 uam
380 1801 779 1862 mansitetudo
807 1799 1068 1862 medium
1097 1802 1253 1862 tenet
1278 1798 1494 1861 inira.

286 1890 401 1951 Ad
424 1892 679 1956 tertium
708 1893 1025 1956 dicendum
1048 1894 1207 1974 quod
1236 1892 1305 1954 in
1331 1893 1529 1968 nobis,
1567 1909 1780 1958 secun-

208 1985 354 2046 dum
372 1985 1029 2061 naturalemordinem,
1036 1986 1327 2069 potentia»
1338 1985 1563 2050 anima·
1574 1991 1778 2048 mutuo

206 2098 267 2142 se
290 2079 663 2160 impediunt,
684 2081 802 2155 ita,
828 2081 1084 2157 scilicet,
1106 2081 1289 2160 quod,
1313 2098 1446 2142 cum
1464 2079 1645 2144 unius
1658 2098 1779 2160 po·-

202 2175 413 2238 tentioe
430 2175 703 2254 operatio
722 2176 915 2253 suerit
931 2174 1171 2238 intensa
1186 2221 1201 2248 ‚
1232 2173 1493 2237 alterius
1509 2175 1779 2254 operatio

202 2268 577 2332 debilitetur.
602 2268 698 2331 Et
712 2287 785 2332 ea·
802 2269 909 2334 ltoc
912 2268 1212 2349 procedit,
1240 2269 1401 2346 quod
1428 2271 1623 2330 motus
1640 2267 1773 2340 irae,

206 2364 451 2426 etiamsi
470 2365 557 2426 sit
582 2365 905 2428 secundum
930 2364 1227 2426 rationem
1258 2363 1605 2424 moderatus
1622 2408 1639 2434 ,
1672 2367 1776 2424 ut·

210 2477 457 2536 cumque
484 2457 743 2538 impedit
771 2457 1005 2520 oculum
1034 2457 1255 2520 anima’
1286 2454 1769 2534 contemplantis.

208 2551 343 2614 Sed
378 2553 449 2613 in
490 2550 738 2617 Christo
756 2569 877 2631 per
900 2550 1367 2612 moderationem
1396 2549 1618 2611 divinoe
1643 2551 1777 2611 vir-

210 2648 385 2718 tutis,
419 2647 749 2726 unicuique
776 2647 1069 2728 potentia·
1100 2645 1573 2726 permittebatur
1598 2663 1776 2726 aqere

210 2742 371 2818 quod
396 2743 533 2802 erat
562 2739 617 2802 ei
636 2738 961 2820 proprium
990 2785 1005 2810 ‚
1045 2739 1141 2800 ita
1168 2739 1327 2816 quod
1352 2755 1475 2800 una
1494 2737 1774 2818 potentia

212 2853 281 2898 ee:
308 2834 443 2898 ala
472 2853 595 2896 non
613 2832 1072 2914 impediebatur.
1100 2832 1196 2894 Et
1220 2833 1377 2902 ideo,
1406 2833 1562 2894 sicut
1588 2831 1775 2896 delec-

214 2929 363 2990 tatio
388 2929 615 2990 mentis
640 2925 1105 3008 contemplantis
1130 2944 1249 2988 non
1273 2926 1635 3006 impediebat
1660 2925 1776 2988 tri—

212 3022 449 3088 stitiam
472 3021 571 3086 vel
595 3021 859 3086 dolorem
882 3022 1199 3099 inferioris
1212 3021 1443 3104 partis,
1474 3022 1567 3082 ita
1590 3018 1775 3083 etia-m

215 3137 243 3178 e
276 3135 557 3182 converso
580 3117 897 3198 passiones
932 3117 1249 3196 inferioris
1270 3115 1483 3198 partis
1508 3114 1576 3178 in
1602 3113 1774 3177 nullo

210 3211 619 3291 impediebant
642 3214 845 3278 actum
870 3210 1147 3274 rationis.

694 3410 1113 3474 COMMENTA
1121 3411 1319 3474 RIUS.

290 3587 359 3648 In
388 3586 515 3652 hoc
542 3584 805 3648 articulo
836 3584 1005 3646 nulla
1036 3591 1130 3646 est
1158 3583 1513 3658 difficultas;
1540 3585 1779 3646 certum

216 3685 305 3740 est
338 3679 549 3755 enim,
576 3679 746 3760 quod
780 3679 847 3740 D.
883 3680 1155 3740 Thomas
1184 3678 1472 3756 affirmat,
1504 3677 1778 3758 potuisse

224 3774 281 3832 in
314 3772 564 3836 Christo
594 3791 734 3837 esse
752 3773 994 3852 justum
1018 3773 1127 3834 iroe
1154 3771 1471 3844 affectum,
1502 3789 1655 3832 nam
1677 3771 1779 3832 hic

222 3873 391 3930 actus
420 3867 731 3930 honestus
760 3883 897 3926 esse
926 3873 1157 3946 potest,
1186 3867 1235 3928 si
1264 3866 1362 3940 sit,
1390 3871 1637 3928 servato
1681 3883 1779 3926 or-

216 3960 361 4022 dine
386 3961 647 4039 justitiae
684 3965 748 4020 et
773 3957 1113 4032 charitatis,
1147 3966 1208 4022 et
1235 3977 1362 4020 non
1405 3957 1649 4020 excedit
1687 3957 1779 4020 vi-

215 4071 315 4116 res
344 4054 665 4134 appetitus
690 4051 969 4114 sensitivi
983 4068 1003 4130 3
1031 4070 1236 4132 neque
1267 4053 1542 4114 Christus
1568 4051 1779 4130 aliqua

216 4147 339 4206 alia
368 4147 621 4208 ratione
666 4143 783 4206 fuit
827 4145 1089 4226 incapax
1134 4146 1271 4225 ejus
1286 4161 1308 4224 3
1340 4145 1464 4206 imo
1494 4150 1565 4206 ut
1610 4151 1778 4206 recte

212 4241 281 4300 D.
308 4241 587 4300 Thomas
610 4239 717 4312 ait,
740 4237 791 4300 si
822 4237 1098 4301 Christus
1124 4237 1240 4300 fuit
1268 4257 1465 4318 capax
1494 4237 1775 4310 tristitiae,

212 4335 334 4394 fuit
364 4335 555 4396 etiam
580 4333 713 4408 irae,
736 4350 874 4414 quae
901 4339 997 4394 est
1020 4333 1277 4394 effectus
1304 4332 1584 4393 tristitiae.
1613 4333 1688 4392 Et
1712 4331 1779 4390 in

212 4428 341 4488 hac
368 4426 654 4488 doctrina
682 4426 1083 4488 consentiunt
1112 4426 1335 4505 reliqui
1362 4425 1683 4504 Theologi‚
1714 4423 1779 4486 in

216 4525 277 4594 3,
310 4521 461 4584 dist.
495 4523 603 4594 153
636 4521 1005 4594 Bonavent.‚
1032 4529 1151 4582 art.
1178 4525 1239 4594 2,
1269 4539 1330 4602 q.
1359 4522 1426 4593 3;
1458 4517 1777 4596 Richard.,

216 4621 339 4676 art.
372 4615 434 4692 3,
467 4631 528 4693 q.
563 4617 631 4688 43
662 4613 966 4688 Dat-and..
1000 4633 1061 4698 q.
1089 4617 1159 4688 2,
1190 4619 1254 4677 et
1276 4614 1412 4687 alii;
1443 4621 1505 4675 et
1531 4619 1627 4673 est
1654 4630 1782 4674 om·

220 4709 379 4770 nino
422 4711 595 4770 carta
614 4753 636 4784 ‚
676 4725 865 4790 quam
896 4709 1089 4770 etiam
1133 4709 1347 4770 Sancti
1375 4708 1675 4786 colligunt
1708 4723 1786 4766 ex

220 4804 255 4864 J
260 4821 406 4864 oan.
431 4805 495 4876 2,
516 4801 626 4861 ubi
648 4799 883 4862 Christo
911 4802 1420 4864 accommodatur
1444 4801 1596 4862 illud
1622 4800 1786 4860 Psal-

222 4897 309 4958 mi
342 4899 421 4959 63
456 4911 473 4956 :
512 4897 707 4963 Zetus
750 4897 958 4963 domus
992 4903 1112 4960 tuoe
1154 4899 1405 4962 comedit
1450 4914 1563 4958 me.
1601 4895 1789 4957 Zetus

224 4992 393 5054 enim
428 4990 678 5072 proprie
727 4991 1067 5068 quamdam
1096 4991 1365 5072 speciem
1398 4990 1505 5050 irae
1552 4986 1791 5068 signifi-

228 5091 347 5146 cat.
382 5083 563 5148 Unde
592 5081 1075 5162 chrysostomus
1091 5129 1112 5161 ,
1156 5085 1326 5146 hom.
1362 5087 1437 5146 22
1484 5083 1547 5142 in
1576 5082 1785 5152 Joan.‚

229 5177 375 5242 dicit
400 5177 711 5240 Christum
739 5177 932 5238 fuisse
956 5176 1373 5258 indignatum.
1400 5176 1583 5256 Cyril.
1614 5193 1784 5246 vern,

228 5271 335 5330 lib.
371 5273 411 5332 2
435 5319 449 5340 ,
483 5287 540 5330 c.
573 5271 689 5344 28,
720 5270 866 5330 dicit
894 5269 1087 5331 fuisse
1117 5273 1536 5342 commotum,
1573 5274 1631 5330 ct
1662 5283 1790 5328 non

230 5369 473 5424 tantum
504 5362 737 5440 verbis,
766 5362 880 5424 sed
908 5363 1094 5426 etiam
1125 5362 1317 5444 signis
1346 5361 1693 5424 ostendisse
1724 5377 1791 5422 se

318 5549 331 5588 ¹
372 5517 658 5627 Capstlss.

3309 371 3428 435 215

1864 479 2124 561 indigue
2167 480 2356 544 ferre.
2397 479 2786 562 Augustinus
2827 477 3053 554 etiam,
3085 483 3360 540 enarrat.
3392 479 3431 542 2

1866 574 1930 634 in
1954 574 2180 638 Psalm.
2208 576 2310 648 68,
2329 575 2410 638 ita
2437 575 2728 655 exponit:
2758 573 2844 636 Id
2857 579 2970 648 est,
2996 591 3115 636 non
3128 575 3434 656 patienter

1866 671 1989 734 tuli
2029 686 2176 750 quos
2212 670 2307 733 sic
2345 669 2636 752 corripui.
2667 669 2902 728 Verum
2935 671 3028 728 est
3055 667 3190 728 haec
3220 664 3430 728 omnia

1868 764 2078 848 potius
2105 764 2365 843 intelligi
2394 764 2472 826 de
2501 764 2622 826 hoc
2651 763 2876 824 affectu
2893 807 2914 842 ,
2943 767 3128 842 prout
3155 778 3292 822 esse
3320 779 3433 842 po·

1868 865 1994 920 test
2021 858 2086 920 in
2123 859 2476 934 voluntate3
2520 857 3016 920 concomitanter
3051 873 3199 917 vero
3239 855 3431 916 etiam

1870 951 1950 1014 de
1981 952 2268 1033 passione
2301 952 2612 1034 appetitus
2657 949 2916 1029 intelligi
2945 954 3249 1030 possunt,
3282 965 3431 1009 nam

1872 1045 2153 1107 Christus
2179 1045 2554 1126 operabatur
2579 1044 2768 1106 modo
2794 1043 3071 1104 humano
3102 1043 3164 1103 in
3195 1043 3265 1103 iis
3289 1059 3428 1122 quoe

1862 1159 1984 1204 nec
2005 1140 2452 1216 indecentiam,
2481 1159 2688 1221 neque
2721 1145 3048 1220 peccatum
3076 1135 3428 1212 includunt,

1862 1234 2239 1314 cujusmodi,
2274 1241 2343 1296 ut
2388 1234 2554 1308 dixi,
2589 1239 2684 1296 est
2725 1233 2828 1294 hic
2869 1231 3130 1292 affectus
3176 1231 3305 1292 iroe.
3339 1231 3429 1292 De

1864 1346 1989 1408 quo
2039 1329 2268 1390 Psalm.
2307 1331 2350 1390 4
2394 1329 2618 1392 dicitur
2660 1345 2678 1390 t
2725 1321 3106 1402 Irascimini,
3148 1327 3206 1387 et
3247 1323 3432 1388 nolite

1860 1441 2124 1501 peccare,
2156 1423 2262 1484 ubi
2293 1423 2554 1486 Basilius
2597 1421 2798 1502 inquit
2825 1420 2984 1481 iram
3034 1437 3172 1480 esse
3211 1417 3430 1480 utilem

1862 1521 2083 1579 contra
2125 1535 2236 1580 eos
2263 1517 2370 1598 qui
2411 1517 2639 1596 injuste
2685 1519 2901 1596 agunt.
2931 1513 3148 1592 Neque
3177 1511 3278 1574 hic
3325 1529 3428 1576 oc·

1864 1611 2058 1674 currit
2087 1611 2210 1674 alia
2237 1611 2591 1676 difficultas„

2372 1844 2794 1909 ARTICULUS
2833 1846 2908 1908 X.

1876 2041 2107 2107 Utrum
2147 2039 2432 2106 Christus
2471 2039 2658 2104 simul
2699 2037 2892 2116 suerit
2933 2037 3136 2102 viator
3175 2041 3235 2102 et
3264 2053 3426 2102 cont-

2432 2137 2765 2216 preliensor
2789 2137 2831 2196 ¹.

1943 2361 1998 2422 1.
2045 2355 2152 2420 Ad
2211 2355 2505 2420 decimum
2572 2355 2662 2420 sie
2713 2353 3090 2438 proceditur.
3165 2355 3424 2422 Videtur

1856 2454 2020 2534 quod
2050 2451 2333 2514 Chri-stus
2363 2467 2482 2512 non
2515 2451 2708 2528 suerit
2734 2449 2922 2513 simu-l
2945 2451 3149 2512 viator
3177 2455 3232 2512 et
3260 2467 3421 2514 com-

1845 2548 2200 2628 prehensor.
2265 2543 2510 2611 Viatori
2555 2543 2714 2606 enim
2763 2543 3044 2614 competit
3081 2541 3304 2605 moveri
3336 2543 3423 2606 ad

1854 2641 2040 2718 finem
2065 2637 2458 2702 beatitudinis
2481 2683 2499 2710 ,
2533 2635 3006 2718 comprehensori
3032 2641 3233 2698 autem
3261 2655 3421 2699 com-

1844 2735 2008 2816 petit
2035 2735 2104 2796 in
2129 2733 2252 2812 fine
2273 2733 2586 2812 quiescere.
2627 2729 2758 2793 Sed
2776 2748 2895 2792 non
2908 2734 3108 2812 potest
3130 2731 3317 2794 eidem
3339 2731 3424 2793 si-

1854 2827 1986 2888 mul
2013 2827 2320 2892 convenire
2345 2825 2503 2904 quod
2520 2829 2828 2887 moveatur
2849 2825 2934 2886 ad
2951 2825 3158 2901 finem,
3189 2828 3247 2886 et
3263 2825 3422 2904 quod

1854 2923 2121 3004 quiescat
2166 2921 2234 2983 in
2277 2920 2420 2998 fine.
2468 2919 2645 3000 Eryo
2686 2935 2806 2980 non
2831 2917 3037 2998 potuit
3077 2917 3262 2980 simul
3301 2936 3421 2982 esse

1854 3017 2014 3096 quod
2045 3013 2330 3080 Christus
2357 3017 2502 3078 esset
2527 3013 2729 3076 viator
2761 3015 2818 3076 et
2850 3011 3315 3092 comprehensor.

1936 3115 1994 3174 2.
2046 3110 2382 3182 Praeterea,
2429 3107 2654 3170 moveri
2689 3107 2774 3168 ad
2809 3105 3260 3180 beatitudinem,
3307 3106 3417 3168 aut

1857 3222 1990 3266 eam
2023 3203 2315 3278 obtinere,
2359 3219 2479 3262 non
2515 3200 2793 3280 competit
2835 3199 3065 3261 bomini
3094 3201 3418 3261 secundum

1859 3317 2094 3380 corpus,
2125 3298 2229 3360 sed
2250 3297 2572 3358 seeundum
2599 3293 2908 3364 animam;
2935 3293 3091 3354 unde
3113 3292 3420 3374 Auqusti-

1860 3409 1975 3454 nus
2021 3391 2195 3464 dicit,
2240 3391 2309 3454 in
2343 3389 2524 3473 epist.
2559 3389 2644 3450 ad
2668 3387 3024 3450 Dioscorum
3047 3387 3105 3459 2,
3152 3385 3312 3466 quod
3337 3388 3421 3448 ad

1860 3485 2212 3564 inferiorem
2237 3486 2548 3556 naturam,
2581 3497 2714 3559 quoe
2738 3483 2823 3542 est
2847 3495 3082 3560 corpus,
3111 3479 3420 3542 redundat

1860 3581 1934 3642 ab
1975 3579 2183 3642 anima
2213 3627 2226 3652 ,
2281 3593 2400 3638 non
2445 3573 2748 3637 beatitudo
2769 3619 2791 3650 ,
2840 3589 2974 3652 quoe
3023 3573 3283 3652 propria
3332 3577 3419 3635 est

1856 3672 2146 3750 fruentis,
2177 3675 2233 3732 et
2259 3665 2684 3750 intelligentis,
2716 3667 2822 3729 sed
2833 3665 3159 3748 plenitudo
3183 3666 3421 3728 sanita·

1861 3767 1966 3838 tis,
1996 3767 2065 3828 id
2083 3769 2191 3840 est,
2223 3761 2698 3842 incorruptionis
2725 3759 2918 3840 viqor.
2953 3755 3084 3820 Sed
3112 3755 3416 3832 Christus,

1862 3859 2004 3922 licet
2025 3860 2270 3922 liaberet
2297 3873 2510 3936 corpus
2527 3853 2846 3936 passibile,
2879 3857 3081 3916 tamen
3102 3853 3422 3915 secundum

1858 3957 2113 4016 mentem
2128 3949 2308 4032 plene
2333 3950 2460 4012 Deo
2486 3949 2827 4026 fruebatur.
2858 3945 3007 4010 Non
3025 3946 3222 4028 iqitur
3243 3941 3425 4008 Chri-

1858 4051 1988 4110 stus
2012 4047 2139 4127 fuit
2167 4047 2388 4116 viator,
2419 4043 2524 4108 sed
2545 4059 2744 4123 purus
2769 4041 3237 4124 comprehensor.

1939 4143 1997 4204 3.
2045 4139 2359 4200 Proeterea
2387 4134 2634 4210 Sancti,
2659 4151 2912 4216 quorum
2939 4132 3160 4195 animoe
3187 4133 3328 4193 sunt
3354 4131 3424 4192 in

1859 4235 2004 4298 coelo
2024 4281 2040 4308 ,
2083 4239 2140 4296 et
2186 4249 2438 4314 corpora
2479 4231 2548 4291 in
2579 4227 2907 4310 sepulcris,
2954 4229 3254 4306 fruuntur
3281 4225 3426 4304 qui-

1862 4331 1995 4392 dem
2036 4324 2407 4390 beatitudine
2445 4323 2767 4388 secundum
2814 4321 3107 4394 animam,
3151 4319 3427 4400 quamvis

1862 4440 2063 4484 eorum
2114 4437 2364 4504 corpora
2411 4419 2596 4483 morti
2637 4416 2987 4496 subjaceant
3008 4437 3035 4485 ,·
3074 4418 3277 4476 tamen
3309 4429 3428 4498 non

1864 4515 2150 4578 dicuntur
2188 4516 2471 4584 viatores,
2512 4511 2618 4574 sed
2655 4509 2850 4573 solum
2889 4507 3420 4588 comprehensores.

1862 4607 2062 4690 Erpa,
2087 4609 2238 4690 pari
2260 4607 2516 4679 ratione,
2551 4603 2691 4668 licet
2720 4621 2934 4686 corpus
2965 4599 3204 4664 Christi
3230 4599 3427 4678 suerit

1864 4701 2146 4773 mortale,
2178 4700 2323 4778 quia
2351 4704 2553 4761 tamen
2579 4715 2745 4760 mens
2775 4696 2904 4776 ejus
2929 4695 3054 4756 Deo
3081 4693 3425 4772 fruebatur,

1864 4796 2105 4858 ‘tutetur
2143 4795 2302 4872 quod
2351 4793 2545 4871 fuerit
2587 4809 2788 4872 purus
2831 4789 3282 4870 comprehensor
3309 4833 3326 4858 ,
3372 4789 3429 4848 et

1868 4888 2038 4950 nullo
2067 4888 2240 4950 modo
2271 4887 2494 4950 viator.

1955 4981 2086 5044 Sed
2129 4984 2339 5044 contra
2392 4982 2499 5047 est,
2549 4979 2708 5058 quod
2755 4977 2984 5042 dicitur
3008 4975 3244 5038 'Jerem.
3305 4975 3378 5036 ⁴4
3411 4989 3430 5034 ε

1957 5175 1971 5209 ¹
2019 5174 2080 5245 3,
2107 5169 2248 5230 dist.
2277 5167 2374 5243 14,
2407 5172 2521 5230 art.
2547 5171 2610 5242 2,
2643 5173 2706 5229 et
2726 5167 2789 5227 d.
2824 5167 2922 5240 18,
2949 5185 3037 5225 ar.
3065 5167 3125 5226 2.
3157 5163 3232 5224 Et
3255 5163 3430 5238 Ver.,

1874 5285 1937 5346 q.
1965 5267 2068 5340 26,
2098 5283 2189 5325 ar.
2227 5264 2325 5336 10,
2356 5266 2416 5324 et
2435 5279 2496 5340 q.
2529 5263 2632 5332 29,
2666 5263 2779 5322 art.
2807 5261 2867 5320 6.
2897 5259 2972 5322 Et
3005 5255 3292 5333 Quodlib.
3329 5258 3431 5329 11,

1876 5379 1937 5438 q.
1972 5364 2032 5431 2,
2078 5376 2134 5419 a.
2174 5360 2232 5417 l.
2278 5355 2350 5418 Et
2387 5371 2604 5434 opusc.
2637 5357 2699 5430 2,
2742 5373 2800 5414 c.
2843 5351 2985 5428 238,
3028 5355 3090 5413 et
3117 5349 3433 5430 opust&

1874 5471 1929 5514 c·
1957 5455 2214 5623 ²4·Epist.
2244 5542 2348 5620 56,
2376 5547 2520 5604 ante
2549 5537 2714 5604 med.
2724 5583 2745 5615 ,
2773 5541 2924 5602 tom.
2956 5539 3018 5598 2.
