3892 6167
500 353 621 416 362

500 463 822 520 ostensum
851 458 950 520 est
975 455 1286 522 meruisse
1313 456 1630 522 Christum
1653 459 2065 540 praedestina·

500 551 578 616 tis
605 551 924 615 efficacem
973 551 1460 632 applicationem
1507 571 1770 615 suorum
1807 555 2065 616 merito-

501 665 644 710 rum
689 647 772 710 nd
799 647 1083 728 'primam
1130 648 1474 728 justitium,
1523 653 1588 710 et
1623 649 2063 711 remissionem

1727 357 1965 422 Olim.
1998 359 2129 414 xm.
2164 359 2365 414 nnuc.
2402 360 2489 415 Π.

2145 464 2247 524 cat
2270 461 2461 524 etiam
2486 459 2834 526 Concilium
2864 462 3319 528 Aramicanum
3334 464 3417 540 11,
3436 481 3575 545 esp.
3602 469 3691 540 24,

2146 555 2467 634 explicans
2496 555 2793 618 eumdem
2818 555 3027 619 locum
3052 557 3339 622 loannis.
3384 559 3465 622 Et
3486 559 3697 622 confir-

2142 649 2300 712 mari
2322 655 2533 728 potest
2564 665 2642 712 ex
2673 649 2877 722 Paul„
2896 650 3152 738 sdEph.
3180 653 3245 724 2,
3266 651 3561 717 dicente:
3590 653 3701 716 Sv-

501 741 743 823 peecati
785 741 1320 820 consequendam,
1361 743 1510 820 quia
1539 741 1766 803 obtulit
1785 761 1904 804 sun
1929 760 2061 804 me·
2138 743 2543 823 pera-difies&
2570 759 2753 824 super
2786 743 3242 820 fundamentum
3282 744 3701 824 Apostolorum

501 836 622 898 rita
655 842 725 897 ut
753 833 894 896 talis
923 834 1258 914 applicatio
1287 834 1694 898 infallibiliter
1713 835 1932 909 fieret;
1966 855 2063 898 er-

504 947 585 1008 go
622 928 842 990 eodem
884 927 1076 989 modo
1123 926 1354 992 meruit
1381 929 1836 1008 praedestinatis
1859 930 2057 992 effica-

501 1037 635 1082 cem
665 1020 1144 1100 applicationem
1187 1037 1448 1082 snorum
1497 1023 1891 1100 meritorum,
1933 1041 2061 1103 qua

500 1113 910 1175 infallibiliter
926 1121 1466 1192 consequerentur
1493 1115 1686 1176 vitam
1707 1121 2008 1178 aeternam
2040 1137 2057 1189 ;

501 1209 648 1288 quia
687 1227 801 1288 pro
845 1207 966 1270 illis
1007 1209 1128 1270 hoc
1157 1208 1344 1269 modo
1385 1208 1612 1270 obtulit
1653 1229 1770 1272 sua
1809 1212 2059 1286 merita,

2141 841 2201 898 ot
2224 835 2673 916 Prophslmm
2695 881 2711 908 ‚
2756 837 2887 918 ipso
2920 853 3149 902 ummo
3178 839 3483 919 aepulari.
3515 837 3703 917 lapide

2145 927 2385 994 Christo
2402 931 2455 993 J
2453 947 2580 1002 em,
2596 929 2667 994 in
2688 946 2801 1010 quo
2816 932 3016 994 omnis
3030 931 3353 1010 edificatio
3364 937 3705 998 comma

2142 1025 2361 1088 crescit
2386 1024 2451 1087 in
2478 1023 2765 1104 tenplum
2792 1029 3071 1090 mucium
3090 1025 3164 1088 in.
3178 1025 3467 1091 mnam.
3490 1025 3577 1086 Et
3593 1025 3707 1088 cla-

2143 1117 2279 1178 rius
2304 1134 2447 1196 cap.
2468 1120 2511 1178 4
2536 1133 2553 1178 ι
2589 1116 2915 1182 Veritatem
2942 1121 3139 1182 autem
3161 1118 3465 1195 sociantes
3489 1118 3563 1180 in
3578 1120 3709 1182 cka-

2142 1211 2357 1286 ritate,
2382 1227 2727 1274 crescam
2748 1208 2815 1272 in
2834 1209 2943 1272 illo
2964 1227 3077 1292 per
3100 1211 3323 1278 omia.
3360 1212 3479 1292 qui
3506 1217 3601 1276 est
3623 1231 3709 1274 ca-

501 1303 800 1382 quoniam
851 1301 1090 1364 sciebat
1137 1319 1276 1362 esse
1307 1300 1387 1362 ab
1415 1308 1656 1364 aeterno
1695 1305 1876 1368 Patre
1903 1306 2069 1369 elec·
2138 1308 2257 1386 put
2286 1303 2593 1377 Christus,
2618 1321 2695 1368 w
2720 1320 2835 1384 quo
2856 1308 3048 1368 corum
3080 1321 3299 1386 corpus
3329 1309 3707 1382 ommni

503 1402 600 1458 tos
615 1411 638 1473 3
667 1412 818 1476 ergo
845 1394 1072 1456 obtulit
1097 1411 1211 1456 sua
1239 1395 1485 1472 merita,
1535 1401 1604 1457 ut
1655 1397 1778 1458 illis
1803 1399 2065 1462 deletur

503 1489 984 1570 perseverantiae
1007 1486 1272 1565 donum,
1301 1489 1472 1568 quod
1511 1494 1938 1554 necessarium
1970 1500 2065 1556 est

503 1580 586 1642 sd
624 1582 816 1642 vitam
858 1587 1158 1643 aeternam
1207 1583 1746 1661 consequendam.
1777 1586 2065 1666 Denique

507 1693 674 1734 nnus
702 1674 892 1735 homo
921 1679 1128 1752 potest
1167 1675 1264 1736 vel
1311 1675 1450 1748 sibi,
1483 1676 1586 1738 vel
1627 1677 1804 1741 alteri
1837 1682 2065 1742 mereri

507 1769 591 1830 de
609 1785 894 1846 congruo
919 1768 1038 1829 hoc
1067 1767 1328 1846 donum,
1353 1771 1624 1848 petendo
1651 1778 1714 1833 et
1731 1772 2068 1836 obsecran-

507 1862 626 1935 do;
661 1861 776 1922 sed
809 1859 1090 1923 Christus
1117 1861 1204 1924 ita
1241 1863 1440 1924 oravit
1467 1881 1582 1941 pro
1613 1865 1862 1939 electis;
1911 1885 2065 1949 ergo

505 1955 642 2035 ipse
674 1955 756 2018 de
799 1953 1112 2033 condigno
1142 1963 1206 2018 et
1249 1975 1329 2018 ex
1353 1957 1634 2036 perfecta
1655 1960 1898 2039 justitie
1925 1980 2067 2024 me-

503 2048 630 2110 ruit
654 2047 776 2110 illis
796 2049 916 2110 hoc
939 2049 1198 2112 donum.
1221 2051 1298 2111 Et
1313 2051 1493 2129 juxte
1521 2053 1684 2114 banc
1711 2053 2063 2118 doctrinam

505 2148 570 2204 et
595 2141 864 2204 similem
897 2140 1190 2203 traditam
1215 2143 1490 2206 sectione
1530 2145 1912 2224 praecedenti
1929 2193 1944 2222 ,
1972 2147 2065 2210 in-

508 2233 808 2314 telligitur
851 2234 1086 2314 optime
1137 2236 1420 2298 doctrina
1466 2237 1724 2301 Concilii
1771 2241 2021 2305 Valent.
2040 2288 2063 2318 ,

505 2335 786 2409 tempore
815 2327 1108 2403 Letharii,
1143 2347 1282 2409 cap.
1313 2335 1380 2406 4,
1409 2331 1520 2394 ubi
1547 2331 1808 2395 damnat
1835 2337 2066 2398 erroris

503 2420 876 2484 sententiam
925 2423 1350 2500 quorumdam
1404 2427 1848 2504 asserentium,
1897 2427 2066 2492 Chri-

503 2521 670 2577 stum
687 2515 988 2576 obtulisse
1021 2533 1136 2577 sua
1163 2517 1404 2592 merita,
1423 2537 1536 2580 seu
1562 2518 1856 2584 effudisse
1877 2540 2064 2586 suum

506 2607 886 2687 sanguinem
914 2628 1027 2689 pro
1061 2609 1294 2690 impiis,
1327 2618 1390 2672 et
1415 2612 1609 2690 quiin
1632 2615 1904 2692 peccatis
1929 2633 2066 2678 mo-

501 2701 786 2775 fluuium
818 2702 1026 2782 ipsum
1053 2709 1266 2765 autem
1293 2702 1639 2767 Concilium
1667 2707 1911 2782 definit,
1946 2708 2069 2771 hoc

505 2797 780 2877 pretium
801 2797 1020 2860 datum
1049 2815 1186 2860 esse
1208 2797 1290 2860 ad
1317 2799 1660 2864 multorum
1689 2803 2070 2865 exhaurien-

503 2890 587 2952 da
613 2896 896 2969 peccata,
929 2891 1200 2970 illorum,
1225 2892 1478 2963 scilicet,
1511 2894 1620 2972 qui
1658 2894 1973 2957 credendo
1998 2896 2069 2958 in

505 2983 822 3048 Christum
849 3003 978 3046 non
1021 2993 1324 3066 pereunt,
1355 2987 1468 3049 sed
1523 2989 1712 3050 vitam
1765 2994 2068 3052 aeternam

505 3082 1015 3157 consequuntur-3
1040 3079 1160 3140 hoc
1181 3080 1349 3140 enim
1376 3079 1854 3161 intelligendum
1875 3089 1971 3143 est
1990 3082 2069 3144 de

503 3169 731 3232 merito
762 3171 972 3250 quoad
1011 3171 1386 3248 efficaciam,
1437 3179 1500 3235 et
1539 3173 1618 3236 de
1659 3174 1765 3235 illo
1805 3174 2067 3254 speciali

506 3263 696 3326 modo
724 3281 852 3344 quo
879 3265 1152 3345 pretium
1185 3268 1510 3347 sanguinis
1537 3268 1632 3329 sui
1659 3287 1770 3348 pro
1799 3267 2070 3348 praedes-

504 3359 718 3420 tinatis
747 3359 1000 3434 obtulit3
1049 3379 1200 3421 nam
1247 3361 1458 3440 quoad
1489 3362 1922 3424 sufficientiam
1950 3381 2063 3442 pro

507 3451 801 3514 omnibus
847 3451 1212 3514 hominibus
1251 3455 1482 3516 meruit
1505 3455 1812 3531 Christus,
1839 3461 1901 3517 et
1925 3473 2067 3535 pre·

509 3544 664 3604 tium
691 3545 938 3622 obtulit,
963 3553 1034 3608 ut
1067 3545 1300 3608 dictum
1327 3555 1442 3610 est.

583 3637 646 3697 4.
695 3636 980 3702 Christus
1021 3639 1192 3702 nobis
1231 3643 1458 3704 ”uruit
1501 3648 1883 3723 augimentum
1916 3661 2065 3724 qra-

505 3731 638 3806 tice,
663 3739 720 3798 et
746 3732 980 3812 ,olor-iae,
1003 3739 1060 3796 ct
1083 3751 1280 3797 omnes
1307 3741 1482 3799 actm
1503 3737 1720 3816 quibu
1749 3738 1924 3800 illam
1947 3755 2066 3801 mo-

503 3841 728 3888 remur.
767 3859 846 3872 -—
871 3827 1122 3907 Duplex
1153 3845 1370 3890 seusus
1397 3829 1790 3894 conclusionis
1823 3833 2060 3910 positar.

501 3920 732 3982 -Dico
759 3921 979 3984 tertio:
1003 3921 1280 3984 Christus
1303 3923 1610 3984 Dominus
1627 3927 1858 3986 meruit
1881 3925 2065 3988 nobis

505 4020 912 4093 augmentum
946 4014 1164 4094 gratiae
1191 4020 1250 4076 et
1281 4014 1518 4094 gloriae,
1550 4021 1615 4078 et
1638 4035 1857 4079 omnes
1889 4023 2067 4080 actus

505 4105 734 4186 quibus
775 4107 944 4169 illam
993 4127 1332 4169 meremur.
1385 4109 1688 4172 Probatur
1735 4111 1936 4191 primo
1990 4129 2069 4173 ex

501 4202 688 4265 Jean.
729 4204 830 4272 45,
862 4201 969 4263 ubi
1014 4201 1299 4264 Christus
1339 4220 1406 4264 se
1445 4211 1768 4284 comparat
1817 4204 1958 4280 viti,
2004 4210 2067 4267 et

497 4292 700 4372 justos
749 4294 1144 4374 palmitibus,
1195 4299 1260 4357 et
1307 4295 1518 4358 subdit
1557 4316 1571 4358 :
1615 4296 1800 4361 Siout
1833 4298 2069 4376 palmes

503 4403 626 4448 non
652 4391 850 4466 potest
865 4389 1027 4460 ferro
1053 4391 1323 4456 finctum
1345 4409 1384 4452 a
1402 4391 1740 4470 semetipso,
1753 4388 1876 4452 nisi
1891 4409 2067 4454 man·

504 4479 656 4543 rea-it
681 4481 750 4541 iu
775 4481 917 4553 vito,
947 4479 1042 4545 sic
1063 4498 1166 4545 noo
1189 4500 1314 4556 vos,
1338 4484 1466 4544 nisi
1490 4483 1561 4544 in
1579 4501 1670 4546 me
1687 4482 2063 4548 manseritis.

503 4574 582 4635 Et
607 4572 916 4635 rationem
943 4573 1156 4635 subdit
1185 4591 1202 4635 t
1237 4575 1396 4649 Qm‘a
1423 4576 1554 4639 sine
1571 4594 1666 4639 one
1687 4575 1850 4640 nihil
1869 4581 2066 4658 potes·

426 4667 437 4680 ”
503 4666 588 4730 tis
601 4667 831 4744 facere,
851 4665 1232 4744 significem,
1253 4667 1412 4730 sicut
1437 4669 1678 4747 palmes
1705 4687 1833 4730 non
1863 4674 2068 4749 potest

503 4777 792 4822 crescere
821 4758 961 4820 sine
991 4759 1230 4822 influxu
1261 4763 1430 4837 vitis,
1461 4765 1548 4824 ita
1575 4781 1785 4842 neque
1821 4763 2066 4842 justum

503 4852 640 4914 sine
655 4853 895 4914 influxu
913 4855 1286 4916 meritorum
1303 4855 1544 4918 Christi.
1563 4856 1741 4919 Unde
1757 4857 2034 4920 Trident.
2046 4903 2062 4932 ,

503 4963 659 5006 sess
687 4947 751 5018 6,
785 4964 840 5007 c.
876 4950 979 5022 16,
1012 4947 1272 5028 colligit,
1314 4933 1622 5010 Christum
1644 4949 1913 5012 influere
1942 4950 2066 5012 vir-

393 5079 398 5084 ·
501 5041 700 5100 tutem
741 5039 810 5100 in
843 5039 1070 5118 justos,
1113 5047 1414 5121 tanquam
1445 5047 1633 5120 caput
1657 5043 1724 5102 in
1751 5043 2061 5118 membr-a,

503 5137 567 5194 et
602 5137 904 5212 tanquam
947 5135 1140 5198 vitem
1176 5135 1240 5195 in
1291 5135 1578 5214 palmites
1612 5150 1628 5194 τ
1663 5135 1812 5209 Qua
1835 5135 2060 5206 virm,

498 5225 724 5304 inquit,
747 5223 906 5290 *bona
931 5245 1133 5290 eorum
1165 5247 1346 5311 opera
1371 5229 1705 5305 antecedit,
1735 5230 2066 5294 omitum·

499 5324 558 5381 ot
575 5319 982 5400 subsequitur,
1015 5325 1074 5384 ot
1102 5322 1229 5384 siue
1255 5321 1370 5384 illa
1394 5321 1562 5384 nullo
1585 5328 1764 5404 pacto
1780 5321 1905 5386 Deo
1925 5339 2067 5400 qra-

501 5417 571 5476 ta
589 5417 646 5475 ct
673 5415 988 5477 meritoria
1012 5431 1138 5479 esse
1164 5421 1403 5493 possent
1419 5441 1444 5488 ;
1469 5418 1536 5476 et
1561 5413 1730 5476 idem
1758 5414 2067 5495 signifi-cat

501 5523 660 5569 sess.
699 5510 800 5584 u,
831 5527 885 5571 c.
919 5511 984 5584 8,
1009 5513 1079 5571 ut
1107 5508 1316 5571 statim
1347 5509 1864 5589 ponderabirnuS.
1893 5509 2063 5572 Indi-

2144 1400 2205 1460 οὐ
2232 1414 2560 1462 commin
2592 1414 2705 1476 per
2732 1413 2959 1460 omnem
2986 1397 3355 1476 ,iuncturam
3388 1398 3709 1462 subminis-

2148 1491 2461 1562 trationis,
2484 1491 2806 1554 sectmdum
2835 1492 3231 1570 opor-ationem
3268 1491 3339 1554 in
3366 1509 3707 1554 mensuram

2144 1584 2623 1664 uniuscujusque
2645 1582 3301 1665 membri-autminus
3326 1587 3607 1664 corporis
3622 1589 3709 1662 sa·

2148 1679 2259 1750 cit,
2288 1677 2357 1738 in
2384 1675 2841 1754 edificationem
2870 1679 2975 1740 rui
2996 1676 3067 1740 in
3098 1678 3431 1742 charitate.
3451 1679 3549 1742 Ex
3580 1681 3711 1756 qui-

2148 1767 2267 1830 bus
2310 1770 2681 1832 testimoniis
2708 1770 3041 1836 manifeste
3072 1777 3355 1842 constet,
3392 1789 3587 1835 omne
3612 1791 3711 1834 au-

2148 1870 2479 1939 gmentum
2524 1862 2872 1941 spirituale,
2922 1870 2987 1926 et
3030 1871 3505 1940 consequenter
3532 1883 3710 1928 omne

2147 1956 2441 2018 meritum
2486 1971 2625 2018 esse
2670 1973 2749 2020 ex
2776 1956 3015 2020 influxu
3048 1957 3427 2022 meritorum
3448 1956 3707 2022 Christi.

2146 2050 2281 2112 Hoc
2306 2065 2457 2112 vero
2484 2057 2551 2112 ul
2573 2050 2816 2114 ratione
2844 2051 3225 2124 declaretur,
3242 2050 3711 2117 observandum

2146 2149 2243 2206 cst
2270 2143 2517 2206 duobus
2548 2142 2751 2206 modis
2778 2145 3073 2223 explicari
3096 2162 3318 2224 posse:
3356 2145 3601 2224 primo,
3624 2164 3713 2208 ra-

2146 2236 2315 2301 tione
2360 2237 2741 2300 auxiliorum
2768 2253 2909 2317 quae
2950 2238 3135 2316 justis
3162 2237 3405 2303 dantur
3432 2239 3522 2303 ad
3562 2239 3709 2302 bene

2146 2331 2545 2405 merendum,
2565 2337 2627 2394 et
2644 2349 2759 2410 per
2784 2331 3007 2393 merite
3034 2331 3461 2396 crescendum
3492 2333 3561 2394 in
3586 2351 3715 2412 gra·

2144 2423 2231 2488 tia
2247 2439 2270 2500 ;
2300 2429 2364 2487 et
2396 2425 2464 2486 in
2496 2425 2617 2486 hoc
2642 2422 2831 2488 modo
2860 2424 3033 2489 nulle
3078 2429 3175 2488 est
3222 2425 3595 2500 difficultas,
3620 2444 3711 2486 os-

2143 2523 2397 2580 tensum
2448 2523 2542 2580 est
2592 2517 2762 2580 enim
2808 2518 2946 2580 hoec
2996 2518 3229 2578 auxilia
3274 2517 3422 2580 deri
3472 2525 3713 2598 propter

2146 2609 2499 2684 Christum;
2532 2610 2921 2674 declaratum
2948 2611 3140 2672 etiam
3184 2617 3282 2672 est
3310 2612 3496 2691 quod
3516 2657 3539 2688 ,
3570 2613 3712 2674 sicut

2150 2707 2329 2766 actus
2356 2703 2553 2766 nostri
2598 2711 2663 2768 et
2708 2705 2931 2766 merita
2976 2710 3191 2769 nostra
3218 2705 3535 2770 dicuntur
3562 2705 3711 2768 dona

2148 2796 2279 2869 Dei,
2333 2795 2481 2876 qnia
2526 2803 2675 2860 sunt
2718 2797 3218 2877 supernaturalia
3256 2799 3439 2862 bona
3478 2799 3567 2862 ad
3590 2817 3713 2877 quae

2150 2889 2472 2968 operanda
2492 2907 2611 2952 nos
2632 2889 2941 2952 trahimur
2960 2897 3021 2952 et
3042 2891 3461 2958 sublevamur
3488 2909 3607 2972 per
3624 2911 3713 2952 su·

2150 2983 2581 3061 perneturnlia
2609 2983 2841 3046 auxilia
2864 3029 2879 3058 ,
2932 2985 3019 3046 ita
3056 2985 3245 3048 etism
3278 2993 3559 3065 possunt
3606 2986 3712 3050 dici

2150 3075 2317 3138 dona
2344 3077 2593 3152 Christi,
2640 3077 2791 3157 quia
2840 3085 3097 3158 propter
3140 3080 3285 3158 eius
3331 3081 3573 3144 merite„
3596 3082 3709 3142 haec

2152 3171 2363 3232 omnia
2390 3171 2819 3234 conferuntur.
2847 3173 3087 3234 'famen
3122 3189 3200 3234 ex
3227 3173 3291 3234 vi
3329 3174 3529 3253 hujus
3558 3173 3709 3236 modi

2148 3264 2358 3343 ipsum
2406 3267 2817 3344 augmentum
2861 3265 3074 3343 gratiss
3124 3283 3251 3328 non
3306 3265 3565 3330 dicetur
3590 3267 3709 3328 dari

2147 3363 2407 3436 propter
2434 3358 2659 3420 merita
2696 3357 2944 3434 Christi,
2980 3359 3097 3420 nisi
3126 3361 3191 3419 in
3238 3359 3485 3434 radice,
3516 3361 3581 3422 id
3604 3367 3705 3428 est,

2148 3450 2213 3512 in
2264 3450 2495 3514 auxilio
2544 3451 2718 3532 quod
2772 3459 3025 3531 propter
3064 3450 3385 3516 Christum
3416 3453 3606 3518 datur
3638 3453 3707 3514 ad

2144 3544 2638 3626 promerendum
2665 3544 2791 3618 tale
2808 3551 3245 3625 augmentum.

2231 3641 2295 3702 5.
2334 3637 2625 3702 Secundo
2656 3637 2846 3700 modo
2890 3639 3011 3702 hoc
3045 3639 3351 3719 explicari
3382 3647 3598 3720 petest
3622 3657 3705 3701 rs·

2150 3735 2317 3796 tione
2350 3733 2579 3794 valoris
2616 3739 2681 3796 et
2714 3732 2921 3796 meriti
2954 3733 3203 3796 illorum
3250 3751 3559 3813 operum,
3586 3733 3703 3814 qni-

2146 3827 2267 3888 bus
2292 3843 2729 3906 promeremur
2750 3825 2873 3886 tale
2902 3829 3345 3905 augmentum,
3366 3826 3459 3892 ita
3488 3833 3559 3888 ut
3580 3845 3705 3906 pro-

2146 3929 2286 4001 pter
2314 3920 2651 3992 Christum,
2692 3938 2821 3982 non
2872 3919 3079 3983 solum
3122 3920 3308 3982 nobis
3356 3921 3705 3984 conferatur

2148 4014 2447 4076 auxilium
2498 4013 2579 4076 ad
2622 4012 3021 4076 efficiendum
3073 4031 3233 4093 opus
3290 4015 3701 4086 meritorium,

2148 4107 2261 4170 scd
2284 4108 2475 4170 etiam
2499 4106 2682 4170 detur
2702 4105 2823 4186 ipsi
2848 4106 3023 4186 operi
3042 4105 3218 4171 valor
3240 4114 3505 4188 propter
3526 4125 3701 4188 quem

2148 4207 2520 4282 acceptetur,
2570 4208 2638 4265 ut
2666 4200 3049 4282 condignum
3104 4202 3399 4264 meritum
3430 4203 3577 4266 talis
3606 4221 3701 4264 au·

2148 4295 2385 4373 gmenti
2415 4294 2629 4375 gratim
2673 4300 2779 4357 eut
2808 4295 3047 4375 gloriae.
3099 4295 3176 4358 Et
3217 4295 3319 4357 hic
3364 4297 3593 4362 modus
3620 4302 3701 4358 cst

2148 4387 2476 4462 difficilior,
2506 4388 2657 4467 quia
2702 4406 2861 4468 opus
2896 4389 3401 4468 supernaturale,
3430 4409 3475 4450 a
3516 4389 3699 4468 gratia

2147 4480 2519 4563 procedens,
2573 4480 2911 4544 intrinsece
2958 4488 3024 4546 et
3067 4489 3293 4544 natura
3352 4501 3471 4546 sun
3525 4483 3699 4546 habet

2147 4575 2613 4656 proportionem
2642 4582 2703 4638 et
2727 4575 3220 4656 ›condignitatem
3241 4595 3391 4640 cum
3418 4579 3529 4648 tali
3556 4594 3699 4657 prae·

2144 4668 2299 4742 mio,
2332 4669 2693 4732 etvelorem
2728 4669 3143 4735 sufficientem
3192 4669 3275 4732 ad
3316 4669 3514 4744 illud,
3562 4685 3697 4749 ergo

2146 4777 2275 4820 non
2298 4761 2585 4840 estquod
2612 4780 2726 4841 per
2746 4761 2975 4825 Christi
3000 4764 3291 4826 meritum
3320 4763 3695 4826 conferetur.

2144 4852 2279 4914 Imo
2308 4870 2426 4916 nec
2453 4853 2719 4916 conferri
2746 4873 2931 4934 posse
2956 4855 3225 4930 videtur,
3240 4856 3420 4936 quia,
3450 4865 3525 4918 ut
3542 4864 3696 4919 recle

2146 4947 2387 5008 notavit
2430 4948 2739 5024 Dur-end„
2792 4949 2859 5010 in
2906 4951 2968 5021 3,
3024 4949 3171 5012 dist.
3214 4951 3317 5022 18,
3352 4967 3418 5029 q.
3454 4953 3519 5024 3,
3552 4969 3611 5010 n.
3644 4953 3694 5024 ἵ,

2146 5039 2431 5119 quemvis
2485 5041 2596 5102 uni
2644 5042 2843 5120 possit
2892 5041 3031 5104 dari
3077 5043 3405 5122 proemium
3456 5049 3699 5122 propter

2144 5132 2439 5196 meritum
2488 5133 2767 5207 alterium,
2801 5141 3015 5198 tamen
3043 5136 3335 5198 meritum
3364 5137 3559 5199 unius
3580 5152 3697 5196 non

2144 5233 2348 5306 potest
2375 5226 2509 5290 fieri
2540 5229 2835 5292 meritum
2858 5230 3135 5304 alterius,
3159 5229 3307 5310 quia
3324 5248 3545 5310 neque
3561 5247 3697 5308 ope·

2142 5321 2303 5383 rotie
2333 5320 2519 5384 unius
2542 5328 2745 5403 potest
2771 5322 2907 5386 fieri
2936 5324 3217 5402 operatio
3244 5323 3532 5397 alteriue,
3564 5340 3695 5384 con·

2148 5415 2307 5478 sistit
2339 5417 2506 5476 enim
2536 5417 2831 5478 meritum
2864 5418 2927 5478 iu
2960 5419 3211 5497 propria
3248 5424 3307 5481 et
3358 5421 3689 5498 spontanea

2148 5509 2509 5587 operatione
2528 5511 2867 5582 ;.meritum
2896 5527 3047 5590 crgo
3084 5505 3305 5573 Christi
3339 5527 3471 5572 non
3504 5514 3695 5590 potest
