3892 6167
1455 353 1775 412 nlsrurar.
1809 353 1916 408 xl..
1947 355 2117 412 SEG‘l’.
2154 358 2214 412 11.

3318 369 3433 432 341

218 451 538 514 meruisse
561 452 830 534 gratiam
867 471 983 535 per
1012 455 1147 518 hoec
1175 473 1372 538 opera
1397 457 1790 538 subsequen-
1869 457 2189 534 meritum,
2217 459 2364 541 quia
2406 462 2541 526 hoec
2568 464 2790 544 gratia,
2825 479 2966 546 quie
2996 474 3095 532 est
3128 469 3197 534 in
3226 489 3439 538 essen-

217 544 330 606 tia.
357 547 658 610 Secundo
687 547 947 628 intelligi
973 553 1181 629 potest
1202 551 1324 613 hoc
1353 551 1650 614 meritum
1673 569 1789 630 per
1871 549 1956 610 tia
1982 551 2211 614 animm
2228 599 2251 630 ‚
2296 560 2360 616 et
2406 564 2811 636 comparatur
2842 561 2926 644 ad
2978 562 3137 625 alios
3182 567 3437 630 habitus

217 655 426 718 opera
459 640 682 704 ordine
710 649 953 706 naturae
997 645 1432 708 antecedentia
1469 646 1586 708 hos
1609 643 1788 706 hahi-

215 736 357 806 tus;
387 741 456 796 et
479 736 658 814 qnod
693 751 906 816 neque
933 737 1054 801 hoc
1099 739 1288 801 modo
1333 741 1536 818 possit
1577 739 1786 819 hujus·

213 826 399 888 modi
422 828 720 890 meritum
751 830 1204 893 convenienter
1235 832 1489 896 Christo.
1507 830 1784 905 attribui,

212 917 554 997 probatur,
591 921 742 998 qula
767 922 894 984 tale
933 924 1228 986 meritum
1251 926 1457 1004 primo
1481 930 1548 987 et
1575 943 1690 1005 per
1717 941 1786 986 se

211 1011 476 1076 fundari
501 1014 771 1078 debemt
800 1017 867 1078 in
887 1017 1132 1078 actibus
1159 1015 1736 1098 supernaturalibus
1765 1034 1782 1090 3

211 1113 402 1170 aetus
441 1111 619 1172 enim
639 1111 962 1175 naturales
989 1129 1120 1174 non
1151 1106 1300 1176 sunt
1338 1113 1685 1177 secundum
1715 1129 1782 1176 se

210 1205 678 1282 proportionali
703 1205 786 1265 ad
813 1207 1115 1268 merenda
1145 1209 1647 1288 supernaturalia
1673 1208 1784 1270 do·

211 1315 300 1359 na
316 1317 334 1372 ;
359 1299 588 1360 Christi
611 1305 828 1362 autom
849 1299 1145 1362 moritum
1163 1301 1280 1366 tuit
1299 1303 1474 1366 omni
1501 1319 1582 1365 ex
1599 1309 1781 1384 parte

207 1392 613 1472 perfeetnm3
643 1399 710 1456 et
731 1393 880 1455 ideo
907 1409 1034 1455 non
1063 1395 1271 1457 solum
1315 1413 1393 1458 ex
1433 1402 1614 1476 parte
1645 1411 1782 1476 per·

207 1503 394 1548 sonae
420 1488 760 1567 operantia,
785 1487 901 1549 sed
939 1489 1130 1550 etiam
1158 1507 1237 1551 ex
1277 1495 1456 1569 parte
1498 1491 1781 1570 ipsorum

207 1589 486 1662 operum
511 1581 736 1642 habuit
772 1582 1243 1662 proportionem
1279 1589 1344 1646 et
1383 1583 1781 1664 condignita-

203 1683 344 1737 tem
373 1692 524 1737 cum
555 1676 834 1755 praemio.
861 1675 1018 1738 ‘rum
1047 1683 1352 1756 praterea
1383 1677 1533 1756 quia
1557 1675 1779 1741 Christi

205 1770 457 1842 anima,
489 1769 556 1830 in
593 1769 798 1848 primo
833 1770 1088 1832 instanti
1135 1787 1266 1832 snae
1294 1773 1654 1848 creationis,
1679 1772 1782 1834 vel

200 1881 340 1924 non
387 1863 614 1924 hahuit
653 1863 1074 1943 cognitionem
1105 1865 1456 1927 naturalem
1481 1909 1496 1940 ‚
1543 1871 1614 1928 nt
1641 1866 1780 1946 qni-

199 1957 360 2018 dam
377 1956 626 2030 volunt,
647 1957 795 2035 quia
818 1955 952 2020 haec
976 1959 1250 2037 cognitio
1266 1958 1502 2038 pendet
1519 1975 1554 2020 a
1580 1960 1778 2039 phan-

199 2051 618 2124 tasmatlbns3
649 2051 753 2112 vel
783 2051 836 2111 si
864 2051 1084 2114 babuit
1107 2097 1124 2125 ,
1169 2071 1300 2114 non
1333 2053 1510 2132 prius
1551 2059 1776 2115 natura

195 2145 384 2206 illam
413 2143 638 2206 habuit
663 2161 856 2224 quam
885 2146 1310 2224 cognitionem
1333 2152 1777 2226 supernatura-

195 2238 358 2310 lem,
385 2239 538 2318 quia
569 2237 874 2298 naturalis
911 2237 1182 2317 cognitio
1210 2239 1386 2301 nullo
1421 2239 1614 2300 modo
1661 2239 1777 2302 fuit

195 2332 370 2394 ratio
389 2337 454 2393 et
470 2346 660 2393 causa
682 2332 1180 2410 supernaturalis
1206 2333 1597 2411 cognitionis.
1613 2332 1776 2407 Quin

199 2427 422 2505 potius
464 2424 964 2504 supernaturalis
991 2425 1266 2504 cognitio
1299 2426 1422 2486 dici
1449 2431 1654 2505 potest
1679 2445 1778 2487 or·

201 2518 366 2580 dine
396 2523 636 2580 naturoe
659 2517 1096 2594 antecessisse,
1121 2524 1436 2596 qnatenus
1461 2535 1577 2598 per
1599 2518 1775 2582 illam

203 2613 462 2674 elevata
497 2617 591 2673 est
621 2611 835 2673 anima
854 2611 1074 2675 Christi
1102 2612 1182 2673 ad
1211 2617 1442 2674 statum
1469 2629 1775 2693 superna-

199 2704 484 2768 turalem
528 2709 592 2767 et
639 2703 1026 2782 beatificum,
1073 2705 1142 2766 in
1187 2723 1314 2784 quo
1361 2721 1502 2766 esse
1557 2705 1774 2768 debuit

199 2800 380 2860 omni
415 2813 496 2859 ex
523 2801 702 2878 parte
751 2797 1028 2878 perfecta
1051 2845 1070 2873 ,
1121 2802 1186 2860 et
1225 2799 1664 2878 independens
1705 2799 1769 2860 in

205 2892 385 2953 omni
411 2891 772 2970 cognitione
801 2907 914 2952 sua
944 2889 1029 2951 ab
1051 2909 1172 2952 usu
1211 2893 1722 2969 phantasmatum
1748 2909 1765 2965 ;

199 3001 360 3064 ergo
383 2984 678 3046 meritum
709 2985 1281 3065 supernaturalium
1305 2985 1618 3048 donorum
1639 3003 1768 3048 non

197 3077 410 3156 potnit
433 3075 688 3138 fundari
736 3077 799 3138 in
851 3079 1210 3156 cognitione
1235 3079 1530 3154 naturali,
1561 3093 1768 3160 neque

197 3171 268 3231 in
323 3170 571 3232 actibus
614 3169 956 3234 voluntatis
1001 3171 1110 3252 qni
1154 3172 1322 3234 illam
1375 3189 1768 3254 consequun-

193 3271 328 3327 tur.

281 3361 350 3420 8.
391 3357 674 3437 Denique
703 3365 945 3420 certum
975 3365 1092 3435 est,
1137 3377 1326 3423 omne
1359 3362 1649 3423 meritum
1681 3361 1760 3424 de

193 3451 520 3530 condigno
561 3452 728 3532 apud
762 3455 987 3526 Deum,
1019 3453 1272 3516 fundari
1312 3455 1378 3516 in
1421 3455 1630 3534 aliqua
1655 3473 1762 3517 oo-

192 3545 482 3624 gnitione
505 3547 968 3628 supernaturali
989 3565 1004 3619 ;
1036 3552 1326 3628 superest
1347 3563 1502 3628 ergo
1529 3552 1600 3608 nt
1621 3565 1761 3628 pro·

193 3639 426 3700 bemus
451 3657 581 3701 non
609 3639 914 3702 meruisse
936 3640 1253 3703 Christum
1271 3640 1522 3704 habitus
1548 3658 1760 3723 super·

191 3731 524 3794 naturales
541 3749 656 3814 per
673 3739 851 3796 actus
877 3734 1392 3814 supernaturales
1409 3735 1628 3798 ordine
1652 3752 1763 3797 na-

193 3833 356 3890 turae
380 3827 640 3906 priores.
665 3827 844 3900 Quod
869 3828 958 3890 ita
989 3828 1368 3904 ostenditur,
1405 3828 1554 3909 quia
1583 3836 1760 3891 actus

195 3920 718 4000 supernaturalis,
751 3921 856 4000 qui
887 3927 983 3983 est
1009 3922 1182 4002 prior
1227 3927 1452 3982 natura
1495 3939 1611 3984 suo
1649 3922 1762 3984 ha·

193 4013 358 4088 bitu,
403 4031 536 4075 non
583 4014 826 4076 elicitur
873 4015 954 4076 ab
1002 4014 1134 4087 illo,
1164 4020 1236 4076 ut
1277 4015 1340 4075 in
1387 4015 1650 4078 materia
1679 4015 1758 4077 de

195 4107 402 4189 grstia
431 4107 558 4170 late
586 4108 1035 4182 demonstravi,
1070 4114 1132 4170 et
1157 4108 1345 4181 infra,
1392 4109 1458 4169 in
1495 4109 1759 4170 materia

197 4201 278 4264 de
308 4191 706 4281 poenitessa,
735 4201 890 4262 illud
916 4201 1246 4282 attingam,
1269 4201 1418 4280 quia
1446 4206 1760 4282 repugnat

196 4294 518 4376 propriam
557 4313 812 4357 oausam
855 4294 1236 4357 efficientem
1281 4311 1422 4356 esse
1467 4296 1760 4358 effectum

195 4391 292 4452 sui
327 4387 588 4451 effectus
615 4389 682 4450 in
723 4404 956 4469 genere
1005 4405 1212 4451 causoe
1242 4388 1584 4450 materialis
1608 4437 1625 4464 ,
1658 4390 1762 4452 vel

197 4483 324 4544 alio
380 4481 588 4544 simili.
630 4483 709 4544 At
737 4501 886 4544 vero
915 4483 1128 4545 anima
1163 4481 1386 4545 Christi
1433 4499 1760 4564 nunquam

200 4583 461 4657 operata
509 4581 604 4637 est
635 4579 810 4638 actus
860 4577 1407 4658 supernaturales,
1451 4577 1639 4639 ctiam
1693 4579 1760 4639 in

195 4671 405 4752 primo
435 4669 719 4744 instanti,
746 4671 870 4731 nisi
899 4689 978 4732 ex
1019 4670 1242 4732 habitu
1267 4716 1282 4744 ,
1331 4671 1482 4749 quia
1511 4685 1762 4751 semper

200 4769 458 4844 operata
485 4765 580 4824 est
601 4763 876 4844 perfecto
901 4771 966 4826 et
991 4763 1379 4826 connaturali
1404 4761 1615 4837 modo;
1645 4781 1760 4825 un·

197 4857 278 4919 de
301 4857 384 4918 ad
407 4856 789 4919 eliciendum
819 4859 1094 4938 primum
1125 4863 1332 4919 actum
1371 4857 1644 4920 scientiae
1670 4858 1763 4918 in-

195 4951 352 5012 fusae
381 4949 954 5030 praeintelliguntur
979 4951 1070 5012 illi
1114 4967 1252 5012 esse
1302 4950 1500 5012 indita
1545 4951 1762 5012 lumen

193 5049 256 5106 et
298 5043 582 5124 species3
609 5047 674 5105 et
697 5045 940 5124 primus
983 5049 1158 5106 actus
1191 5044 1512 5106 charitatis
1540 5045 1763 5106 inlelli-

191 5139 364 5219 git-nr
385 5153 746 5216 supponere
775 5137 1066 5200 habitum
1097 5154 1136 5198 a
1163 5155 1288 5216 quo
1313 5138 1632 5211 eliciatur3
1666 5157 1760 5200 er—

193 5247 273 5311 go
293 5229 581 5292 Christus
603 5245 733 5292 non
762 5229 1030 5293 obtinuit
1055 5231 1173 5292 hos
1200 5231 1454 5294 habites
1485 5247 1602 5311 per
1623 5247 1759 5292 me·

191 5323 382 5387 ritum
412 5327 644 5386 horum
671 5329 926 5387 actuum
967 5325 1186 5386 ordine
1225 5331 1466 5386 naturas
1511 5331 1759 5388 antece·

191 5417 372 5494 dens,
409 5435 556 5479 cum
591 5433 814 5478 revera
843 5433 972 5478 non
1005 5418 1452 5490 antecessor-in
1483 5435 1633 5498 ergo
1662 5417 1758 5478 ul-

193 5511 390 5576 terius
419 5527 542 5574 nec
587 5511 784 5592 gratia
813 5511 950 5592 ipsa
997 5511 1143 5575 data
1193 5517 1288 5573 est
1335 5516 1589 5592 propter
1638 5511 1758 5571 hoc

1867 642 2135 717 infusos,
2178 652 2249 708 nt
2274 647 2478 709 forma
2506 651 2870 731 principalis
2898 655 2979 716 ad
3024 675 3175 718 snas
3215 666 3435 738 poten·

1869 734 2010 812 tiae,
2044 739 2265 802 ordine
2295 748 2534 804 naturai
2552 743 2677 806 illis
2696 748 3091 827 supponitur.
3108 752 3187 814 Et
3209 753 3431 816 eadem

1865 829 2111 892 ratione
2152 833 2575 910 concluditur,
2624 838 2869 900 nullum
2916 841 3106 904 alium
3147 843 3429 910 habitum

1869 922 2167 985 cecidisse
2197 925 2315 987 suh
2344 928 2463 989 hoc
2489 929 2783 992 meritum
2802 977 2819 1006 ,
2846 934 2995 1012 quia
3024 953 3152 998 non
3180 941 3277 1000 est
3296 957 3433 1000 ma-

1862 1016 1967 1092 jor
2016 1017 2179 1079 ratio
2229 1018 2309 1080 de
2338 1037 2469 1082 uno
2502 1040 2693 1100 qnam
2723 1025 2807 1088 de
2834 1027 2971 1088 aliis
2994 1075 3015 1102 ,
3044 1035 3109 1092 et
3134 1032 3307 1108 qnia,
3339 1034 3431 1094 in·

1862 1109 2007 1170 fusa
2034 1111 2259 1188 gratia,
2290 1129 2517 1176 omnes
2539 1116 2645 1178 alii
2668 1116 3111 1199 infunduntur,
3134 1131 3205 1186 ut
3234 1128 3427 1188 comi·

1863 1207 2069 1264 tantos
2086 1204 2280 1279 illam,
2300 1207 2471 1268 unde
2499 1209 2603 1271 alii
2620 1209 2881 1274 habitus
2904 1231 3032 1276 nom
3054 1217 3288 1280 cadunt
3310 1219 3429 1280 snb

1861 1297 2181 1372 meritum,
2214 1299 2333 1361 nisi
2357 1301 2543 1364 cadat
2568 1302 2707 1383 ipsa
2734 1307 2960 1384 gratia.
2995 1309 3173 1373 Unde
3206 1312 3430 1374 confir·

1862 1397 2100 1467 matur,
2129 1394 2279 1471 quia
2320 1393 2425 1456 isti
2453 1395 2703 1459 habitus
2746 1409 3219 1480 consequuntur
3244 1407 3427 1466 unio·

1863 1501 2012 1546 nem
2061 1491 2133 1546 ut
2178 1488 2594 1566 proprietates
2622 1490 2823 1569 illius3
2870 1495 3019 1557 nnio
3063 1503 3283 1558 autem
3310 1497 3425 1579 hy·

1859 1579 2195 1656 postatica,
2222 1597 2371 1641 omn
2398 1582 2825 1646 substantialis
2854 1587 2957 1662 sit,
2986 1591 3237 1669 proprie
3264 1591 3336 1652 fit
3356 1595 3424 1654 in

1863 1670 2215 1734 substantia
2243 1674 2441 1753 ipsius
2462 1675 2693 1739 animm
2728 1678 2913 1740 simul
2936 1699 3081 1742 cum
3120 1699 3417 1763 corporeg

1859 1781 2015 1844 ergo
2040 1766 2285 1827 ratione
2325 1767 2493 1830 illius
2518 1771 2723 1850 primo
2748 1772 3073 1851 perficitur
3104 1777 3314 1838 anima
3352 1779 3423 1840 in

1861 1858 2135 1920 essentia
2164 1877 2277 1920 sna
2306 1865 2723 1942 pergratiam
2750 1866 3162 1945 habitualem,
3188 1888 3268 1933 ex
3297 1889 3423 1952 qua

1857 1957 2121 2013 manant
2142 1951 2397 2015 babitus
2420 1956 2505 2017 ad
2544 1960 2879 2037 potentiaS,
2914 1967 2977 2022 et
3002 1962 3261 2025 tandem
3290 1966 3422 2026 ani·

1858 2061 1965 2106 ma
2020 2045 2111 2106 sic
2166 2047 2445 2126 perfecta
2496 2051 2561 2112 in
2608 2057 2749 2114 actu
2795 2054 2999 2131 primo
3054 2055 3423 2138 intelligitur

1857 2139 2253 2201 connatmali
2280 2147 2343 2202 et
2367 2143 2648 2222 perfecto
2691 2146 2879 2208 modo
2926 2147 3183 2227 prodire
3227 2151 3292 2210 in
3322 2168 3422 2213 ac·

1855 2235 1995 2291 tum
2024 2233 2396 2298 secundum.
2428 2237 2567 2300 Non
2594 2255 2749 2320 ergo
2784 2240 2917 2303 dati
2944 2248 3091 2303 sunt
3121 2243 3217 2304 isti
3246 2243 3425 2306 habi-

1857 2329 1961 2386 tus
1990 2325 2213 2389 animae
2238 2328 2485 2406 Christi,
2516 2332 2663 2410 quia
2686 2336 3249 2414 supernaturaliter
3276 2355 3423 2418 ope-

1855 2426 1993 2482 rata
2024 2425 2157 2493 est;
2191 2420 2301 2483 sed
2330 2422 2455 2485 dati
2484 2427 2691 2505 potius
2718 2434 2867 2490 sunt
2888 2434 2961 2489 ut
2982 2437 3423 2510 supernatura-

1853 2511 1999 2574 liter
2024 2523 2425 2594 operaretur3
2456 2535 2583 2580 non
2614 2537 2767 2602 ergo
2810 2527 2957 2586 sont
3004 2522 3131 2586 dati
3160 2531 3419 2604 propter

1853 2607 2171 2682 meritum,
2196 2609 2307 2670 sed
2331 2609 2537 2688 potius
2560 2613 2643 2676 ad
2662 2615 3053 2678 merendum.

1935 2703 1995 2764 9.
2046 2702 2255 2785 Neque
2302 2705 2729 2773 beatitudiuem
2778 2709 3001 2777 animer
3036 2729 3165 2776 εοεαε»
3196 2715 3419 2780 mmit

1852 2797 1975 2860 tibi
2003 2793 2655 2866 camphain
2676 2804 3209 2870 admisceamus
3236 2805 3418 2872 Chri·

1851 2891 1938 2953 oti
1978 2889 2187 2954 ordino
2228 2899 2470 2956 mma
2511 2897 2639 2972 nait
2690 2897 2849 2960 vicio
2894 2898 3193 2974 beatifica.
3214 2931 3301 2948 —
3324 2901 3415 2963 Ex

1849 2981 1953 3044 his
1976 2982 2119 3046 dico
2146 2985 2423 3048 secundo
2442 3003 2571 3048 non
2599 2991 2903 3050 meruisse
2930 2991 3240 3054 Christum
3266 2993 3416 3056 bea-

1847 3073 2182 3138 titudinem
2212 3078 2441 3140 animae
2472 3097 2627 3143 suoe.
2672 3083 2814 3144 Hoec
2838 3081 2971 3146 fere
3010 3085 3297 3164 sequitur
3334 3105 3415 3150 ex

1847 3170 2251 3250 praecedenti,
2280 3179 2343 3233 et
2373 3171 2505 3235 fere
2533 3175 2761 3238 eodem
2788 3177 2979 3238 modo
3020 3176 3414 3241 demonstra-

1847 3268 1973 3338 tur,
1996 3279 2143 3324 nam
2175 3281 2253 3325 ex
2271 3264 2471 3336 dictis,
2500 3267 2650 3328 satis
2674 3275 2923 3332 constat
2948 3285 3075 3332 non
3106 3271 3413 3336 meruisse

1842 3355 2017 3416 illam
2048 3373 2162 3436 per
2186 3363 2363 3419 actus
2390 3359 2631 3421 ordinis
2660 3363 2992 3437 naturalis,
3034 3379 3247 3442 neque
3293 3380 3417 3445 per

1841 3451 2348 3528 supernaturales
2376 3451 2781 3532 posteriores,
2802 3456 2906 3518 vel
2941 3455 3405 3537 subsequentes

1841 3542 2042 3622 ipsam
2092 3543 2397 3606 visionem
2450 3546 2726 3611 beatam.
2768 3547 2949 3621 Quod
2996 3567 3145 3612 vero
3192 3569 3407 3632 neque

1841 3653 1957 3716 per
1984 3637 2427 3701 antecedentes
2479 3658 2591 3702 seu
2636 3642 2881 3720 priores
2918 3642 3136 3706 ordine
3164 3652 3407 3708 naturae

1840 3729 2015 3791 illam
2051 3731 2377 3808 meruerit,
2400 3733 2705 3813 probatur
2744 3736 2978 3814 primo,
3016 3738 3165 3817 quia
3196 3739 3406 3802 nullus

1840 3829 2017 3886 actus
2068 3823 2419 3888 intellectus
2456 3828 2771 3906 praecessit
2808 3829 3027 3892 ordine
3068 3837 3309 3894 naturoe
3336 3833 3405 3894 in

1841 3917 2081 3981 Christo
2110 3919 2311 3999 ipsam
2338 3919 2649 3982 visionem
2676 3922 2950 3985 beatam.
2992 3923 3220 4000 Primo,
3252 3924 3403 4005 quia

1841 4018 1936 4074 est
1962 4027 2193 4090 magna
2218 4011 2524 4092 perfectio
2547 4015 2773 4076 animes
2800 4015 3047 4094 Christi,
3070 4023 3139 4080 ut
3159 4018 3402 4098 primus

1840 4103 2103 4166 intuitus
2130 4105 2267 4184 eius
2300 4105 2383 4166 ad
2412 4106 2615 4186 ipsam
2644 4106 2921 4168 divinam
2961 4110 3297 4172 essentiam
3338 4111 3405 4174 in

1843 4215 1911 4260 se
1960 4197 2161 4277 ipsam
2208 4198 2395 4262 fuerit
2448 4201 2861 4274 terminatus;
2904 4219 3033 4281 quo
3078 4204 3250 4266 enim
3296 4203 3404 4266 illa

1841 4292 2057 4355 anima
2084 4292 2450 4374 intelligitur
2478 4294 2701 4356 effecta
2731 4295 2993 4358 similior
3027 4297 3147 4377 ipsi
3178 4297 3405 4360 divinas

1841 4391 2103 4463 naturae,
2124 4403 2201 4448 eo
2216 4385 2555 4465 perfectior
2575 4388 2989 4452 existimanda
3010 4397 3139 4464 est;
3164 4392 3405 4470 primus

1842 4484 2055 4542 autem
2099 4479 2363 4542 intuitus
2406 4479 2521 4543 Dei
2573 4481 2984 4562 intelligentis
3038 4483 3409 4564 intelligitur

1842 4573 2217 4634 terminatus
2242 4572 2322 4633 ad
2352 4591 2421 4634 se
2452 4575 2704 4654 ipsum3
2746 4593 2899 4656 ergo
2942 4576 3151 4637 anima
3180 4576 3405 4640 Christi

1843 4665 1961 4728 erit
1992 4664 2115 4728 Deo
2147 4666 2427 4741 similior,
2452 4673 2643 4747 atque
2666 4669 2827 4730 adeo
2858 4669 3218 4749 perfectior,
3246 4669 3300 4730 si
3324 4670 3406 4732 ad

1843 4757 2016 4820 bunc
2046 4759 2305 4821 modum
2346 4761 2653 4823 visionem
2684 4762 2823 4842 ejus
2850 4762 3260 4842 participavit.
3300 4764 3407 4824 Se-

1846 4851 2081 4930 cundo,
2104 4853 2252 4932 quia
2284 4853 2497 4914 nullus
2524 4855 2688 4916 alius
2714 4859 2893 4917 actus
2928 4855 3285 4917 intellectus
3312 4861 3409 4918 est

1843 4961 2037 5007 cansa
2065 4945 2165 5007 vel
2194 4945 2517 5026 dispositio
2546 4945 2629 5010 ad
2652 4948 2827 5010 illam
2856 4949 3183 5024 visionem,
3219 4956 3291 5011 nt
3318 4949 3408 5012 si·-

1845 5039 2103 5121 gnifioat
2130 5041 2196 5100 D.
2228 5041 2505 5102 Thomas
2536 5061 2750 5124 supra,
2788 5061 2853 5121 q.
2884 5045 2947 5118 9,
2976 5049 3093 5106 art.
3137 5046 3199 5118 3,
3234 5043 3313 5104 ad
3342 5047 3405 5105 2.

1843 5134 2025 5196 Ratio
2054 5139 2167 5207 est,
2196 5134 2347 5212 qnia
2366 5151 2501 5197 non
2530 5141 2623 5197 est
2654 5135 3101 5216 intelligendus
3130 5137 3409 5198 Christus

1839 5225 2183 5308 procedere
2228 5227 2293 5288 in
2352 5228 2708 5308 cognitione
2766 5228 2848 5288 ab
2904 5227 3269 5310 imperfecto
3323 5228 3406 5287 ad

1837 5319 2208 5400 perfectum,
2250 5321 2443 5384 etiam
2476 5321 2697 5384 ordine
2724 5327 3007 5395 naturae3
3036 5319 3151 5380 sed
3192 5319 3403 5397 potius

1839 5413 2283 5495 intelligendus
2316 5421 2412 5476 est
2440 5415 2521 5476 ab
2554 5416 2791 5497 optimo
2840 5421 2905 5477 el.
2948 5411 3401 5498 perfectissimo

1839 5515 2006 5583 actu,
2050 5515 2269 5587 utpote
2313 5509 2425 5570 sibi
2472 5509 2806 5570 intrinseco
2838 5513 2899 5570 et
2946 5506 3221 5568 maxime
3244 5523 3397 5568 con·
