3892 6167
1551 345 1742 402 mnssx
1771 347 2003 406 mun.

223 445 414 498 Omnae
442 447 654 498 creatas
685 440 1146 510 supernaturales,
1177 455 1276 510 per
1310 441 1564 512 proprias
1594 455 1720 512 spe-

223 521 342 581 cieS,
371 519 432 571 in
465 520 692 588 proprio
715 530 935 586 genere,
969 517 1048 570 ib.

221 597 382 650 Deum
417 593 602 662 ipsum
638 593 820 663 quoad
869 593 1133 647 unitatem
1161 600 1214 648 et
1249 594 1504 651 attributa
1537 607 1725 649 essen-

225 673 387 736 tialia,
424 685 471 726 s.
497 679 546 726 1.

224 751 331 802 lmo
365 753 420 802 et
453 747 774 816 mysterium
803 747 1085 802 Trinitatis
1115 751 1380 813 quantum
1413 748 1484 801 ad
1515 761 1586 802 an
1619 751 1718 813 ost,

225 831 274 878 et
299 824 596 891 perfectius
623 837 788 892 quam
811 836 910 892 per
939 821 1101 876 tidem
1135 829 1508 890 cognoscatur,
1533 824 1606 878 ib.

222 903 328 954 Non
363 913 560 954 omnes
593 907 772 955 autem
807 900 1027 955 effectus
1064 899 1368 971 possibiles,
1402 901 1718 968 cognovisse

225 975 566 1044 probabilius
596 983 692 1041 est,
727 975 804 1028 ib.

169 1052 392 1106 seientia
418 1051 581 1106 beata
607 1052 808 1106 animae
831 1050 1026 1104 christi
1050 1051 1295 1116 ejusdem
1314 1051 1536 1118 speciei,
1559 1049 1720 1118 longe

223 1135 398 1181 tamen
425 1128 720 1195 perfectior
741 1127 954 1182 visione
975 1127 1210 1181 aliorum
1229 1127 1532 1192 beatorum,
1561 1125 1718 1194 (1.26,

225 1219 266 1257 s.
296 1210 344 1256 1.

171 1279 331 1334 Potuit
361 1281 412 1332 ei
449 1281 746 1349 perfectior
794 1281 864 1335 de
905 1279 1146 1347 potentia
1193 1280 1441 1334 absoluta
1473 1293 1724 1335 commu-

176 1357 562 1487 Νεὲἒᾙῗῖοῗίὶῗ
552 1425 732 1474 actum
757 1419 1002 1473 scientiae
1033 1417 1252 1482 iniuste,
1269 1419 1324 1471 d.
1353 1423 1434 1484 28,
1457 1433 1502 1472 s.
1525 1425 1574 1472 1.

181 1495 390 1550 scientia
423 1496 726 1563 accquisita
757 1495 958 1549 animae
981 1494 1174 1547 Christi
1217 1495 1462 1560 ejusdem
1491 1496 1724 1550 rationis

231 1583 342 1624 cum
371 1570 719 1626 connaturali
749 1570 950 1625 animae
975 1569 1253 1634 humanae,
1275 1570 1329 1623 d.
1359 1574 1442 1636 3ο,
1465 1585 1506 1624 s.
1535 1575 1584 1624 1.

169 1649 236 1700 Ea
260 1649 518 1715 cognovit
549 1661 634 1702 ros
664 1659 859 1702 omnes
887 1646 1194 1701 materiales
1231 1650 1286 1699 et
1315 1645 1720 1715 imaterialoe,

225 1725 553 1780 substantias
579 1731 636 1788 et
665 1713 986 1784 accidentia,
1023 1723 1100 1776 ib.
1417 1723 1468 1774 f

170 1801 408 1854 scientia
452 1807 556 1856 tota
602 1801 866 1856 naturalis
901 1801 1100 1855 animae
1143 1800 1336 1854 Christi
1378 1814 1413 1853 a
1447 1800 1723 1872 principio

233 1879 522 1932 creationis
553 1879 747 1938 indita
771 1884 820 1930 a

171 1953 404 2007 scientia
432 1953 873 2021 experimentalis
907 1951 1200 2020 dupiioiter
1235 1953 1294 2005 in
1333 1953 1574 2016 Christo,
1609 1965 1722 2008 non

227 2033 408 2081 tamen
437 2043 471 2082 a
503 2031 776 2099 principio
807 2029 1099 2084 creationis
1119 2029 1337 2112 animae,
1361 2030 1464 2084 sed
1475 2031 1724 2085 discursu

231 2104 486 2169 temporis
519 2104 576 2156 in
601 2117 664 2158 ea
683 2105 932 2172 profecit,
958 2105 1031 2158 ib.

172 2180 457 2232 scientiam
488 2181 720 2237 visionis
751 2181 942 2234 habuit
960 2181 1202 2236 Christus
1229 2183 1470 2254 respectu
1500 2192 1724 2236 suorum

231 2261 447 2310 actuum
481 2257 617 2324 quin
651 2259 770 2323 ejus
791 2257 1028 2310 libertati
1053 2259 1292 2323 deroget,
1313 2257 1367 2311 d.
1393 2260 1472 2321 37,
1493 2269 1536 2310 s.
1559 2262 1606 2311 1.

803 2383 1070 2436 WB!-

176 2480 446 2546 sceptrum
466 2479 613 2545 apud
631 2479 882 2532 Hebraeos
901 2459 1105 2550 r'essiam
1128 2483 1442 2546 potestatem
1457 2481 1724 2548 designat,

177 2557 734 2695 Quffiuffiffr'nansern
759 2631 816 2684 in
837 2629 998 2684 trihu
1021 2629 1144 2692 suu,
1171 2632 1247 2684 u).

801 2759 1087 2802 sculum.

177 2853 457 2921 scripturae
487 2866 614 2908 cum
642 2859 811 2922 agunt
841 2855 912 2908 de
943 2856 1108 2908 rebus
1137 2861 1336 2910 nostrae
1369 2855 1516 2918 fidei,
1541 2863 1594 2910 et
1631 2869 1722 2911 re·-

233 2931 506 2997 galai-iter,
531 2931 592 2984 in
609 2931 778 3002 ,omni
814 2932 1138 3000 proprietate
1161 2933 1550 2999 intelligendae,
1589 2935 1724 2990 dum

237 3007 532 3060 absurdum
563 3018 674 3060 non
707 3007 974 3074 sequitur,
993 3009 1048 3062 d.
1066 3011 1118 3072 4,
1140 3021 1186 3061 s.
1204 3013 1256 3061 4.

183 3082 452 3148 Scriptura
483 3083 890 3150 comprehendit
929 3096 1148 3138 omnem
1180 3084 1422 3150 regulam
1457 3086 1729 3140 infallibi-

248 3158 352 3210 lem
373 3159 514 3224 fldei‚
533 3173 576 3212 a.
601 3164 650 3212 3.

185 3232 366 3286 Modus
395 3233 648 3300 loquendi
674 3236 962 3303 scripturae
994 3235 1064 3290 de
1088 3237 1197 3290 fine
1229 3242 1286 3292 et
1315 3238 1519 3294 motivo
1551 3239 1730 3292 incar·-

243 3309 478 3362 nationis
531 3312 848 3377 explicatur.
890 3315 996 3366 cur
1047 3325 1172 3367 raro
1217 3313 1452 3381 explicat
1493 3315 1732 3370 rationes

238 3385 454 3439 consilii
485 3391 540 3441 et
567 3385 866 3442 voluntatis
889 3388 1114 3452 divinae,
1133 3390 1190 3443 d.
1215 3396 1270 3452 5,
1299 3404 1344 3442 s.
1368 3396 1418 3443 4.

518 3517 768 3568 smlvlws,
798 3519 860 3558 m·
885 3519 1116 3559 canterus
1137 3519 1388 3560 sumtus.

177 3611 412 3741 segviflls
443 3612 554 3667 alia
579 3614 858 3679 naturalis,
879 3615 988 3669 alia
1019 3627 1117 3682 per
1137 3621 1418 3683 peccatum
1437 3623 1727 3681 contracta,

275 3727 288 3741 .
384 3729 396 3751 ,
421 3703 465 3744 s.
488 3695 537 3742 1.

175 3763 454 3819 servitutis
497 3766 684 3819 relatio
732 3766 790 3818 in
833 3765 1064 3834 positiva
1100 3767 1421 3821 habitudine
1462 3769 1723 3838 consistit,

235 3842 312 3894 ib.

173 3918 379 3972 Relatio
409 3919 682 3974 servitutis
715 3921 784 3974 ad
810 3923 978 3974 Deum
1009 3922 1068 3973 in
1096 3933 1206 3987 quo
1227 3920 1506 3984 fundetur,
1530 3923 1606 3975 ib.

170 3995 392 4060 Negatio
421 3997 936 4051 communicationis
957 3998 1016 4050 in
1036 3997 1200 4052 bonis
1221 4009 1334 4051 non
1367 4002 1448 4050 est
1479 4011 1732 4052 necessa-

233 4071 318 4124 ria
363 4073 434 4125 ad
475 4073 807 4137 servitutem,
840 4085 945 4126 nec
971 4072 1290 4126 omnimoda
1321 4072 1561 4126 carentia
1593 4075 1736 4138 juris

229 4147 304 4200 ad
338 4148 486 4201 bona
511 4148 724 4203 domini
748 4165 762 4212 ;
783 4149 880 4203 sed
899 4147 1098 4216 qualis,
1127 4147 1202 4200 ib.

171 4226 414 4278 Servitus
445 4225 658 4292 aliquid
696 4225 850 4280 addit
887 4239 1054 4292 supra
1075 4225 1410 4279 obedientiae
1438 4227 1735 4292 subjectio-

233 4315 386 4366 nem,
416 4303 644 4368 etquid,
669 4304 744 4356 ib.

171 4378 416 4432 Servitus
436 4379 506 4433 ad
534 4380 784 4434 homines
809 4393 908 4446 per
948 4379 1258 4447 adoptivam
1282 4379 1598 4434 filiationem
1634 4393 1732 4434 ex·-

231 4453 478 4508 cluditur
495 4495 509 4520 ,
535 4467 664 4522 quae
691 4467 824 4508 vero
849 4455 921 4510 ad
940 4457 1129 4522 Deum,
1151 4455 1314 4509 etiam
1338 4468 1464 4512 cum
1499 4455 1730 4510 naturali

231 4529 503 4585 filiatione
530 4531 874 4598 compatitur,
899 4545 942 4584 s.
965 4537 1014 4583 2.

169 4606 553 4661 Denominatio
574 4607 716 4662 servi
739 4606 976 4660 maxime
992 4620 1027 4661 a
1041 4607 1490 4663 denominatione
1517 4611 1732 4660 creatu-

234 4693 314 4734 rae
345 4681 544 4748 differt,
575 4683 650 4736 ib.

715 4799 907 4840 canton
939 4799 1186 4839 stnvtrt‘s.

170 4915 416 4968 Christus
433 4917 494 4966 ut
515 4914 680 4967 homo
703 4919 800 4978 est,
826 4919 880 4967 et
900 4914 1160 4982 appellari
1186 4914 1408 4983 proprie
1427 4917 1602 4982 potest
1618 4925 1736 4968 ser-

234 5003 338 5042 vus
356 4989 473 5054 Dei,
497 4989 552 5042 d.
582 4992 663 5052 44,
685 5003 732 5044 s.
757 4994 804 5042 1.

233 5065 547 5118 ostenditur
578 5079 644 5119 ex
662 5067 1000 5120 'testamento
1025 5065 1222 5132 Veteri,
1243 5065 1318 5118 ib.

234 5143 312 5194 Ex
333 5143 499 5202 Novo,
521 5142 596 5196 ib.

236 5219 312 5270 Ex
331 5218 594 5282 Patribus,
622 5219 697 5273 ib.

172 5293 288 5356 Qua
320 5293 646 5348 certitudine
676 5294 992 5356 tenendum,
1016 5292 1096 5348 ib.

171 5369 334 5421 Varia
358 5369 476 5424 loca
501 5370 839 5434 Sanctorum,
861 5369 1168 5436 specialiter
1183 5369 1518 5432 Damasceni‚
1541 5369 1610 5422 de
1628 5369 1732 5422 hoc

239 5451 604 5513 exponuntur,
626 5445 700 5499 ib.

175 5521 429 5588 Christus,
453 5522 507 5575 in
531 5529 818 5588 quantum,
841 5521 982 5578 bene
1009 5522 1212 5578 dicitur
1227 5533 1416 5578 servus
1433 5523 1518 5576 sui
1541 5521 1730 5590 ipsius„

3246 355 3295 414 7,
3380 357 3389 364 .

1865 447 1986 500 sine
2024 445 2117 501 tali
2148 447 2335 504 addito
2370 449 2637 516 implicito
2666 451 2753 504 vel
2782 450 3071 519 explicito,
3108 465 3211 508 nec
3255 353 3361 519 siff:

1866 535 1971 576 nec
1992 524 2107 592 Dei,
2133 538 2235 579 nec
2264 525 2453 590 Patris,
2477 531 2573 580 aut
2588 527 2820 593 Spiritus
2846 528 3039 592 sancti,
3070 528 3144 582 ib.

2490 655 2672 696 suno.

1803 751 1991 807 Sermo
2018 754 2261 807 scientiae
2295 760 2347 808 et
2378 755 2679 824 sapientiae,
2699 767 2823 822 quae
2850 755 3020 822 gratia
3039 757 3129 821 sit,
3152 761 3203 810 ct
3222 768 3365 824 quo·

1865 829 2029 882 modo
2050 830 2259 884 Christo
2292 832 2626 893 convenerit,
2658 831 2713 884 (1.
2732 835 2875 896 21,s.
2906 837 2955 883 2.

1800 903 1951 956 ldem
1986 903 2054 957 de
2078 917 2393 962 sermonum
2424 907 2869 974 interpretatione
2895 907 3217 973 ostenditur,
3242 908 3316 962 ib.

2478 1036 2689 1078 artettS.

1803 1133 2109 1189 Necessaria
2128 1141 2211 1190 est
2227 1137 2298 1191 ad
2316 1138 2685 1206 cognitionem
2706 1138 3038 1202 intuitivam,
3061 1137 3115 1190 d.
3143 1142 3224 1202 27,
3244 1151 3286 1190 s.
3311 1142 3361 1198 1,

1802 1208 1989 1263 Solum
2018 1213 2313 1279 requiritur
2338 1219 2400 1267 ut
2426 1213 2621 1268 efficiat
2652 1221 2911 1280 tanquam
2941 1215 3361 1268 instrumentum

1866 1287 2190 1352 intellectus,
2214 1289 2269 1342 d.
2294 1294 2374 1355 24,
2398 1305 2443 1344 s,
2462 1295 2510 1343 1.

1801 1360 2003 1415 Eadem
2052 1363 2234 1418 intusa
2277 1365 2475 1419 sufficit
2516 1372 2901 1433 repraesentare
2952 1370 3199 1421 naturam
3236 1377 3363 1420 cum

1865 1437 2125 1493 omnibus
2167 1441 2503 1506 individuis;
2530 1442 2641 1496 imo
2673 1446 2728 1495 et
2750 1441 2993 1496 infinitas
3028 1443 3237 1509 species
3260 1441 3362 1495 sub

1863 1525 1981 1567 uno
2008 1528 2225 1582 genere,
2246 1517 2303 1572 d.
2330 1523 2411 1584 2⁷,
2434 1532 2479 1572 s.
2507 1525 2553 1572 2.

1803 1589 2023 1655 Species
2073 1592 2271 1648 insusae
2322 1595 2533 1648 Christo
2574 1597 2811 1662 qualiter
2857 1595 3365 1662 repraesentaverint

1869 1667 2267 1722 sanctissimam
2284 1670 2620 1735 Trinitatem,
2640 1685 2684 1725 s.
2706 1677 2753 1723 5.

1803 1741 2023 1807 Species
2048 1743 2243 1798 inrusae
2264 1745 2491 1810 christo,
2516 1758 2629 1800 non
2660 1757 2791 1808 una,
2814 1745 2911 1800 sed
2938 1745 3122 1814 plures
3146 1750 3291 1808 sunt,
3312 1749 3365 1798 et

1869 1817 2291 1874 universaliores
2310 1822 2760 1877 connaturalibus
2785 1822 3080 1876 intellectui
3102 1823 3363 1887 humano,

1869 1895 1983 1949 imo
2014 1903 2069 1950 et
2099 1899 2365 1965 angelico,
2388 1900 2442 1952 d.
2463 1905 2545 1965 29,
2568 1913 2611 1954 s.
2636 1903 2684 1952 2.

1803 1971 1904 2025 Per
1935 1972 2059 2027 illas
2080 1975 2298 2030 infinita
2324 1982 2801 2044 repraesentantur,
2839 1978 2913 2031 ib.

1804 2047 2023 2114 Species
2062 2063 2185 2116 quae
2216 2051 2481 2120 scientiae,
2518 2059 2573 2107 et
2608 2066 2733 2122 quae
2772 2054 3145 2120 experimento
3178 2051 3364 2106 deser-

1869 2123 2046 2192 viunt,
2074 2126 2131 2180 in
2160 2140 2270 2194 quo
2302 2127 2575 2196 differant,
2597 2131 2649 2183 d.
2681 2134 2762 2195 3ο,
2786 2143 2831 2183 s.
2854 2133 2901 2181 2.
3106 2150 3129 2158 ··

2270 2259 2400 2310 ΒΡΕΒ,
2435 2260 2549 2299 sna
2580 2259 2630 2298 nt
2662 2259 2890 2298 cuniam·

1806 2357 1929 2424 Spei
1961 2357 2231 2424 objectum
2257 2357 2437 2426 quale,
2468 2359 2522 2413 d.
2548 2363 2628 2424 18,
2652 2375 2695 2413 s.
2725 2361 2772 2411 4.

1804 2434 2046 2488 christus
2078 2448 2191 2489 non
2224 2437 2418 2489 habuit
2444 2441 2624 2490 actum
2652 2435 2769 2503 spei
2803 2435 2872 2488 de
2902 2434 3101 2486 animae
3130 2431 3367 2484 beatitu-

1867 2509 2019 2572 dine,
2042 2523 2198 2565 secus
2225 2511 2293 2565 de
2320 2512 2494 2579 gloria
2522 2511 2785 2579 corporiS,
2825 2508 2921 2577 qui
2960 2512 3110 2562 actus
3146 2505 3365 2576 proprie

1869 2597 1901 2638 a
1929 2585 2125 2640 virtute
2149 2588 2263 2655 spei
2288 2587 2505 2642 elicitur
2546 2588 2623 2641 ib.

1806 2658 2046 2723 Qualiter
2076 2667 2293 2716 maneat
2312 2663 2372 2716 in
2392 2663 2589 2726 beatiS,
2610 2662 2686 2716 ib.

1810 2735 1932 2802 Spei
1964 2739 2230 2806 appetitus
2258 2739 2362 2794 fuit
2392 2739 2451 2792 in
2479 2739 2706 2803 Christo,
2730 2735 2871 2791 sicut
2902 2731 3205 2804 desperatio
3235 2743 3367 2786 sen·

1874 2813 2070 2878 sibilis,
2093 2815 2147 2868 d.
2174 2818 2252 2878 34,
2276 2829 2319 2868 S.
2342 2821 2389 2868 3.

1811 2889 1936 2943 Esse
1962 2894 2134 2956 potest
2158 2903 2283 2944 cum
2306 2889 2633 2945 certitudine
2660 2887 2789 2943 mali
2814 2887 3003 2954 futuri,
3026 2884 3100 2940 ib.

2372 3018 2596 3061 89111710
2623 3018 2819 3059 amn.

1801 3117 2036 3184 Spiratio
2064 3119 2239 3171 activa
2270 3129 2381 3172 non
2412 3117 2695 3171 constituit
2716 3127 3028 3183 personam,
3058 3111 3114 3167 d.
3145 3115 3287 3176 11,s.
3315 3115 3363 3164 4.

1806 3194 1921 3249 Non
1956 3200 2035 3247 est
2051 3195 2322 3258 accidens,
2351 3194 2480 3247 licet
2499 3193 2757 3247 adveniat
2774 3191 3023 3260 personis
3043 3187 3367 3251 constitutis,

1871 3285 1914 3323 s,
1950 3275 1999 3320 2.

2352 3358 2569 3398 artulfus
2600 3357 2827 3396 sanetus.

1808 3461 2043 3548 Spiritus
2074 3462 2303 3515 Sanctus
2328 3473 2561 3516 movens
2576 3465 2845 3526 quantum
2868 3456 3119 3512 conferat
3146 3455 3219 3509 ad
3254 3466 3371 3508 mc·-

1812 3535 2116 3679 &3¹21ssae
2122 3539 2541 3666 ᾖξέἱῑῗῇτῗιὶιίιιοι·
2564 3613 2735 3674 Patre,
2757 3609 2813 3664 d.
2833 3614 2883 3672 7,
2903 3622 2949 3662 s.
2974 3613 3023 3662 2.

1813 3689 1946 3742 Vide
1978 3690 2133 3742 Pater
2163 3696 2418 3742 aeternuS.

2016 3861 2031 3890 Ι
2188 3818 2461 3869 sumneno,
2494 3817 2749 3856 substerno
2781 3815 2989 3854 canton.

1813 3917 2179 3984 subjectionis
2204 3931 2405 3972 nomen
2434 3918 2573 3985 quid
2602 3917 2876 3984 importet,
2893 3915 2947 3967 d.
2974 3919 3053 3974 ⁴2,
3076 3927 3120 3966 s.
3143 3918 3192 3964 2.

1815 3995 1939 4061 Legi
1962 3995 2055 4048 Dei
2086 4001 2301 4048 aeternae
2319 4007 2413 4047 seu
2436 3994 2671 4048 naturali
2690 3993 2932 4045 Christus
2950 3989 3057 4043 suit
3078 3987 3371 4053 subjectus,

1879 4070 2017 4123 nulli
2040 4070 2133 4123 alii
2156 4071 2419 4138 positivae,
2437 4069 2564 4123 licet
2586 4068 2645 4122 id
2662 4081 2775 4122 non
2796 4063 3197 4134 repugnaverit,
3218 4063 3275 4116 d.
3290 4067 3374 4124 43,

1877 4161 1920 4200 S.
1952 4153 1999 4200 2.

1814 4224 1991 4278 llinor
2018 4225 2171 4278 Patre
2192 4235 2303 4276 non
2334 4227 2507 4289 potest
2524 4220 2655 4280 dici.
2679 4219 2787 4274 nisi
2816 4217 3165 4284 inquantum
3189 4217 3371 4280 bomo,

1879 4302 2155 4367 subjectus
2172 4310 2303 4354 vero
2330 4299 2427 4362 sic,
2458 4297 2514 4352 d.
2551 4302 2629 4360 43,
2648 4311 2696 4350 s.
2713 4303 2765 4349 1.

1880 4380 1995 4431 Non
2030 4383 2209 4432 autem
2232 4375 2437 4429 dicitur
2454 4375 2733 4439 subjectus
2766 4373 2873 4426 sibi
2910 4372 2999 4426 vel
3031 4371 3225 4436 Verbo,
3264 4367 3371 4422 nisi

1881 4467 2007 4507 cum
2040 4452 2248 4516 addito,
2280 4465 2324 4504 s.
2358 4455 2405 4504 4.

2444 4581 2731 4622 sun-sunm
2739 4602 2752 4616 .

1815 4681 2181 4736 Substantiam
2213 4681 2681 4748 supernaturalem
2714 4679 2835 4734 dari
2880 4691 2991 4747 qua
3038 4678 3251 4732 ratione
3282 4689 3373 4730 re-

1877 4764 2100 4824 pugnet,
2136 4758 2191 4812 d.
2229 4763 2308 4824 31,
2331 4773 2374 4811 a.
2400 4765 2446 4812 6.

1813 4835 1868 4888 Si
1901 4837 2045 4889 Deus
2069 4837 2323 4890 uniretur
2349 4833 2678 4902 hypostatice
2702 4830 3015 4885 substantiae
3046 4834 3371 4897 supernatu-

1877 4911 1998 4975 rali,
2023 4911 2129 4964 tale
2147 4911 2487 4980 suppositum
2507 4907 2712 4974 duplici
2742 4906 2901 4960 titulo
2919 4911 3059 4958 esset
3087 4905 3260 4959 Filius
3278 4905 3371 4958 Dei

1877 4989 2161 5054 naturaliS,
2198 4989 2353 5043 nullo
2380 4985 2681 5053 adoptivus
2704 4984 2759 5037 d.
2783 4988 2866 5049 49,
2888 4996 2933 5037 ε.
2954 4989 3005 5038 2.

2412 5115 2768 5156 sunsoertrma·

1814 5218 2185 5273 subsistentiae
2214 5229 2417 5274 nomen
2440 5217 2579 5283 quid
2600 5214 2887 5282 significet,
2908 5213 3065 5274 (1.11,
3088 5227 3133 5265 s.
3158 5217 3207 5265 3.

1813 5297 1904 5350 Est
1931 5297 2129 5350 modus
2160 5308 2258 5363 per
2288 5307 2346 5348 se
2373 5293 2658 5358 existendi,
2683 5291 2758 5345 ib.

1813 5372 2191 5436 subsistentia,
2216 5368 2620 5438 suppositalitas
2648 5373 2703 5421 et
2736 5365 3093 5434 personalitas
3132 5364 3277 5418 idem
3312 5364 3369 5416 in

1875 5448 2155 5510 creaturis,
2180 5447 2257 5500 ib.

1813 5522 2173 5578 Subsistentia
2198 5522 2441 5576 absoluta
2470 5521 2625 5588 quid,
2664 5521 2740 5573 ib.
