3892 6167
611 367 732 431 874

608 474 754 535 nius
790 476 852 533 et
887 470 1418 551 Theophylactus.
1455 474 1564 535 Est
1599 471 1897 551 frequens
1925 466 2173 549 phrasis

611 568 978 647 Scriptum,
1017 572 1084 629 ut
1111 568 1325 644 Tren„
1355 572 1398 631 4
1427 586 1440 629 :
1476 568 1710 648 Captus
1735 572 1828 631 est
1863 567 1933 629 iu
1974 580 2175 647 pecca·

613 663 702 725 tis
737 661 1004 735 nostris,
1039 660 1104 721 id
1139 666 1270 736 est,
1323 666 1582 740 propter
1620 668 1876 740 peccata
1931 664 2166 721 nostra.

613 755 801 817 Ratio
831 772 980 815 vero
1021 754 1226 817 solum
1255 762 1378 828 est,
1411 754 1558 835 quia
1583 800 1599 825 ‚
1645 753 2040 815 considerato
2075 770 2175 813 va·-

617 847 752 911 lore
782 847 1150 909 meritorum
1177 847 1435 924 Christi,
1477 848 2037 911 sufficientissimus
2060 846 2177 907 fuit

617 940 698 1005 ad
721 940 855 1001 haec
875 940 1088 1001 omnia
1111 940 1292 1003 nobis
1310 941 1760 1019 promerenda3
1785 938 2177 1001 considerata

615 1051 768 1095 vero
797 1032 1016 1095 ordine
1045 1033 1270 1095 divinas
1299 1034 1707 1113 praescientiae
1729 1039 1792 1097 et
1813 1032 2173 1107 voluntatis,

613 1126 798 1191 facile
823 1127 1014 1191 etiam
1038 1127 1298 1206 intelligi
1326 1134 1530 1206 potest
1558 1127 2014 1207 praescientiam
2044 1144 2175 1192 me-

615 1224 882 1285 ritorum
919 1223 1139 1285 Christi
1173 1225 1586 1285 antecessisse
1614 1224 1780 1287 hanc
1805 1222 2175 1285 electionem

619 1316 1246 1397 praedestinatorum,
1290 1322 1360 1377 ut
1409 1317 1620 1379 statim
1663 1315 2007 1399 explicabo.
2040 1318 2177 1379 Non

619 1416 716 1472 est
761 1427 914 1488 ergo
956 1428 1070 1471 cur
1095 1416 1363 1489 negetur
1411 1411 1576 1473 hanc
1621 1410 2019 1473 dilectionem
2061 1410 2179 1471 ha·-

619 1502 834 1565 buisse
861 1502 1338 1565 fundamentum
1371 1503 1435 1567 in
1477 1504 1710 1567 meritis
1739 1504 1999 1579 Christi,
2034 1520 2179 1565 cum

619 1598 740 1659 hoc
769 1596 852 1667 ad
877 1598 1184 1676 majorem
1213 1598 1434 1659 Christi
1458 1599 1720 1677 gloriam
1749 1598 2082 1677 pertineat,
2117 1601 2179 1660 et

617 1692 822 1771 magis
859 1692 1146 1754 ostendat
1173 1692 1238 1753 in
1267 1692 1478 1755 divina
1506 1693 1899 1772 providentia
1941 1692 2181 1772 perfec·-

620 1791 752 1847 tam
773 1786 1030 1863 ,iustitiae
1061 1792 1122 1847 et
1149 1786 1592 1849 misericordiae
1617 1787 1949 1849 rationem.

699 1882 798 1939 17.
864 1877 1146 1957 objectio.
1185 1912 1254 1925 -
1305 1879 1658 1960 Responsio.
1717 1912 1798 1929 -·
1855 1880 1979 1942 Sed
2034 1900 2181 1943 con-

623 1978 761 2048 tra,
803 1972 951 2049 quia
989 1973 1041 2033 si
1086 1973 1248 2033 Deus
1289 1972 1504 2037 dilexit
1543 1974 1660 2037 hos
1708 1974 2180 2052 praedestinatos

621 2072 880 2143 propter
909 2065 1206 2127 meritum
1239 2066 1484 2141 Christi,
1521 2084 1672 2146 ergo
1710 2070 1856 2129 ante
1883 2067 2056 2129 illam
2084 2068 2179 2131 di-

617 2156 958 2221 lectionem
999 2161 1374 2239 supponitur
1413 2161 1748 2239 praevisum
1794 2160 1952 2223 illud
1992 2163 2181 2223 meri-

617 2255 752 2313 tum
781 2256 852 2313 ut
875 2251 1316 2328 ordinandum,
1339 2271 1450 2315 seu
1471 2252 1860 2315 offerendum
1879 2272 1918 2315 a
1935 2255 2179 2317 Christo

618 2362 735 2423 pro
760 2344 882 2407 illis
917 2346 1131 2409 electis
1156 2346 1362 2426 potius
1395 2365 1586 2425 quam
1614 2342 1728 2426 p'ro
1759 2347 1917 2409 aliis.
1953 2348 2181 2413 Conse-

625 2456 829 2517 quens
863 2446 962 2503 est
985 2440 1215 2503 falsum
1247 2448 1310 2503 et
1345 2446 1563 2503 contra
1601 2441 1789 2504 dicta.
1821 2444 2187 2523 Responde-

625 2538 730 2595 tur
773 2534 1068 2613 negando
1109 2536 1668 2614 consequentiam;
1704 2536 1854 2597 satis
1891 2543 1988 2597 est
2016 2538 2185 2599 enim

630 2625 798 2703 quod
828 2626 898 2689 in
936 2626 1042 2689 illo
1073 2628 1254 2705 signo
1297 2628 1654 2707 praeviderit
1679 2629 1905 2691 merita
1935 2628 2182 2704 Christi,

618 2722 690 2780 ut
729 2720 1143 2783 sufficientem
1179 2722 1486 2785 rationem
1529 2723 1828 2802 diligendi
1869 2723 2181 2785 homines.

618 2812 796 2884 Quod
823 2812 1004 2875 facile
1027 2818 1236 2893 potest
1259 2815 1546 2895 exemplo
1575 2814 1917 2879 declarari:
1943 2815 2187 2879 sienim

621 2904 750 2967 dux
781 2906 1008 2985 aliquis
1047 2907 1148 2969 vel
1188 2908 1372 2971 miles
1393 2908 1558 2971 bene
1587 2910 1849 2971 meritus
1891 2909 2061 2989 apud
2084 2928 2187 2971 re·-

621 3014 766 3079 gem
797 2998 1018 3061 offerat
1057 3018 1174 3063 sua
1203 3000 1449 3075 merita,
1482 3006 1552 3061 ut
1573 3000 1760 3063 alicui
1788 3020 1870 3063 ex
1893 3002 2035 3065 filiis
2058 3002 2183 3063 suis

622 3092 956 3171 praemium
985 3092 1264 3172 aliquod,
1288 3094 1388 3155 vel
1415 3093 1780 3171 dignitatem
1823 3114 1938 3159 rex
1964 3094 2182 3157 confe-

621 3190 752 3255 rat,
793 3186 1080 3261 quamvis
1123 3187 1254 3265 ipse
1299 3204 1428 3247 non
1459 3187 1747 3267 designet
1787 3188 1955 3251 hunc
1982 3188 2183 3250 filium

621 3278 832 3356 potius
855 3296 1046 3357 quam
1072 3278 1269 3353 illum,
1293 3279 1405 3341 sed
1433 3298 1512 3343 ex
1532 3281 1854 3343 voluntate
1883 3281 2182 3361 principis

621 3370 764 3433 talis
797 3371 1019 3433 electio
1057 3372 1196 3445 fiat,
1238 3373 1646 3435 nihilominus
1673 3375 1993 3435 verissime
2024 3374 2181 3437 dici-

621 3468 762 3536 tur,
805 3480 1024 3544 regem
1063 3466 1334 3527 voluisse
1382 3466 1470 3527 illi
1515 3467 1889 3529 benefacere
1923 3475 2180 3547 propter

621 3558 848 3619 merita
876 3560 1090 3637 patris.
1123 3561 1204 3621 Et
1242 3560 1308 3621 in
1348 3560 1788 3639 reprobatione
1821 3562 2173 3634 hominum,

619 3651 800 3729 juxta
839 3652 1228 3731 probabilem
1273 3653 1652 3713 sententiam
1681 3654 2055 3731 Augustini,
2085 3659 2179 3715 est

622 3744 881 3809 evidens
905 3745 1258 3824 exemplum
1274 3766 1293 3819 ;
1325 3744 1574 3822 aliquos
1597 3746 1766 3807 enim
1794 3752 2052 3825 propter
2080 3765 2180 3809 so-

619 3838 752 3899 lum
806 3840 1109 3919 originale
1152 3844 1484 3918 peccatum
1523 3839 1718 3901 voluit
1757 3842 1926 3903 Deus
1971 3841 2178 3902 exclu-

621 3931 774 3995 dere
809 3952 846 3995 a
881 3948 1082 4011 regno
1101 3976 1126 4007 ,
1155 3931 1304 4010 quia
1331 3932 1437 3993 illa
1485 3939 1582 3994 est
1623 3932 1936 3995 sufficiens
1974 3935 2133 3997 ratio
2157 3980 2174 4010 ,

620 4043 986 4105 quanquam
1023 4026 1496 4104 comparatione
1531 4025 1692 4089 facta
1729 4045 1858 4089 non
1908 4028 2180 4106 potuerit

623 4138 760 4183 esse
791 4121 950 4183 ratio
989 4126 1248 4199 propter
1285 4138 1476 4199 quam
1513 4122 1630 4183 iste
1659 4122 2032 4201 reprobetur
2068 4140 2180 4201 po-

615 4215 740 4275 tius
773 4232 964 4292 quam
995 4212 1155 4277 alius
1191 4212 1434 4275 habens
1479 4215 1680 4277 simile
1705 4215 2007 4295 originale
2038 4234 2180 4296 pec·

617 4309 852 4373 catum.
1307 4364 1318 4375 ‚

701 4402 800 4463 18.
849 4398 971 4461 Sed
1016 4400 1118 4461 hic
1149 4406 1484 4463 occurrunt
1523 4402 1920 4465 difficultates
1960 4421 2179 4467 omues

617 4491 686 4553 in
733 4492 1162 4571 superioribus
1212 4500 1414 4557 tactae.
1461 4495 1665 4557 Prima
1701 4502 1826 4569 est,
1861 4495 2012 4575 quia
2048 4514 2178 4557 non

615 4590 958 4667 potuerunt
1001 4584 1224 4649 Christi
1272 4589 1492 4651 merita
1548 4589 1876 4667 praevideri
1919 4607 1961 4650 a
1994 4590 2125 4651 Deo
2154 4632 2170 4665 ,

613 4678 789 4758 prius
817 4678 1060 4741 ratione
1089 4698 1282 4759 quam
1312 4682 1502 4745 vellet
1530 4682 1872 4745 electorum
1910 4682 2173 4762 gloriam

614 4772 854 4833 efficaci
891 4771 1262 4847 dilectione3
1307 4792 1460 4854 ergo
1505 4793 1634 4837 non
1685 4778 2029 4855 potuerunt
2068 4775 2175 4837 illa

609 4865 834 4928 merita
855 4881 992 4927 esse
1013 4866 1168 4929 ratio
1191 4868 1424 4929 motiva
1447 4868 1528 4928 ad
1547 4868 1738 4931 talem
1771 4868 2166 4929 electionem.

611 4958 1008 5019 Antecedens
1047 4964 1250 5039 patet,
1299 4964 1434 5021 tum
1483 4963 1630 5038 quia
1679 4962 1866 5025 simul
1913 4961 2171 5021 omnino

608 5050 986 5113 voluitDeus
1007 5069 1230 5115 omnes
1252 5052 1724 5132 praedestinatos
1743 5072 1884 5116 cum
1901 5054 2166 5128 Christe,

1839 367 2077 431 QUAEST.
2109 366 2243 423 xlx.
2275 368 2477 423 Anne.
2514 370 2597 423 [V.

2254 467 2384 541 illa,
2418 474 2481 531 et
2510 468 2801 531 ordinare
2830 468 2938 531 illa
2964 467 3044 531 ad
3090 473 3375 531 nostrum
3406 479 3699 545 commodum

2254 580 2370 623 seu
2407 561 2753 641 praemium,
2784 580 2979 640 seque
3008 561 3293 641 obligare
3312 563 3424 625 sub
3446 569 3701 635 conditione

2253 656 2473 718 talium
2504 675 2792 735 operum,
2818 656 2899 719 ad
2928 657 3055 719 tale
3078 656 3407 735 praemium
3430 658 3507 719 illi
3524 664 3703 727 redden-

2258 749 2408 811 dum
2438 751 2504 813 in
2527 750 2753 823 nobis;
2787 752 2918 813 hoec
2946 750 3118 813 enim
3146 749 3359 811 omnia
3384 758 3703 833 praerequisita

2260 851 2405 909 sunt
2446 846 2531 907 ad
2570 850 2888 921 meritum,
2920 852 2991 909 ut
3038 864 3232 925 supra
3272 846 3467 909 visum
3500 857 3705 931 est3qm

2254 944 2472 1001 autem
2500 944 2649 1001 sunt
2676 941 3111 1019 pra-‚requisita
3140 939 3223 1001 ad
3252 939 3543 1011 meritum,
3560 962 3709 1024 suppe-

2258 1038 2497 1093 nuntur
2538 1032 2619 1095 ad
2664 1033 3125 1111 praescientiam
3174 1032 3386 1093 meriti
3428 1030 3707 1107 futu1i,nec

2256 1131 2521 1204 possunt
2542 1125 2659 1187 sub
2682 1126 2809 1189 tale
2836 1127 3133 1189 meritum
3155 1124 3405 1187 cadere.
3425 1128 3708 1193 Rursnshaec

2260 1218 2484 1279 eadem
2524 1219 2811 1283 voluntas
2852 1220 3225 1283 meritorum
3262 1217 3475 1281 Christi
3510 1232 3709 1301 supponi:

2260 1312 2637 1375 electionem
2664 1314 2992 1377 hominum
3030 1313 3602 1393 praedestinatorum,
3622 1322 3711 1395 quia

2260 1412 2659 1485 comparatur
2684 1408 2767 1469 ad
2814 1408 2983 1471 illam
3001 1450 3016 1479 ,
3060 1408 3227 1469 sicut
3254 1406 3529 1469 voluntas
3554 1412 3711 1473 medio-

2258 1518 2398 1561 rum
2430 1500 2515 1559 ad
2540 1500 2928 1563 voluntatem
2966 1500 3143 1571 finis;
3186 1517 3343 1580 ergo
3388 1500 3463 1561 de
3500 1503 3711 1578 primoad

2262 1594 2547 1657 ultimum
2586 1596 2807 1659 electio
2834 1595 3422 1683 praedestinatorum
3454 1614 3561 1657 non
3587 1602 3713 1675 potuit

2262 1706 2621 1767 supponere
2662 1689 3129 1767 praescientiam
3173 1689 3529 1751 meritorum
3551 1690 3711 1753 Christi.

2342 1786 2460 1847 19:
2487 1783 2779 1847 Secunda
2808 1782 3146 1847 difficultas
3173 1788 3317 1855 est,
3350 1782 3494 1861 quia
3514 1831 3529 1853 ,
3554 1784 3595 1845 si
3612 1784 3717 1847 Chri·

2260 1882 2394 1939 stus
2422 1877 2653 1939 meruit
2696 1877 3159 1957 praedestinatis
3190 1875 3551 1939 electionem
3580 1877 3715 1937 effica-

2262 1989 2401 2033 cem
2424 2016 2439 2045 ,
2476 1989 2626 2049 ergo
2662 1971 2893 2033 meruit
2924 1972 3215 2052 reprobis
3254 1988 3397 2035 eam
3426 1970 3715 2033 dilectiones

2260 2064 2609 2145 simplicem
2636 2083 2747 2129 seu
2772 2065 3287 2139 antecedentem,
3306 2082 3435 2143 qua
3452 2062 3519 2125 sd
3542 2065 3715 2142 gloriam

2262 2158 2533 2221 ordinati
2558 2164 2724 2232 sunt,
2758 2177 2835 2221 ex
2853 2159 2915 2219 vi
2930 2161 3113 2237 cujus
3132 2158 3371 2221 dantur
3394 2157 3483 2219 eis
3504 2156 3717 2220 sufficien-

2260 2256 2347 2317 tia
2400 2254 2611 2315 media
2664 2254 2749 2315 ad
2798 2254 3065 2335 gloriam
3122 2252 3631 2332 consequendam
3664 2262 3717 2315 est

2267 2350 2434 2413 enim
2476 2350 2734 2428 aequalis
2776 2352 2939 2411 ratio
2972 2372 2988 2411 :
3028 2350 3151 2411 hoc
3196 2356 3411 2411 autem
3440 2348 3627 2409 falsum
3652 2358 3717 2423 est,

2265 2443 2411 2522 quia
2441 2460 2641 2503 unum
2682 2460 2761 2505 ex
2802 2442 3031 2505 mediis
3060 2440 3513 2504 sufficientibus
3536 2458 3641 2517 qua
3660 2460 3719 2501 ra·

2266 2536 2436 2619 tione
2467 2535 2635 2597 illius
2668 2537 3007 2599 voluntatis
3052 2536 3223 2597 Deus
3264 2533 3501 2597 confert
3526 2534 3719 2597 omnibs

2266 2627 2653 2703 hominibus,
2682 2634 2777 2691 est
2799 2628 3012 2707 ipsum
3038 2628 3265 2692 Christi
3288 2627 3567 2689 meritum
3596 2624 3721 2687 infin-

2268 2727 2403 2783 tum
2448 2721 2658 2799 quoad
2710 2720 3150 2783 sufficientiam
3176 2739 3193 2793 ς
3238 2736 3377 2781 non
3434 2736 3567 2798 ergo
3602 2720 3723 2796 potuit

2267 2814 2393 2877 tale
2420 2814 2717 2875 meritum
2742 2832 2881 2875 esse
2908 2816 3069 2877 ratio
3096 2814 3263 2877 illins
3298 2813 3623 2875 voluntatis.
3641 2814 3725 2873 Ter·

2266 2908 2352 2971 tia
2384 2907 2717 2969 difficultas
2746 2913 2878 2983 est,
2904 2908 3053 2985 quia
3082 2926 3163 2971 ex
3204 2908 3311 2969 his
3342 2907 3580 2969 ulterius
3600 2908 3725 2981 sequi-

2264 3006 2388 3074 tur,
2422 2998 2708 3061 absolute
2736 3004 2801 3061 et
2826 3000 3194 3080 simpliciter
3224 2999 3540 3077 loquendo
3554 3042 3571 3073 ‚
3600 3000 3725 3057 Deum

2266 3092 2591 3155 ordinasse
2616 3093 2907 3155 homines
2942 3094 3025 3155 ad
3054 3094 3327 3173 gloriam
3352 3139 3371 3166 ‚
3402 3094 3525 3155 sive
3550 3091 3725 3153 efficati-

2264 3192 2383 3261 ter,
2420 3186 2551 3247 sive
2574 3186 2981 3263 sufficienter,
3009 3186 3091 3249 ob
3118 3186 3349 3251 Christi
3374 3187 3650 3255 meritum
3670 3202 3724 3243 se·

2264 3281 2477 3359 quitur
2506 3280 2773 3343 subinde
2802 3281 2973 3343 illam
2996 3282 3108 3343 Dei
3137 3282 3540 3355 voluntatem,
3558 3297 3651 3356 qua
3663 3297 3723 3337 a>

2260 3374 2377 3435 luit
2427 3394 2723 3453 reparare
2779 3376 3123 3437 humanam
3182 3382 3479 3438 naturam
3525 3375 3721 3451 lapsam:

2258 3468 2455 3529 fuisse
2506 3486 2585 3531 ex
2628 3469 2871 3530 meritis
2916 3468 3137 3533 Christi
3166 3468 3473 3548 praevisis,
3518 3466 3633 3545 quia
3664 3465 3721 3523 illa

2259 3562 2572 3636 voluntas,
2621 3562 2721 3623 vel
2770 3561 3109 3626 includitur
3148 3562 3219 3623 in
3262 3560 3460 3640 priori
3500 3560 3721 3619 vuluntate

2258 3653 2621 3715 conferendi
2656 3654 2920 3734 gloriam
2960 3653 3351 3725 hominibus,
3380 3652 3479 3715 vel
3504 3656 3639 3713 certe
3666 3667 3723 3709 se·

2259 3748 2535 3809 cundum
2562 3748 2869 3809 rationem
2907 3753 2999 3809 est
3045 3748 3356 3826 posterior
3392 3746 3527 3818 illa3
3560 3751 3611 3806 et
3638 3761 3723 3804 con·

2260 3846 2597 3919 sequenter
2642 3840 2845 3901 multo
2891 3841 3093 3921 magis
3138 3840 3311 3903 cadit
3366 3839 3479 3901 suh
3523 3838 3723 3899 meritum

2260 3934 2483 3997 Christi
2510 3952 2703 4013 quam
2724 3934 2865 4007 illa3
2890 3935 3019 3997 hoec
3040 3941 3257 3996 autem
3275 3952 3423 4014 qnoe
3442 3932 3721 3999 intexuntur,

2260 4028 2551 4089 videntur
2574 4026 2753 4101 falsa,
2782 4027 3056 4105 satisque
3086 4028 3455 4107 impugnata
3484 4040 3721 4103 argumen-

2259 4120 2339 4183 tis
2382 4116 2707 4181 contrariae
2753 4120 3101 4183 sententiis.

2339 4216 2435 4275 90.
2456 4214 2554 4277 Ad
2582 4214 2697 4275 has
2724 4213 3142 4288 difficultates,
3174 4214 3450 4293 primum
3481 4212 3539 4274 in
3564 4224 3717 4289 genere

2262 4307 2563 4379 concedo,
2610 4324 2797 4369 omne
2840 4308 2953 4369 Dei
3004 4306 3403 4381 beneficium,
3440 4316 3719 4377 omnemque

2258 4401 2367 4461 Dei
2398 4399 2904 4463 benevolentiam
2932 4418 3085 4479 erga
3112 4400 3424 4470 homines,
3444 4398 3539 4461 cui
3554 4410 3717 4457 nonre

2256 4499 2496 4572 pugnet
2518 4493 2787 4572 supponi
2802 4493 3027 4555 Christi
3046 4493 3297 4567 merita,
3312 4492 3527 4555 saltem
3541 4490 3593 4549 in
3607 4494 3717 4548 aler

2256 4586 2449 4647 nitate
2478 4585 2741 4664 praevisa
2778 4590 2848 4647 ut
2874 4584 3085 4649 futura
3110 4630 3127 4661 ,
3170 4584 3425 4647 fundari
3464 4584 3527 4646 in
3558 4580 3715 4642 eisdem

2252 4678 2513 4753 meritis,
2540 4696 2653 4739 seu
2684 4678 2799 4741 ista
2842 4679 3067 4741 merita
3094 4685 3165 4741 ut
3190 4679 3449 4759 praevisa
3474 4677 3631 4738 fuisse
3654 4690 3713 4733 ra·

2253 4772 2487 4835 tionem
2516 4790 2630 4835 seu
2670 4773 2973 4835 motivum
2999 4774 3141 4835 talis
3177 4772 3464 4835 beneficii
3490 4790 3553 4833 ac
3589 4770 3714 4829 hene·

2252 4865 2539 4927 velentiae
2567 4864 2809 4927 divinae.
2838 4866 2969 4927 Hoc
2992 4867 3163 4929 enim
3191 4865 3545 4946 principium
3570 4866 3714 4923 estsu-

2254 4958 2333 5019 tis
2358 4964 2853 5020 consentaneum
2886 4960 3101 5035 Paulo,
3128 4960 3211 5021 ad
3234 4960 3387 5039 Eph.
3416 4961 3472 5033 1,
3513 4960 3713 5029 utsupra

2251 5056 2585 5113 tractatum
2614 5058 2741 5126 est3
2771 5058 2989 5129 estque
3017 5052 3203 5114 valde
3232 5067 3557 5115 consonum
3580 5042 3711 5121 digni·

607 5142 678 5205 in
704 5143 970 5222 gloriam
1001 5146 1254 5220 Christi;
1283 5147 1475 5223 unde,
1509 5150 1670 5211 sicut
1698 5148 1918 5211 merita
1941 5146 2167 5210 Christi
2248 5145 2359 5205 tati
2392 5145 2614 5205 Christi
2652 5152 2716 5206 et
2744 5144 3113 5207 meritorum
3142 5147 3299 5224 ejus.
3331 5142 3547 5209 Deinde
3580 5134 3707 5202 addo,

605 5254 736 5299 non
755 5244 1096 5317 potuerunt
1116 5257 1254 5301 esse
1274 5241 1434 5301 ratio
1458 5242 1690 5302 motiva
1715 5240 1794 5303 ad
1825 5241 2167 5303 volendum
2246 5255 2373 5297 non
2414 5255 2771 5316 repugnare
2806 5237 2953 5299 huic
2980 5239 3227 5315 merito,
3271 5237 3429 5318 quod
3445 5238 3605 5305 Deus,
3626 5242 3709 5291 uno

603 5330 812 5410 ipsum
837 5332 1172 5406 Christum,
1201 5333 1286 5395 ita
1310 5350 1522 5411 neque
1539 5334 1624 5395 ad
1647 5334 1983 5397 volendum
2008 5334 2166 5395 alios
2245 5336 2389 5392 actu
2436 5331 2829 5407 indivisibili,
2862 5330 3052 5393 simul
3108 5332 3227 5393 suh
3278 5330 3479 5409 aliqua
3506 5320 3705 5421 conside

598 5423 1091 5503 praedestinatos.
1122 5426 1280 5487 Tum
1311 5426 1502 5489 etiam
1545 5426 1695 5505 quia
1723 5427 1896 5507 prius
1923 5426 2163 5489 ratione
2242 5424 2487 5485 ratione
2518 5442 2635 5485 nos
2664 5430 2727 5485 et
2762 5424 3075 5487 Christum
3105 5432 3175 5486 ut
3197 5425 3500 5487 hominem
3520 5418 3703 5493 elegatn

599 5520 792 5593 quam
817 5518 986 5579 Deus
1028 5520 1406 5596 praesciverit
1435 5520 1656 5583 Christi
1685 5521 1934 5594 merita,
1964 5518 2161 5581 voluit
2244 5524 2309 5581 et
2336 5518 2877 5597 praeordinaverit,
2902 5518 3077 5581 illum
3102 5518 3187 5583 ed
3220 5536 3357 5581 esse
3376 5516 3497 5579 Filii
3520 5510 3609 5573 Dei
3628 5524 3699 5565 m-
