3892 6167
597 398 717 461 166

593 500 837 563 videtur
885 498 1175 581 impediri
1228 498 1378 577 finis
1415 496 1876 563 incarnationis.
1940 494 2157 557 Primo

599 594 839 673 quidem
865 592 1012 672 quia
1031 638 1047 665 ,
1072 597 1330 673 propter
1357 592 1698 671 hujusmodi
1723 590 2153 668 infirmitates,

600 688 867 751 homines
894 686 967 749 ab
992 686 1120 765 ejus
1151 686 1484 767 coqnitione
1511 686 1992 767 impediebantur
2016 730 2031 757 ,
2061 701 2158 747 se-

601 782 862 847 cundum
905 779 1071 843 illud
1113 778 1267 843 Isai.
1314 783 1389 843 53
1433 801 1447 842 :
1499 779 1993 841 Desideracimus
2028 794 2159 838 eum

601 876 958 955 despectum,
1001 882 1056 937 et
1086 874 1471 937 novissimum
1495 874 1786 945 virorum,
1817 872 2017 935 virwm
2050 873 2160 933 do·

601 968 829 1039 lorum,
869 972 925 1031 et
955 966 1234 1031 scientem
1261 967 1712 1045 infirmitatem,
1732 970 1788 1027 et
1817 966 1997 1045 quasi
2020 965 2161 1026 abs-

601 1062 876 1125 conditus
931 1064 1018 1125 est
1070 1060 1276 1123 ‘vultus
1330 1060 1460 1141 ejus
1481 1109 1498 1135 ,
1525 1056 1616 1123 ”et
1671 1062 1976 1139 despectus
2008 1104 2023 1129 ,
2052 1074 2163 1119 un-

598 1156 673 1217 de
700 1172 805 1219 nec
829 1154 1241 1235 reputavimus
1267 1173 1416 1219 eum.
1453 1152 1730 1217 Secundo
1751 1200 1767 1225 ,
1802 1152 1951 1231 quia
1976 1168 2158 1214 sanc-

597 1252 798 1311 torum
842 1249 1110 1313 Patrum
1162 1248 1526 1313 desiderium
1576 1264 1696 1307 non
1747 1246 1989 1309 videtur
2034 1246 2157 1305 im-

585 1338 794 1423 pleri,
841 1362 916 1405 ece
951 1360 1205 1425 quorum
1231 1360 1499 1423 persona
1542 1342 1771 1403 dicitm·
1819 1338 1973 1401 Isai.
2024 1338 2095 1400 51
2135 1356 2149 1400 :

601 1434 910 1519 Consurye
937 1487 952 1513 ‚
1003 1453 1289 1521 consurqe
1317 1482 1333 1508 ,
1389 1434 1640 1496 induere
1688 1432 2113 1513 fortitudinem
2136 1478 2152 1505 ,

599 1530 909 1593 brachium
943 1528 1215 1593 Domini.
1263 1527 1500 1603 Tertio,
1540 1527 1687 1607 quia
1735 1524 2159 1607 conqruentius

583 1641 706 1703 per
731 1624 1157 1701 fortitudinem
1177 1669 1196 1695 ,
1230 1638 1413 1701 quam
1431 1639 1547 1701 per
1570 1618 2029 1696 infirmitatem,
2061 1616 2159 1679 vi-

598 1716 850 1779 debatur
886 1721 943 1779 et
978 1720 1249 1797 potestas
1287 1712 1514 1777 diaboli
1532 1730 1706 1795 posse
1745 1710 2061 1795 superari,
2104 1715 2159 1773 et

598 1808 864 1871 bumana
893 1808 1232 1886 infirmitas
1247 1826 1423 1889 posse
1449 1806 1682 1869 sanari.
1717 1804 1866 1869 Non
1893 1822 2031 1887 erqo
2060 1804 2158 1865 vi-

599 1902 776 1966 detur
814 1904 1160 1967 conveniens
1184 1902 1371 1979 fuisse
1401 1950 1414 1975 ,
1461 1900 1620 1981 quod
1642 1898 1855 1961 Filius
1883 1898 2001 1961 Dei
2040 1898 2159 1959 bu-

597 2014 844 2059 manam
881 2003 1170 2061 naturam
1209 1994 1602 2075 assumpserit
1642 2010 1776 2057 cum
1816 1988 2158 2076 corporati-

598 2088 704 2151 bus
732 2088 1230 2167 infirmitatibus,
1259 2090 1380 2152 sive
1409 2089 1751 2167 defectibus.

674 2178 809 2245 Sed
847 2188 1058 2247 contra
1096 2188 1182 2247 est
1219 2185 1378 2265 quod
1417 2184 1644 2248 dicitur
1670 2180 1821 2244 Heb.
1851 2184 1889 2243 2
1914 2200 1926 2242 :
1956 2176 2040 2239 In
2065 2198 2149 2255 eo,

593 2272 664 2337 in
687 2292 803 2353 quo
821 2294 1043 2356 passus
1067 2278 1196 2359 ipse
1224 2282 1312 2341 est
1341 2281 1398 2340 et
1426 2281 1714 2353 tentatus,
1743 2278 1961 2357 potens
1983 2277 2069 2337 est
2098 2278 2155 2334 et

592 2366 702 2445 eis,
731 2369 838 2447 qui
863 2374 1179 2435 tentantur
1197 2422 1211 2448 ,
1248 2371 1568 2435 auxiliari.
1592 2368 1721 2433 Sed
1744 2370 1827 2431 ad
1857 2370 1965 2431 boc
1992 2368 2153 2429 venit

591 2464 660 2523 ut
688 2480 795 2526 nos
821 2458 1140 2543 'adiuvaret
1153 2489 1180 2537 ;
1207 2466 1363 2529 unde
1391 2469 1448 2528 et
1475 2464 1684 2528 David
1711 2463 1991 2525 dicebat:
2030 2460 2152 2523 Le-

590 2556 730 2619 vavi
756 2558 954 2622 oculos
977 2578 1134 2623 meos
1157 2561 1226 2623 in
1251 2564 1477 2622 montes
1507 2610 1521 2635 ,
1566 2558 1722 2621 unde
1747 2557 1944 2619 veniet
1970 2554 2155 2617 auxi-

595 2646 748 2711 lium
796 2653 968 2717 mibi.
1029 2654 1204 2737 Erqo
1255 2655 1599 2719 conveniens
1645 2654 1770 2732 fuit
1811 2656 1884 2712 ut
1938 2648 2153 2711 Filius

591 2742 712 2807 Dei
732 2762 974 2809 carnem
1001 2750 1416 2829 assumpserit,
1441 2746 1912 2825 infirmitatibus
1933 2746 2151 2807 buma-

592 2836 694 2899 nis
720 2838 1116 2919 subjacentem
1135 2888 1151 2915 ,
1195 2846 1264 2903 ut
1293 2843 1361 2903 in
1392 2861 1462 2905 ea
1491 2845 1695 2923 posset
1727 2840 1874 2921 pati
1915 2843 1971 2901 et
2014 2842 2149 2900 ten-

593 2931 744 3003 tari,
794 2936 850 2993 et
896 2935 985 2999 sic
1033 2936 1337 2998 auxilium
1379 2936 1550 2998 nobis
1577 2938 1759 3013 ferre.

671 3024 1014 3105 Respondeo
1041 3029 1356 3092 dicendum
1391 3028 1738 3093 conveniens
1766 3024 1975 3104 fuisse,
2015 3042 2149 3088 cor-

581 3136 708 3199 pus
731 3126 1104 3203 assumptum
1131 3142 1171 3185 a
1195 3121 1368 3185 Filio
1394 3123 1533 3197 Dei,
1566 3120 1847 3183 numanis
1873 3118 2151 3197 infirmi-

592 3214 822 3277 tatibus
840 3219 897 3277 et
921 3218 1246 3296 defectibus
1262 3216 1586 3296 subjacere,
1615 3219 1673 3278 et
1690 3214 2151 3294 proecipuepro-

580 3310 731 3387 pter
770 3309 918 3373 tria.
971 3310 1187 3371 Primo
1222 3310 1485 3390 quidem,
1504 3310 1651 3391 quia
1689 3310 1772 3369 ad
1802 3309 1908 3370 leoc
1933 3306 2151 3370 Filius

591 3400 711 3463 Dei
738 3420 919 3466 carne
941 3409 1255 3485 assumpta
1280 3405 1444 3467 venit
1475 3405 1542 3465 in
1567 3404 1855 3465 mundum
1879 3449 1896 3474 ,
1941 3406 2013 3462 ut
2028 3420 2151 3481 pro

579 3502 826 3577 peccato
852 3499 1104 3561 numani
1125 3500 1364 3581 generis
1389 3499 1790 3579 satisfaceret.
1842 3496 2022 3559 Unus
2044 3512 2153 3558 au·

589 3593 708 3651 tem
726 3610 846 3671 pro
874 3596 1121 3672 peccato
1150 3592 1410 3655 alterius
1442 3590 1758 3671 satisfacit
1779 3637 1796 3664 ,
1837 3592 1983 3651 dum
2009 3608 2151 3670 poe-

588 3700 732 3747 nam
749 3704 870 3765 pro
892 3692 1136 3766 peccato
1165 3687 1356 3750 alteri
1384 3688 1666 3759 debitam,
1697 3686 1766 3747 in
1788 3703 1849 3747 sc
1871 3686 2143 3765 suscipit.

587 3774 960 3857 Hujus-modi
982 3786 1182 3845 autem
1213 3782 1476 3861 defectus
1499 3776 1860 3864 corporales,
1893 3778 2145 3855 scilicet,

586 3888 768 3945 mors,
816 3876 1032 3952 fames,
1077 3876 1238 3949 sitis,
1284 3876 1340 3937 et
1383 3874 1747 3957 hujusmodi,
1792 3876 1933 3934 sunt
1963 3890 2150 3953 poena

579 3968 836 4045 peccati,
867 3972 1028 4049 quod
1055 3974 1140 4032 est
1167 3972 1236 4032 in
1256 3972 1550 4033 mundum
1565 3986 1684 4051 per
1707 3966 2148 4029 Adam‘intro-

585 4060 829 4123 ductum
854 4113 868 4139 ,
913 4066 1234 4127 secundum
1269 4064 1438 4127 illud
1475 4062 1649 4126 Rom.
1685 4064 1766 4125 5:
1810 4060 1938 4123 Per
1962 4080 2149 4122 ‘tenum

583 4154 878 4217 bominem
895 4164 1211 4237 peccatum
1231 4158 1493 4221 intravit
1518 4156 1585 4218 in
1612 4156 1922 4231 mundum,
1958 4164 2013 4216 et
2030 4173 2148 4237 per

571 4253 888 4326 peccatum
914 4270 1093 4316 mors.
1126 4252 1303 4315 Unde
1322 4252 1664 4317 conveniens
1674 4250 1825 4330 fuit,
1851 4252 2146 4327 quantum

581 4342 668 4403 ad
687 4342 872 4417 finem
891 4345 1353 4423 incarnationis,
1387 4346 1543 4425 quod
1569 4342 1909 4423 hujusmodi
1924 4358 2145 4422 poena-

585 4428 793 4499 litates
822 4436 891 4499 in
917 4442 1124 4503 nostra
1146 4444 1373 4503 natura
1397 4440 1722 4521 susciperet
1745 4438 1868 4500 vice
1894 4446 2103 4500 nostra
2121 4484 2139 4511 ,

580 4532 898 4593 secundum
926 4532 1091 4597 illud
1116 4533 1271 4597 Isai.
1304 4538 1424 4597 55:
1471 4534 1622 4601 Vere
1652 4532 1971 4615 lan-quor&
2001 4549 2143 4594 nos-

581 4626 706 4685 tros
737 4624 863 4703 ipse
891 4626 1057 4691 tulit.
1103 4626 1378 4691 Secundo
1399 4677 1413 4701 ‚
1437 4631 1694 4708 propter
1717 4626 1904 4704 fidem
1929 4626 2141 4689 incar-

576 4717 848 4780 nationis
893 4722 1306 4784 astruendam.
1357 4718 1509 4783 Cum
1554 4720 1713 4783 enim
1751 4724 1980 4781 natura
2022 4722 2140 4782 bu-

575 4826 762 4875 mana
805 4830 927 4875 non
970 4813 1159 4877 aliter
1204 4818 1352 4879 esset
1399 4818 1542 4877 nota
1590 4812 1927 4876 bominibus
1951 4865 1965 4890 ,
2016 4816 2141 4878 nisi

563 4910 756 4987 prout
782 4907 1125 4988 hujusmodi
1148 4907 1560 4989 corporalibus
1584 4906 1914 4987 defectibus
1927 4908 2139 4985 subja—

575 5002 686 5073 cet,
717 5000 774 5062 si
794 5000 922 5065 sine
949 5001 1046 5064 bis
1073 5002 1397 5082 defectibus
1423 5000 1636 5065 Filius
1658 5000 1776 5063 Dei
1805 5002 2135 5064 humanam

571 5096 864 5156 naturam
887 5097 1325 5177 assumpsisset,
1355 5097 1662 5159 videretur
1687 5112 1807 5156 non
1828 5096 2019 5172 fuisse
2042 5114 2135 5158 ve-

570 5204 679 5250 rus
725 5188 893 5251 bomo
907 5236 924 5263 ,
977 5206 1081 5254 nec
1129 5208 1336 5254 veram
1385 5208 1623 5254 carnem
1670 5188 1973 5263 babuisse,
2029 5192 2136 5254 sed

558 5283 1022 5363 phantasticam
1051 5330 1070 5359 ,
1121 5289 1192 5347 ut
1244 5284 1578 5347 Manichaei
1621 5287 1975 5365 posuerunt.
2037 5284 2132 5346 Et

1849 396 2084 461 QUAEST.
2120 394 2246 451 xw.
2280 396 2482 451 Anne.
2518 398 2558 451 1.

2239 498 2428 559 bomo.
2488 496 2669 561 Unde
2695 498 2754 559 et
2779 494 2857 558 B.
2894 492 3163 559 Thomas
3178 509 3293 577 per
3316 501 3687 575 aspectuum&

2236 608 2447 653 nerum
2474 595 2561 653 est
2588 591 2672 653 ad
2699 589 2885 668 fidem
2904 594 3232 665 revocatus,
3262 594 3331 651 ut
3352 590 3545 654 dieitur
3562 593 3684 659 Jeae.

2240 687 2337 748 90.
2375 684 2612 760 Tertio,
2642 688 2901 765 propter
2926 683 3259 764 exemptum
3286 685 3563 764 patientia
3586 692 3691 765 quod

2238 779 2407 840 nobis
2452 778 2706 850 exbibet,
2746 778 3060 857 passiones
3100 782 3159 839 et
3204 780 3450 857 defectees
3487 780 3691 846 humans

2241 872 2491 949 fortiter
2534 870 2848 934 tolerando
2878 894 2903 942 ;
2953 872 3111 933 unde
3154 871 3375 935 dicitur
3412 872 3567 935 Hebr.
3610 879 3687 937 ⁴2:

2244 962 2563 1027 Sustinuit
2594 984 2634 1027 a
2662 966 3080 1045 peccatoribus
3110 966 3389 1028 adversus
3408 966 3691 1047 semetipsum
3757 983 3776 1069 q:

2244 1058 2777 1121 contradictionem
2800 1106 2816 1133 ,
2860 1063 2931 1121 ut
2962 1074 3085 1120 non
3122 1058 3459 1141 fatiqemim‘
3480 1106 3494 1132 ,
3540 1061 3693 1125 animis
3757 1074 3776 1145 {1

2236 1154 2457 1215 vestris
2481 1153 2845 1231 deficientes.
3755 1199 3767 1248 Ι

2316 1246 2425 1309 Aa
2438 1248 2714 1329 primum
2738 1266 2877 1332 eryo
2906 1250 3244 1322 dicendum,
3270 1248 3423 1328 quod
3440 1250 3693 1329 satisfactio
3765 1294 3776 1301 .

2230 1358 2347 1422 pro
2362 1344 2630 1423 peccatis
2654 1342 2913 1409 alterius
2942 1346 3119 1407 babet
3144 1344 3379 1422 quidem
3402 1342 3557 1421 quasi
3572 1350 3694 1409 mate·
3757 1387 3767 1399 -

2236 1436 2399 1497 riam
2429 1454 2647 1516 poenas
2673 1456 2825 1517 quas
2860 1438 3088 1517 aliquis
3118 1454 3237 1519 pro
3268 1441 3495 1516 peccato
3518 1437 3695 1501 alterius
3754 1434 3767 1494 ε’

2238 1530 2495 1591 sustinet
2510 1552 2537 1599 ,·
2562 1532 2667 1592 sed
2686 1548 2805 1611 pro
2823 1531 3135 1611 principio
3162 1531 3336 1591 babet
3359 1528 3592 1591 habitum
3608 1533 3695 1593 aei-

2237 1640 2371 1699 moe,
2404 1642 2477 1686 ea·
2496 1640 2609 1703 quo
2634 1624 2979 1688 inclinatur
3002 1626 3085 1687 ad
3106 1623 3419 1686 volendum
3435 1625 3698 1701 satisfacere

2232 1734 2350 1799 pro
2374 1718 2522 1793 alio,
2550 1724 2606 1780 et
2634 1738 2705 1781 esc
2724 1736 2839 1799 quo
2858 1718 3203 1798 satisfactio
3228 1716 3549 1796 efficaciam
3566 1720 3695 1781 ene.
3777 1732 3778 1767 1

2238 1808 2388 1875 Non
2416 1812 2573 1873 enim
2592 1816 2739 1875 esset
2767 1812 2994 1891 efficax
3010 1812 3376 1890 satisfactio,
3400 1810 3515 1872 nisi
3530 1828 3589 1873 es
3604 1815 3698 1874 eta-
3776 1826 3778 1859 1

2237 1904 2425 1967 ritate
2453 1908 2838 1986 procederet,
2874 1910 2943 1966 ut
2980 1907 3155 1984 infra
3192 1905 3425 1967 dicetur
3450 1904 3485 1966 ¹.
3528 1904 3699 1966 Etiteo

2240 2000 2505 2077 oportuit
2550 2002 2825 2062 animam
2872 1998 3136 2071 Christi,
3190 2003 3251 2060 et
3279 2000 3591 2077 perfectam
3608 2014 3699 2061 esse.
3755 2037 3765 2088 ¹.

2238 2097 2535 2168 quantum
2566 2094 2650 2155 ad
2690 2094 2935 2155 babitus
2959 2092 3359 2156 scientiarum
3382 2096 3437 2153 et
3461 2090 3698 2161 eie-tm,
3755 2101 3769 2173 ξ

2234 2188 2305 2244 ut
2347 2186 2591 2249 liaberet
2634 2186 3000 2266 facultatem
3042 2186 3462 2263 satisfaciendi
3478 2206 3501 2255 ,·
3532 2188 3577 2245 et
3606 2186 3705 2262 qaod
3755 2180 3769 2246 Ι

2235 2294 2451 2359 corpus
2475 2286 2621 2341 esset
2647 2279 2973 2358 subjectum
2998 2280 3487 2356 infimitatibus,
3510 2282 3567 2339 ut
3589 2279 3703 2339 eim-
3754 2261 3769 2345 1

2234 2372 2603 2449 tisfactionis
2629 2374 2890 2436 materia
2916 2388 3038 2435 non
3064 2374 3306 2437 deesset.
3759 2355 3766 2378 ¹

2312 2464 2419 2527 Ad
2464 2470 2786 2530 secundum
2841 2468 3157 2531 dicendum
3181 2515 3198 2541 ,
3246 2468 3434 2545 quod,
3475 2468 3704 2531 semmam

2234 2558 2580 2623 naturalem
2606 2562 3038 2635 habitudinm,
3069 2578 3203 2639 quae
3226 2567 3315 2624 est
3342 2564 3499 2624 inter
3518 2564 3703 2624 animem
3755 2558 3771 2632 Ι

2233 2656 2291 2714 et
2323 2670 2537 2733 eorpus
2555 2702 2570 2727 ‚
2617 2673 2689 2717 ex
2739 2654 2951 2736 qloria
2989 2656 3211 2717 anim
3248 2657 3541 2718 redundat
3572 2654 3703 2737 ylaris
3767 2656 3780 2743 y'

2231 2746 2317 2807 ad
2361 2764 2591 2827 corpus.
2654 2746 2787 2810 Sed
2838 2748 2965 2811 ltoee
3016 2748 3337 2811 naturalis
3390 2749 3633 2813 habitudo
3666 2750 3701 2807 is

2235 2836 2481 2901 Christo
2500 2840 2839 2920 subjacebat
2858 2841 3163 2903 voluntati
3183 2842 3531 2905 divinitatis
3542 2844 3701 2922 ἐρείκη

2232 2950 2303 2994 ex
2330 2950 2448 3011 qua
2476 2936 2710 3015 factum
2738 2940 2825 2997 est
2850 2936 3011 3013 quod
3034 2936 3340 2999 beatitudo
3368 2937 3701 2999 remaneretis
3763 2947 3773 3018 ξ

2232 3028 2461 3101 anima,
2498 3034 2555 3091 et
2582 3048 2700 3092 non
2726 3031 3108 3093 derivaretur
3134 3032 3219 3093 ad
3240 3048 3475 3112 corpus,
3510 3033 3597 3093 sed
3616 3048 3701 3092 cero
3763 3041 3773 3090 :

2219 3128 2541 3203 pateretur
2577 3142 2709 3203 quoe
2749 3127 3105 3189 conveniunt
3158 3132 3407 3189 naturae
3452 3122 3701 3207 passibili,

2228 3220 2549 3280 secundum
2566 3218 2751 3292 illud,
2776 3222 2935 3298 quod
2951 3220 3367 3284 Damascenus
3390 3221 3529 3285 dicit
3544 3223 3584 3292 ²,
3605 3218 3704 3297 qnod

2231 3314 2599 3395 beneplacito
2654 3318 2875 3380 divina’
2928 3316 3266 3380 voluntatis
3322 3318 3706 3399 permittebatur

2231 3424 2297 3470 ca
2308 3408 2406 3468 rui
2422 3410 2567 3488 pati
2598 3414 2652 3471 et
2692 3410 2937 3489 operari
2962 3427 3095 3490 quoe
3112 3412 3401 3490 propria.
3761 3417 3775 3475 i

2309 3500 2417 3563 Ad
2437 3504 2685 3565 tertium
2710 3504 3045 3575 dicendum,
3075 3506 3233 3583 quod
3254 3522 3437 3583 poena
3456 3516 3709 3583 semperee-
3765 3509 3779 3556 ἱ

2230 3592 2441 3671 quitur
2461 3596 2705 3677 culpam
2729 3596 3031 3660 actualem
3051 3597 3145 3659 vel
3164 3598 3523 3679 oriyinalem-
3538 3620 3561 3667 ‚·
3582 3610 3711 3674 qnes-
3771 3587 3779 3596 '

2234 3688 2417 3765 doque
2446 3690 2686 3767 quidem
2716 3690 2843 3770 ejus
2864 3692 2971 3769 qui
2987 3692 3288 3773 punitur,·
3304 3694 3627 3771 quandoque
3643 3706 3711 3749 (ικ-

2232 3784 2347 3841 tem
2370 3780 2626 3845 alterius
2630 3802 2749 3864 pro
2762 3800 2876 3863 quo
2904 3783 3037 3856 ille,
3056 3786 3162 3863 qui
3179 3802 3393 3864 pamas
3396 3788 3633 3868 patitur,
3646 3800 3711 3844 sa-
3780 3840 3782 3843 Α

2230 3874 2488 3953 tisfacit.
2534 3876 2627 3938 Εἰ
2658 3879 2751 3939 ita
2780 3879 3005 3941 accidit
3032 3879 3102 3939 in
3138 3877 3385 3942 Christo
3409 3928 3425 3954 ,
3469 3878 3710 3943 secundm

2229 3967 2397 4031 illud
2440 3968 2595 4034 Isai.
2646 3974 2724 4034 53
2766 3992 2779 4034 :
2827 3970 2971 4053 Ipse
3012 3972 3373 4038 vulneratus
3414 3980 3496 4036 est
3526 3948 3735 4054 propter⁸

2228 4062 2588 4141 iniquitates
2619 4068 2861 4129 nostras
2895 4114 2908 4140 ,
2955 4067 3212 4129 atti-itm
3244 4074 3335 4130 est
3364 4070 3601 4149 propter
3628 4080 3709 4127 sce-

2229 4154 2361 4219 tcra
2388 4162 2617 4223 nostra.

2304 4250 2359 4311 A
2372 4252 2413 4313 d
2435 4256 2721 4330 quartum
2749 4253 3088 4326 dicendum,
3127 4256 3287 4334 quod
3312 4254 3629 4335 infirmitas
3646 4266 3711 4310 ae-

2224 4350 2466 4423 sumpta
2498 4364 2536 4408 a
2576 4346 2821 4409 Christo
2856 4364 2976 4407 non
3010 4348 3329 4427 impedivit
3365 4350 3541 4428 finem
3560 4348 3711 4408 inea-r-

2225 4440 2511 4516 nationis,
2537 4442 2643 4502 sed
2658 4441 2919 4503 maxime
2932 4441 3257 4521 promovit,
3282 4447 3359 4504 ut
3376 4445 3587 4507 dictum
3602 4442 3667 4501 est
3680 4434 3708 4496 ³.

2223 4530 2317 4593 Et
2342 4534 2614 4611 quamvis
2624 4552 2741 4613 per
2762 4532 3106 4612 hujusmodi
3126 4534 3522 4611 infirmitates
3536 4535 3713 4597 abscon·

2225 4627 2468 4688 deretur
2506 4626 2635 4707 ejus
2678 4627 2993 4699 divinitas,
3032 4629 3541 4706 manifestabatur
3566 4632 3713 4687 tamen

2222 4720 2572 4782 humanitas
2590 4768 2605 4793 ,
2637 4735 2771 4798 qua·
2798 4723 2887 4784 est
2912 4720 3015 4783 via
3042 4720 3127 4782 ad
3156 4722 3535 4785 divinitatem
3548 4732 3713 4799 peree-

2218 4812 2447 4885 niendi,
2480 4810 2799 4876 secmedum
2825 4811 2993 4875 illud
3016 4812 3430 4877 Romanorum
3454 4818 3525 4877 5:
3554 4810 3712 4873 Aeas-

2214 4922 2349 4967 sum
2393 4908 2674 4969 babemus
2700 4924 2819 4987 per
2848 4906 3055 4970 Jesum
3094 4906 3409 4971 Christum
3438 4908 3518 4973 ad
3542 4907 3707 4967 Deum.

2214 4998 2657 5063 Desidet-abant
2687 5000 2887 5063 autem
2905 4999 3149 5081 antiqui
3170 5000 3397 5065 Patres
3410 5002 3479 5064 in
3496 4996 3709 5063 Chresto,

2214 5110 2334 5155 non
2358 5094 2599 5173 quidem
2624 5094 3051 5173 fortitudinem
3078 5095 3471 5176 corporalem,
3505 5092 3597 5157 sed
3615 5086 3710 5169 spi-

2296 5284 2315 5325 ¹
2361 5286 2431 5347 In
2468 5286 2731 5348 materia
2769 5285 2848 5349 de
2880 5286 3300 5350 satisfactione
3325 5286 3390 5351 id
3414 5292 3543 5349 erat
3564 5284 3708 5345 faetu-

565 5374 725 5449 ideo,
755 5380 826 5439 ut
859 5378 1085 5441 dicitur
1115 5374 1469 5461 Philippen.
1505 5380 1544 5439 2
1578 5398 1590 5441 ε
1631 5373 2005 5440 Exinanivit
2032 5396 2129 5441 se-
2211 5398 2343 5455 rue,
2372 5398 2501 5440 non
2532 5380 2883 5460 complevit.

567 5470 910 5551 metipsum,
954 5476 1220 5551 formam
1255 5472 1414 5535 servi
1448 5472 1767 5555 accipiens,
1803 5472 1871 5533 in
1905 5470 2129 5534 simili-

569 5563 838 5628 tudinem
864 5566 1168 5663 bominum
1190 5569 1416 5647 factus,
1447 5571 1504 5630 et
1527 5565 1738 5630 babitu
1761 5565 2039 5629 inventus
2058 5562 2129 5627 u't

2290 5472 2316 5510 ²
2356 5472 2490 5533 Lib.
2524 5474 2583 5536 3.
2618 5493 2673 5535 c.
2706 5476 2806 5550 15,
2839 5492 2876 5535 a
2902 5475 3101 5554 med„
3134 5480 3198 5540 et
3226 5494 3361 5559 cap.
3391 5477 3485 5537 Μ.

2290 5566 2317 5608 ³
2362 5564 2427 5629 1n
2460 5584 2635 5649 corp.
2666 5574 2785 5629 arr.
3227 5575 3235 5581 ·
