3892 6167
577 368 699 428 5³30

578 474 998 537 Damascenus
1044 466 1241 541 dixit3
1292 485 1421 528 non
1458 472 1554 529 est
1594 470 1808 527 autem
1845 469 1995 525 nota
2028 482 2141 527 seu

580 569 831 647 signum
859 562 1229 627 naturaliter
1258 560 1655 645 significem,
1690 559 1803 621 sed
1834 578 1911 621 ex
1940 560 2142 641 impo-

582 665 829 735 sitione,
860 667 929 723 ut
957 678 1069 741 per
1101 677 1168 721 se
1195 665 1414 721 notum
1444 664 1539 720 est
1550 680 1567 733 ς
1601 655 1747 717 inde
1781 655 1947 717 enim
1978 654 2046 716 fit
2074 660 2143 715 ut

580 758 857 821 actiones
889 760 1159 817 externae
1190 770 1265 813 ex
1291 768 1357 813 se
1386 751 1508 813 sint
1530 750 1958 811 indifferentes
1987 766 2143 829 quo-

582 851 664 915 ad
693 849 952 925 cultum,
998 853 1060 909 et
1100 845 1416 907 interdum
1446 846 1597 917 Deo,
1646 842 1963 905 interdum
1994 860 2142 904 vero

580 942 941 1009 hominibus
974 938 1567 1009 accommodentur;
1616 941 1678 999 et
1706 938 1997 1017 quaedam
2031 956 2144 999 na-

580 1040 785 1103 tiones
814 1036 913 1097 his
942 1040 1240 1112 utantur,
1286 1032 1423 1095 aliae
1450 1051 1600 1095 vero
1633 1033 1769 1093 aliis
1800 1051 1817 1107 ς
1868 1039 1963 1093 est
1994 1051 2143 1112 ergo

582 1132 725 1197 talis
761 1127 1132 1213 significatio
1165 1146 1241 1189 ex
1281 1124 1679 1207 impositione
1704 1172 1723 1202 ,
1764 1144 1903 1205 quae
1949 1128 2144 1205 impo-

580 1225 719 1288 sitio
750 1221 1086 1302 aliquando
1110 1220 1181 1283 fit
1204 1222 1570 1283 auctoritate
1596 1219 1867 1299 publica,
1902 1221 1953 1280 si
1979 1240 2144 1281 com·

580 1319 789 1381 munis
818 1322 879 1379 et
907 1314 1156 1396 publica
1182 1316 1263 1376 sit
1287 1320 1439 1376 nota
1460 1315 1715 1375 honoris
1736 1361 1755 1392 ‚
1804 1312 2141 1395 aliquando

578 1411 830 1493 propria
856 1409 1177 1471 voluntate
1208 1414 1270 1470 et
1296 1408 1642 1470 intentione
1672 1408 1986 1487 operantis
2009 1454 2024 1481 ,
2071 1416 2140 1469 ut

580 1504 832 1585 quando
861 1503 1293 1583 unusquisque
1322 1504 1449 1564 suis
1476 1502 1824 1564 actionibus
1850 1502 2140 1585 privatim

581 1601 797 1673 utitur,
825 1605 1012 1681 prout
1039 1598 1207 1673 vult,
1244 1598 1327 1660 ad
1352 1600 1552 1659 Dcum
1581 1597 1994 1661 adorandum.
2031 1600 2143 1661 So·

581 1694 713 1755 lum
746 1692 1147 1773 praeexigitur
1183 1710 1261 1753 ex
1299 1698 1475 1774 parte
1519 1692 1780 1755 actionis
1818 1692 2139 1774 proportio

583 1786 817 1867 aliqua,
842 1793 912 1848 ut
935 1786 1017 1848 ad
1035 1786 1225 1848 talem
1247 1786 1765 1867 significationem
1793 1804 2141 1847 accommo-

582 1878 732 1942 data
754 1880 875 1951 sit;
922 1879 1093 1957 quod
1132 1898 1465 1943 commune
1496 1887 1590 1942 est
1626 1880 1917 1941 omnibus
1950 1878 2141 1957 signis

583 1972 665 2035 ad
693 1972 1013 2053 placitum,
1045 1991 1182 2053 quae
1211 1973 1500 2053 prudenti
1524 1972 1736 2053 aliqua
1761 1974 2001 2035 ratione
2031 1974 2141 2035 im-

582 2074 921 2149 ponuntur,
956 2066 1124 2145 quod
1153 2068 1341 2129 etiam
1374 2066 1453 2129 de
1477 2068 1734 2130 vocibus
1759 2065 1988 2131 docent
2015 2068 2142 2128 dia-

583 2159 787 2224 lectici
831 2160 894 2221 in
942 2160 1117 2223 libris
1166 2160 1247 2224 de
1295 2160 1832 2241 interpretatione,
1886 2160 2000 2223 sed
2051 2170 2145 2226 est

584 2254 858 2317 maxime
887 2272 1107 2316 verum
1136 2253 1215 2316 de
1240 2256 1341 2316 his
1372 2256 1589 2336 signis,
1633 2272 1773 2335 quae
1804 2257 1869 2316 in
1898 2256 2144 2319 actione

585 2350 955 2423 consistunt,
999 2354 1065 2410 ut
1104 2348 1183 2410 de
1220 2350 1626 2412 sacramentis
1672 2350 1905 2414 docent
1939 2352 2143 2412 Theo·

584 2444 735 2525 logi.
786 2442 933 2505 Haec
973 2448 1187 2505 autem
1220 2443 1431 2505 omnia
1462 2445 1689 2506 melius
1719 2451 1783 2506 et
1810 2444 2144 2526 perfectius

584 2535 846 2619 reperiri
874 2542 1136 2617 possunt
1156 2536 1222 2599 in
1251 2542 1396 2599 actu
1423 2537 1700 2600 interiori
1727 2556 1917 2619 quam
1942 2538 2005 2599 in
2037 2558 2144 2600 ex-

587 2628 835 2703 teriori;
881 2648 1030 2693 nam
1060 2629 1367 2711 imprimis
1389 2677 1408 2707 ,
1446 2650 1592 2692 cum
1622 2632 1786 2694 Deus
1813 2633 1893 2695 sit
1920 2652 2143 2713 supre-

588 2740 731 2785 mus
760 2723 1009 2803 spiritus
1038 2730 1101 2784 et
1124 2724 1447 2787 intueatur
1473 2723 1701 2802 corda’,
1744 2744 1873 2787 non
1904 2732 2150 2805 oportet

592 2824 660 2877 ut
685 2823 835 2878 nota
863 2817 959 2879 vel
988 2816 1237 2897 signum
1262 2818 1695 2880 submissionis
1723 2818 2018 2881 sensibile
2046 2820 2142 2881 sit.

590 2908 933 2973 Praesertim
962 2928 1107 2971 cum
1135 2910 1254 2972 hoc
1282 2911 1531 2991 signum
1561 2930 1687 2974 non
1717 2912 1796 2974 ad
1823 2911 1888 2973 id
1908 2913 2150 2975 refera-

591 3010 729 3078 tur,
769 3008 838 3064 ut
864 3002 1109 3064 animus
1136 3008 1453 3084 operantis
1481 3006 1546 3066 in
1575 3007 1831 3069 alterius
1859 3006 2147 3069 notitiam

590 3096 904 3171 deveniat,
939 3096 1085 3176 quia
1113 3115 1230 3159 nec
1257 3100 1426 3160 Deus
1453 3098 1561 3161 tali
1592 3100 1771 3181 signo
1800 3100 2039 3183 indiget
2068 3101 2150 3164 ad

592 3188 1037 3270 cognitionem,
1064 3208 1271 3271 neque
1297 3192 1485 3253 etiam
1510 3194 1642 3273 ipse
1667 3213 1969 3275 operans;
2001 3195 2149 3258 alio-

589 3301 732 3345 rum
752 3300 900 3345 vero
918 3284 1135 3345 notitia
1156 3303 1363 3365 neque
1382 3289 1478 3348 est
1504 3288 1880 3362 necessaria,
1897 3308 2014 3350 nec
2037 3309 2151 3371 per

592 3392 661 3437 se
682 3374 918 3438 intenta
944 3394 1020 3439 ex
1046 3379 1108 3438 vi
1134 3377 1537 3442 adorationis·
1564 3380 1689 3443 Sed
1717 3380 2043 3445 ordinatur
2068 3381 2149 3444 ad

592 3468 1009 3533 exercendam
1043 3470 1399 3552 aliqualiter
1436 3492 1626 3555 opere
1664 3476 1868 3555 ipsam
1904 3476 2148 3556 subjec-

588 3562 824 3626 tionem
852 3570 915 3627 et
944 3562 1449 3641 submissionem,
1475 3586 1612 3646 quae
1630 3568 1695 3632 in
1712 3570 1938 3632 affectu
1960 3570 2149 3631 habe-

586 3664 712 3732 tur,
745 3656 907 3720 etad
933 3659 1143 3741 ipsum
1163 3661 1457 3723 affectum
1488 3662 1691 3742 magis
1720 3664 2143 3727 excitandum.

583 3752 793 3813 Potest
820 3770 971 3833 ergo
994 3752 1116 3814 hoc
1140 3752 1279 3815 fieri
1305 3754 1608 3835 spirituali
1637 3763 1781 3820 actu
1805 3776 1918 3819 seu
1942 3759 2146 3837 signe,

583 3844 747 3907 sicut
786 3845 1118 3927 corporali.
1162 3848 1401 3909 Rursus
1425 3894 1441 3923 ,
1484 3867 1627 3911 cum
1666 3851 1802 3913 haec
1835 3853 2148 3932 impositio

584 3954 696 4001 seu
741 3939 1233 4001 accommodatio
1281 3960 1410 4003 non
1454 3960 1705 4025 semper
1747 3944 1824 4007 sit
1870 3946 2144 4025 publica,

584 4030 699 4095 sed
739 4034 1229 4115 uniuscujusque
1274 4036 1591 4101 voluntate
1635 4040 1832 4119 possit
1866 4040 2026 4115 ficri,
2071 4060 2148 4103 ex

582 4126 703 4189 hac
726 4130 903 4207 parte
929 4146 1055 4189 non
1076 4132 1388 4211 repugnat
1411 4131 1599 4193 etiam
1626 4132 1926 4213 spirituali
1956 4136 2140 4197 actui.

582 4222 918 4298 Praeterea,
962 4241 1103 4284 cum
1134 4225 1324 4285 homo
1352 4244 1480 4286 non
1509 4227 1711 4287 solum
1740 4247 1990 4308 corpuS,
2034 4230 2145 4290 sed

585 4312 775 4377 etiam
806 4314 1091 4395 spiritum
1118 4318 1249 4379 Deo
1280 4318 1644 4381 submittere
1674 4320 1939 4397 debeat,
1988 4322 2148 4385 sicut

584 4404 739 4467 illud
766 4404 914 4469 facit
946 4406 1254 4488 corporali
1284 4417 1432 4471 nota
1456 4456 1472 4485 ,
1504 4412 1591 4472 ita
1618 4411 1738 4474 hoc
1764 4414 1995 4493 poterit
2023 4416 2146 4495 spi-

582 4500 788 4563 rituali
819 4502 1146 4581 perficere.
1180 4502 1464 4583 Denique
1492 4507 1812 4586 proportio
1836 4508 1939 4569 illa
1966 4511 2145 4589 quasi

579 4592 1089 4671 fundamentalis,
1116 4615 1255 4677 quae
1276 4598 1340 4658 in
1363 4598 1541 4679 signo
1565 4598 1644 4660 ad
1669 4600 1965 4681 placItum
1987 4622 2146 4683 proe-

578 4688 842 4769 supponi
862 4688 1073 4767 debet,
1112 4691 1310 4751 multo
1336 4694 1539 4772 major
1559 4699 1727 4754 certe
1748 4696 2061 4775 reperitur
2080 4698 2143 4757 iu

579 4788 723 4845 actu
746 4782 1046 4864 spirituali
1068 4782 1150 4845 ad
1164 4783 1635 4863 significandam
1658 4788 2141 4853 submissionem

579 4876 853 4955 spiritua,
898 4894 1089 4958 quam
1131 4878 1195 4938 in
1230 4877 1507 4957 qualibet
1535 4881 2000 4961 genuflexione,
2041 4884 2140 4944 vel

576 4969 766 5031 etiam
796 4972 1213 5049 prostratione
1252 4972 1528 5051 corporis
1567 4974 1646 5035 ad
1684 4974 1838 5036 illud
1868 4976 2131 5037 submit-

574 5061 856 5125 tendum.
896 5064 1216 5140 Probatur,
1248 5082 1396 5125 nam
1421 5083 1533 5146 per
1558 5069 1766 5128 actum
1796 5066 1967 5145 fidei,
1999 5086 2132 5129 ver-

570 5156 639 5217 hi
670 5156 869 5237 gratia
888 5203 903 5229 ‚
936 5158 1203 5239 captivat
1228 5159 1416 5220 homo
1447 5158 1830 5221 intellectum
1860 5160 1925 5221 in
1955 5158 2132 5223 obse·

570 5250 788 5331 quium
820 5250 932 5312 Dei
954 5273 971 5325 ;
1022 5256 1111 5312 est
1148 5270 1295 5333 ergo
1332 5252 1473 5316 talis
1503 5258 1679 5314 actus
1720 5272 1797 5315 ex
1839 5272 1906 5315 se
1951 5254 2130 5316 valde

568 5344 1101 5425 proportionatuS,
1136 5348 1203 5406 ut
1230 5346 1307 5406 sit
1330 5350 1480 5408 nota
1506 5346 1698 5409 animi
1730 5346 2026 5409 submissi
2053 5348 2134 5411 ad

570 5438 790 5501 Deum.
848 5438 1061 5500 Simile
1102 5442 1193 5499 est
1233 5437 1311 5501 de
1352 5445 1497 5503 actu
1543 5442 1795 5519 amom‘s,
1840 5442 1986 5523 quia
2023 5444 2130 5504 illo

444 5522 459 5531 ’
571 5548 701 5592 uon
753 5530 1339 5612 quomodocumque
1386 5532 1701 5615 diligimus
1746 5536 1969 5611 Deum,
2019 5536 2130 5598 sed

1812 361 2049 425 QUAEST.
2085 362 2232 415 XXV.
2267 362 2467 418 Alme.
2505 364 2566 417 ll.

2225 469 2294 524 ut
2331 478 2698 543 supremum
2739 460 3130 541 principium.
3173 467 3236 522 et
3269 462 3529 530 ultimum
3555 472 3700 539 finem

2225 562 2506 617 nostrum
2532 600 2548 631 ,
2585 555 2685 616 cui
2721 572 2838 616 nos
2867 560 3033 617 totos
3059 554 3336 617 dicamus
3366 564 3426 619 et
3449 578 3703 631 consem.

2223 668 2386 711 mue.
2447 648 2710 729 Propter
2763 649 2933 729 quod
2987 648 3141 711 dixit
3185 650 3266 712 de
3309 651 3412 712 tali
3451 660 3573 717 actu
3613 664 3704 722 Au-

2227 744 2485 825 gustin.,
2515 744 2624 805 lib.
2661 746 2740 807 10
2765 744 2847 805 de
2871 744 3074 819 Civit„
3103 760 3243 823 cap.
3271 748 3355 806 a:
3387 748 3504 811 Ηὶσ
3525 758 3598 814 est
3621 756 3704 817 Det

2225 841 2423 903 cultus
2455 846 2513 904 et
2541 857 2686 903 vera
2710 840 2926 921 reliqio
2951 884 2971 915 ,
3015 838 3142 903 haeo
3173 842 3403 902 tantum
3427 842 3536 905 Deo
3559 847 3704 911 debita

2224 936 2511 997 servitus.
2561 934 2670 996 Est
2705 950 2856 1013 ergo
2899 934 2964 994 in
3009 934 3104 994 his
3133 938 3194 995 et
3221 934 3506 996 similibus
3529 940 3707 1001 actibus

2227 1028 2500 1089 maxima
2567 1028 2912 1108 proportio,
2961 1032 3030 1087 ut
3079 1026 3320 1106 possint
3363 1032 3568 1091 assumi
3611 1039 3708 1094 tan-

2227 1140 2412 1203 quam
2441 1130 2604 1185 notae
2634 1123 2970 1204 spiritualis
2993 1122 3425 1183 submissionis
3449 1129 3506 1186 et
3523 1128 3708 1207 subjec-

2223 1216 2410 1278 tionis
2440 1217 2521 1278 ad
2547 1218 2787 1296 Deum3
2831 1236 2980 1297 ergo
3005 1222 3213 1297 potest
3241 1218 3306 1277 in
3337 1217 3422 1278 eis
3447 1236 3573 1281 vere
3595 1226 3709 1285 ratio

2227 1310 2611 1373 adorationis
2643 1313 2925 1392 reperlri.

2307 1408 2403 1467 17.
2453 1405 2740 1467 Secundo
2781 1424 2818 1467 a
2857 1405 3044 1467 simili
3086 1422 3416 1486 possumus
3452 1424 3712 1489 argumen-

2223 1504 2354 1561 tum
2387 1516 2635 1561 sumere
2667 1500 2748 1560 ab
2779 1500 3096 1573 oratione3
3135 1518 3306 1573 nam,
3339 1502 3392 1561 si
3417 1508 3591 1581 potest
3611 1522 3711 1565 esse

2225 1594 2424 1655 oratio
2459 1612 2616 1674 pure
2656 1594 2944 1655 mentalis
2966 1642 2981 1670 ‚
3029 1612 3142 1656 cur
3183 1610 3316 1657 non
3343 1597 3550 1675 poterit
3573 1600 3712 1659 etiam

2225 1704 2364 1748 esse
2406 1686 2741 1748 adoratio?
2782 1687 2951 1749 Sicut
2998 1688 3167 1750 enim
3205 1693 3418 1750 mente
3455 1708 3714 1768 possumus

2225 1780 2516 1843 affectum
2551 1788 2839 1843 nostrum
2877 1800 2988 1844 seu
3021 1781 3408 1843 desiderium
3433 1782 3546 1843 Deo
3567 1787 3714 1845 mani-

2221 1875 2473 1950 festare,
2499 1875 2582 1937 ad
2603 1894 2750 1937 eum
2769 1874 3112 1956 loquendo,
3143 1876 3226 1937 ita
3251 1875 3433 1937 etiam
3453 1894 3714 1955 possumus

2221 1968 2342 2049 ipsi
2381 1969 2781 2031 manifestare
2823 1970 3116 2031 affectum
3146 1987 3266 2032 nos
3304 1961 3466 2049 ipsos
3491 1970 3539 2031 ei
3574 1972 3714 2051 subji-

2223 2063 2469 2135 ciendi,
2515 2082 2663 2125 nam
2699 2064 2870 2125 hunc
2899 2065 3195 2126 affectum
3223 2079 3540 2143 possumus
3561 2066 3713 2127 verbis

2227 2162 2289 2221 et
2331 2158 2684 2220 actionibus
2714 2160 2994 2239 corporis
3025 2156 3382 2239 exprimere
3413 2164 3468 2219 et
3495 2158 3714 2221 menites·

2224 2258 2360 2315 tare
2391 2254 2524 2315 Deo
2550 2272 2567 2326 ;
2613 2270 2764 2331 ergo
2795 2254 2984 2315 etiam
3013 2268 3358 2333 possumus
3381 2252 3568 2313 verbis
3589 2270 3714 2313 meu-

2227 2346 2328 2409 tis.
2374 2346 2497 2409 Sed
2524 2346 2630 2407 illa
2660 2346 3083 2408 manifestatio
3113 2346 3284 2408 facta
3311 2360 3424 2426 per
3447 2346 3597 2423 signa
3621 2362 3714 2407 cor·

2224 2458 2452 2521 porea,
2493 2438 2624 2501 sive
2651 2440 2752 2501 illa
2783 2438 2906 2501 siut
2932 2440 3144 2513 verba,
3179 2439 3314 2501 sive
3341 2438 3613 2511 actiones.
3637 2441 3714 2499 ha-

2221 2534 2331 2595 het
2373 2534 3142 2606 rationem·adorationis;
3201 2550 3358 2611 ergo
3403 2532 3568 2593 etiam
3602 2532 3712 2593 tacta

2223 2644 2338 2708 per
2387 2626 2578 2688 verba
2628 2626 2947 2689 mentalia.
3011 2628 3084 2688 Et
3137 2626 3568 2699 confirmatur,
3614 2644 3712 2686 nam

2229 2720 2496 2799 ipsamet
2538 2720 2734 2781 oratio
2776 2724 2978 2803 potest
3025 2740 3102 2783 ex
3142 2721 3376 2781 affectu
3417 2720 3713 2781 adorationis

2231 2814 2418 2891 oriri,
2449 2822 2512 2877 et
2535 2834 2752 2878 veram
2781 2817 3088 2877 rationem
3117 2816 3498 2878 adorationis
3521 2814 3711 2876 habere.

2231 2910 2438 2972 Oratio
2463 2912 2628 2971 enim
2650 2920 2711 2974 et
2734 2909 3014 2973 adoratio
3037 2910 3229 2991 plane
3256 2910 3538 2973 differunt
3557 2926 3716 2971 secun·

2232 3002 2382 3067 dum
2414 3006 2690 3067 rationes
2718 3004 3035 3082 formales,
3069 3010 3132 3067 et
3157 3004 3476 3067 interdum
3500 3004 3651 3065 etiam
3673 3023 3717 3064 re

2229 3100 2406 3179 ipsa3
2448 3104 2542 3162 est
2583 3100 2751 3161 enim
2794 3100 3003 3179 aliqua
3035 3099 3326 3162 adoratio
3367 3116 3498 3179 quae
3527 3116 3628 3159 non
3657 3104 3719 3159 est

2231 3192 2472 3275 petitio,
2516 3198 2584 3255 ut
2609 3194 2988 3273 genuflexio,
3027 3201 3089 3256 et
3114 3192 3333 3273 aliqua
3358 3194 3554 3273 petitio
3582 3192 3716 3252 intel-

2229 3287 2338 3369 ligi
2366 3294 2572 3369 potest
2599 3306 2736 3367 quae
2771 3307 2898 3350 non
2939 3289 3016 3351 sit
3055 3289 3369 3361 adoratio,
3405 3294 3466 3349 ut
3491 3289 3624 3348 inter
3643 3286 3716 3345 ho-

2231 3384 2434 3443 mines
2478 3388 2738 3444 constat.
2791 3382 3114 3444 Interdum
3163 3399 3318 3443 vero
3363 3380 3564 3443 eadem
3603 3380 3714 3440 actio

2229 3482 2436 3557 potest
2465 3494 2604 3537 esse
2637 3481 2701 3537 et
2729 3476 2953 3551 oratic,
2987 3484 3049 3538 et
3078 3476 3391 3537 adoratio.
3421 3475 3602 3536 Oratio
3623 3474 3718 3551 qui·

2230 3570 2398 3645 dem,
2422 3568 2485 3629 in
2507 3575 2814 3648 quantum
2835 3576 2929 3631 est
2948 3568 3162 3651 petitio
3182 3568 3449 3649 alicujus
3463 3568 3562 3643 rei,
3583 3584 3717 3646 quam

2233 3684 2268 3725 a
2306 3664 2433 3725 Deo
2471 3664 2753 3727 obtinere
2796 3664 3250 3727 desideramus.
3298 3663 3573 3727 Adoratio
3595 3678 3716 3734 vero,

2231 3758 2294 3824 in
2313 3758 2964 3838 quantumipsammet
2991 3758 3365 3839 petitionem
3393 3754 3716 3827 assumimus,

2230 3857 2302 3914 ut
2318 3856 2531 3914 notam
2552 3850 2980 3913 submissionis
2999 3858 3060 3913 et
3074 3852 3444 3914 reverentias
3466 3849 3537 3911 ad
3553 3848 3714 3908 Deum.

2229 3944 2430 4020 Unde,
2464 3944 2514 4007 si
2536 3947 2733 4008 oratio
2755 3948 3007 4027 praecise
3029 3944 3461 4008 consideretur
3479 3946 3719 4023 quatenus

2232 4038 2508 4121 procedit
2530 4060 2604 4102 ex
2627 4040 2856 4101 affectu
2882 4040 3205 4103 obtinendi
3226 4056 3364 4101 rem
3391 4036 3716 4119 postulatam.

2230 4140 2298 4195 ut
2327 4134 2414 4195 sic
2437 4152 2562 4195 non
2589 4140 2682 4195 est
2707 4140 2880 4196 actus
2907 4134 3250 4214 religionis,
3284 4132 3396 4195 sed
3417 4131 3525 4194 erit
3543 4126 3718 4190 velvit-

2232 4235 2328 4290 tus
2358 4228 2489 4309 spei
2511 4275 2525 4304 ,
2555 4228 2657 4289 vel
2683 4230 2934 4291 alterius
2953 4275 2967 4302 ‚
3003 4228 3084 4290 ad
3115 4246 3312 4308 quam
3343 4218 3622 4307 pertinere
3642 4238 3718 4298 po·

2227 4328 2346 4384 test
2387 4324 2649 4385 affectus
2678 4322 2841 4384 illius
2868 4322 3037 4400 boni,
3083 4322 3252 4403 quod
3281 4320 3622 4402 postulatur,
3651 4322 3714 4379 ut.

2228 4418 2276 4477 si
2322 4415 2459 4497 quis
2503 4419 2848 4478 castitatem
2891 4416 3163 4497 postulet
3207 4436 3288 4479 ex
3332 4414 3543 4478 affectu
3577 4410 3710 4480 illius,

2227 4512 2470 4573 nullum
2497 4509 2668 4571 aliud
2693 4512 2995 4592 motivum
3022 4510 3391 4591 respiciens,
3441 4510 3555 4570 imo
3579 4506 3714 4566 inter-

2227 4602 2376 4665 dum
2405 4604 2638 4665 nullius
2668 4604 2784 4665 erit
2811 4604 3054 4665 virtutis
3080 4612 3290 4680 actus,
3325 4600 3434 4665 sed
3459 4600 3632 4683 potius
3649 4598 3712 4655 vi-

2224 4696 2332 4771 tii,
2367 4704 2434 4758 ut
2468 4698 2518 4759 si
2559 4698 2698 4777 quis
2735 4717 2811 4759 ex
2849 4698 3059 4779 aliquo
3094 4698 3448 4761 inordInato
3485 4697 3662 4758 affectu
3684 4712 3709 4749 a

2223 4792 2347 4853 Deo
2391 4797 2564 4870 petat
2605 4792 2844 4871 aliquid
2871 4792 3234 4854 indecorum
3265 4798 3329 4854 et
3357 4792 3705 4853 inhonestum.
3794 4804 3795 4873 ᾗ

2220 4884 2300 4947 Ut
2327 4903 2474 4965 ergo
2501 4884 2696 4946 oratio
2727 4884 2808 4947 ad
2831 4886 3206 4965 religionem
3233 4884 3553 4965 pertineat,
3580 4896 3711 4957 opor·
3794 4882 3795 4887 ’

2214 4984 2303 5039 tet
2331 4983 2400 5040 ut
2426 4978 2692 5040 honesta
2723 4980 2823 5053 sit,
2854 4984 2918 5040 et
2943 4978 3008 5040 in
3035 4980 3346 5041 honorem
3373 4966 3480 5038 Dei
3500 4975 3608 5045 fiat,
3629 4990 3710 5030 seu

2213 5070 2296 5132 ad
2321 5070 2739 5133 exhibendam
2772 5072 2898 5133 Deo
2927 5072 3367 5146 reverentiam,
3393 5076 3459 5131 nt
3477 5078 3709 5145 expresse

2213 5164 2426 5226 docuit
2446 5164 2514 5225 D.
2537 5166 2810 5227 Thomas
2838 5168 2896 5227 2.
2925 5166 2987 5242 2,
3022 5166 3208 5246 (4283,
3239 5170 3356 5225 art.
3387 5164 3443 5240 33
3475 5158 3707 5222 exhibere

2217 5264 2430 5319 autem
2459 5259 2877 5321 reverentiam
2904 5265 2965 5319 et
2987 5258 3248 5319 adorare
3272 5256 3437 5318 idem
3463 5258 3617 5321 sunt;
3641 5266 3708 5309 er·

2217 5368 2295 5432 go
2327 5352 2544 5425 oratic,
2581 5358 2650 5413 ut
2679 5358 2772 5413 est
2797 5357 2972 5414 actus
2999 5350 3336 5430 religionis,
3371 5353 3462 5411 est
3483 5342 3706 5407 adoratio

2213 5442 2500 5527 quaedam
2527 5462 2637 5507 seu
2659 5442 2990 5507 honoratio
3011 5444 3144 5518 Dei,
3173 5450 3237 5506 ut
3261 5440 3522 5521 supremi
3541 5444 3592 5499 et
3611 5452 3708 5495 om·

2213 5538 2549 5619 nipotentls
2583 5538 2815 5602 domini
2841 5586 2860 5617 ‚
2897 5540 2968 5601 ut
2996 5538 3182 5601 etiam
3211 5536 3526 5616 cajetanus
3551 5532 3598 5592 in
3625 5524 3704 5586 illo
