<?xml version="1.0" encoding="UTF-8"?>
<!DOCTYPE html PUBLIC "-//W3C//DTD XHTML 1.0 Transitional//EN"
    "http://www.w3.org/TR/xhtml1/DTD/xhtml1-transitional.dtd">
<html xmlns="http://www.w3.org/1999/xhtml" xml:lang="en" lang="en">
 <head>
  <title>
</title>
<meta http-equiv="Content-Type" content="text/html;charset=utf-8" />
  <meta name='ocr-system' content='tesseract 3.04.00' />
  <meta name='ocr-capabilities' content='ocr_page ocr_carea ocr_par ocr_line ocrx_word'/>
</head>
<body>
  <div class='ocr_page' id='page_1' title='image "./rpfranciscisuar00unkngoog_0182.png"; bbox 0 0 3892 6167; ppageno 0'>
   <div class='ocr_carea' id='block_1_1' title="bbox 582 466 2178 4451">
    <p class='ocr_par' dir='ltr' id='par_1_1' title="bbox 582 466 2178 4451">
     <span class='ocr_line' id='line_1_1' title="bbox 619 466 2178 549; baseline 0.001 -22"><span class='ocrx_word' id='word_1_1' title='bbox 619 469 803 545; x_wconf 78' lang='lat' dir='ltr'><strong>quasi</strong></span> <span class='ocrx_word' id='word_1_2' title='bbox 854 471 1124 549; x_wconf 83' lang='lat' dir='ltr'>priorem</span> <span class='ocrx_word' id='word_1_3' title='bbox 1168 467 1275 531; x_wconf 87' lang='lat' dir='ltr'><strong>Dei</strong></span> <span class='ocrx_word' id='word_1_4' title='bbox 1308 466 1715 542; x_wconf 77' lang='lat' dir='ltr'><strong>creationem,</strong></span> <span class='ocrx_word' id='word_1_5' title='bbox 1754 474 1987 541; x_wconf 85' lang='lat' dir='ltr'><strong>tamen,</strong></span> <span class='ocrx_word' id='word_1_6' title='bbox 2022 469 2178 531; x_wconf 81' lang='lat' dir='ltr'><strong>sicut</strong></span> 
     </span>
     <span class='ocr_line' id='line_1_2' title="bbox 618 559 2178 641; baseline 0.002 -21"><span class='ocrx_word' id='word_1_7' title='bbox 618 568 823 639; x_wconf 85' lang='lat' dir='ltr'><strong>potest</strong></span> <span class='ocrx_word' id='word_1_8' title='bbox 853 565 1019 623; x_wconf 90' lang='lat' dir='ltr'><strong>Deus</strong></span> <span class='ocrx_word' id='word_1_9' title='bbox 1048 561 1323 623; x_wconf 87' lang='lat' dir='ltr'><strong>calorem</strong></span> <span class='ocrx_word' id='word_1_10' title='bbox 1347 559 1445 620; x_wconf 85' lang='lat' dir='ltr'><strong>vel</strong></span> <span class='ocrx_word' id='word_1_11' title='bbox 1470 561 1757 641; x_wconf 85' lang='lat' dir='ltr'><strong>gratiam,</strong></span> <span class='ocrx_word' id='word_1_12' title='bbox 1790 580 1982 641; x_wconf 86' lang='lat' dir='ltr'><strong>quam</strong></span> <span class='ocrx_word' id='word_1_13' title='bbox 2005 562 2178 641; x_wconf 86' lang='lat' dir='ltr'><strong>prins</strong></span> 
     </span>
     <span class='ocr_line' id='line_1_3' title="bbox 582 645 2176 737; baseline 0.001 -24"><span class='ocrx_word' id='word_1_14' title='bbox 582 645 595 652; x_wconf 79' lang='grc'>’</span> <span class='ocrx_word' id='word_1_15' title='bbox 616 661 845 717; x_wconf 84' lang='lat' dir='ltr'><strong>natura</strong></span> <span class='ocrx_word' id='word_1_16' title='bbox 872 656 1007 737; x_wconf 87' lang='lat' dir='ltr'><strong>ipse</strong></span> <span class='ocrx_word' id='word_1_17' title='bbox 1040 654 1276 715; x_wconf 86' lang='lat' dir='ltr'><strong>creavit</strong></span> <span class='ocrx_word' id='word_1_18' title='bbox 1333 652 1527 723; x_wconf 88' lang='lat' dir='ltr'><strong>solus,</strong></span> <span class='ocrx_word' id='word_1_19' title='bbox 1556 654 1679 715; x_wconf 87' lang='lat' dir='ltr'><strong>alio</strong></span> <span class='ocrx_word' id='word_1_20' title='bbox 1710 654 1897 722; x_wconf 89' lang='lat' dir='ltr'><strong>modo</strong></span> <span class='ocrx_word' id='word_1_21' title='bbox 1927 656 2176 717; x_wconf 79' lang='lat' dir='ltr'><strong>efficere</strong></span> 
     </span>
     <span class='ocr_line' id='line_1_4' title="bbox 616 748 2177 829; baseline 0.001 -20"><span class='ocrx_word' id='word_1_22' title='bbox 616 748 965 829; x_wconf 80' lang='lat' dir='ltr'><strong>perignem</strong></span> <span class='ocrx_word' id='word_1_23' title='bbox 1008 748 1111 809; x_wconf 81' lang='lat' dir='ltr'><strong>vel</strong></span> <span class='ocrx_word' id='word_1_24' title='bbox 1156 765 1271 827; x_wconf 89' lang='lat' dir='ltr'><strong>per</strong></span> <span class='ocrx_word' id='word_1_25' title='bbox 1298 754 1783 821; x_wconf 86' lang='lat' dir='ltr'><strong>sacramentum,</strong></span> <span class='ocrx_word' id='word_1_26' title='bbox 1820 748 2044 811; x_wconf 84' lang='lat' dir='ltr'><strong>eadem</strong></span> <span class='ocrx_word' id='word_1_27' title='bbox 2073 767 2177 811; x_wconf 79' lang='lat' dir='ltr'><strong>ra·-</strong></span> 
     </span>
     <span class='ocr_line' id='line_1_5' title="bbox 614 839 2170 923; baseline 0.001 -22"><span class='ocrx_word' id='word_1_28' title='bbox 614 840 789 903; x_wconf 87' lang='lat' dir='ltr'><strong>tione</strong></span> <span class='ocrx_word' id='word_1_29' title='bbox 812 847 1027 923; x_wconf 86' lang='lat' dir='ltr'><strong>posset</strong></span> <span class='ocrx_word' id='word_1_30' title='bbox 1048 840 1299 903; x_wconf 87' lang='lat' dir='ltr'><strong>efficere</strong></span> <span class='ocrx_word' id='word_1_31' title='bbox 1328 839 1667 921; x_wconf 80' lang='lat' dir='ltr'><strong>Angelum,</strong></span> <span class='ocrx_word' id='word_1_32' title='bbox 1714 840 1891 903; x_wconf 84' lang='lat' dir='ltr'><strong>verbi</strong></span> <span class='ocrx_word' id='word_1_33' title='bbox 1946 842 2170 923; x_wconf 83' lang='lat' dir='ltr'><strong>gratia,</strong></span> 
     </span>
     <span class='ocr_line' id='line_1_6' title="bbox 614 932 2175 1015; baseline 0.003 -24"><span class='ocrx_word' id='word_1_34' title='bbox 614 932 719 995; x_wconf 80' lang='lat' dir='ltr'><strong>vel</strong></span> <span class='ocrx_word' id='word_1_35' title='bbox 746 935 971 997; x_wconf 86' lang='lat' dir='ltr'><strong>coelum</strong></span> <span class='ocrx_word' id='word_1_36' title='bbox 994 952 1109 1015; x_wconf 82' lang='lat' dir='ltr'><strong>per</strong></span> <span class='ocrx_word' id='word_1_37' title='bbox 1138 932 1593 995; x_wconf 82' lang='lat' dir='ltr'><strong>humanitatem</strong></span> <span class='ocrx_word' id='word_1_38' title='bbox 1610 934 1861 1007; x_wconf 79' lang='lat' dir='ltr'><strong>Christi,</strong></span> <span class='ocrx_word' id='word_1_39' title='bbox 1886 934 2175 1014; x_wconf 81' lang='lat' dir='ltr'><strong>quamvis</strong></span> 
     </span>
     <span class='ocr_line' id='line_1_7' title="bbox 612 1026 2172 1107; baseline 0.001 -20"><span class='ocrx_word' id='word_1_40' title='bbox 612 1026 787 1105; x_wconf 89' lang='lat' dir='ltr'><strong>prius</strong></span> <span class='ocrx_word' id='word_1_41' title='bbox 809 1034 1033 1089; x_wconf 87' lang='lat' dir='ltr'><strong>natura</strong></span> <span class='ocrx_word' id='word_1_42' title='bbox 1064 1027 1197 1107; x_wconf 89' lang='lat' dir='ltr'><strong>ipse</strong></span> <span class='ocrx_word' id='word_1_43' title='bbox 1228 1026 1397 1089; x_wconf 89' lang='lat' dir='ltr'><strong>solus</strong></span> <span class='ocrx_word' id='word_1_44' title='bbox 1424 1026 1679 1089; x_wconf 81' lang='lat' dir='ltr'><strong>easdem</strong></span> <span class='ocrx_word' id='word_1_45' title='bbox 1702 1044 1805 1089; x_wconf 87' lang='lat' dir='ltr'><strong>res</strong></span> <span class='ocrx_word' id='word_1_46' title='bbox 1834 1028 1958 1089; x_wconf 88' lang='lat' dir='ltr'><strong>alio</strong></span> <span class='ocrx_word' id='word_1_47' title='bbox 1983 1027 2172 1090; x_wconf 88' lang='lat' dir='ltr'><strong>modo</strong></span> 
     </span>
     <span class='ocr_line' id='line_1_8' title="bbox 614 1118 2174 1201; baseline 0 -18"><span class='ocrx_word' id='word_1_48' title='bbox 614 1127 881 1185; x_wconf 87' lang='lat' dir='ltr'><strong>crearet.</strong></span> <span class='ocrx_word' id='word_1_49' title='bbox 913 1122 1089 1183; x_wconf 87' lang='lat' dir='ltr'><strong>Patet</strong></span> <span class='ocrx_word' id='word_1_50' title='bbox 1117 1118 1375 1199; x_wconf 77' lang='lat' dir='ltr'><strong>sequela</strong></span> <span class='ocrx_word' id='word_1_51' title='bbox 1404 1119 1789 1199; x_wconf 80' lang='lat' dir='ltr'><strong>argumentis</strong></span> <span class='ocrx_word' id='word_1_52' title='bbox 1819 1138 2014 1201; x_wconf 86' lang='lat' dir='ltr'><strong>supra</strong></span> <span class='ocrx_word' id='word_1_53' title='bbox 2041 1120 2174 1184; x_wconf 86' lang='lat' dir='ltr'><strong>fac-</strong></span> 
     </span>
     <span class='ocr_line' id='line_1_9' title="bbox 617 1212 2174 1295; baseline 0 -20"><span class='ocrx_word' id='word_1_54' title='bbox 617 1212 715 1287; x_wconf 81' lang='lat' dir='ltr'><strong>tis,</strong></span> <span class='ocrx_word' id='word_1_55' title='bbox 758 1232 896 1293; x_wconf 85' lang='lat' dir='ltr'><strong>quae</strong></span> <span class='ocrx_word' id='word_1_56' title='bbox 922 1212 1213 1295; x_wconf 87' lang='lat' dir='ltr'><strong>probant,</strong></span> <span class='ocrx_word' id='word_1_57' title='bbox 1245 1230 1321 1274; x_wconf 90' lang='lat' dir='ltr'><strong>eo</strong></span> <span class='ocrx_word' id='word_1_58' title='bbox 1352 1212 1537 1275; x_wconf 90' lang='lat' dir='ltr'><strong>modo</strong></span> <span class='ocrx_word' id='word_1_59' title='bbox 1566 1230 1691 1293; x_wconf 89' lang='lat' dir='ltr'><strong>quo</strong></span> <span class='ocrx_word' id='word_1_60' title='bbox 1725 1232 1850 1275; x_wconf 88' lang='lat' dir='ltr'><strong>una</strong></span> <span class='ocrx_word' id='word_1_61' title='bbox 1882 1220 2174 1277; x_wconf 86' lang='lat' dir='ltr'><strong>creatura</strong></span> 
     </span>
     <span class='ocr_line' id='line_1_10' title="bbox 610 1306 2174 1387; baseline 0 -15"><span class='ocrx_word' id='word_1_62' title='bbox 610 1313 817 1387; x_wconf 84' lang='lat' dir='ltr'><strong>potest</strong></span> <span class='ocrx_word' id='word_1_63' title='bbox 842 1307 1121 1387; x_wconf 87' lang='lat' dir='ltr'><strong>pendere</strong></span> <span class='ocrx_word' id='word_1_64' title='bbox 1148 1306 1713 1369; x_wconf 79' lang='lat' dir='ltr'><strong>instrumentaliter</strong></span> <span class='ocrx_word' id='word_1_65' title='bbox 1754 1308 1836 1371; x_wconf 86' lang='lat' dir='ltr'><strong>ab</strong></span> <span class='ocrx_word' id='word_1_66' title='bbox 1865 1308 2012 1385; x_wconf 87' lang='lat' dir='ltr'><strong>alia,</strong></span> <span class='ocrx_word' id='word_1_67' title='bbox 2039 1324 2174 1373; x_wconf 80' lang='lat' dir='ltr'><strong>non</strong></span> 
     </span>
     <span class='ocr_line' id='line_1_11' title="bbox 610 1398 2174 1479; baseline -0.001 -16"><span class='ocrx_word' id='word_1_68' title='bbox 610 1401 821 1463; x_wconf 86' lang='lat' dir='ltr'><strong>minus</strong></span> <span class='ocrx_word' id='word_1_69' title='bbox 848 1418 1035 1479; x_wconf 88' lang='lat' dir='ltr'><strong>posse</strong></span> <span class='ocrx_word' id='word_1_70' title='bbox 1066 1400 1183 1463; x_wconf 88' lang='lat' dir='ltr'><strong>hoc</strong></span> <span class='ocrx_word' id='word_1_71' title='bbox 1206 1398 1347 1460; x_wconf 86' lang='lat' dir='ltr'><strong>fieri</strong></span> <span class='ocrx_word' id='word_1_72' title='bbox 1398 1398 1467 1459; x_wconf 92' lang='lat' dir='ltr'><strong>in</strong></span> <span class='ocrx_word' id='word_1_73' title='bbox 1496 1400 1799 1463; x_wconf 83' lang='lat' dir='ltr'><strong>creaturis</strong></span> <span class='ocrx_word' id='word_1_74' title='bbox 1830 1418 1972 1479; x_wconf 81' lang='lat' dir='ltr'><strong>quae</strong></span> <span class='ocrx_word' id='word_1_75' title='bbox 2008 1398 2174 1462; x_wconf 84' lang='lat' dir='ltr'><strong>fiunt</strong></span> 
     </span>
     <span class='ocr_line' id='line_1_12' title="bbox 608 1492 2176 1574; baseline 0.001 -21"><span class='ocrx_word' id='word_1_76' title='bbox 608 1494 677 1553; x_wconf 89' lang='lat' dir='ltr'><strong>in</strong></span> <span class='ocrx_word' id='word_1_77' title='bbox 706 1493 1011 1573; x_wconf 88' lang='lat' dir='ltr'><strong>subject0‚</strong></span> <span class='ocrx_word' id='word_1_78' title='bbox 1036 1511 1225 1574; x_wconf 84' lang='lat' dir='ltr'><strong>quam</strong></span> <span class='ocrx_word' id='word_1_79' title='bbox 1252 1492 1323 1553; x_wconf 88' lang='lat' dir='ltr'><strong>in</strong></span> <span class='ocrx_word' id='word_1_80' title='bbox 1350 1492 1429 1553; x_wconf 90' lang='lat' dir='ltr'><strong>iis</strong></span> <span class='ocrx_word' id='word_1_81' title='bbox 1457 1510 1599 1573; x_wconf 81' lang='lat' dir='ltr'><strong>quae</strong></span> <span class='ocrx_word' id='word_1_82' title='bbox 1643 1511 1761 1571; x_wconf 90' lang='lat' dir='ltr'><strong>per</strong></span> <span class='ocrx_word' id='word_1_83' title='bbox 1788 1511 1856 1555; x_wconf 85' lang='lat' dir='ltr'><strong>se</strong></span> <span class='ocrx_word' id='word_1_84' title='bbox 1882 1499 1944 1555; x_wconf 89' lang='lat' dir='ltr'><strong>et</strong></span> <span class='ocrx_word' id='word_1_85' title='bbox 1975 1512 2052 1557; x_wconf 84' lang='lat' dir='ltr'><strong>ex</strong></span> <span class='ocrx_word' id='word_1_86' title='bbox 2081 1494 2176 1555; x_wconf 83' lang='lat' dir='ltr'><strong>ni-</strong></span> 
     </span>
     <span class='ocr_line' id='line_1_13' title="bbox 608 1585 2171 1671; baseline 0.001 -24"><span class='ocrx_word' id='word_1_87' title='bbox 608 1586 735 1647; x_wconf 91' lang='lat' dir='ltr'><strong>hilo</strong></span> <span class='ocrx_word' id='word_1_88' title='bbox 776 1585 971 1662; x_wconf 80' lang='lat' dir='ltr'><strong>tiunt3</strong></span> <span class='ocrx_word' id='word_1_89' title='bbox 999 1604 1149 1667; x_wconf 81' lang='lat' dir='ltr'><strong>ergo</strong></span> <span class='ocrx_word' id='word_1_90' title='bbox 1171 1587 1277 1649; x_wconf 88' lang='lat' dir='ltr'><strong>illa</strong></span> <span class='ocrx_word' id='word_1_91' title='bbox 1306 1585 1639 1647; x_wconf 83' lang='lat' dir='ltr'><strong>efficientia</strong></span> <span class='ocrx_word' id='word_1_92' title='bbox 1666 1588 1889 1671; x_wconf 83' lang='lat' dir='ltr'><strong>Angeli</strong></span> <span class='ocrx_word' id='word_1_93' title='bbox 1912 1606 2028 1669; x_wconf 90' lang='lat' dir='ltr'><strong>per</strong></span> <span class='ocrx_word' id='word_1_94' title='bbox 2055 1588 2171 1649; x_wconf 81' lang='lat' dir='ltr'><strong>hu·-</strong></span> 
     </span>
     <span class='ocr_line' id='line_1_14' title="bbox 607 1679 2170 1762; baseline 0.001 -20"><span class='ocrx_word' id='word_1_95' title='bbox 607 1681 980 1743; x_wconf 87' lang='lat' dir='ltr'><strong>manitatem</strong></span> <span class='ocrx_word' id='word_1_96' title='bbox 1012 1684 1175 1743; x_wconf 88' lang='lat' dir='ltr'><strong>esset</strong></span> <span class='ocrx_word' id='word_1_97' title='bbox 1205 1679 1463 1749; x_wconf 88' lang='lat' dir='ltr'><strong>creatio,</strong></span> <span class='ocrx_word' id='word_1_98' title='bbox 1513 1681 1660 1760; x_wconf 85' lang='lat' dir='ltr'><strong>quia</strong></span> <span class='ocrx_word' id='word_1_99' title='bbox 1694 1688 1863 1744; x_wconf 87' lang='lat' dir='ltr'><strong>esset</strong></span> <span class='ocrx_word' id='word_1_100' title='bbox 1900 1682 2170 1762; x_wconf 89' lang='lat' dir='ltr'><strong>produc-</strong></span> 
     </span>
     <span class='ocr_line' id='line_1_15' title="bbox 609 1775 2168 1856; baseline 0.001 -19"><span class='ocrx_word' id='word_1_101' title='bbox 609 1776 701 1837; x_wconf 87' lang='lat' dir='ltr'><strong>tio</strong></span> <span class='ocrx_word' id='word_1_102' title='bbox 724 1794 801 1837; x_wconf 87' lang='lat' dir='ltr'><strong>ex</strong></span> <span class='ocrx_word' id='word_1_103' title='bbox 825 1776 1047 1851; x_wconf 84' lang='lat' dir='ltr'><strong>nihilo,</strong></span> <span class='ocrx_word' id='word_1_104' title='bbox 1082 1778 1145 1836; x_wconf 88' lang='lat' dir='ltr'><strong>et</strong></span> <span class='ocrx_word' id='word_1_105' title='bbox 1166 1776 1315 1853; x_wconf 85' lang='lat' dir='ltr'><strong>quia</strong></span> <span class='ocrx_word' id='word_1_106' title='bbox 1349 1775 1628 1853; x_wconf 79' lang='lat' dir='ltr'><strong>Angelus</strong></span> <span class='ocrx_word' id='word_1_107' title='bbox 1652 1792 1781 1836; x_wconf 90' lang='lat' dir='ltr'><strong>non</strong></span> <span class='ocrx_word' id='word_1_108' title='bbox 1812 1782 2024 1856; x_wconf 89' lang='lat' dir='ltr'><strong>potest</strong></span> <span class='ocrx_word' id='word_1_109' title='bbox 2046 1776 2168 1838; x_wconf 91' lang='lat' dir='ltr'><strong>alio</strong></span> 
     </span>
     <span class='ocr_line' id='line_1_16' title="bbox 607 1860 2170 1955; baseline 0 -25"><span class='ocrx_word' id='word_1_110' title='bbox 607 1870 797 1931; x_wconf 90' lang='lat' dir='ltr'><strong>modo</strong></span> <span class='ocrx_word' id='word_1_111' title='bbox 834 1869 1124 1949; x_wconf 80' lang='lat' dir='ltr'><strong>produci.</strong></span> <span class='ocrx_word' id='word_1_112' title='bbox 1169 1868 1463 1941; x_wconf 87' lang='lat' dir='ltr'><strong>Quamvis</strong></span> <span class='ocrx_word' id='word_1_113' title='bbox 1506 1860 1771 1955; x_wconf 79' lang='lat' dir='ltr'><strong>fortasse</strong></span> <span class='ocrx_word' id='word_1_114' title='bbox 1819 1870 2170 1930; x_wconf 88' lang='lat' dir='ltr'><strong>secundum</strong></span> 
     </span>
     <span class='ocr_line' id='line_1_17' title="bbox 606 1960 2166 2033; baseline 0 -10"><span class='ocrx_word' id='word_1_115' title='bbox 606 1960 775 2023; x_wconf 79' lang='lat' dir='ltr'><strong>illam</strong></span> <span class='ocrx_word' id='word_1_116' title='bbox 804 1962 1027 2023; x_wconf 88' lang='lat' dir='ltr'><strong>falsam</strong></span> <span class='ocrx_word' id='word_1_117' title='bbox 1058 1961 1429 2033; x_wconf 84' lang='lat' dir='ltr'><strong>doctrinam,</strong></span> <span class='ocrx_word' id='word_1_118' title='bbox 1458 1978 1587 2022; x_wconf 85' lang='lat' dir='ltr'><strong>non</strong></span> <span class='ocrx_word' id='word_1_119' title='bbox 1612 1966 1780 2022; x_wconf 88' lang='lat' dir='ltr'><strong>esset</strong></span> <span class='ocrx_word' id='word_1_120' title='bbox 1809 1960 1911 2022; x_wconf 84' lang='lat' dir='ltr'><strong>ilia</strong></span> <span class='ocrx_word' id='word_1_121' title='bbox 1949 1960 2166 2023; x_wconf 80' lang='lat' dir='ltr'><strong>dicen-</strong></span> 
     </span>
     <span class='ocr_line' id='line_1_18' title="bbox 604 2052 2170 2135; baseline 0.001 -19"><span class='ocrx_word' id='word_1_122' title='bbox 604 2055 687 2117; x_wconf 90' lang='lat' dir='ltr'><strong>da</strong></span> <span class='ocrx_word' id='word_1_123' title='bbox 713 2056 919 2135; x_wconf 87' lang='lat' dir='ltr'><strong>prima</strong></span> <span class='ocrx_word' id='word_1_124' title='bbox 950 2052 1182 2116; x_wconf 81' lang='lat' dir='ltr'><strong>creatio</strong></span> <span class='ocrx_word' id='word_1_125' title='bbox 1212 2054 1456 2135; x_wconf 83' lang='lat' dir='ltr'><strong>Angeli,</strong></span> <span class='ocrx_word' id='word_1_126' title='bbox 1509 2054 1621 2117; x_wconf 85' lang='lat' dir='ltr'><strong>sed</strong></span> <span class='ocrx_word' id='word_1_127' title='bbox 1666 2054 1967 2132; x_wconf 85' lang='lat' dir='ltr'><strong>secunda,</strong></span> <span class='ocrx_word' id='word_1_128' title='bbox 2006 2056 2170 2119; x_wconf 90' lang='lat' dir='ltr'><strong>sicut</strong></span> 
     </span>
     <span class='ocr_line' id='line_1_19' title="bbox 608 2148 2168 2229; baseline -0.001 -18"><span class='ocrx_word' id='word_1_129' title='bbox 608 2149 932 2229; x_wconf 82' lang='lat' dir='ltr'><strong>generatio</strong></span> <span class='ocrx_word' id='word_1_130' title='bbox 960 2148 1147 2229; x_wconf 78' lang='lat' dir='ltr'><strong>ignia,</strong></span> <span class='ocrx_word' id='word_1_131' title='bbox 1180 2148 1354 2211; x_wconf 86' lang='lat' dir='ltr'><strong>verbi</strong></span> <span class='ocrx_word' id='word_1_132' title='bbox 1402 2148 1623 2229; x_wconf 85' lang='lat' dir='ltr'><strong>gratia,</strong></span> <span class='ocrx_word' id='word_1_133' title='bbox 1672 2167 1799 2211; x_wconf 88' lang='lat' dir='ltr'><strong>non</strong></span> <span class='ocrx_word' id='word_1_134' title='bbox 1831 2155 1927 2215; x_wconf 84' lang='lat' dir='ltr'><strong>est</strong></span> <span class='ocrx_word' id='word_1_135' title='bbox 1957 2148 2019 2210; x_wconf 91' lang='lat' dir='ltr'><strong>in</strong></span> <span class='ocrx_word' id='word_1_136' title='bbox 2047 2150 2168 2211; x_wconf 87' lang='lat' dir='ltr'><strong>hac</strong></span> 
     </span>
     <span class='ocr_line' id='line_1_20' title="bbox 608 2242 2170 2322; baseline 0.002 -17"><span class='ocrx_word' id='word_1_137' title='bbox 608 2242 919 2305; x_wconf 86' lang='lat' dir='ltr'><strong>sententia</strong></span> <span class='ocrx_word' id='word_1_138' title='bbox 952 2242 1154 2322; x_wconf 80' lang='lat' dir='ltr'><strong>prima</strong></span> <span class='ocrx_word' id='word_1_139' title='bbox 1196 2242 1523 2322; x_wconf 87' lang='lat' dir='ltr'><strong>productio</strong></span> <span class='ocrx_word' id='word_1_140' title='bbox 1572 2242 1759 2320; x_wconf 89' lang='lat' dir='ltr'><strong>ignis,</strong></span> <span class='ocrx_word' id='word_1_141' title='bbox 1791 2244 1903 2305; x_wconf 87' lang='lat' dir='ltr'><strong>sed</strong></span> <span class='ocrx_word' id='word_1_142' title='bbox 1943 2260 2170 2308; x_wconf 80' lang='lat' dir='ltr'><strong>secun·</strong></span> 
     </span>
     <span class='ocr_line' id='line_1_21' title="bbox 607 2332 2166 2417; baseline 0.001 -20"><span class='ocrx_word' id='word_1_143' title='bbox 607 2334 728 2408; x_wconf 87' lang='lat' dir='ltr'><strong>da;</strong></span> <span class='ocrx_word' id='word_1_144' title='bbox 760 2335 1091 2416; x_wconf 85' lang='lat' dir='ltr'><strong>solumque</strong></span> <span class='ocrx_word' id='word_1_145' title='bbox 1124 2336 1247 2397; x_wconf 86' lang='lat' dir='ltr'><strong>erit</strong></span> <span class='ocrx_word' id='word_1_146' title='bbox 1289 2332 1667 2411; x_wconf 81' lang='lat' dir='ltr'><strong>differentia,</strong></span> <span class='ocrx_word' id='word_1_147' title='bbox 1701 2335 1871 2415; x_wconf 86' lang='lat' dir='ltr'><strong>quod</strong></span> <span class='ocrx_word' id='word_1_148' title='bbox 1905 2334 1972 2399; x_wconf 89' lang='lat' dir='ltr'><strong>in</strong></span> <span class='ocrx_word' id='word_1_149' title='bbox 2021 2336 2166 2417; x_wconf 84' lang='lat' dir='ltr'><strong>igne</strong></span> 
     </span>
     <span class='ocr_line' id='line_1_22' title="bbox 606 2426 2166 2511; baseline -0.001 -19"><span class='ocrx_word' id='word_1_150' title='bbox 606 2426 809 2508; x_wconf 83' lang='lat' dir='ltr'><strong>prima</strong></span> <span class='ocrx_word' id='word_1_151' title='bbox 847 2428 1173 2509; x_wconf 88' lang='lat' dir='ltr'><strong>productio</strong></span> <span class='ocrx_word' id='word_1_152' title='bbox 1213 2436 1308 2491; x_wconf 89' lang='lat' dir='ltr'><strong>est</strong></span> <span class='ocrx_word' id='word_1_153' title='bbox 1333 2428 1587 2499; x_wconf 82' lang='lat' dir='ltr'><strong>creatio,</strong></span> <span class='ocrx_word' id='word_1_154' title='bbox 1638 2428 1916 2491; x_wconf 90' lang='lat' dir='ltr'><strong>secunda</strong></span> <span class='ocrx_word' id='word_1_155' title='bbox 1974 2447 2166 2511; x_wconf 86' lang='lat' dir='ltr'><strong>gene-</strong></span> 
     </span>
     <span class='ocr_line' id='line_1_23' title="bbox 604 2520 2162 2603; baseline 0.001 -20"><span class='ocrx_word' id='word_1_156' title='bbox 604 2520 785 2597; x_wconf 90' lang='lat' dir='ltr'><strong>rati0,</strong></span> <span class='ocrx_word' id='word_1_157' title='bbox 811 2522 873 2582; x_wconf 88' lang='lat' dir='ltr'><strong>in</strong></span> <span class='ocrx_word' id='word_1_158' title='bbox 901 2522 1140 2603; x_wconf 84' lang='lat' dir='ltr'><strong>Angelo</strong></span> <span class='ocrx_word' id='word_1_159' title='bbox 1169 2539 1318 2583; x_wconf 82' lang='lat' dir='ltr'><strong>vero</strong></span> <span class='ocrx_word' id='word_1_160' title='bbox 1360 2524 1628 2601; x_wconf 87' lang='lat' dir='ltr'><strong>utraque</strong></span> <span class='ocrx_word' id='word_1_161' title='bbox 1678 2528 1842 2583; x_wconf 89' lang='lat' dir='ltr'><strong>esset</strong></span> <span class='ocrx_word' id='word_1_162' title='bbox 1901 2522 2162 2585; x_wconf 86' lang='lat' dir='ltr'><strong>creati0.</strong></span> 
     </span>
     <span class='ocr_line' id='line_1_24' title="bbox 605 2612 2164 2687; baseline 0.002 -13"><span class='ocrx_word' id='word_1_163' title='bbox 605 2612 733 2674; x_wconf 88' lang='lat' dir='ltr'><strong>Nisi</strong></span> <span class='ocrx_word' id='word_1_164' title='bbox 754 2612 912 2675; x_wconf 86' lang='lat' dir='ltr'><strong>forte</strong></span> <span class='ocrx_word' id='word_1_165' title='bbox 948 2614 1213 2687; x_wconf 84' lang='lat' dir='ltr'><strong>dicatur,</strong></span> <span class='ocrx_word' id='word_1_166' title='bbox 1240 2614 1409 2675; x_wconf 90' lang='lat' dir='ltr'><strong>illam</strong></span> <span class='ocrx_word' id='word_1_167' title='bbox 1462 2614 1805 2677; x_wconf 86' lang='lat' dir='ltr'><strong>secundam</strong></span> <span class='ocrx_word' id='word_1_168' title='bbox 1850 2616 2164 2679; x_wconf 81' lang='lat' dir='ltr'><strong>actionem</strong></span> 
     </span>
     <span class='ocr_line' id='line_1_25' title="bbox 602 2704 2164 2787; baseline 0.003 -20"><span class='ocrx_word' id='word_1_169' title='bbox 602 2724 715 2769; x_wconf 88' lang='lat' dir='ltr'><strong>seu</strong></span> <span class='ocrx_word' id='word_1_170' title='bbox 746 2704 1139 2769; x_wconf 85' lang='lat' dir='ltr'><strong>effectionem</strong></span> <span class='ocrx_word' id='word_1_171' title='bbox 1170 2708 1389 2787; x_wconf 84' lang='lat' dir='ltr'><strong>Angeli</strong></span> <span class='ocrx_word' id='word_1_172' title='bbox 1423 2727 1551 2771; x_wconf 91' lang='lat' dir='ltr'><strong>non</strong></span> <span class='ocrx_word' id='word_1_173' title='bbox 1583 2726 1721 2769; x_wconf 89' lang='lat' dir='ltr'><strong>esse</strong></span> <span class='ocrx_word' id='word_1_174' title='bbox 1755 2708 2164 2783; x_wconf 83' lang='lat' dir='ltr'><strong>creationem,</strong></span> 
     </span>
     <span class='ocr_line' id='line_1_26' title="bbox 609 2801 2168 2883; baseline 0.004 -24"><span class='ocrx_word' id='word_1_175' title='bbox 609 2801 757 2881; x_wconf 86' lang='lat' dir='ltr'><strong>quia</strong></span> <span class='ocrx_word' id='word_1_176' title='bbox 791 2818 919 2863; x_wconf 87' lang='lat' dir='ltr'><strong>non</strong></span> <span class='ocrx_word' id='word_1_177' title='bbox 959 2806 1054 2861; x_wconf 90' lang='lat' dir='ltr'><strong>est</strong></span> <span class='ocrx_word' id='word_1_178' title='bbox 1092 2801 1348 2864; x_wconf 90' lang='lat' dir='ltr'><strong>omnino</strong></span> <span class='ocrx_word' id='word_1_179' title='bbox 1380 2818 1451 2863; x_wconf 85' lang='lat' dir='ltr'><strong>ex</strong></span> <span class='ocrx_word' id='word_1_180' title='bbox 1486 2801 1681 2862; x_wconf 88' lang='lat' dir='ltr'><strong>nihilo</strong></span> <span class='ocrx_word' id='word_1_181' title='bbox 1704 2846 1725 2876; x_wconf 90' lang='lat'><strong>,</strong></span> <span class='ocrx_word' id='word_1_182' title='bbox 1757 2820 1901 2863; x_wconf 90' lang='lat' dir='ltr'><strong>cum</strong></span> <span class='ocrx_word' id='word_1_183' title='bbox 1935 2820 2168 2883; x_wconf 88' lang='lat' dir='ltr'><strong>suppo·</strong></span> 
     </span>
     <span class='ocr_line' id='line_1_27' title="bbox 604 2892 2168 2975; baseline 0.003 -20"><span class='ocrx_word' id='word_1_184' title='bbox 604 2896 793 2955; x_wconf 86' lang='lat' dir='ltr'><strong>natur</strong></span> <span class='ocrx_word' id='word_1_185' title='bbox 824 2893 956 2973; x_wconf 87' lang='lat' dir='ltr'><strong>jam</strong></span> <span class='ocrx_word' id='word_1_186' title='bbox 988 2892 1265 2972; x_wconf 79' lang='lat' dir='ltr'><strong>Angelus</strong></span> <span class='ocrx_word' id='word_1_187' title='bbox 1317 2899 1563 2955; x_wconf 87' lang='lat' dir='ltr'><strong>creatus</strong></span> <span class='ocrx_word' id='word_1_188' title='bbox 1607 2894 1730 2955; x_wconf 88' lang='lat' dir='ltr'><strong>alio</strong></span> <span class='ocrx_word' id='word_1_189' title='bbox 1780 2912 2011 2975; x_wconf 83' lang='lat' dir='ltr'><strong>genere</strong></span> <span class='ocrx_word' id='word_1_190' title='bbox 2065 2914 2168 2960; x_wconf 88' lang='lat' dir='ltr'><strong>ac-</strong></span> 
     </span>
     <span class='ocr_line' id='line_1_28' title="bbox 611 2984 2166 3065; baseline 0.002 -17"><span class='ocrx_word' id='word_1_191' title='bbox 611 2986 803 3061; x_wconf 82' lang='lat' dir='ltr'><strong>tionis</strong></span> <span class='ocrx_word' id='word_1_192' title='bbox 832 3004 947 3047; x_wconf 90' lang='lat' dir='ltr'><strong>seu</strong></span> <span class='ocrx_word' id='word_1_193' title='bbox 990 2984 1447 3065; x_wconf 80' lang='lat' dir='ltr'><strong>dependentiae.</strong></span> <span class='ocrx_word' id='word_1_194' title='bbox 1507 2987 1630 3051; x_wconf 85' lang='lat' dir='ltr'><strong>Sed</strong></span> <span class='ocrx_word' id='word_1_195' title='bbox 1660 2988 1780 3049; x_wconf 93' lang='lat' dir='ltr'><strong>hoc</strong></span> <span class='ocrx_word' id='word_1_196' title='bbox 1807 3006 1939 3049; x_wconf 88' lang='lat' dir='ltr'><strong>non</strong></span> <span class='ocrx_word' id='word_1_197' title='bbox 1995 2994 2166 3051; x_wconf 86' lang='lat' dir='ltr'><strong>recte</strong></span> 
     </span>
     <span class='ocr_line' id='line_1_29' title="bbox 606 3082 2170 3163; baseline 0.002 -20"><span class='ocrx_word' id='word_1_198' title='bbox 606 3098 817 3161; x_wconf 89' lang='lat' dir='ltr'><strong>neque</strong></span> <span class='ocrx_word' id='word_1_199' title='bbox 857 3086 1317 3161; x_wconf 83' lang='lat' dir='ltr'><strong>consequenter</strong></span> <span class='ocrx_word' id='word_1_200' title='bbox 1342 3082 1589 3157; x_wconf 87' lang='lat' dir='ltr'><strong>dicitur,</strong></span> <span class='ocrx_word' id='word_1_201' title='bbox 1629 3082 1776 3163; x_wconf 87' lang='lat' dir='ltr'><strong>quia</strong></span> <span class='ocrx_word' id='word_1_202' title='bbox 1808 3082 1906 3145; x_wconf 86' lang='lat' dir='ltr'><strong>vel</strong></span> <span class='ocrx_word' id='word_1_203' title='bbox 1930 3082 2036 3145; x_wconf 88' lang='lat' dir='ltr'><strong>illa</strong></span> <span class='ocrx_word' id='word_1_204' title='bbox 2067 3103 2170 3146; x_wconf 87' lang='lat' dir='ltr'><strong>ac-</strong></span> 
     </span>
     <span class='ocr_line' id='line_1_30' title="bbox 600 3172 2169 3255; baseline 0.002 -19"><span class='ocrx_word' id='word_1_205' title='bbox 600 3174 691 3236; x_wconf 91' lang='lat' dir='ltr'><strong>tio</strong></span> <span class='ocrx_word' id='word_1_206' title='bbox 718 3178 813 3237; x_wconf 79' lang='lat' dir='ltr'><strong>est</strong></span> <span class='ocrx_word' id='word_1_207' title='bbox 844 3172 1172 3255; x_wconf 90' lang='lat' dir='ltr'><strong>productio</strong></span> <span class='ocrx_word' id='word_1_208' title='bbox 1198 3174 1447 3255; x_wconf 84' lang='lat' dir='ltr'><strong>Angeli,</strong></span> <span class='ocrx_word' id='word_1_209' title='bbox 1472 3174 1573 3237; x_wconf 84' lang='lat' dir='ltr'><strong>vel</strong></span> <span class='ocrx_word' id='word_1_210' title='bbox 1597 3193 1725 3236; x_wconf 93' lang='lat' dir='ltr'><strong>non</strong></span> <span class='ocrx_word' id='word_1_211' title='bbox 1760 3192 1777 3237; x_wconf 70' lang='grc' dir='ltr'>ε</span> <span class='ocrx_word' id='word_1_212' title='bbox 1813 3176 1863 3237; x_wconf 92' lang='lat' dir='ltr'><strong>si</strong></span> <span class='ocrx_word' id='word_1_213' title='bbox 1891 3194 2044 3255; x_wconf 88' lang='lat' dir='ltr'><strong>non,</strong></span> <span class='ocrx_word' id='word_1_214' title='bbox 2073 3195 2169 3239; x_wconf 91' lang='lat' dir='ltr'><strong>er·</strong></span> 
     </span>
     <span class='ocr_line' id='line_1_31' title="bbox 604 3266 2167 3347; baseline 0.003 -18"><span class='ocrx_word' id='word_1_215' title='bbox 604 3285 686 3347; x_wconf 88' lang='lat' dir='ltr'><strong>go</strong></span> <span class='ocrx_word' id='word_1_216' title='bbox 745 3284 954 3346; x_wconf 86' lang='lat' dir='ltr'><strong>neque</strong></span> <span class='ocrx_word' id='word_1_217' title='bbox 995 3266 1133 3328; x_wconf 78' lang='lat' dir='ltr'><strong>aliae</strong></span> <span class='ocrx_word' id='word_1_218' title='bbox 1161 3266 1374 3329; x_wconf 79' lang='lat' dir='ltr'><strong>formae</strong></span> <span class='ocrx_word' id='word_1_219' title='bbox 1424 3268 1857 3347; x_wconf 77' lang='lat' dir='ltr'><strong>producuntur</strong></span> <span class='ocrx_word' id='word_1_220' title='bbox 1886 3288 1923 3329; x_wconf 90' lang='lat' dir='ltr'><strong>a</strong></span> <span class='ocrx_word' id='word_1_221' title='bbox 1962 3269 2167 3333; x_wconf 83' lang='lat' dir='ltr'><strong>causis</strong></span> 
     </span>
     <span class='ocr_line' id='line_1_32' title="bbox 605 3358 2166 3441; baseline 0.002 -18"><span class='ocrx_word' id='word_1_222' title='bbox 605 3360 923 3440; x_wconf 77' lang='lat' dir='ltr'><strong>secundis,</strong></span> <span class='ocrx_word' id='word_1_223' title='bbox 973 3358 1119 3439; x_wconf 86' lang='lat' dir='ltr'><strong>quia</strong></span> <span class='ocrx_word' id='word_1_224' title='bbox 1154 3360 1291 3441; x_wconf 87' lang='lat' dir='ltr'><strong>jam</strong></span> <span class='ocrx_word' id='word_1_225' title='bbox 1339 3368 1780 3441; x_wconf 86' lang='lat' dir='ltr'><strong>supponuntur</strong></span> <span class='ocrx_word' id='word_1_226' title='bbox 1842 3362 2166 3441; x_wconf 80' lang='lat' dir='ltr'><strong>productae</strong></span> 
     </span>
     <span class='ocr_line' id='line_1_33' title="bbox 603 3453 2164 3534; baseline 0.001 -19"><span class='ocrx_word' id='word_1_227' title='bbox 603 3453 725 3515; x_wconf 88' lang='lat' dir='ltr'><strong>alia</strong></span> <span class='ocrx_word' id='word_1_228' title='bbox 748 3454 847 3515; x_wconf 87' lang='lat' dir='ltr'><strong>via</strong></span> <span class='ocrx_word' id='word_1_229' title='bbox 875 3473 913 3515; x_wconf 92' lang='lat' dir='ltr'><strong>a</strong></span> <span class='ocrx_word' id='word_1_230' title='bbox 940 3454 1141 3534; x_wconf 87' lang='lat' dir='ltr'><strong>prima</strong></span> <span class='ocrx_word' id='word_1_231' title='bbox 1159 3471 1349 3515; x_wconf 88' lang='lat' dir='ltr'><strong>causa</strong></span> <span class='ocrx_word' id='word_1_232' title='bbox 1360 3454 1541 3533; x_wconf 80' lang='lat' dir='ltr'><strong>juxta</strong></span> <span class='ocrx_word' id='word_1_233' title='bbox 1574 3454 1735 3515; x_wconf 83' lang='lat' dir='ltr'><strong>hanc</strong></span> <span class='ocrx_word' id='word_1_234' title='bbox 1764 3456 2164 3533; x_wconf 86' lang='lat' dir='ltr'><strong>sententiam;</strong></span> 
     </span>
     <span class='ocr_line' id='line_1_34' title="bbox 605 3544 2166 3629; baseline 0.001 -20"><span class='ocrx_word' id='word_1_235' title='bbox 605 3547 656 3609; x_wconf 89' lang='lat' dir='ltr'><strong>si</strong></span> <span class='ocrx_word' id='word_1_236' title='bbox 682 3566 831 3611; x_wconf 79' lang='lat' dir='ltr'><strong>vero</strong></span> <span class='ocrx_word' id='word_1_237' title='bbox 863 3553 956 3609; x_wconf 89' lang='lat' dir='ltr'><strong>est</strong></span> <span class='ocrx_word' id='word_1_238' title='bbox 985 3544 1312 3627; x_wconf 89' lang='lat' dir='ltr'><strong>productio</strong></span> <span class='ocrx_word' id='word_1_239' title='bbox 1350 3545 1595 3629; x_wconf 81' lang='lat' dir='ltr'><strong>Angeli,</strong></span> <span class='ocrx_word' id='word_1_240' title='bbox 1641 3547 1748 3609; x_wconf 88' lang='lat' dir='ltr'><strong>illa</strong></span> <span class='ocrx_word' id='word_1_241' title='bbox 1780 3566 1905 3609; x_wconf 92' lang='lat' dir='ltr'><strong>non</strong></span> <span class='ocrx_word' id='word_1_242' title='bbox 1953 3554 2050 3610; x_wconf 86' lang='lat' dir='ltr'><strong>est</strong></span> <span class='ocrx_word' id='word_1_243' title='bbox 2089 3568 2166 3611; x_wconf 84' lang='lat' dir='ltr'><strong>ex</strong></span> 
     </span>
     <span class='ocr_line' id='line_1_35' title="bbox 602 3639 2167 3721; baseline 0 -18"><span class='ocrx_word' id='word_1_244' title='bbox 602 3639 1056 3721; x_wconf 79' lang='lat' dir='ltr'><strong>praesupposito</strong></span> <span class='ocrx_word' id='word_1_245' title='bbox 1079 3640 1363 3720; x_wconf 85' lang='lat' dir='ltr'><strong>subjecto</strong></span> <span class='ocrx_word' id='word_1_246' title='bbox 1392 3662 1409 3715; x_wconf 87' lang='lat'>3</span> <span class='ocrx_word' id='word_1_247' title='bbox 1440 3659 1589 3720; x_wconf 86' lang='lat' dir='ltr'><strong>ergo</strong></span> <span class='ocrx_word' id='word_1_248' title='bbox 1608 3642 1967 3705; x_wconf 84' lang='lat' dir='ltr'><strong>estereatio.</strong></span> <span class='ocrx_word' id='word_1_249' title='bbox 1985 3642 2167 3705; x_wconf 90' lang='lat' dir='ltr'><strong>Dein-</strong></span> 
     </span>
     <span class='ocr_line' id='line_1_36' title="bbox 604 3733 2163 3814; baseline 0.003 -19"><span class='ocrx_word' id='word_1_250' title='bbox 604 3734 684 3795; x_wconf 88' lang='lat' dir='ltr'><strong>de</strong></span> <span class='ocrx_word' id='word_1_251' title='bbox 715 3733 887 3814; x_wconf 86' lang='lat' dir='ltr'><strong>quia,</strong></span> <span class='ocrx_word' id='word_1_252' title='bbox 918 3733 967 3795; x_wconf 91' lang='lat' dir='ltr'><strong>si</strong></span> <span class='ocrx_word' id='word_1_253' title='bbox 1014 3750 1143 3795; x_wconf 85' lang='lat' dir='ltr'><strong>non</strong></span> <span class='ocrx_word' id='word_1_254' title='bbox 1185 3739 1281 3797; x_wconf 80' lang='lat' dir='ltr'><strong>est</strong></span> <span class='ocrx_word' id='word_1_255' title='bbox 1325 3734 1581 3809; x_wconf 87' lang='lat' dir='ltr'><strong>creati0‚</strong></span> <span class='ocrx_word' id='word_1_256' title='bbox 1623 3734 1775 3813; x_wconf 91' lang='lat' dir='ltr'><strong>quid</strong></span> <span class='ocrx_word' id='word_1_257' title='bbox 1822 3734 1994 3797; x_wconf 89' lang='lat' dir='ltr'><strong>aliud</strong></span> <span class='ocrx_word' id='word_1_258' title='bbox 2025 3752 2163 3799; x_wconf 86' lang='lat' dir='ltr'><strong>esse</strong></span> 
     </span>
     <span class='ocr_line' id='line_1_37' title="bbox 605 3822 2165 3907; baseline 0.001 -18"><span class='ocrx_word' id='word_1_259' title='bbox 605 3830 836 3907; x_wconf 87' lang='lat' dir='ltr'><strong>potest,</strong></span> <span class='ocrx_word' id='word_1_260' title='bbox 868 3846 1011 3890; x_wconf 90' lang='lat' dir='ltr'><strong>cum</strong></span> <span class='ocrx_word' id='word_1_261' title='bbox 1038 3822 1313 3907; x_wconf 75' lang='lat' dir='ltr'><strong>Angelus</strong></span> <span class='ocrx_word' id='word_1_262' title='bbox 1346 3826 1749 3907; x_wconf 87' lang='lat' dir='ltr'><strong>producibilis</strong></span> <span class='ocrx_word' id='word_1_263' title='bbox 1783 3846 1912 3889; x_wconf 89' lang='lat' dir='ltr'><strong>non</strong></span> <span class='ocrx_word' id='word_1_264' title='bbox 1938 3827 2015 3890; x_wconf 90' lang='lat' dir='ltr'><strong>sit</strong></span> <span class='ocrx_word' id='word_1_265' title='bbox 2043 3826 2165 3891; x_wconf 89' lang='lat' dir='ltr'><strong>nisi</strong></span> 
     </span>
     <span class='ocr_line' id='line_1_38' title="bbox 606 3920 2166 4001; baseline 0.001 -18"><span class='ocrx_word' id='word_1_266' title='bbox 606 3937 721 4001; x_wconf 86' lang='lat' dir='ltr'><strong>per</strong></span> <span class='ocrx_word' id='word_1_267' title='bbox 766 3920 1147 3983; x_wconf 81' lang='lat' dir='ltr'><strong>creationem</strong></span> <span class='ocrx_word' id='word_1_268' title='bbox 1176 3924 1200 3983; x_wconf 73' lang='lat' dir='ltr'><strong>i</strong></span> <span class='ocrx_word' id='word_1_269' title='bbox 1234 3920 1357 3984; x_wconf 88' lang='lat' dir='ltr'><strong>Sed</strong></span> <span class='ocrx_word' id='word_1_270' title='bbox 1388 3927 1555 3986; x_wconf 90' lang='lat' dir='ltr'><strong>totus</strong></span> <span class='ocrx_word' id='word_1_271' title='bbox 1584 3920 1688 3983; x_wconf 89' lang='lat' dir='ltr'><strong>hic</strong></span> <span class='ocrx_word' id='word_1_272' title='bbox 1726 3920 2041 3983; x_wconf 88' lang='lat' dir='ltr'><strong>discursus</strong></span> <span class='ocrx_word' id='word_1_273' title='bbox 2071 3926 2166 3985; x_wconf 87' lang='lat' dir='ltr'><strong>est</strong></span> 
     </span>
     <span class='ocr_line' id='line_1_39' title="bbox 606 4013 2163 4095; baseline 0.001 -20"><span class='ocrx_word' id='word_1_274' title='bbox 606 4013 688 4075; x_wconf 90' lang='lat' dir='ltr'><strong>ad</strong></span> <span class='ocrx_word' id='word_1_275' title='bbox 725 4013 1043 4077; x_wconf 86' lang='lat' dir='ltr'><strong>bominem</strong></span> <span class='ocrx_word' id='word_1_276' title='bbox 1063 4036 1081 4091; x_wconf 82' lang='lat'>3</span> <span class='ocrx_word' id='word_1_277' title='bbox 1108 4015 1338 4077; x_wconf 83' lang='lat' dir='ltr'><strong>veritas</strong></span> <span class='ocrx_word' id='word_1_278' title='bbox 1376 4014 1547 4078; x_wconf 89' lang='lat' dir='ltr'><strong>enim</strong></span> <span class='ocrx_word' id='word_1_279' title='bbox 1587 4020 1703 4089; x_wconf 84' lang='lat' dir='ltr'><strong>est,</strong></span> <span class='ocrx_word' id='word_1_280' title='bbox 1735 4014 1995 4087; x_wconf 83' lang='lat' dir='ltr'><strong>formas,</strong></span> <span class='ocrx_word' id='word_1_281' title='bbox 2022 4034 2163 4095; x_wconf 80' lang='lat' dir='ltr'><strong>quae</strong></span> 
     </span>
     <span class='ocr_line' id='line_1_40' title="bbox 605 4106 2164 4191; baseline -0.001 -19"><span class='ocrx_word' id='word_1_282' title='bbox 605 4106 959 4172; x_wconf 83' lang='lat' dir='ltr'><strong>educuntur</strong></span> <span class='ocrx_word' id='word_1_283' title='bbox 972 4106 1051 4169; x_wconf 91' lang='lat' dir='ltr'><strong>de</strong></span> <span class='ocrx_word' id='word_1_284' title='bbox 1076 4107 1359 4187; x_wconf 88' lang='lat' dir='ltr'><strong>potentia</strong></span> <span class='ocrx_word' id='word_1_285' title='bbox 1374 4107 1673 4184; x_wconf 72' lang='lat' dir='ltr'><strong>materiae,</strong></span> <span class='ocrx_word' id='word_1_286' title='bbox 1688 4125 1817 4170; x_wconf 90' lang='lat' dir='ltr'><strong>non</strong></span> <span class='ocrx_word' id='word_1_287' title='bbox 1829 4108 1965 4172; x_wconf 87' lang='lat' dir='ltr'><strong>fieri</strong></span> <span class='ocrx_word' id='word_1_288' title='bbox 1985 4108 2164 4191; x_wconf 87' lang='lat' dir='ltr'><strong>prius</strong></span> 
     </span>
     <span class='ocr_line' id='line_1_41' title="bbox 605 4200 2166 4281; baseline 0 -18"><span class='ocrx_word' id='word_1_289' title='bbox 605 4220 643 4263; x_wconf 87' lang='lat' dir='ltr'><strong>a</strong></span> <span class='ocrx_word' id='word_1_290' title='bbox 678 4201 805 4263; x_wconf 90' lang='lat' dir='ltr'><strong>Deo</strong></span> <span class='ocrx_word' id='word_1_291' title='bbox 832 4202 946 4281; x_wconf 80' lang='lat' dir='ltr'><strong>per</strong></span> <span class='ocrx_word' id='word_1_292' title='bbox 971 4200 1379 4277; x_wconf 79' lang='lat' dir='ltr'><strong>creationem,</strong></span> <span class='ocrx_word' id='word_1_293' title='bbox 1410 4218 1528 4263; x_wconf 86' lang='lat' dir='ltr'><strong>nec</strong></span> <span class='ocrx_word' id='word_1_294' title='bbox 1562 4219 1675 4281; x_wconf 90' lang='lat' dir='ltr'><strong>per</strong></span> <span class='ocrx_word' id='word_1_295' title='bbox 1729 4202 1915 4266; x_wconf 87' lang='lat' dir='ltr'><strong>aliam</strong></span> <span class='ocrx_word' id='word_1_296' title='bbox 1967 4202 2166 4265; x_wconf 83' lang='lat' dir='ltr'><strong>actio-</strong></span> 
     </span>
     <span class='ocr_line' id='line_1_42' title="bbox 602 4292 2166 4374; baseline -0.002 -17"><span class='ocrx_word' id='word_1_297' title='bbox 602 4312 777 4369; x_wconf 87' lang='lat' dir='ltr'><strong>nem,</strong></span> <span class='ocrx_word' id='word_1_298' title='bbox 802 4311 993 4374; x_wconf 87' lang='lat' dir='ltr'><strong>quam</strong></span> <span class='ocrx_word' id='word_1_299' title='bbox 1021 4310 1136 4373; x_wconf 88' lang='lat' dir='ltr'><strong>per</strong></span> <span class='ocrx_word' id='word_1_300' title='bbox 1162 4292 1335 4355; x_wconf 85' lang='lat' dir='ltr'><strong>illam</strong></span> <span class='ocrx_word' id='word_1_301' title='bbox 1358 4309 1485 4373; x_wconf 86' lang='lat' dir='ltr'><strong>qua</strong></span> <span class='ocrx_word' id='word_1_302' title='bbox 1508 4292 1823 4356; x_wconf 81' lang='lat' dir='ltr'><strong>concurrit</strong></span> <span class='ocrx_word' id='word_1_303' title='bbox 1843 4312 1986 4357; x_wconf 89' lang='lat' dir='ltr'><strong>cum</strong></span> <span class='ocrx_word' id='word_1_304' title='bbox 2018 4313 2166 4360; x_wconf 86' lang='lat' dir='ltr'><strong>cau-</strong></span> 
     </span>
     <span class='ocr_line' id='line_1_43' title="bbox 605 4385 2166 4451; baseline -0.001 -2"><span class='ocrx_word' id='word_1_305' title='bbox 605 4406 675 4449; x_wconf 85' lang='lat' dir='ltr'><strong>sa</strong></span> <span class='ocrx_word' id='word_1_306' title='bbox 718 4386 995 4449; x_wconf 87' lang='lat' dir='ltr'><strong>secunda</strong></span> <span class='ocrx_word' id='word_1_307' title='bbox 1041 4385 1124 4449; x_wconf 83' lang='lat' dir='ltr'><strong>ad</strong></span> <span class='ocrx_word' id='word_1_308' title='bbox 1174 4386 1367 4449; x_wconf 86' lang='lat' dir='ltr'><strong>talem</strong></span> <span class='ocrx_word' id='word_1_309' title='bbox 1414 4386 1838 4449; x_wconf 86' lang='lat' dir='ltr'><strong>eductionem.</strong></span> <span class='ocrx_word' id='word_1_310' title='bbox 1888 4388 2064 4451; x_wconf 88' lang='lat' dir='ltr'><strong>Unde</strong></span> <span class='ocrx_word' id='word_1_311' title='bbox 2095 4386 2166 4448; x_wconf 84' lang='lat' dir='ltr'><strong>fit</strong></span> 
     </span>
    </p>
   </div>
   <div class='ocr_carea' id='block_1_2' title="bbox 606 4478 2178 4559">
    <p class='ocr_par' dir='ltr' id='par_1_2' title="bbox 606 4478 2178 4559">
     <span class='ocr_line' id='line_1_44' title="bbox 606 4478 2178 4559; baseline 0.001 -18"><span class='ocrx_word' id='word_1_312' title='bbox 606 4479 867 4551; x_wconf 88' lang='lat' dir='ltr'><strong>ut,licet</strong></span> <span class='ocrx_word' id='word_1_313' title='bbox 912 4485 1197 4541; x_wconf 87' lang='lat' dir='ltr'><strong>creatura</strong></span> <span class='ocrx_word' id='word_1_314' title='bbox 1244 4478 1327 4540; x_wconf 89' lang='lat' dir='ltr'><strong>ad</strong></span> <span class='ocrx_word' id='word_1_315' title='bbox 1371 4480 1543 4541; x_wconf 91' lang='lat' dir='ltr'><strong>hunc</strong></span> <span class='ocrx_word' id='word_1_316' title='bbox 1590 4498 1841 4541; x_wconf 91' lang='lat' dir='ltr'><strong>sensum</strong></span> <span class='ocrx_word' id='word_1_317' title='bbox 1888 4482 2178 4559; x_wconf 79' lang='lat' dir='ltr'><strong>pendeat</strong></span> 
     </span>
    </p>
   </div>
   <div class='ocr_carea' id='block_1_3' title="bbox 580 4573 2165 5587">
    <p class='ocr_par' dir='ltr' id='par_1_3' title="bbox 580 4573 2165 5587">
     <span class='ocr_line' id='line_1_45' title="bbox 606 4573 2165 4655; baseline 0.001 -19"><span class='ocrx_word' id='word_1_318' title='bbox 606 4573 1020 4636; x_wconf 82' lang='lat' dir='ltr'><strong>essentialiter</strong></span> <span class='ocrx_word' id='word_1_319' title='bbox 1043 4592 1076 4634; x_wconf 89' lang='lat' dir='ltr'><strong>a</strong></span> <span class='ocrx_word' id='word_1_320' title='bbox 1101 4576 1251 4647; x_wconf 89' lang='lat' dir='ltr'><strong>De0,</strong></span> <span class='ocrx_word' id='word_1_321' title='bbox 1286 4579 1356 4635; x_wconf 89' lang='lat' dir='ltr'><strong>ut</strong></span> <span class='ocrx_word' id='word_1_322' title='bbox 1384 4592 1511 4635; x_wconf 89' lang='lat' dir='ltr'><strong>non</strong></span> <span class='ocrx_word' id='word_1_323' title='bbox 1543 4574 1739 4655; x_wconf 85' lang='lat' dir='ltr'><strong>possit</strong></span> <span class='ocrx_word' id='word_1_324' title='bbox 1765 4574 2030 4637; x_wconf 84' lang='lat' dir='ltr'><strong>existere</strong></span> <span class='ocrx_word' id='word_1_325' title='bbox 2056 4580 2165 4637; x_wconf 87' lang='lat' dir='ltr'><strong>aut</strong></span> 
     </span>
     <span class='ocr_line' id='line_1_46' title="bbox 602 4666 2163 4736; baseline 0.002 -7"><span class='ocrx_word' id='word_1_326' title='bbox 602 4666 961 4729; x_wconf 85' lang='lat' dir='ltr'><strong>conservari</strong></span> <span class='ocrx_word' id='word_1_327' title='bbox 1003 4666 1137 4729; x_wconf 86' lang='lat' dir='ltr'><strong>sine</strong></span> <span class='ocrx_word' id='word_1_328' title='bbox 1168 4666 1393 4729; x_wconf 87' lang='lat' dir='ltr'><strong>actuali</strong></span> <span class='ocrx_word' id='word_1_329' title='bbox 1450 4666 1689 4729; x_wconf 82' lang='lat' dir='ltr'><strong>influxu</strong></span> <span class='ocrx_word' id='word_1_330' title='bbox 1742 4666 1876 4736; x_wconf 88' lang='lat' dir='ltr'><strong>Dei,</strong></span> <span class='ocrx_word' id='word_1_331' title='bbox 1915 4687 2041 4729; x_wconf 89' lang='lat' dir='ltr'><strong>non</strong></span> <span class='ocrx_word' id='word_1_332' title='bbox 2071 4673 2163 4732; x_wconf 83' lang='lat' dir='ltr'><strong>ta-</strong></span> 
     </span>
     <span class='ocr_line' id='line_1_47' title="bbox 600 4758 2162 4839; baseline 0 -16"><span class='ocrx_word' id='word_1_333' title='bbox 600 4778 749 4823; x_wconf 88' lang='lat' dir='ltr'><strong>men</strong></span> <span class='ocrx_word' id='word_1_334' title='bbox 797 4761 877 4823; x_wconf 88' lang='lat' dir='ltr'><strong>sit</strong></span> <span class='ocrx_word' id='word_1_335' title='bbox 922 4759 1001 4822; x_wconf 91' lang='lat' dir='ltr'><strong>de</strong></span> <span class='ocrx_word' id='word_1_336' title='bbox 1031 4760 1306 4823; x_wconf 87' lang='lat' dir='ltr'><strong>essentia</strong></span> <span class='ocrx_word' id='word_1_337' title='bbox 1352 4758 1619 4839; x_wconf 83' lang='lat' dir='ltr'><strong>alicujus</strong></span> <span class='ocrx_word' id='word_1_338' title='bbox 1652 4766 1977 4830; x_wconf 82' lang='lat' dir='ltr'><strong>creaturae,</strong></span> <span class='ocrx_word' id='word_1_339' title='bbox 2007 4768 2084 4829; x_wconf 64' lang='lat' dir='ltr'><strong>ut,</strong></span> <span class='ocrx_word' id='word_1_340' title='bbox 2125 4780 2162 4823; x_wconf 87' lang='lat' dir='ltr'><strong>a</strong></span> 
     </span>
     <span class='ocr_line' id='line_1_48' title="bbox 600 4852 2164 4933; baseline -0.001 -17"><span class='ocrx_word' id='word_1_341' title='bbox 600 4854 733 4916; x_wconf 84' lang='lat' dir='ltr'><strong>solo</strong></span> <span class='ocrx_word' id='word_1_342' title='bbox 764 4853 893 4916; x_wconf 89' lang='lat' dir='ltr'><strong>Deo</strong></span> <span class='ocrx_word' id='word_1_343' title='bbox 914 4853 1209 4933; x_wconf 88' lang='lat' dir='ltr'><strong>pendeat,</strong></span> <span class='ocrx_word' id='word_1_344' title='bbox 1243 4870 1452 4932; x_wconf 87' lang='lat' dir='ltr'><strong>neque</strong></span> <span class='ocrx_word' id='word_1_345' title='bbox 1482 4857 1549 4916; x_wconf 86' lang='lat' dir='ltr'><strong>ut</strong></span> <span class='ocrx_word' id='word_1_346' title='bbox 1575 4852 1806 4915; x_wconf 90' lang='lat' dir='ltr'><strong>haheat</strong></span> <span class='ocrx_word' id='word_1_347' title='bbox 1822 4852 2164 4915; x_wconf 84' lang='lat' dir='ltr'><strong>invariabi-</strong></span> 
     </span>
     <span class='ocr_line' id='line_1_49' title="bbox 596 4945 2162 5025; baseline 0 -17"><span class='ocrx_word' id='word_1_348' title='bbox 596 4946 722 5011; x_wconf 89' lang='lat' dir='ltr'><strong>lem</strong></span> <span class='ocrx_word' id='word_1_349' title='bbox 749 4953 813 5009; x_wconf 87' lang='lat' dir='ltr'><strong>et</strong></span> <span class='ocrx_word' id='word_1_350' title='bbox 840 4946 1300 5009; x_wconf 85' lang='lat' dir='ltr'><strong>immutabilem</strong></span> <span class='ocrx_word' id='word_1_351' title='bbox 1337 4945 1823 5025; x_wconf 74' lang='lat' dir='ltr'><strong>dependentium</strong></span> <span class='ocrx_word' id='word_1_352' title='bbox 1871 4946 2006 5009; x_wconf 90' lang='lat' dir='ltr'><strong>sine</strong></span> <span class='ocrx_word' id='word_1_353' title='bbox 2035 4948 2162 5009; x_wconf 90' lang='lat' dir='ltr'><strong>ulla</strong></span> 
     </span>
     <span class='ocr_line' id='line_1_50' title="bbox 597 5036 2161 5119; baseline 0.001 -18"><span class='ocrx_word' id='word_1_354' title='bbox 597 5039 843 5103; x_wconf 86' lang='lat' dir='ltr'><strong>actione</strong></span> <span class='ocrx_word' id='word_1_355' title='bbox 872 5039 1103 5101; x_wconf 88' lang='lat' dir='ltr'><strong>media.</strong></span> <span class='ocrx_word' id='word_1_356' title='bbox 1130 5036 1258 5101; x_wconf 88' lang='lat' dir='ltr'><strong>Sed</strong></span> <span class='ocrx_word' id='word_1_357' title='bbox 1285 5038 1389 5101; x_wconf 89' lang='lat' dir='ltr'><strong>ille</strong></span> <span class='ocrx_word' id='word_1_358' title='bbox 1418 5039 1528 5100; x_wconf 89' lang='lat' dir='ltr'><strong>Dei</strong></span> <span class='ocrx_word' id='word_1_359' title='bbox 1560 5038 1830 5100; x_wconf 87' lang='lat' dir='ltr'><strong>influxus</strong></span> <span class='ocrx_word' id='word_1_360' title='bbox 1869 5038 2002 5101; x_wconf 89' lang='lat' dir='ltr'><strong>dari</strong></span> <span class='ocrx_word' id='word_1_361' title='bbox 2053 5058 2161 5119; x_wconf 89' lang='lat' dir='ltr'><strong>po·</strong></span> 
     </span>
     <span class='ocr_line' id='line_1_51' title="bbox 594 5128 2156 5213; baseline 0.001 -19"><span class='ocrx_word' id='word_1_362' title='bbox 594 5128 717 5194; x_wconf 84' lang='lat' dir='ltr'><strong>test</strong></span> <span class='ocrx_word' id='word_1_363' title='bbox 738 5150 904 5193; x_wconf 90' lang='lat' dir='ltr'><strong>nunc</strong></span> <span class='ocrx_word' id='word_1_364' title='bbox 920 5151 1034 5212; x_wconf 88' lang='lat' dir='ltr'><strong>per</strong></span> <span class='ocrx_word' id='word_1_365' title='bbox 1050 5151 1239 5194; x_wconf 83' lang='lat' dir='ltr'><strong>unam</strong></span> <span class='ocrx_word' id='word_1_366' title='bbox 1257 5133 1595 5207; x_wconf 52' lang='lat' dir='ltr'><strong>axionem,</strong></span> <span class='ocrx_word' id='word_1_367' title='bbox 1610 5151 1779 5194; x_wconf 90' lang='lat' dir='ltr'><strong>nunc</strong></span> <span class='ocrx_word' id='word_1_368' title='bbox 1798 5152 1915 5213; x_wconf 88' lang='lat' dir='ltr'><strong>per</strong></span> <span class='ocrx_word' id='word_1_369' title='bbox 1944 5132 2156 5209; x_wconf 84' lang='lat' dir='ltr'><strong>aliam,</strong></span> 
     </span>
     <span class='ocr_line' id='line_1_52' title="bbox 594 5226 2162 5307; baseline 0.001 -20"><span class='ocrx_word' id='word_1_370' title='bbox 594 5244 767 5287; x_wconf 90' lang='lat' dir='ltr'><strong>nunc</strong></span> <span class='ocrx_word' id='word_1_371' title='bbox 796 5227 1005 5288; x_wconf 85' lang='lat' dir='ltr'><strong>media</strong></span> <span class='ocrx_word' id='word_1_372' title='bbox 1037 5232 1346 5301; x_wconf 87' lang='lat' dir='ltr'><strong>creatura,</strong></span> <span class='ocrx_word' id='word_1_373' title='bbox 1378 5244 1549 5287; x_wconf 88' lang='lat' dir='ltr'><strong>nunc</strong></span> <span class='ocrx_word' id='word_1_374' title='bbox 1576 5226 1710 5287; x_wconf 89' lang='lat' dir='ltr'><strong>sine</strong></span> <span class='ocrx_word' id='word_1_375' title='bbox 1740 5226 1869 5299; x_wconf 87' lang='lat' dir='ltr'><strong>illa,</strong></span> <span class='ocrx_word' id='word_1_376' title='bbox 1896 5228 2162 5307; x_wconf 84' lang='lat' dir='ltr'><strong>autjux-</strong></span> 
     </span>
     <span class='ocr_line' id='line_1_53' title="bbox 580 5317 2160 5398; baseline -0.001 -16"><span class='ocrx_word' id='word_1_377' title='bbox 580 5325 659 5382; x_wconf 89' lang='lat' dir='ltr'><strong>&#39;ta</strong></span> <span class='ocrx_word' id='word_1_378' title='bbox 688 5319 968 5382; x_wconf 78' lang='lat' dir='ltr'><strong>diversas</strong></span> <span class='ocrx_word' id='word_1_379' title='bbox 990 5336 1203 5381; x_wconf 85' lang='lat' dir='ltr'><strong>rerum</strong></span> <span class='ocrx_word' id='word_1_380' title='bbox 1224 5322 1505 5392; x_wconf 72' lang='lat' dir='ltr'><strong>naturae,</strong></span> <span class='ocrx_word' id='word_1_381' title='bbox 1527 5324 1637 5379; x_wconf 85' lang='lat' dir='ltr'><strong>aut</strong></span> <span class='ocrx_word' id='word_1_382' title='bbox 1664 5335 1776 5398; x_wconf 90' lang='lat' dir='ltr'><strong>pro</strong></span> <span class='ocrx_word' id='word_1_383' title='bbox 1798 5317 1911 5379; x_wconf 89' lang='lat' dir='ltr'><strong>Dei</strong></span> <span class='ocrx_word' id='word_1_384' title='bbox 1940 5319 2160 5386; x_wconf 84' lang='lat' dir='ltr'><strong>volun-</strong></span> 
     </span>
     <span class='ocr_line' id='line_1_54' title="bbox 594 5412 2157 5493; baseline -0.001 -16"><span class='ocrx_word' id='word_1_385' title='bbox 594 5419 723 5477; x_wconf 82' lang='lat' dir='ltr'><strong>tate</strong></span> <span class='ocrx_word' id='word_1_386' title='bbox 746 5419 812 5477; x_wconf 90' lang='lat' dir='ltr'><strong>et</strong></span> <span class='ocrx_word' id='word_1_387' title='bbox 836 5412 1094 5485; x_wconf 87' lang='lat' dir='ltr'><strong>arbitrio</strong></span> <span class='ocrx_word' id='word_1_388' title='bbox 1134 5412 1200 5474; x_wconf 89' lang='lat' dir='ltr'><strong>in</strong></span> <span class='ocrx_word' id='word_1_389' title='bbox 1229 5412 1526 5493; x_wconf 87' lang='lat' dir='ltr'><strong>operibus</strong></span> <span class='ocrx_word' id='word_1_390' title='bbox 1579 5413 2157 5491; x_wconf 86' lang='lat' dir='ltr'><strong>supernaturalibus</strong></span> 
     </span>
     <span class='ocr_line' id='line_1_55' title="bbox 596 5505 2155 5587; baseline 0 -18"><span class='ocrx_word' id='word_1_391' title='bbox 596 5514 659 5570; x_wconf 85' lang='lat' dir='ltr'><strong>et</strong></span> <span class='ocrx_word' id='word_1_392' title='bbox 702 5507 1111 5570; x_wconf 81' lang='lat' dir='ltr'><strong>miraculosis.</strong></span> <span class='ocrx_word' id='word_1_393' title='bbox 1156 5505 1258 5569; x_wconf 90' lang='lat' dir='ltr'><strong>Sic</strong></span> <span class='ocrx_word' id='word_1_394' title='bbox 1289 5506 1495 5587; x_wconf 70' lang='lat' dir='ltr'><strong>igitur⁴</strong></span> <span class='ocrx_word' id='word_1_395' title='bbox 1533 5524 1659 5568; x_wconf 92' lang='lat' dir='ltr'><strong>non</strong></span> <span class='ocrx_word' id='word_1_396' title='bbox 1690 5512 2004 5587; x_wconf 75' lang='lat' dir='ltr'><strong>repugnat</strong></span> <span class='ocrx_word' id='word_1_397' title='bbox 2046 5507 2155 5569; x_wconf 85' lang='lat' dir='ltr'><strong>de-</strong></span> 
     </span>
    </p>
   </div>
   <div class='ocr_carea' id='block_1_4' title="bbox 1844 372 2602 435">
    <p class='ocr_par' dir='ltr' id='par_1_4' title="bbox 1844 372 2602 435">
     <span class='ocr_line' id='line_1_56' title="bbox 1844 372 2602 435; baseline -0.001 -9"><span class='ocrx_word' id='word_1_398' title='bbox 1844 372 2080 435; x_wconf 67' lang='lat' dir='ltr'><strong>QUAEST.</strong></span> <span class='ocrx_word' id='word_1_399' title='bbox 2115 372 2244 425; x_wconf 76' lang='lat' dir='ltr'><strong>xm.</strong></span> <span class='ocrx_word' id='word_1_400' title='bbox 2279 372 2479 427; x_wconf 68' lang='lat' dir='ltr'><strong>Anne.</strong></span> <span class='ocrx_word' id='word_1_401' title='bbox 2517 372 2602 425; x_wconf 76' lang='lat' dir='ltr'><strong>w.</strong></span> 
     </span>
    </p>
   </div>
   <div class='ocr_carea' id='block_1_5' title="bbox 2237 466 3774 5593">
    <p class='ocr_par' dir='ltr' id='par_1_5' title="bbox 2254 466 3774 908">
     <span class='ocr_line' id='line_1_57' title="bbox 2259 466 3773 549; baseline 0.002 -19"><span class='ocrx_word' id='word_1_402' title='bbox 2259 468 2618 549; x_wconf 62' lang='lat' dir='ltr'><strong>pendentia}</strong></span> <span class='ocrx_word' id='word_1_403' title='bbox 2651 466 2967 531; x_wconf 73' lang='lat' dir='ltr'><strong>essentiali</strong></span> <span class='ocrx_word' id='word_1_404' title='bbox 3005 484 3188 546; x_wconf 86' lang='lat' dir='ltr'><strong>qnam</strong></span> <span class='ocrx_word' id='word_1_405' title='bbox 3241 478 3496 535; x_wconf 83' lang='lat' dir='ltr'><strong>creatura</strong></span> <span class='ocrx_word' id='word_1_406' title='bbox 3517 476 3684 545; x_wconf 64' lang='lat' dir='ltr'><strong>habeta</strong></span> <span class='ocrx_word' id='word_1_407' title='bbox 3772 526 3773 533; x_wconf 74' lang='grc'>,</span> 
     </span>
     <span class='ocr_line' id='line_1_58' title="bbox 2261 556 3774 651; baseline 0 -26"><span class='ocrx_word' id='word_1_408' title='bbox 2261 566 2410 637; x_wconf 92' lang='lat' dir='ltr'><strong>Deo,</strong></span> <span class='ocrx_word' id='word_1_409' title='bbox 2438 570 2507 625; x_wconf 87' lang='lat' dir='ltr'><strong>ut</strong></span> <span class='ocrx_word' id='word_1_410' title='bbox 2529 581 2641 643; x_wconf 85' lang='lat' dir='ltr'><strong>per</strong></span> <span class='ocrx_word' id='word_1_411' title='bbox 2657 560 2848 627; x_wconf 81' lang='lat' dir='ltr'><strong>aliam</strong></span> <span class='ocrx_word' id='word_1_412' title='bbox 2873 570 3228 627; x_wconf 80' lang='lat' dir='ltr'><strong>creaturam</strong></span> <span class='ocrx_word' id='word_1_413' title='bbox 3245 572 3486 640; x_wconf 84' lang='lat' dir='ltr'><strong>creetur,</strong></span> <span class='ocrx_word' id='word_1_414' title='bbox 3506 574 3612 651; x_wconf 77' lang='lat' dir='ltr'><strong>quia</strong></span> <span class='ocrx_word' id='word_1_415' title='bbox 3631 578 3684 639; x_wconf 84' lang='lat' dir='ltr'><strong>ni.</strong></span> <span class='ocrx_word' id='word_1_416' title='bbox 3771 556 3774 639; x_wconf 57' lang='lat' dir='ltr'>j</span> 
     </span>
     <span class='ocr_line' id='line_1_59' title="bbox 2259 654 3773 745; baseline 0.003 -26"><span class='ocrx_word' id='word_1_417' title='bbox 2259 655 2600 720; x_wconf 83' lang='lat' dir='ltr'><strong>hilominus</strong></span> <span class='ocrx_word' id='word_1_418' title='bbox 2621 655 3003 737; x_wconf 83' lang='lat' dir='ltr'><strong>dependebit</strong></span> <span class='ocrx_word' id='word_1_419' title='bbox 3019 675 3052 717; x_wconf 87' lang='lat' dir='ltr'><strong>a</strong></span> <span class='ocrx_word' id='word_1_420' title='bbox 3073 657 3498 736; x_wconf 80' lang='lat' dir='ltr'><strong>De0‚quamvis</strong></span> <span class='ocrx_word' id='word_1_421' title='bbox 3513 681 3604 724; x_wconf 89' lang='lat' dir='ltr'><strong>nou</strong></span> <span class='ocrx_word' id='word_1_422' title='bbox 3619 686 3685 745; x_wconf 71' lang='lat' dir='ltr'><strong>per</strong></span> <span class='ocrx_word' id='word_1_423' title='bbox 3771 654 3773 731; x_wconf 66' lang='grc' dir='ltr'>ζ</span> 
     </span>
     <span class='ocr_line' id='line_1_60' title="bbox 2261 749 3773 831; baseline 0.003 -20"><span class='ocrx_word' id='word_1_424' title='bbox 2261 750 2548 811; x_wconf 88' lang='lat' dir='ltr'><strong>eamdem</strong></span> <span class='ocrx_word' id='word_1_425' title='bbox 2581 749 2916 823; x_wconf 84' lang='lat' dir='ltr'><strong>actionem,</strong></span> <span class='ocrx_word' id='word_1_426' title='bbox 2954 767 3068 829; x_wconf 88' lang='lat' dir='ltr'><strong>per</strong></span> <span class='ocrx_word' id='word_1_427' title='bbox 3095 766 3284 829; x_wconf 86' lang='lat' dir='ltr'><strong>quam</strong></span> <span class='ocrx_word' id='word_1_428' title='bbox 3332 752 3599 831; x_wconf 80' lang='lat' dir='ltr'><strong>penderet.</strong></span> <span class='ocrx_word' id='word_1_429' title='bbox 3620 759 3686 822; x_wconf 79' lang='lat' dir='ltr'><strong>sia</strong></span> <span class='ocrx_word' id='word_1_430' title='bbox 3772 810 3773 815; x_wconf 73' lang='grc'>,</span> 
     </span>
     <span class='ocr_line' id='line_1_61' title="bbox 2254 840 3773 908; baseline -0.002 -5"><span class='ocrx_word' id='word_1_431' title='bbox 2254 840 2389 908; x_wconf 86' lang='lat' dir='ltr'><strong>solo</strong></span> <span class='ocrx_word' id='word_1_432' title='bbox 2419 842 2552 905; x_wconf 87' lang='lat' dir='ltr'><strong>Deo</strong></span> <span class='ocrx_word' id='word_1_433' title='bbox 2578 848 2918 905; x_wconf 85' lang='lat' dir='ltr'><strong>crearetur.</strong></span> <span class='ocrx_word' id='word_1_434' title='bbox 3772 840 3773 845; x_wconf 76' lang='grc'>’</span> 
     </span>
    </p>

    <p class='ocr_par' dir='ltr' id='par_1_6' title="bbox 2237 930 3774 5593">
     <span class='ocr_line' id='line_1_62' title="bbox 2334 930 3773 1017; baseline 0.006 -18"><span class='ocrx_word' id='word_1_435' title='bbox 2334 937 2433 999; x_wconf 78' lang='lat'><strong>18.</strong></span> <span class='ocrx_word' id='word_1_436' title='bbox 2477 930 2578 997; x_wconf 72' lang='lat' dir='ltr'><strong>Aa</strong></span> <span class='ocrx_word' id='word_1_437' title='bbox 2602 938 2884 1017; x_wconf 73' lang='lat' dir='ltr'><strong>fueritin</strong></span> <span class='ocrx_word' id='word_1_438' title='bbox 2907 935 3147 1001; x_wconf 69' lang='lat' dir='ltr'><strong>Christo</strong></span> <span class='ocrx_word' id='word_1_439' title='bbox 3164 940 3421 1017; x_wconf 68' lang='lat' dir='ltr'><strong>potestas</strong></span> <span class='ocrx_word' id='word_1_440' title='bbox 3444 944 3688 1007; x_wconf 49' lang='lat' dir='ltr'><strong>creandi„</strong></span> <span class='ocrx_word' id='word_1_441' title='bbox 3772 994 3773 1011; x_wconf 65' lang='grc'>,</span> 
     </span>
     <span class='ocr_line' id='line_1_63' title="bbox 2257 1026 3773 1111; baseline 0.001 -20"><span class='ocrx_word' id='word_1_442' title='bbox 2257 1026 2359 1091; x_wconf 73' lang='lat' dir='ltr'><strong>Aa</strong></span> <span class='ocrx_word' id='word_1_443' title='bbox 2407 1030 2702 1109; x_wconf 74' lang='lat' dir='ltr'><strong>quodnam</strong></span> <span class='ocrx_word' id='word_1_444' title='bbox 2746 1030 3182 1093; x_wconf 72' lang='lat' dir='ltr'><strong>miraculorum</strong></span> <span class='ocrx_word' id='word_1_445' title='bbox 3221 1046 3401 1111; x_wconf 69' lang='lat' dir='ltr'><strong>amus</strong></span> <span class='ocrx_word' id='word_1_446' title='bbox 3445 1030 3689 1105; x_wconf 68' lang='lat' dir='ltr'><strong>humanitas</strong></span> <span class='ocrx_word' id='word_1_447' title='bbox 3772 1084 3773 1093; x_wconf 73' lang='grc'>,</span> 
     </span>
     <span class='ocr_line' id='line_1_64' title="bbox 2261 1112 3774 1203; baseline 0.005 -18"><span class='ocrx_word' id='word_1_448' title='bbox 2261 1120 2490 1187; x_wconf 69' lang='lat' dir='ltr'><strong>clu-isti</strong></span> <span class='ocrx_word' id='word_1_449' title='bbox 2514 1122 3456 1203; x_wconf 71' lang='lat' dir='ltr'><strong>assumpta..-Durandus.-.-Ac1</strong></span> <span class='ocrx_word' id='word_1_450' title='bbox 3467 1122 3692 1191; x_wconf 84' lang='lat' dir='ltr'><strong>difficulla·</strong></span> <span class='ocrx_word' id='word_1_451' title='bbox 3771 1112 3774 1121; x_wconf 71' lang='grc'><strong>’</strong></span> 
     </span>
     <span class='ocr_line' id='line_1_65' title="bbox 2254 1214 3692 1297; baseline 0.007 -20"><span class='ocrx_word' id='word_1_452' title='bbox 2254 1219 2384 1277; x_wconf 86' lang='lat' dir='ltr'><strong>tem</strong></span> <span class='ocrx_word' id='word_1_453' title='bbox 2412 1234 2562 1297; x_wconf 88' lang='lat' dir='ltr'><strong>ergo</strong></span> <span class='ocrx_word' id='word_1_454' title='bbox 2589 1217 3000 1297; x_wconf 86' lang='lat' dir='ltr'><strong>propositam,</strong></span> <span class='ocrx_word' id='word_1_455' title='bbox 3019 1214 3192 1297; x_wconf 86' lang='lat' dir='ltr'><strong>quod</strong></span> <span class='ocrx_word' id='word_1_456' title='bbox 3217 1215 3297 1278; x_wconf 89' lang='lat' dir='ltr'><strong>ad</strong></span> <span class='ocrx_word' id='word_1_457' title='bbox 3325 1222 3627 1295; x_wconf 83' lang='lat' dir='ltr'><strong>potestatem</strong></span> <span class='ocrx_word' id='word_1_458' title='bbox 3641 1234 3692 1287; x_wconf 76' lang='lat' dir='ltr'><strong>at-</strong></span> 
     </span>
     <span class='ocr_line' id='line_1_66' title="bbox 2253 1306 3692 1383; baseline 0.004 -14"><span class='ocrx_word' id='word_1_459' title='bbox 2253 1306 2432 1381; x_wconf 87' lang='lat' dir='ltr'><strong>tinet,</strong></span> <span class='ocrx_word' id='word_1_460' title='bbox 2455 1309 2732 1371; x_wconf 86' lang='lat' dir='ltr'><strong>concedo</strong></span> <span class='ocrx_word' id='word_1_461' title='bbox 2754 1327 2856 1371; x_wconf 88' lang='lat' dir='ltr'><strong>me</strong></span> <span class='ocrx_word' id='word_1_462' title='bbox 2881 1310 3188 1374; x_wconf 87' lang='lat' dir='ltr'><strong>hactenus</strong></span> <span class='ocrx_word' id='word_1_463' title='bbox 3209 1326 3338 1371; x_wconf 84' lang='lat' dir='ltr'><strong>non</strong></span> <span class='ocrx_word' id='word_1_464' title='bbox 3363 1309 3616 1375; x_wconf 79' lang='lat' dir='ltr'><strong>invenisse</strong></span> <span class='ocrx_word' id='word_1_465' title='bbox 3631 1334 3692 1383; x_wconf 79' lang='lat' dir='ltr'><strong>cur</strong></span> 
     </span>
     <span class='ocr_line' id='line_1_67' title="bbox 2254 1396 3774 1483; baseline 0.002 -21"><span class='ocrx_word' id='word_1_466' title='bbox 2254 1400 2332 1465; x_wconf 86' lang='lat' dir='ltr'><strong>sit</strong></span> <span class='ocrx_word' id='word_1_467' title='bbox 2357 1402 2765 1483; x_wconf 86' lang='lat' dir='ltr'><strong>impossibile,</strong></span> <span class='ocrx_word' id='word_1_468' title='bbox 2781 1409 2892 1465; x_wconf 88' lang='lat' dir='ltr'><strong>aut</strong></span> <span class='ocrx_word' id='word_1_469' title='bbox 2909 1420 3099 1483; x_wconf 81' lang='lat' dir='ltr'><strong>quam</strong></span> <span class='ocrx_word' id='word_1_470' title='bbox 3116 1401 3616 1470; x_wconf 85' lang='lat' dir='ltr'><strong>contradictionem</strong></span> <span class='ocrx_word' id='word_1_471' title='bbox 3631 1409 3692 1470; x_wconf 86' lang='lat' dir='ltr'><strong>im·</strong></span> <span class='ocrx_word' id='word_1_472' title='bbox 3771 1396 3774 1465; x_wconf 75' lang='grc' dir='ltr'>ζ</span> 
     </span>
     <span class='ocr_line' id='line_1_68' title="bbox 2251 1488 3774 1575; baseline 0.003 -20"><span class='ocrx_word' id='word_1_473' title='bbox 2251 1494 2444 1575; x_wconf 88' lang='lat' dir='ltr'><strong>plicet</strong></span> <span class='ocrx_word' id='word_1_474' title='bbox 2477 1502 2547 1557; x_wconf 91' lang='lat' dir='ltr'><strong>ut</strong></span> <span class='ocrx_word' id='word_1_475' title='bbox 2573 1502 2866 1559; x_wconf 87' lang='lat' dir='ltr'><strong>creatura</strong></span> <span class='ocrx_word' id='word_1_476' title='bbox 2883 1502 3242 1559; x_wconf 86' lang='lat' dir='ltr'><strong>assumatur</strong></span> <span class='ocrx_word' id='word_1_477' title='bbox 3265 1514 3304 1557; x_wconf 91' lang='lat' dir='ltr'><strong>a</strong></span> <span class='ocrx_word' id='word_1_478' title='bbox 3327 1495 3468 1567; x_wconf 83' lang='lat' dir='ltr'><strong>Deo,</strong></span> <span class='ocrx_word' id='word_1_479' title='bbox 3487 1503 3542 1559; x_wconf 88' lang='lat' dir='ltr'><strong>ut</strong></span> <span class='ocrx_word' id='word_1_480' title='bbox 3559 1498 3693 1565; x_wconf 77' lang='lat' dir='ltr'><strong>silius·</strong></span> <span class='ocrx_word' id='word_1_481' title='bbox 3771 1488 3774 1559; x_wconf 74' lang='grc' dir='ltr'>ζ</span> 
     </span>
     <span class='ocr_line' id='line_1_69' title="bbox 2251 1580 3773 1665; baseline 0.003 -16"><span class='ocrx_word' id='word_1_482' title='bbox 2251 1594 2636 1651; x_wconf 88' lang='lat' dir='ltr'><strong>trumentum</strong></span> <span class='ocrx_word' id='word_1_483' title='bbox 2666 1580 3032 1665; x_wconf 83' lang='lat' dir='ltr'><strong>creationis;</strong></span> <span class='ocrx_word' id='word_1_484' title='bbox 3063 1606 3144 1649; x_wconf 87' lang='lat' dir='ltr'><strong>an</strong></span> <span class='ocrx_word' id='word_1_485' title='bbox 3173 1606 3325 1653; x_wconf 84' lang='lat' dir='ltr'><strong>vero</strong></span> <span class='ocrx_word' id='word_1_486' title='bbox 3352 1592 3694 1657; x_wconf 82' lang='lat' dir='ltr'><strong>communicata</strong></span> <span class='ocrx_word' id='word_1_487' title='bbox 3772 1646 3773 1653; x_wconf 74' lang='grc'>,</span> 
     </span>
     <span class='ocr_line' id='line_1_70' title="bbox 2249 1672 3774 1762; baseline 0.007 -21"><span class='ocrx_word' id='word_1_488' title='bbox 2249 1680 2436 1743; x_wconf 88' lang='lat' dir='ltr'><strong>fuerit</strong></span> <span class='ocrx_word' id='word_1_489' title='bbox 2463 1682 2601 1745; x_wconf 66' lang='lat' dir='ltr'><strong>haec</strong></span> <span class='ocrx_word' id='word_1_490' title='bbox 2629 1689 2909 1762; x_wconf 86' lang='lat' dir='ltr'><strong>potestas</strong></span> <span class='ocrx_word' id='word_1_491' title='bbox 2937 1674 3314 1759; x_wconf 77' lang='lat' dir='ltr'><strong>humanitati</strong></span> <span class='ocrx_word' id='word_1_492' title='bbox 3365 1682 3694 1753; x_wconf 81' lang='lat' dir='ltr'><strong>Christi,etan</strong></span> <span class='ocrx_word' id='word_1_493' title='bbox 3771 1672 3774 1751; x_wconf 56' lang='lat' dir='ltr'>J</span> 
     </span>
     <span class='ocr_line' id='line_1_71' title="bbox 2253 1770 3773 1857; baseline 0.001 -24"><span class='ocrx_word' id='word_1_494' title='bbox 2253 1770 2358 1835; x_wconf 90' lang='lat' dir='ltr'><strong>illa</strong></span> <span class='ocrx_word' id='word_1_495' title='bbox 2377 1772 2567 1837; x_wconf 85' lang='lat' dir='ltr'><strong>fuerit</strong></span> <span class='ocrx_word' id='word_1_496' title='bbox 2589 1774 2930 1855; x_wconf 89' lang='lat' dir='ltr'><strong>aliquando</strong></span> <span class='ocrx_word' id='word_1_497' title='bbox 2955 1794 3130 1847; x_wconf 88' lang='lat' dir='ltr'><strong>usus,</strong></span> <span class='ocrx_word' id='word_1_498' title='bbox 3183 1774 3338 1837; x_wconf 89' lang='lat' dir='ltr'><strong>mihi</strong></span> <span class='ocrx_word' id='word_1_499' title='bbox 3385 1794 3502 1837; x_wconf 89' lang='lat' dir='ltr'><strong>non</strong></span> <span class='ocrx_word' id='word_1_500' title='bbox 3524 1784 3694 1857; x_wconf 80' lang='lat' dir='ltr'><strong>constat,</strong></span> <span class='ocrx_word' id='word_1_501' title='bbox 3772 1770 3773 1835; x_wconf 81' lang='grc' dir='ltr'><em>Ῐ</em></span> 
     </span>
     <span class='ocr_line' id='line_1_72' title="bbox 2253 1868 3773 1949; baseline 0.005 -22"><span class='ocrx_word' id='word_1_502' title='bbox 2253 1885 2461 1949; x_wconf 87' lang='lat' dir='ltr'><strong>neque</strong></span> <span class='ocrx_word' id='word_1_503' title='bbox 2511 1868 2692 1931; x_wconf 86' lang='lat' dir='ltr'><strong>facile</strong></span> <span class='ocrx_word' id='word_1_504' title='bbox 2737 1868 3182 1933; x_wconf 84' lang='lat' dir='ltr'><strong>affirmandum</strong></span> <span class='ocrx_word' id='word_1_505' title='bbox 3211 1886 3460 1943; x_wconf 89' lang='lat' dir='ltr'><strong>censeo,</strong></span> <span class='ocrx_word' id='word_1_506' title='bbox 3495 1870 3606 1947; x_wconf 86' lang='lat' dir='ltr'><strong>quia</strong></span> <span class='ocrx_word' id='word_1_507' title='bbox 3639 1872 3696 1933; x_wconf 78' lang='lat' dir='ltr'><strong>illa</strong></span> <span class='ocrx_word' id='word_1_508' title='bbox 3772 1926 3773 1933; x_wconf 73' lang='grc'>,</span> 
     </span>
     <span class='ocr_line' id='line_1_73' title="bbox 2249 1958 3773 2039; baseline -0.001 -18"><span class='ocrx_word' id='word_1_509' title='bbox 2249 1960 2609 2023; x_wconf 86' lang='lat' dir='ltr'><strong>humanitas</strong></span> <span class='ocrx_word' id='word_1_510' title='bbox 2633 1980 2766 2023; x_wconf 88' lang='lat' dir='ltr'><strong>non</strong></span> <span class='ocrx_word' id='word_1_511' title='bbox 2797 1968 2890 2025; x_wconf 92' lang='lat' dir='ltr'><strong>est</strong></span> <span class='ocrx_word' id='word_1_512' title='bbox 2913 1962 3154 2025; x_wconf 86' lang='lat' dir='ltr'><strong>elevata</strong></span> <span class='ocrx_word' id='word_1_513' title='bbox 3167 1962 3246 2023; x_wconf 84' lang='lat' dir='ltr'><strong>ad</strong></span> <span class='ocrx_word' id='word_1_514' title='bbox 3271 1980 3478 2023; x_wconf 88' lang='lat' dir='ltr'><strong>omnes</strong></span> <span class='ocrx_word' id='word_1_515' title='bbox 3495 1964 3696 2039; x_wconf 72' lang='lat' dir='ltr'><strong>actiones,</strong></span> <span class='ocrx_word' id='word_1_516' title='bbox 3772 1958 3773 2019; x_wconf 78' lang='grc' dir='ltr'>ξ</span> 
     </span>
     <span class='ocr_line' id='line_1_74' title="bbox 2252 2050 3773 2135; baseline -0.001 -17"><span class='ocrx_word' id='word_1_517' title='bbox 2252 2060 2316 2118; x_wconf 87' lang='lat' dir='ltr'><strong>et</strong></span> <span class='ocrx_word' id='word_1_518' title='bbox 2342 2054 2552 2117; x_wconf 88' lang='lat' dir='ltr'><strong>omnia</strong></span> <span class='ocrx_word' id='word_1_519' title='bbox 2576 2074 2772 2135; x_wconf 85' lang='lat' dir='ltr'><strong>opera</strong></span> <span class='ocrx_word' id='word_1_520' title='bbox 2795 2073 2937 2135; x_wconf 77' lang='lat' dir='ltr'><strong>quae</strong></span> <span class='ocrx_word' id='word_1_521' title='bbox 2983 2054 3064 2117; x_wconf 91' lang='lat' dir='ltr'><strong>de</strong></span> <span class='ocrx_word' id='word_1_522' title='bbox 3091 2055 3375 2135; x_wconf 85' lang='lat' dir='ltr'><strong>potentia</strong></span> <span class='ocrx_word' id='word_1_523' title='bbox 3397 2055 3698 2135; x_wconf 77' lang='lat' dir='ltr'><strong>absolutaper</strong></span> <span class='ocrx_word' id='word_1_524' title='bbox 3772 2050 3773 2055; x_wconf 68' lang='grc'>’</span> 
     </span>
     <span class='ocr_line' id='line_1_75' title="bbox 2250 2144 3773 2227; baseline 0.003 -19"><span class='ocrx_word' id='word_1_525' title='bbox 2250 2146 2421 2211; x_wconf 88' lang='lat' dir='ltr'><strong>illam</strong></span> <span class='ocrx_word' id='word_1_526' title='bbox 2445 2148 2581 2211; x_wconf 85' lang='lat' dir='ltr'><strong>fieri</strong></span> <span class='ocrx_word' id='word_1_527' title='bbox 2608 2154 2870 2227; x_wconf 88' lang='lat' dir='ltr'><strong>possunt</strong></span> <span class='ocrx_word' id='word_1_528' title='bbox 2893 2164 2916 2227; x_wconf 90' lang='lat'>;</span> <span class='ocrx_word' id='word_1_529' title='bbox 2948 2149 3069 2211; x_wconf 92' lang='lat' dir='ltr'><strong>hoc</strong></span> <span class='ocrx_word' id='word_1_530' title='bbox 3096 2148 3267 2210; x_wconf 90' lang='lat' dir='ltr'><strong>enim</strong></span> <span class='ocrx_word' id='word_1_531' title='bbox 3295 2166 3336 2211; x_wconf 85' lang='lat' dir='ltr'><strong>a</strong></span> <span class='ocrx_word' id='word_1_532' title='bbox 3358 2145 3576 2211; x_wconf 84' lang='lat' dir='ltr'><strong>nemine</strong></span> <span class='ocrx_word' id='word_1_533' title='bbox 3597 2168 3696 2211; x_wconf 72' lang='lat' dir='ltr'><strong>asse-</strong></span> <span class='ocrx_word' id='word_1_534' title='bbox 3772 2144 3773 2213; x_wconf 72' lang='grc' dir='ltr'>ζ</span> 
     </span>
     <span class='ocr_line' id='line_1_76' title="bbox 2247 2238 3773 2323; baseline 0.001 -20"><span class='ocrx_word' id='word_1_535' title='bbox 2247 2240 2441 2311; x_wconf 73' lang='lat' dir='ltr'><strong>ritui-z</strong></span> <span class='ocrx_word' id='word_1_536' title='bbox 2487 2248 2550 2303; x_wconf 91' lang='lat' dir='ltr'><strong>et</strong></span> <span class='ocrx_word' id='word_1_537' title='bbox 2573 2240 2883 2319; x_wconf 82' lang='lat' dir='ltr'><strong>immerito</strong></span> <span class='ocrx_word' id='word_1_538' title='bbox 2917 2242 3110 2323; x_wconf 84' lang='lat' dir='ltr'><strong>gratis</strong></span> <span class='ocrx_word' id='word_1_539' title='bbox 3138 2240 3452 2305; x_wconf 88' lang='lat' dir='ltr'><strong>diceretur</strong></span> <span class='ocrx_word' id='word_1_540' title='bbox 3472 2242 3581 2301; x_wconf 81' lang='lat' dir='ltr'><strong>sine</strong></span> <span class='ocrx_word' id='word_1_541' title='bbox 3613 2242 3696 2303; x_wconf 84' lang='lat' dir='ltr'>fun·</span> <span class='ocrx_word' id='word_1_542' title='bbox 3772 2238 3773 2305; x_wconf 80' lang='lat' dir='ltr'><strong>j</strong></span> 
     </span>
     <span class='ocr_line' id='line_1_77' title="bbox 2248 2332 3773 2416; baseline 0.001 -19"><span class='ocrx_word' id='word_1_543' title='bbox 2248 2334 2544 2399; x_wconf 89' lang='lat' dir='ltr'><strong>damento</strong></span> <span class='ocrx_word' id='word_1_544' title='bbox 2587 2343 2698 2399; x_wconf 85' lang='lat' dir='ltr'><strong>aut</strong></span> <span class='ocrx_word' id='word_1_545' title='bbox 2743 2337 2988 2399; x_wconf 84' lang='lat' dir='ltr'><strong>ratione</strong></span> <span class='ocrx_word' id='word_1_546' title='bbox 3043 2335 3400 2399; x_wconf 86' lang='lat' dir='ltr'><strong>sufficienti.</strong></span> <span class='ocrx_word' id='word_1_547' title='bbox 3449 2335 3697 2416; x_wconf 60' lang='lat' dir='ltr'><strong>Chlgvsoste</strong></span> <span class='ocrx_word' id='word_1_548' title='bbox 3772 2332 3773 2335; x_wconf 63' lang='grc'>’</span> 
     </span>
     <span class='ocr_line' id='line_1_78' title="bbox 2249 2427 3697 2513; baseline 0 -22"><span class='ocrx_word' id='word_1_549' title='bbox 2249 2448 2389 2493; x_wconf 90' lang='lat' dir='ltr'><strong>mus</strong></span> <span class='ocrx_word' id='word_1_550' title='bbox 2421 2428 2701 2513; x_wconf 85' lang='lat' dir='ltr'><strong>quidem,</strong></span> <span class='ocrx_word' id='word_1_551' title='bbox 2738 2428 2956 2493; x_wconf 90' lang='lat' dir='ltr'><strong>homil.</strong></span> <span class='ocrx_word' id='word_1_552' title='bbox 2987 2427 3069 2493; x_wconf 81' lang='lat'><strong>86</strong></span> <span class='ocrx_word' id='word_1_553' title='bbox 3096 2430 3158 2491; x_wconf 93' lang='lat' dir='ltr'><strong>in</strong></span> <span class='ocrx_word' id='word_1_554' title='bbox 3185 2430 3444 2509; x_wconf 66' lang='lat' dir='ltr'><strong>Joann„</strong></span> <span class='ocrx_word' id='word_1_555' title='bbox 3468 2435 3521 2491; x_wconf 87' lang='lat' dir='ltr'><strong>et</strong></span> <span class='ocrx_word' id='word_1_556' title='bbox 3551 2430 3697 2509; x_wconf 63' lang='lat' dir='ltr'><strong>Euthy-</strong></span> 
     </span>
     <span class='ocr_line' id='line_1_79' title="bbox 2247 2520 3773 2605; baseline 0.001 -20"><span class='ocrx_word' id='word_1_557' title='bbox 2247 2522 2436 2597; x_wconf 78' lang='lat' dir='ltr'><strong>mine,</strong></span> <span class='ocrx_word' id='word_1_558' title='bbox 2465 2524 2814 2600; x_wconf 60' lang='lat' dir='ltr'><strong>Joannffl,</strong></span> <span class='ocrx_word' id='word_1_559' title='bbox 2845 2524 3010 2587; x_wconf 87' lang='lat' dir='ltr'><strong>circa</strong></span> <span class='ocrx_word' id='word_1_560' title='bbox 3037 2522 3144 2585; x_wconf 92' lang='lat' dir='ltr'><strong>illa</strong></span> <span class='ocrx_word' id='word_1_561' title='bbox 3171 2523 3368 2587; x_wconf 83' lang='lat' dir='ltr'><strong>verba</strong></span> <span class='ocrx_word' id='word_1_562' title='bbox 3394 2542 3411 2587; x_wconf 90' lang='lat'>:</span> <span class='ocrx_word' id='word_1_563' title='bbox 3435 2524 3698 2605; x_wconf 69' lang='lat' dir='ltr'><strong>Uleryodzs·</strong></span> <span class='ocrx_word' id='word_1_564' title='bbox 3772 2520 3773 2595; x_wconf 62' lang='grc' dir='ltr'>ζ</span> 
     </span>
     <span class='ocr_line' id='line_1_80' title="bbox 2250 2616 3773 2698; baseline -0.001 -17"><span class='ocrx_word' id='word_1_565' title='bbox 2250 2618 2568 2681; x_wconf 64' lang='lat' dir='ltr'><strong>conderent</strong></span> <span class='ocrx_word' id='word_1_566' title='bbox 2594 2618 2662 2679; x_wconf 82' lang='lat' dir='ltr'><strong>in</strong></span> <span class='ocrx_word' id='word_1_567' title='bbox 2691 2617 3248 2696; x_wconf 43' lang='lat' dir='ltr'><strong>termarum-unt</strong></span> <span class='ocrx_word' id='word_1_568' title='bbox 3281 2634 3506 2697; x_wconf 67' lang='lat' dir='ltr'><strong>prunas</strong></span> <span class='ocrx_word' id='word_1_569' title='bbox 3531 2616 3698 2698; x_wconf 65' lang='lat' dir='ltr'><strong>positos.</strong></span> <span class='ocrx_word' id='word_1_570' title='bbox 3772 2616 3773 2639; x_wconf 85' lang='lat'>³</span> 
     </span>
     <span class='ocr_line' id='line_1_81' title="bbox 2249 2708 3698 2791; baseline -0.001 -19"><span class='ocrx_word' id='word_1_571' title='bbox 2249 2710 2486 2785; x_wconf 87' lang='lat' dir='ltr'><strong>dicunt,</strong></span> <span class='ocrx_word' id='word_1_572' title='bbox 2521 2711 2624 2773; x_wconf 91' lang='lat' dir='ltr'><strong>illa</strong></span> <span class='ocrx_word' id='word_1_573' title='bbox 2647 2711 2762 2773; x_wconf 85' lang='lat' dir='ltr'><strong>tria</strong></span> <span class='ocrx_word' id='word_1_574' title='bbox 2789 2711 2981 2773; x_wconf 88' lang='lat' dir='ltr'><strong>fuisse</strong></span> <span class='ocrx_word' id='word_1_575' title='bbox 3016 2710 3329 2791; x_wconf 87' lang='lat' dir='ltr'><strong>producta</strong></span> <span class='ocrx_word' id='word_1_576' title='bbox 3370 2728 3406 2772; x_wconf 91' lang='lat' dir='ltr'><strong>a</strong></span> <span class='ocrx_word' id='word_1_577' title='bbox 3431 2708 3698 2773; x_wconf 84' lang='lat' dir='ltr'><strong>Christomi-</strong></span> 
     </span>
     <span class='ocr_line' id='line_1_82' title="bbox 2247 2802 3773 2886; baseline -0.001 -21"><span class='ocrx_word' id='word_1_578' title='bbox 2247 2804 2531 2868; x_wconf 89' lang='lat' dir='ltr'><strong>raculose</strong></span> <span class='ocrx_word' id='word_1_579' title='bbox 2580 2823 2657 2867; x_wconf 86' lang='lat' dir='ltr'><strong>ex</strong></span> <span class='ocrx_word' id='word_1_580' title='bbox 2684 2804 2780 2867; x_wconf 87' lang='lat' dir='ltr'><strong>his</strong></span> <span class='ocrx_word' id='word_1_581' title='bbox 2808 2822 2948 2886; x_wconf 84' lang='lat' dir='ltr'><strong>quae</strong></span> <span class='ocrx_word' id='word_1_582' title='bbox 2989 2822 3119 2865; x_wconf 87' lang='lat' dir='ltr'><strong>non</strong></span> <span class='ocrx_word' id='word_1_583' title='bbox 3149 2810 3370 2881; x_wconf 85' lang='lat' dir='ltr'><strong>erant;</strong></span> <span class='ocrx_word' id='word_1_584' title='bbox 3414 2808 3470 2869; x_wconf 85' lang='lat' dir='ltr'><strong>et</strong></span> <span class='ocrx_word' id='word_1_585' title='bbox 3503 2802 3697 2882; x_wconf 50' lang='lat' dir='ltr'><strong>Chry-soa·</strong></span> <span class='ocrx_word' id='word_1_586' title='bbox 3772 2842 3773 2863; x_wconf 44' lang='lat'>1</span> 
     </span>
     <span class='ocr_line' id='line_1_83' title="bbox 2247 2896 3774 2979; baseline -0.001 -18"><span class='ocrx_word' id='word_1_587' title='bbox 2247 2904 2457 2961; x_wconf 89' lang='lat' dir='ltr'><strong>tomus</strong></span> <span class='ocrx_word' id='word_1_588' title='bbox 2491 2896 2688 2974; x_wconf 90' lang='lat' dir='ltr'><strong>addit,</strong></span> <span class='ocrx_word' id='word_1_589' title='bbox 2724 2917 2854 2961; x_wconf 89' lang='lat' dir='ltr'><strong>non</strong></span> <span class='ocrx_word' id='word_1_590' title='bbox 2887 2916 2964 2961; x_wconf 85' lang='lat' dir='ltr'><strong>ex</strong></span> <span class='ocrx_word' id='word_1_591' title='bbox 3007 2899 3276 2961; x_wconf 86' lang='lat' dir='ltr'><strong>materia</strong></span> <span class='ocrx_word' id='word_1_592' title='bbox 3322 2896 3697 2979; x_wconf 65' lang='lat' dir='ltr'><strong>subjectafluo·</strong></span> <span class='ocrx_word' id='word_1_593' title='bbox 3771 2954 3774 2979; x_wconf 38' lang='lat' dir='ltr'>J</span> 
     </span>
     <span class='ocr_line' id='line_1_84' title="bbox 2247 2984 3774 3065; baseline 0.001 -13"><span class='ocrx_word' id='word_1_594' title='bbox 2247 3010 2390 3055; x_wconf 86' lang='lat' dir='ltr'><strong>rum</strong></span> <span class='ocrx_word' id='word_1_595' title='bbox 2413 2987 2786 3057; x_wconf 86' lang='lat' dir='ltr'><strong>sententiam</strong></span> <span class='ocrx_word' id='word_1_596' title='bbox 2816 2990 3098 3055; x_wconf 86' lang='lat' dir='ltr'><strong>referens</strong></span> <span class='ocrx_word' id='word_1_597' title='bbox 3135 2990 3395 3053; x_wconf 83' lang='lat' dir='ltr'><strong>Toletus</strong></span> <span class='ocrx_word' id='word_1_598' title='bbox 3435 2988 3534 3063; x_wconf 88' lang='lat' dir='ltr'><strong>ibi,</strong></span> <span class='ocrx_word' id='word_1_599' title='bbox 3559 3008 3698 3053; x_wconf 78' lang='lat' dir='ltr'><strong>conee-</strong></span> <span class='ocrx_word' id='word_1_600' title='bbox 3771 2984 3774 3065; x_wconf 60' lang='grc' dir='ltr'><em>ζ</em></span> 
     </span>
     <span class='ocr_line' id='line_1_85' title="bbox 2249 3076 3774 3165; baseline 0.003 -20"><span class='ocrx_word' id='word_1_601' title='bbox 2249 3082 2340 3145; x_wconf 90' lang='lat' dir='ltr'><strong>dit</strong></span> <span class='ocrx_word' id='word_1_602' title='bbox 2370 3084 2436 3145; x_wconf 91' lang='lat' dir='ltr'><strong>id</strong></span> <span class='ocrx_word' id='word_1_603' title='bbox 2486 3082 2796 3149; x_wconf 87' lang='lat' dir='ltr'><strong>Christum</strong></span> <span class='ocrx_word' id='word_1_604' title='bbox 2844 3084 3052 3147; x_wconf 88' lang='lat' dir='ltr'><strong>facere</strong></span> <span class='ocrx_word' id='word_1_605' title='bbox 3085 3081 3396 3165; x_wconf 88' lang='lat' dir='ltr'><strong>potuisse,</strong></span> <span class='ocrx_word' id='word_1_606' title='bbox 3445 3080 3642 3155; x_wconf 80' lang='lat' dir='ltr'><strong>scilieet,</strong></span> <span class='ocrx_word' id='word_1_607' title='bbox 3661 3102 3700 3143; x_wconf 83' lang='lat' dir='ltr'><strong>ex</strong></span> <span class='ocrx_word' id='word_1_608' title='bbox 3771 3076 3774 3149; x_wconf 72' lang='lat' dir='ltr'>s</span> 
     </span>
     <span class='ocr_line' id='line_1_86' title="bbox 2247 3172 3773 3257; baseline -0.003 -20"><span class='ocrx_word' id='word_1_609' title='bbox 2247 3176 2468 3251; x_wconf 84' lang='lat' dir='ltr'><strong>nihile,</strong></span> <span class='ocrx_word' id='word_1_610' title='bbox 2491 3178 2591 3239; x_wconf 85' lang='lat' dir='ltr'><strong>vel</strong></span> <span class='ocrx_word' id='word_1_611' title='bbox 2623 3196 2700 3241; x_wconf 86' lang='lat' dir='ltr'><strong>ex</strong></span> <span class='ocrx_word' id='word_1_612' title='bbox 2720 3178 2976 3241; x_wconf 87' lang='lat' dir='ltr'><strong>materia</strong></span> <span class='ocrx_word' id='word_1_613' title='bbox 3007 3177 3322 3257; x_wconf 74' lang='lat' dir='ltr'><strong>subJ’ecta,</strong></span> <span class='ocrx_word' id='word_1_614' title='bbox 3340 3174 3478 3237; x_wconf 89' lang='lat' dir='ltr'><strong>licet</strong></span> <span class='ocrx_word' id='word_1_615' title='bbox 3496 3176 3699 3237; x_wconf 84' lang='lat' dir='ltr'><strong>incertum</strong></span> <span class='ocrx_word' id='word_1_616' title='bbox 3772 3172 3773 3243; x_wconf 83' lang='lat'><em>]</em></span> 
     </span>
     <span class='ocr_line' id='line_1_87' title="bbox 2250 3266 3773 3349; baseline -0.001 -21"><span class='ocrx_word' id='word_1_617' title='bbox 2250 3268 2329 3332; x_wconf 86' lang='lat' dir='ltr'><strong>sit</strong></span> <span class='ocrx_word' id='word_1_618' title='bbox 2363 3268 2680 3349; x_wconf 86' lang='lat' dir='ltr'><strong>quomodo</strong></span> <span class='ocrx_word' id='word_1_619' title='bbox 2714 3268 2901 3333; x_wconf 82' lang='lat' dir='ltr'><strong>fuerit</strong></span> <span class='ocrx_word' id='word_1_620' title='bbox 2927 3269 3206 3333; x_wconf 86' lang='lat' dir='ltr'><strong>Christus</strong></span> <span class='ocrx_word' id='word_1_621' title='bbox 3259 3288 3432 3343; x_wconf 86' lang='lat' dir='ltr'><strong>usus,</strong></span> <span class='ocrx_word' id='word_1_622' title='bbox 3461 3274 3518 3330; x_wconf 88' lang='lat' dir='ltr'><strong>et</strong></span> <span class='ocrx_word' id='word_1_623' title='bbox 3557 3268 3702 3348; x_wconf 76' lang='lat' dir='ltr'><strong>proha·</strong></span> <span class='ocrx_word' id='word_1_624' title='bbox 3772 3266 3773 3271; x_wconf 73' lang='grc'>’</span> 
     </span>
     <span class='ocr_line' id='line_1_88' title="bbox 2249 3350 3773 3439; baseline -0.007 -14"><span class='ocrx_word' id='word_1_625' title='bbox 2249 3362 2436 3425; x_wconf 83' lang='lat' dir='ltr'><strong>bilius</strong></span> <span class='ocrx_word' id='word_1_626' title='bbox 2467 3350 2778 3425; x_wconf 75' lang='lat' dir='ltr'><strong>existimat</strong></span> <span class='ocrx_word' id='word_1_627' title='bbox 2800 3360 3024 3425; x_wconf 82' lang='lat' dir='ltr'><strong>iecisse</strong></span> <span class='ocrx_word' id='word_1_628' title='bbox 3064 3382 3142 3424; x_wconf 82' lang='lat' dir='ltr'><strong>ex</strong></span> <span class='ocrx_word' id='word_1_629' title='bbox 3185 3362 3448 3425; x_wconf 88' lang='lat' dir='ltr'><strong>materia</strong></span> <span class='ocrx_word' id='word_1_630' title='bbox 3493 3358 3701 3439; x_wconf 80' lang='lat' dir='ltr'><strong>subJecla.</strong></span> <span class='ocrx_word' id='word_1_631' title='bbox 3771 3406 3773 3415; x_wconf 23' lang='grc' dir='ltr'><em>Α</em></span> 
     </span>
     <span class='ocr_line' id='line_1_89' title="bbox 2250 3454 3774 3537; baseline -0.003 -20"><span class='ocrx_word' id='word_1_632' title='bbox 2250 3456 2588 3536; x_wconf 79' lang='lat' dir='ltr'><strong>Assumpta</strong></span> <span class='ocrx_word' id='word_1_633' title='bbox 2619 3474 2771 3537; x_wconf 86' lang='lat' dir='ltr'><strong>ergo</strong></span> <span class='ocrx_word' id='word_1_634' title='bbox 2797 3464 2892 3519; x_wconf 88' lang='lat' dir='ltr'><strong>est</strong></span> <span class='ocrx_word' id='word_1_635' title='bbox 2921 3457 3006 3518; x_wconf 89' lang='lat' dir='ltr'><strong>ad</strong></span> <span class='ocrx_word' id='word_1_636' title='bbox 3030 3454 3136 3518; x_wconf 90' lang='lat' dir='ltr'><strong>illa</strong></span> <span class='ocrx_word' id='word_1_637' title='bbox 3171 3474 3369 3537; x_wconf 88' lang='lat' dir='ltr'><strong>opera</strong></span> <span class='ocrx_word' id='word_1_638' title='bbox 3417 3473 3540 3537; x_wconf 83' lang='lat' dir='ltr'><strong>quae</strong></span> <span class='ocrx_word' id='word_1_639' title='bbox 3564 3472 3703 3517; x_wconf 86' lang='lat' dir='ltr'><strong>secun·</strong></span> <span class='ocrx_word' id='word_1_640' title='bbox 3771 3512 3774 3529; x_wconf 34' lang='grc' dir='ltr'>ι</span> 
     </span>
     <span class='ocr_line' id='line_1_90' title="bbox 2247 3532 3773 3631; baseline -0.004 -20"><span class='ocrx_word' id='word_1_641' title='bbox 2247 3547 2398 3613; x_wconf 91' lang='lat' dir='ltr'><strong>dum</strong></span> <span class='ocrx_word' id='word_1_642' title='bbox 2429 3547 2714 3613; x_wconf 90' lang='lat' dir='ltr'><strong>ordinem</strong></span> <span class='ocrx_word' id='word_1_643' title='bbox 2743 3550 2970 3613; x_wconf 83' lang='lat' dir='ltr'><strong>divinae</strong></span> <span class='ocrx_word' id='word_1_644' title='bbox 3014 3550 3341 3630; x_wconf 77' lang='lat' dir='ltr'><strong>sapientiae</strong></span> <span class='ocrx_word' id='word_1_645' title='bbox 3384 3549 3616 3631; x_wconf 86' lang='lat' dir='ltr'><strong>oportuit</strong></span> <span class='ocrx_word' id='word_1_646' title='bbox 3643 3566 3704 3627; x_wconf 78' lang='lat' dir='ltr'><strong>per</strong></span> <span class='ocrx_word' id='word_1_647' title='bbox 3771 3532 3773 3551; x_wconf 91' lang='lat'>&#39;</span> 
     </span>
     <span class='ocr_line' id='line_1_91' title="bbox 2248 3642 3702 3725; baseline -0.003 -20"><span class='ocrx_word' id='word_1_648' title='bbox 2248 3642 2416 3705; x_wconf 88' lang='lat' dir='ltr'><strong>illam</strong></span> <span class='ocrx_word' id='word_1_649' title='bbox 2437 3642 2898 3707; x_wconf 85' lang='lat' dir='ltr'><strong>humanitatem</strong></span> <span class='ocrx_word' id='word_1_650' title='bbox 2927 3642 3062 3707; x_wconf 85' lang='lat' dir='ltr'><strong>fieri</strong></span> <span class='ocrx_word' id='word_1_651' title='bbox 3077 3660 3099 3722; x_wconf 82' lang='lat'>3</span> <span class='ocrx_word' id='word_1_652' title='bbox 3117 3644 3252 3705; x_wconf 80' lang='lat' dir='ltr'><strong>haec</strong></span> <span class='ocrx_word' id='word_1_653' title='bbox 3276 3648 3482 3706; x_wconf 87' lang='lat' dir='ltr'><strong>autem</strong></span> <span class='ocrx_word' id='word_1_654' title='bbox 3507 3644 3578 3725; x_wconf 83' lang='lat' dir='ltr'><strong>(ut</strong></span> <span class='ocrx_word' id='word_1_655' title='bbox 3603 3648 3702 3702; x_wconf 78' lang='lat' dir='ltr'><strong>recle</strong></span> 
     </span>
     <span class='ocr_line' id='line_1_92' title="bbox 2247 3732 3706 3817; baseline -0.003 -20"><span class='ocrx_word' id='word_1_656' title='bbox 2247 3736 2318 3799; x_wconf 78' lang='lat'><strong>1).</strong></span> <span class='ocrx_word' id='word_1_657' title='bbox 2359 3736 2631 3801; x_wconf 80' lang='lat' dir='ltr'><strong>Thomas</strong></span> <span class='ocrx_word' id='word_1_658' title='bbox 2670 3736 2846 3817; x_wconf 83' lang='lat' dir='ltr'><strong>dixit)</strong></span> <span class='ocrx_word' id='word_1_659' title='bbox 2891 3736 3183 3801; x_wconf 85' lang='lat' dir='ltr'><strong>videntur</strong></span> <span class='ocrx_word' id='word_1_660' title='bbox 3216 3756 3360 3807; x_wconf 84' lang='lat' dir='ltr'><strong>esse</strong></span> <span class='ocrx_word' id='word_1_661' title='bbox 3389 3736 3490 3799; x_wconf 92' lang='lat' dir='ltr'><strong>illa</strong></span> <span class='ocrx_word' id='word_1_662' title='bbox 3531 3754 3634 3815; x_wconf 81' lang='lat' dir='ltr'><strong>quae</strong></span> <span class='ocrx_word' id='word_1_663' title='bbox 3664 3732 3706 3796; x_wconf 74' lang='lat' dir='ltr'><strong>ad</strong></span> 
     </span>
     <span class='ocr_line' id='line_1_93' title="bbox 2245 3828 3706 3912; baseline -0.004 -20"><span class='ocrx_word' id='word_1_664' title='bbox 2245 3828 2438 3893; x_wconf 84' lang='lat' dir='ltr'><strong>finem</strong></span> <span class='ocrx_word' id='word_1_665' title='bbox 2465 3830 3203 3893; x_wconf 84' lang='lat' dir='ltr'><strong>incarnationisconferre</strong></span> <span class='ocrx_word' id='word_1_666' title='bbox 3227 3838 3490 3912; x_wconf 88' lang='lat' dir='ltr'><strong>possunt</strong></span> <span class='ocrx_word' id='word_1_667' title='bbox 3503 3852 3520 3907; x_wconf 86' lang='lat'>;</span> <span class='ocrx_word' id='word_1_668' title='bbox 3535 3830 3642 3909; x_wconf 83' lang='lat' dir='ltr'><strong>quia</strong></span> <span class='ocrx_word' id='word_1_669' title='bbox 3661 3834 3706 3906; x_wconf 60' lang='lat' dir='ltr'><strong>{ut</strong></span> 
     </span>
     <span class='ocr_line' id='line_1_94' title="bbox 2244 3922 3706 4005; baseline -0.004 -20"><span class='ocrx_word' id='word_1_670' title='bbox 2244 3942 2431 4005; x_wconf 86' lang='lat' dir='ltr'><strong>supra</strong></span> <span class='ocrx_word' id='word_1_671' title='bbox 2453 3925 2684 3987; x_wconf 90' lang='lat' dir='ltr'><strong>dictum</strong></span> <span class='ocrx_word' id='word_1_672' title='bbox 2717 3926 2833 4002; x_wconf 89' lang='lat' dir='ltr'><strong>est)</strong></span> <span class='ocrx_word' id='word_1_673' title='bbox 2863 3926 3000 3988; x_wconf 80' lang='lat' dir='ltr'><strong>haec</strong></span> <span class='ocrx_word' id='word_1_674' title='bbox 3035 3930 3315 4005; x_wconf 87' lang='lat' dir='ltr'><strong>potestas</strong></span> <span class='ocrx_word' id='word_1_675' title='bbox 3343 3944 3468 3986; x_wconf 89' lang='lat' dir='ltr'><strong>non</strong></span> <span class='ocrx_word' id='word_1_676' title='bbox 3503 3922 3706 3985; x_wconf 75' lang='lat' dir='ltr'><strong>fundatur</strong></span> 
     </span>
     <span class='ocr_line' id='line_1_95' title="bbox 2244 4014 3704 4099; baseline -0.005 -20"><span class='ocrx_word' id='word_1_677' title='bbox 2244 4016 2311 4079; x_wconf 87' lang='lat' dir='ltr'><strong>in</strong></span> <span class='ocrx_word' id='word_1_678' title='bbox 2337 4017 2546 4098; x_wconf 85' lang='lat' dir='ltr'><strong>aliqua</strong></span> <span class='ocrx_word' id='word_1_679' title='bbox 2594 4018 2920 4097; x_wconf 85' lang='lat' dir='ltr'><strong>qualitate,</strong></span> <span class='ocrx_word' id='word_1_680' title='bbox 2967 4036 3178 4099; x_wconf 81' lang='lat' dir='ltr'><strong>neque</strong></span> <span class='ocrx_word' id='word_1_681' title='bbox 3223 4019 3292 4081; x_wconf 82' lang='lat' dir='ltr'><strong>in</strong></span> <span class='ocrx_word' id='word_1_682' title='bbox 3339 4017 3472 4081; x_wconf 87' lang='lat' dir='ltr'><strong>sola</strong></span> <span class='ocrx_word' id='word_1_683' title='bbox 3517 4014 3704 4095; x_wconf 79' lang='lat' dir='ltr'><strong>potentia</strong></span> 
     </span>
     <span class='ocr_line' id='line_1_96' title="bbox 2246 4109 3706 4193; baseline -0.005 -21"><span class='ocrx_word' id='word_1_684' title='bbox 2246 4110 2644 4173; x_wconf 88' lang='lat' dir='ltr'><strong>obedientiali</strong></span> <span class='ocrx_word' id='word_1_685' title='bbox 2675 4112 3024 4173; x_wconf 86' lang='lat' dir='ltr'><strong>secundum</strong></span> <span class='ocrx_word' id='word_1_686' title='bbox 3054 4130 3122 4174; x_wconf 88' lang='lat' dir='ltr'><strong>se</strong></span> <span class='ocrx_word' id='word_1_687' title='bbox 3156 4119 3432 4193; x_wconf 88' lang='lat' dir='ltr'><strong>sumpta,</strong></span> <span class='ocrx_word' id='word_1_688' title='bbox 3461 4110 3559 4172; x_wconf 87' lang='lat' dir='ltr'><strong>sed</strong></span> <span class='ocrx_word' id='word_1_689' title='bbox 3583 4109 3706 4170; x_wconf 80' lang='lat' dir='ltr'><strong>utha-</strong></span> 
     </span>
     <span class='ocr_line' id='line_1_97' title="bbox 2243 4201 3708 4285; baseline -0.003 -21"><span class='ocrx_word' id='word_1_690' title='bbox 2243 4202 2436 4265; x_wconf 78' lang='lat' dir='ltr'><strong>hante</strong></span> <span class='ocrx_word' id='word_1_691' title='bbox 2471 4210 2764 4283; x_wconf 80' lang='lat' dir='ltr'><strong>paratum</strong></span> <span class='ocrx_word' id='word_1_692' title='bbox 2789 4206 3362 4285; x_wconf 74' lang='lat' dir='ltr'><strong>concursum-juxta</strong></span> <span class='ocrx_word' id='word_1_693' title='bbox 3400 4201 3638 4265; x_wconf 66' lang='lat' dir='ltr'><strong>divinam</strong></span> <span class='ocrx_word' id='word_1_694' title='bbox 3655 4214 3708 4257; x_wconf 76' lang='lat' dir='ltr'><strong>nr·</strong></span> 
     </span>
     <span class='ocr_line' id='line_1_98' title="bbox 2247 4292 3704 4378; baseline -0.006 -20"><span class='ocrx_word' id='word_1_695' title='bbox 2247 4296 2656 4373; x_wconf 88' lang='lat' dir='ltr'><strong>dinationem‚</strong></span> <span class='ocrx_word' id='word_1_696' title='bbox 2677 4314 2840 4378; x_wconf 72' lang='lat' dir='ltr'><strong>qum,</strong></span> <span class='ocrx_word' id='word_1_697' title='bbox 2863 4314 3012 4359; x_wconf 81' lang='lat' dir='ltr'><strong>cum</strong></span> <span class='ocrx_word' id='word_1_698' title='bbox 3035 4313 3150 4378; x_wconf 79' lang='lat' dir='ltr'><strong>per</strong></span> <span class='ocrx_word' id='word_1_699' title='bbox 3168 4297 3510 4377; x_wconf 74' lang='lat' dir='ltr'><strong>potentiam</strong></span> <span class='ocrx_word' id='word_1_700' title='bbox 3543 4292 3704 4355; x_wconf 83' lang='lat' dir='ltr'><strong>absolu·</strong></span> 
     </span>
     <span class='ocr_line' id='line_1_99' title="bbox 2245 4386 3708 4471; baseline -0.007 -19"><span class='ocrx_word' id='word_1_701' title='bbox 2245 4396 2374 4452; x_wconf 90' lang='lat' dir='ltr'><strong>tam</strong></span> <span class='ocrx_word' id='word_1_702' title='bbox 2399 4391 2746 4471; x_wconf 87' lang='lat' dir='ltr'><strong>regulanda</strong></span> <span class='ocrx_word' id='word_1_703' title='bbox 2771 4410 2896 4453; x_wconf 88' lang='lat' dir='ltr'><strong>non</strong></span> <span class='ocrx_word' id='word_1_704' title='bbox 2923 4393 3022 4467; x_wconf 90' lang='lat' dir='ltr'><strong>sit,</strong></span> <span class='ocrx_word' id='word_1_705' title='bbox 3047 4410 3172 4452; x_wconf 91' lang='lat' dir='ltr'><strong>non</strong></span> <span class='ocrx_word' id='word_1_706' title='bbox 3195 4386 3708 4471; x_wconf 86' lang='lat' dir='ltr'><strong>potestcommodius</strong></span> 
     </span>
     <span class='ocr_line' id='line_1_100' title="bbox 2247 4479 3708 4565; baseline -0.009 -18"><span class='ocrx_word' id='word_1_707' title='bbox 2247 4500 2321 4547; x_wconf 84' lang='lat' dir='ltr'><strong>ex</strong></span> <span class='ocrx_word' id='word_1_708' title='bbox 2357 4484 2479 4544; x_wconf 88' lang='lat' dir='ltr'><strong>alio</strong></span> <span class='ocrx_word' id='word_1_709' title='bbox 2501 4484 2826 4564; x_wconf 88' lang='lat' dir='ltr'><strong>principio,</strong></span> <span class='ocrx_word' id='word_1_710' title='bbox 2861 4502 3160 4565; x_wconf 85' lang='lat' dir='ltr'><strong>quamex</strong></span> <span class='ocrx_word' id='word_1_711' title='bbox 3189 4479 3708 4545; x_wconf 60' lang='lat' dir='ltr'><strong>fine‘incarnationis</strong></span> 
     </span>
     <span class='ocr_line' id='line_1_101' title="bbox 2245 4570 3708 4657; baseline -0.003 -19"><span class='ocrx_word' id='word_1_712' title='bbox 2245 4574 2490 4639; x_wconf 80' lang='lat' dir='ltr'><strong>definiri</strong></span> <span class='ocrx_word' id='word_1_713' title='bbox 2528 4583 2590 4640; x_wconf 85' lang='lat' dir='ltr'><strong>et</strong></span> <span class='ocrx_word' id='word_1_714' title='bbox 2623 4580 2960 4657; x_wconf 84' lang='lat' dir='ltr'><strong>assignari,</strong></span> <span class='ocrx_word' id='word_1_715' title='bbox 2997 4584 3068 4641; x_wconf 88' lang='lat' dir='ltr'><strong>ut</strong></span> <span class='ocrx_word' id='word_1_716' title='bbox 3113 4584 3283 4640; x_wconf 87' lang='lat' dir='ltr'><strong>recte</strong></span> <span class='ocrx_word' id='word_1_717' title='bbox 3331 4574 3512 4639; x_wconf 86' lang='lat' dir='ltr'><strong>etiam</strong></span> <span class='ocrx_word' id='word_1_718' title='bbox 3553 4570 3708 4634; x_wconf 67' lang='lat' dir='ltr'><strong>notavit</strong></span> 
     </span>
     <span class='ocr_line' id='line_1_102' title="bbox 2244 4667 3708 4751; baseline -0.005 -21"><span class='ocrx_word' id='word_1_719' title='bbox 2244 4667 2547 4745; x_wconf 69' lang='lat' dir='ltr'><strong>Durand„</strong></span> <span class='ocrx_word' id='word_1_720' title='bbox 2573 4670 2638 4732; x_wconf 90' lang='lat' dir='ltr'><strong>in</strong></span> <span class='ocrx_word' id='word_1_721' title='bbox 2669 4672 2730 4745; x_wconf 87' lang='grc'><strong>3,</strong></span> <span class='ocrx_word' id='word_1_722' title='bbox 2759 4670 2905 4733; x_wconf 79' lang='lat' dir='ltr'><strong>dist.</strong></span> <span class='ocrx_word' id='word_1_723' title='bbox 2937 4674 3037 4746; x_wconf 77' lang='lat'><strong>13,</strong></span> <span class='ocrx_word' id='word_1_724' title='bbox 3072 4689 3134 4751; x_wconf 89' lang='lat' dir='ltr'><strong>q.</strong></span> <span class='ocrx_word' id='word_1_725' title='bbox 3158 4672 3220 4733; x_wconf 72' lang='lat'><strong>5.</strong></span> <span class='ocrx_word' id='word_1_726' title='bbox 3250 4668 3348 4732; x_wconf 84' lang='lat' dir='ltr'><strong>Ad</strong></span> <span class='ocrx_word' id='word_1_727' title='bbox 3373 4668 3530 4731; x_wconf 86' lang='lat' dir='ltr'><strong>hunc</strong></span> <span class='ocrx_word' id='word_1_728' title='bbox 3567 4670 3708 4727; x_wconf 85' lang='lat' dir='ltr'><strong>autem</strong></span> 
     </span>
     <span class='ocr_line' id='line_1_103' title="bbox 2242 4764 3708 4836; baseline -0.003 -11"><span class='ocrx_word' id='word_1_729' title='bbox 2242 4764 2434 4825; x_wconf 83' lang='lat' dir='ltr'><strong>finem</strong></span> <span class='ocrx_word' id='word_1_730' title='bbox 2457 4778 2586 4825; x_wconf 89' lang='lat' dir='ltr'><strong>non</strong></span> <span class='ocrx_word' id='word_1_731' title='bbox 2617 4764 2868 4827; x_wconf 74' lang='lat' dir='ltr'><strong>videtur</strong></span> <span class='ocrx_word' id='word_1_732' title='bbox 2894 4766 3321 4827; x_wconf 87' lang='lat' dir='ltr'><strong>necessarium</strong></span> <span class='ocrx_word' id='word_1_733' title='bbox 3351 4768 3420 4826; x_wconf 87' lang='lat' dir='ltr'><strong>ut</strong></span> <span class='ocrx_word' id='word_1_734' title='bbox 3447 4770 3708 4836; x_wconf 67' lang='lat' dir='ltr'><strong>assumpse-</strong></span> 
     </span>
     <span class='ocr_line' id='line_1_104' title="bbox 2241 4857 3710 4939; baseline -0.007 -20"><span class='ocrx_word' id='word_1_735' title='bbox 2241 4857 2322 4919; x_wconf 89' lang='lat' dir='ltr'><strong>rit</strong></span> <span class='ocrx_word' id='word_1_736' title='bbox 2354 4858 2695 4937; x_wconf 87' lang='lat' dir='ltr'><strong>potentiam</strong></span> <span class='ocrx_word' id='word_1_737' title='bbox 2713 4858 2988 4933; x_wconf 89' lang='lat' dir='ltr'><strong>creandi,</strong></span> <span class='ocrx_word' id='word_1_738' title='bbox 3013 4860 3159 4939; x_wconf 88' lang='lat' dir='ltr'><strong>quia</strong></span> <span class='ocrx_word' id='word_1_739' title='bbox 3179 4873 3300 4921; x_wconf 88' lang='lat' dir='ltr'><strong>nec</strong></span> <span class='ocrx_word' id='word_1_740' title='bbox 3322 4868 3710 4939; x_wconf 82' lang='lat' dir='ltr'><strong>peropuscrea·</strong></span> 
     </span>
     <span class='ocr_line' id='line_1_105' title="bbox 2241 4944 3708 5032; baseline -0.008 -21"><span class='ocrx_word' id='word_1_741' title='bbox 2241 4951 2428 5011; x_wconf 89' lang='lat' dir='ltr'><strong>tionis</strong></span> <span class='ocrx_word' id='word_1_742' title='bbox 2458 4950 2841 5013; x_wconf 83' lang='lat' dir='ltr'><strong>manifestari</strong></span> <span class='ocrx_word' id='word_1_743' title='bbox 2873 4952 3201 5014; x_wconf 90' lang='lat' dir='ltr'><strong>commode</strong></span> <span class='ocrx_word' id='word_1_744' title='bbox 3227 4954 3480 5032; x_wconf 81' lang='lat' dir='ltr'><strong>poterat</strong></span> <span class='ocrx_word' id='word_1_745' title='bbox 3506 4964 3634 5027; x_wconf 86' lang='lat' dir='ltr'><strong>opus</strong></span> <span class='ocrx_word' id='word_1_746' title='bbox 3653 4944 3708 5001; x_wconf 84' lang='lat' dir='ltr'><strong>in-</strong></span> 
     </span>
     <span class='ocr_line' id='line_1_106' title="bbox 2241 5036 3708 5125; baseline -0.006 -20"><span class='ocrx_word' id='word_1_747' title='bbox 2241 5046 2642 5121; x_wconf 84' lang='lat' dir='ltr'><strong>carnationiS,</strong></span> <span class='ocrx_word' id='word_1_748' title='bbox 2686 5046 2834 5125; x_wconf 84' lang='lat' dir='ltr'><strong>quia</strong></span> <span class='ocrx_word' id='word_1_749' title='bbox 2875 5064 3001 5107; x_wconf 91' lang='lat' dir='ltr'><strong>non</strong></span> <span class='ocrx_word' id='word_1_750' title='bbox 3057 5052 3265 5125; x_wconf 86' lang='lat' dir='ltr'><strong>potest</strong></span> <span class='ocrx_word' id='word_1_751' title='bbox 3311 5062 3448 5108; x_wconf 90' lang='lat' dir='ltr'><strong>esse</strong></span> <span class='ocrx_word' id='word_1_752' title='bbox 3497 5036 3708 5104; x_wconf 77' lang='lat' dir='ltr'><strong>manifes-</strong></span> 
     </span>
     <span class='ocr_line' id='line_1_107' title="bbox 2243 5128 3708 5219; baseline -0.002 -21"><span class='ocrx_word' id='word_1_753' title='bbox 2243 5144 2374 5199; x_wconf 91' lang='lat' dir='ltr'><strong>tum</strong></span> <span class='ocrx_word' id='word_1_754' title='bbox 2403 5156 2485 5199; x_wconf 87' lang='lat' dir='ltr'><strong>an</strong></span> <span class='ocrx_word' id='word_1_755' title='bbox 2512 5138 2675 5201; x_wconf 90' lang='lat' dir='ltr'><strong>actio</strong></span> <span class='ocrx_word' id='word_1_756' title='bbox 2700 5138 2810 5202; x_wconf 88' lang='lat' dir='ltr'><strong>fiat</strong></span> <span class='ocrx_word' id='word_1_757' title='bbox 2835 5157 2913 5201; x_wconf 86' lang='lat' dir='ltr'><strong>ex</strong></span> <span class='ocrx_word' id='word_1_758' title='bbox 2942 5139 3140 5201; x_wconf 88' lang='lat' dir='ltr'><strong>nihilo</strong></span> <span class='ocrx_word' id='word_1_759' title='bbox 3165 5154 3188 5219; x_wconf 81' lang='lat'><em>3</em></span> <span class='ocrx_word' id='word_1_760' title='bbox 3219 5153 3422 5217; x_wconf 81' lang='lat' dir='ltr'><strong>neque</strong></span> <span class='ocrx_word' id='word_1_761' title='bbox 3465 5128 3708 5215; x_wconf 59' lang='lat' dir='ltr'><strong>oportebat</strong></span> 
     </span>
     <span class='ocr_line' id='line_1_108' title="bbox 2240 5224 3706 5313; baseline -0.009 -22"><span class='ocrx_word' id='word_1_762' title='bbox 2240 5248 2437 5292; x_wconf 82' lang='lat' dir='ltr'><strong>novas</strong></span> <span class='ocrx_word' id='word_1_763' title='bbox 2465 5250 2568 5295; x_wconf 87' lang='lat' dir='ltr'><strong>res</strong></span> <span class='ocrx_word' id='word_1_764' title='bbox 2595 5234 2662 5293; x_wconf 88' lang='lat' dir='ltr'><strong>in</strong></span> <span class='ocrx_word' id='word_1_765' title='bbox 2687 5232 2976 5295; x_wconf 80' lang='lat' dir='ltr'><strong>universo</strong></span> <span class='ocrx_word' id='word_1_766' title='bbox 3006 5232 3230 5309; x_wconf 85' lang='lat' dir='ltr'><strong>creari,</strong></span> <span class='ocrx_word' id='word_1_767' title='bbox 3281 5234 3500 5313; x_wconf 80' lang='lat' dir='ltr'><strong>praeter</strong></span> <span class='ocrx_word' id='word_1_768' title='bbox 3535 5224 3706 5287; x_wconf 85' lang='lat' dir='ltr'><strong>animas</strong></span> 
     </span>
     <span class='ocr_line' id='line_1_109' title="bbox 2237 5318 3703 5405; baseline -0.005 -19"><span class='ocrx_word' id='word_1_769' title='bbox 2237 5324 2575 5387; x_wconf 86' lang='lat' dir='ltr'><strong>rationales</strong></span> <span class='ocrx_word' id='word_1_770' title='bbox 2625 5344 2765 5405; x_wconf 83' lang='lat' dir='ltr'><strong>qnae</strong></span> <span class='ocrx_word' id='word_1_771' title='bbox 2814 5326 3001 5388; x_wconf 87' lang='lat' dir='ltr'><strong>modo</strong></span> <span class='ocrx_word' id='word_1_772' title='bbox 3034 5325 3150 5388; x_wconf 70' lang='lat' dir='ltr'><strong>sthi</strong></span> <span class='ocrx_word' id='word_1_773' title='bbox 3181 5322 3547 5389; x_wconf 78' lang='lat' dir='ltr'><strong>connaturali</strong></span> <span class='ocrx_word' id='word_1_774' title='bbox 3578 5318 3703 5379; x_wconf 69' lang='lat' dir='ltr'><strong>fiunt·</strong></span> 
     </span>
     <span class='ocr_line' id='line_1_110' title="bbox 2239 5405 3707 5500; baseline -0.003 -21"><span class='ocrx_word' id='word_1_775' title='bbox 2239 5417 2454 5479; x_wconf 88' lang='lat' dir='ltr'><strong>Solum</strong></span> <span class='ocrx_word' id='word_1_776' title='bbox 2476 5418 2670 5481; x_wconf 86' lang='lat' dir='ltr'><strong>videri</strong></span> <span class='ocrx_word' id='word_1_777' title='bbox 2701 5425 2916 5500; x_wconf 90' lang='lat' dir='ltr'><strong>posset</strong></span> <span class='ocrx_word' id='word_1_778' title='bbox 2947 5420 3272 5500; x_wconf 88' lang='lat' dir='ltr'><strong>probabile</strong></span> <span class='ocrx_word' id='word_1_779' title='bbox 3317 5415 3607 5479; x_wconf 83' lang='lat' dir='ltr'><strong>materiam</strong></span> <span class='ocrx_word' id='word_1_780' title='bbox 3627 5405 3707 5487; x_wconf 76' lang='lat' dir='ltr'><strong>pri·</strong></span> 
     </span>
     <span class='ocr_line' id='line_1_111' title="bbox 2237 5502 3702 5593; baseline -0.002 -23"><span class='ocrx_word' id='word_1_781' title='bbox 2237 5527 2428 5588; x_wconf 85' lang='lat' dir='ltr'><strong>mam,</strong></span> <span class='ocrx_word' id='word_1_782' title='bbox 2449 5528 2588 5591; x_wconf 81' lang='lat' dir='ltr'><strong>quae</strong></span> <span class='ocrx_word' id='word_1_783' title='bbox 2615 5513 2869 5593; x_wconf 88' lang='lat' dir='ltr'><strong>ponitur</strong></span> <span class='ocrx_word' id='word_1_784' title='bbox 2883 5514 3340 5592; x_wconf 79' lang='lat' dir='ltr'><strong>subspeciebus</strong></span> <span class='ocrx_word' id='word_1_785' title='bbox 3359 5502 3702 5575; x_wconf 71' lang='lat' dir='ltr'><strong>Eucharistiae.</strong></span> 
     </span>
    </p>
   </div>
   <div class='ocr_carea' id='block_1_6' title="bbox 3732 13 3778 5554">
    <p class='ocr_par' dir='ltr' id='par_1_7' title="bbox 3732 13 3778 5554">
     <span class='ocr_line' id='line_1_112' title="bbox 3732 13 3778 5554; baseline 0 0"><span class='ocrx_word' id='word_1_786' title='bbox 3732 13 3778 5554; x_wconf 95' lang='lat' dir='ltr'><strong> </strong></span> 
     </span>
    </p>
   </div>
   <div class='ocr_carea' id='block_1_7' title="bbox 3769 5550 3777 6138">
    <p class='ocr_par' dir='ltr' id='par_1_8' title="bbox 3769 5550 3777 6138">
     <span class='ocr_line' id='line_1_113' title="bbox 3769 5550 3777 6138; baseline 0 0"><span class='ocrx_word' id='word_1_787' title='bbox 3769 5550 3777 6138; x_wconf 95' lang='lat' dir='ltr'><strong> </strong></span> 
     </span>
    </p>
   </div>
  </div>
 </body>
</html>
