3892 6167
577 298 696 357 252

579 402 900 475 cium,nou
922 399 1125 464 solum
1147 397 1686 473 incruentum‚sed
1699 397 1889 459 etiam
1905 414 2135 458 cruen-

581 501 735 568 tum,
765 494 1000 556 hahens
1029 512 1106 556 ex
1145 493 1204 555 vi
1245 492 1442 572 ipsius
1497 489 1763 571 proximi
1813 489 2137 552 offerentis

577 586 854 650 valorem
887 590 952 650 et
1003 585 1294 648 virtutem
1339 583 1425 646 ad
1463 581 1944 646 sanctificandos
1992 581 2137 644 illos

578 699 692 762 pro
721 679 946 761 quibus
973 679 1252 742 oblatum
1293 683 1425 750 est;
1485 675 1846 740 sacerdotes
1893 682 2129 751 autem,

578 774 683 856 qui
713 781 861 836 sunt
893 773 1154 835 ministri
1181 771 1342 853 legis
1367 789 1565 844 noves,
1623 771 1827 834 solum
1868 773 2137 850 possunt

579 869 804 930 offerre
853 866 1230 928 sacrificium
1259 871 1334 926 ut
1369 864 1636 927 ministri
1683 863 1930 935 Christi,
1978 861 2133 923 etin

576 961 804 1024 virtute
841 961 1004 1038 ejtts,
1045 967 1106 1021 et
1163 957 1520 1021 ordinatum
1569 955 1652 1019 ad
1681 954 2133 1036 applicandum

577 1053 826 1128 merita,
859 1059 924 1115 et
949 1051 1404 1114 satisfactiones
1431 1051 1586 1130 ejus.
1619 1051 1898 1130 Denique
1921 1067 2135 1111 sacer-

577 1147 814 1210 dotium
875 1147 994 1208 hoc
1037 1145 1192 1226 legis
1241 1157 1418 1206 novae
1471 1162 1586 1224 per
1645 1143 2133 1206 determinatam

575 1239 914 1322 quamdam
935 1239 1496 1310 consecrationem,
1527 1255 1638 1300 seu
1667 1237 2133 1300 ordinationem

577 1333 924 1408 conficitur,
943 1339 1006 1395 et
1021 1331 1491 1413 quodammodo
1514 1333 1580 1394 in
1603 1331 2013 1412 impressione
2028 1347 2133 1391 cu·

567 1426 822 1506 jusdam
863 1425 1047 1488 realis
1087 1425 1468 1487 characteris
1493 1424 1812 1496 consistit3
1851 1423 2134 1485 Christus

575 1525 784 1581 autem
828 1537 954 1580 non
985 1518 1106 1580 fuit
1149 1518 1470 1580 ordinatus
1516 1517 1812 1580 sacerdos
1863 1534 1979 1596 per
2018 1516 2131 1576 ali·

577 1631 768 1694 qnam
799 1613 1212 1677 extrinsecam
1255 1611 1738 1686 ordinationem,
1765 1611 1870 1674 vel
1913 1625 2133 1673 conse-

575 1705 918 1769 crationem
949 1727 965 1782 ;
997 1707 1110 1768 sed
1131 1723 1208 1768 ex
1235 1707 1292 1767 vi
1325 1723 1454 1768 sum
1491 1706 1772 1786 originis,
1798 1711 1862 1768 et
1899 1703 2133 1785 hypos-

579 1799 782 1862 tatiete
819 1799 1094 1874 unionis,
1131 1805 1192 1861 et
1221 1799 1448 1862 divinas
1505 1799 1918 1862 ordinationis
1965 1797 2133 1860 hauc

575 1892 950 1972 dignitatem
1017 1891 1269 1967 hahuit3
1307 1899 1403 1954 est
1445 1909 1598 1972 ergo
1637 1891 1830 1972 longe
1876 1891 2131 1954 alterius

575 1985 853 2048 rationis.

653 2081 714 2142 3.
765 2079 942 2141 Unde
983 2077 1186 2142 obiter
1221 2079 1584 2161 intelligitur
1611 2123 1634 2154 ,
1689 2078 1862 2159 quod
1909 2095 2131 2140 omnes

571 2173 895 2252 Theologi,
926 2171 990 2234 in
1017 2177 1081 2249 4,
1113 2171 1253 2234 dist.
1297 2175 1359 2245 4,
1391 2173 1643 2242 docent,
1691 2172 1812 2234 hoc
1837 2171 2133 2233 sacerdo·-

569 2269 729 2331 tinm
776 2267 1000 2330 Christi
1025 2285 1152 2330 non
1183 2284 1418 2347 ponere
1451 2268 1520 2328 in
1551 2268 1686 2348 ejus
1737 2267 2133 2328 humanitate

569 2361 846 2443 allquam
873 2361 1106 2424 realem
1131 2362 1516 2440 qualitatem.
1537 2378 1654 2422 seu
1675 2361 2128 2432 characterem,

573 2464 640 2520 ut
659 2457 842 2520 docet
873 2457 1060 2519 etiam
1090 2455 1160 2518 D.
1191 2454 1486 2532 Thomas,
1517 2455 1686 2518 dicta
1703 2473 1768 2534 q.
1801 2458 1902 2528 63,
1921 2461 2041 2517 art.
2064 2457 2131 2533 ὅς

573 2549 686 2613 sed
713 2552 914 2614 solnm
955 2549 1326 2630 dignitatem
1371 2557 1436 2612 et
1482 2553 1856 2628 potestatem
1907 2565 2133 2611 conve·

571 2645 849 2707 aientem
889 2643 976 2704 illi
1005 2644 1248 2706 tutione
1277 2643 1548 2719 unionis,
1589 2661 1704 2723 per
1758 2659 1949 2723 quam
1994 2643 2133 2722 ejus

571 2737 958 2812 humanitas,
1009 2753 1124 2797 sen
1147 2735 1355 2816 potins
1384 2735 1486 2797 hie
1511 2737 1700 2798 homo
1723 2735 2001 2798 Christus
2038 2742 2133 2798 est

571 2830 872 2892 altissimo
901 2845 978 2891 ac
1005 2828 1460 2908 perfectissimo
1517 2828 1707 2890 modo
1753 2829 1934 2908 quasi
1970 2827 2133 2891 desi·-

573 2929 820 3006 gnatus,
859 2928 921 2984 ct
947 2925 1318 3002 segregatus
1352 2921 1434 2984 ab
1469 2921 1608 2983 aliis
1653 2922 2033 2996 homiuibus,
2068 2931 2133 2984 et

569 3024 796 3097 potens
813 3016 894 3076 ad
925 3013 1464 3088 intercedendum,
1493 3021 1556 3078 et
1579 3015 1975 3078 offerendum
2016 3033 2131 3097 pro

571 3109 692 3172 illis
715 3109 1153 3189 dignissimum
1183 3107 1584 3183 sacrificinm,
1623 3109 1708 3172 ad
1733 3108 2135 3172 sanctifican-

573 3203 724 3268 dum
751 3203 889 3264 illos
924 3221 940 3276 3
986 3202 1124 3262 hoec
1167 3209 1386 3264 autem
1428 3201 1698 3284 dignitas
1741 3209 1806 3264 et
1857 3209 2134 3284 potestas

573 3297 801 3378 partim
859 3293 1122 3358 includit
1173 3293 1540 3374 dignitatem
1599 3296 1842 3376 capitis,
1903 3295 2129 3376 partim

573 3393 943 3470 potestatem
983 3387 1258 3467 perfecte
1303 3388 1588 3450 merendi
1617 3394 1680 3450 et
1705 3387 2129 3452 satisfaciendi

572 3499 690 3565 pro
717 3481 878 3555 aliis,
899 3480 1128 3560 partim
1150 3480 1279 3542 vim
1319 3480 1698 3546 effectricem
1719 3482 1963 3562 gratim,
1986 3499 2123 3562 par-

569 3577 686 3638 tim
712 3575 986 3654 denique
999 3573 1278 3635 divinam
1296 3573 1784 3650 ordinationem,
1809 3593 1936 3654 qus
1952 3591 2128 3638 cons·

571 3668 791 3731 titutus
819 3673 916 3729 est
949 3666 1246 3739 Christus,
1277 3671 1352 3726 ut
1373 3674 1539 3729 esset
1593 3667 1901 3730 mediator
1929 3667 2038 3730 Dei
2066 3674 2130 3729 et

572 3762 935 3833 hominum3
969 3777 1114 3840 qnae
1161 3758 1374 3821 omnia
1425 3761 1488 3822 in
1537 3761 1965 3841 superioribus
1996 3760 2129 3823 tere

574 3854 880 3934 explicata
906 3860 1072 3928 sunt,
1105 3860 1170 3915 et
1205 3853 1486 3916 nonnihil
1538 3853 1622 3916 de
1649 3854 1999 3917 mediatore
2018 3857 2129 3917 ad-

574 3949 798 4010 demus
819 3947 1002 4019 iuti-a,
1033 3963 1095 4026 q.
1133 3949 1234 4008 26.

651 4049 713 4104 4.
762 4041 1184 4108 Sacerdotium
1227 4040 1468 4105 Christi
1495 4059 1600 4105 mc
1629 4042 1818 4123 hyalo
1843 4089 1864 4120 ,
1909 4060 2015 4108 uc
2042 4062 2131 4107 so-

573 4137 834 4200 cundum
853 4135 1116 4198 ordinem
1138 4132 1347 4196 Aaron
1365 4135 1512 4210 fuit.
1532 4167 1616 4182 --
1637 4134 1786 4198 Dico
1811 4136 2088 4199 secundo
2110 4155 2123 4198 :

417 4275 440 4290 .
567 4227 986 4293 sacerdotium
1011 4226 1238 4289 Christi
1263 4245 1392 4288 non
1419 4226 1538 4292 fnit
1558 4228 1784 4308 legale,
1818 4249 1932 4291 seu
1960 4233 2131 4311 ejus-

575 4324 720 4384 dem
767 4321 1024 4384 rationis
1077 4337 1218 4381 cum
1265 4319 1614 4382 sacerdotio
1659 4321 1820 4402 legis
1861 4325 2123 4397 veteris;

575 4417 748 4478 unde
766 4431 976 4495 neque
995 4415 1132 4494 ipse
1151 4413 1430 4476 Christus
1451 4415 1570 4476 fuit
1587 4415 1882 4478 sacerdos
1903 4433 2128 4478 seeun-

575 4511 726 4572 dum
757 4509 1040 4570 ordinem
1071 4509 1304 4583 Aaron,
1336 4525 1544 4587 neque
1579 4508 1820 4588 origine
1851 4515 1963 4572 ant
1988 4529 2129 4573 suc·

575 4603 858 4666 cessione
877 4645 898 4680 ‚
928 4617 1137 4680 neque
1167 4599 1276 4662 Dei
1307 4606 1424 4662 aut.
1441 4601 1770 4662 hominum
1794 4603 2121 4668 electione.

571 4699 662 4760 Ita
687 4697 871 4758 docet
897 4693 1096 4767 Paul„
1129 4693 1211 4754 ad
1235 4692 1394 4755 Heb.
1427 4698 1488 4772 7,
1518 4697 1560 4756 8
1589 4700 1652 4756 et
1675 4697 1740 4771 9,
1778 4696 1885 4758 ubi
1911 4697 2129 4778 impri-

571 4791 694 4853 mis
729 4789 914 4851 docet
949 4787 1261 4849 Christum
1291 4785 1484 4848 fuisse
1517 4787 1914 4851 sacerdotem
1945 4790 2129 4852 altio-

569 4885 658 4946 ris
675 4882 932 4958 ordinis,
959 4879 1107 4960 quia
1135 4879 1514 4942 Aarouicum
1541 4882 1961 4945 sacerdotium
1990 4891 2129 4947 erat

566 4977 1024 5058 imperfectum,
1055 4973 1427 5054 temporale,
1459 4982 1522 5037 ct
1542 4976 1726 5056 juxta
1755 4978 2123 5041 mandatum

565 5071 726 5151 legis
773 5067 1070 5139 carnalis,
1117 5084 1256 5146 quae
1301 5085 1420 5129 uec
1453 5069 1802 5146 justificare
1852 5079 2123 5151 poterat,

564 5183 682 5227 nec
713 5163 1058 5244 perfectum
1085 5161 1296 5224 facere
1317 5163 1691 5225 servientem
1719 5184 1735 5239 ;
1769 5165 1992 5228 Christi
2014 5185 2127 5228 au-

563 5265 689 5322 tem
723 5254 1140 5320 sacerdotium
1166 5255 1285 5317 fait
1307 5255 1678 5336 perfectum,
1705 5265 2033 5337 aeternum,
2060 5268 2125 5324 et

1785 295 2021 357 QUAEST.
2058 296 2207 348 xxu.
2242 296 2445 350 Anne.
2484 299 2565 351 Vi.

2215 397 2365 474 lem,
2402 399 2550 479 quia
2583 417 2661 461 ex
2687 400 2721 460 J
2730 398 2853 460 uda
2876 401 3051 458 ortus
3082 403 3177 458 est
3204 393 3505 456 Dominus
3530 400 3716 472 noster,

2214 493 2277 552 in
2313 509 2437 572 qua
2466 493 2630 554 tribu
2656 491 2811 552 nihil
2840 490 2921 552 de
2945 486 3387 550 sacerdotibus
3406 487 3635 566 Moyses
3652 489 3721 552 la·

2212 589 2397 646 cutus
2420 591 2537 647 est.
2576 585 2726 658 Quat
2752 583 2913 646 ratio
2952 581 3190 664 optime
3210 579 3445 660 prohat
3469 579 3723 644 Christum
3805 587 3806 634 ῑ

2212 695 2343 742 non
2370 679 2567 741 fuisse
2598 676 2989 740 sacerdotem
3024 673 3253 736 veteris
3282 671 3471 752 tegis,
3504 673 3721 754 origine,
3805 735 3806 740 ,

2214 774 2279 834 et
2326 771 2723 834 successione
2746 815 2769 846 ,
2820 768 2969 848 quia
3027 786 3155 831 non
3208 764 3625 830 descendebat
3666 783 3723 830 ex

2212 865 2381 926 tribu
2416 865 2565 928 Levi
2600 864 2950 927 secundnm
2980 867 3309 944 paternam
3344 860 3590 921 lineam.
3626 861 3725 921 Pri-

2214 976 2321 1021 mo
2342 958 2599 1038 quidem
2624 958 2691 1020 in
2716 975 2787 1020 re
2812 957 2953 1037 ipsa
2972 1000 2993 1032 ,
3032 955 3185 1034 quis
3209 972 3353 1016 non
3381 951 3497 1014 fait
3517 952 3725 1031 genitus

2213 1051 2297 1113 ab
2326 1050 2605 1114 homine.
2642 1050 2958 1126 Secundo,
2997 1049 3067 1110 iu
3104 1045 3584 1120 existimatione,
3616 1047 3727 1124 quia

2213 1147 2553 1226 putabatur
2570 1145 2737 1208 filius
2764 1144 3027 1225 Joeeph,
3054 1143 3136 1206 de
3162 1142 3363 1206 domo
3394 1138 3595 1205 David.
3617 1141 3726 1202 Ter·
3805 1149 3806 1158 ’

2211 1241 2325 1316 tio,
2360 1241 2507 1320 quia
2534 1240 2721 1302 etism
2749 1240 2943 1301 Beata
2972 1237 3157 1316 Virgo
3187 1253 3309 1316 per
3334 1234 3563 1299 lineam
3588 1251 3727 1294 susm
3805 1263 3806 1314 3

2212 1341 2541 1414 paternam
2574 1331 3001 1396 descendebat
3027 1330 3310 1393 detribu
3344 1327 3511 1396 Juda
3534 1371 3551 1399 ‚
3590 1330 3647 1390 at
3674 1345 3729 1388 ex
3805 1337 3806 1372 ³

2214 1428 2407 1493 Paulo
2444 1445 2637 1508 supra
2670 1425 3017 1504 colligitur,
3046 1429 3115 1486 et
3147 1422 3319 1486 infra
3356 1420 3541 1485 latius
3564 1426 3727 1482 ostea-
3805 1459 3806 1504 ᾗ

2210 1524 2417 1586 detur.
2448 1523 2525 1582 Et
2542 1520 2829 1602 quamvis
2851 1519 3119 1581 fortasse
3136 1518 3327 1598 juxta
3350 1513 3615 1594 aliquam
3630 1531 3729 1574 ma-

2211 1625 2455 1679 ternam
2482 1614 2947 1676 successionem
2962 1613 3171 1674 Beata!
3191 1608 3473 1691 vti-ginis
3490 1606 3727 1673 habuerit

2212 1711 2651 1790 cognationem
2684 1707 2963 1784 aliquam
2987 1721 3138 1768 cum
3180 1703 3355 1769 tribu
3400 1700 3576 1776 Levi,
3612 1699 3729 1761 illud

2210 1809 2427 1866 tamen
2458 1819 2585 1864 non
2608 1797 3061 1877 sufficiebat‚ad
3086 1793 3484 1862 sacerdotale
3508 1810 3725 1867 mnam,
3805 1879 3806 1882 Ἴ

2212 1897 2383 1976 quod
2410 1895 2697 1958 Leviticae
2734 1892 2928 1956 tribui
2962 1895 3027 1954 et
3050 1890 3311 1955 familiae
3341 1889 3549 1951 Aaron
3570 1903 3729 1950 reser-
3805 1937 3806 1946 2

2208 1998 2427 2054 vatum
2451 1995 2611 2065 erat,
2644 1993 2713 2050 ut
2736 1991 2981 2049 constat
3018 1983 3217 2050 Exod..
3246 1985 3356 2057 29,
3392 1986 3456 2044 et
3488 1979 3658 2042 Levit.
3678 1980 3725 2050 8,

2212 2091 2275 2147 et
2300 2089 2328 2146 1
2358 2085 2513 2163 Reg.
2536 2086 2615 2154 23
2652 2080 2822 2144 unde
2850 2098 2963 2142 rex
2988 2078 3193 2154 Ozias,
3220 2077 3336 2156 qui
3362 2080 3498 2138 erat
3517 2071 3727 2136 detribu

2210 2181 2243 2243 J
2253 2177 2375 2241 uda
2400 2223 2419 2253 ‚
2460 2176 2749 2257 quamvis
2776 2173 3129 2236 secundum
3158 2175 3517 2236 maternam
3544 2168 3725 2230 lineam
3805 2177 3806 2228 ξ

2212 2271 2627 2336 descenderet
2648 2288 2725 2332 ex
2750 2267 2915 2330 trihu
2935 2265 3105 2342 Levi,
3130 2265 3415 2345 graviter
3432 2283 3473 2324 a
3493 2264 3615 2324 Dee
3628 2277 3725 2338 per-
3805 2267 3806 2292 ³

2214 2383 2433 2429 cussus
2468 2369 2605 2441 est,
2648 2363 2953 2444 quoniam
2992 2358 3389 2424 sacerdotate
3414 2371 3625 2420 monus
3646 2371 3721 2416 aa·

2214 2479 2323 2524 sus
2354 2465 2453 2521 est
2476 2473 2811 2538 usurpare,
2842 2461 2905 2518 et
2930 2453 3187 2518 adolere
3216 2453 3568 2524 incensum,
3590 2451 3625 2508 2
3646 2446 3725 2511 Pa·
3804 2451 3807 2500 ὲ

2212 2555 2399 2635 ralip.
2428 2556 2489 2616 6.
2534 2553 2611 2614 Et
2642 2551 2800 2613 ratio
2828 2549 2999 2612 clara
3026 2551 3143 2622 ost,
3170 2547 3329 2626 quia
3356 2544 3479 2608 iuae
3502 2542 3629 2607 dus
3646 2538 3721 2603 tri-

2213 2650 2358 2726 bus,
2384 2649 2559 2728 regia
2590 2653 2651 2709 et
2678 2644 3106 2719 sacerdotalis,
3130 2661 3165 2702 a
3191 2639 3499 2721 principio
3524 2636 3722 2700 fuerunt

2210 2743 2548 2823 permistae.
2580 2745 2645 2802 et
2672 2741 3028 2819 conjunctae
3052 2732 3719 2806 matrimoniis...utca1-

2210 2841 2333 2898 stat
2384 2833 2579 2896 Exod.
2624 2836 2701 2910 6,
2744 2837 2811 2894 et
2842 2835 2883 2893 4
2926 2835 3081 2910 fleg.
3140 2831 3205 2892 li
3252 2847 3269 2902 ;
3306 2823 3571 2906 apertuit
3609 2835 3723 2898 ergo

2212 2927 2509 3008 distingui
2562 2926 2999 2988 successiones
3048 2937 3275 2985 eat-um
3324 2937 3443 3000 per
3485 2921 3723 2997 paternas

2210 3021 2454 3100 lincas3
2509 3020 2664 3082 alias
2732 3018 2948 3081 statim
3010 3016 3281 3078 fuissent
3338 3011 3599 3077 confusas
3626 3051 3641 3079 ‚
3678 3013 3723 3065 et

2215 3115 2425 3176 nullus
2478 3117 2645 3176 esset
2694 3112 2775 3174 de
2830 3110 2993 3173 tribu
3048 3109 3083 3172 J
3090 3107 3215 3170 uda
3236 3151 3259 3182 ,
3318 3105 3444 3186 qui.
3470 3117 3587 3164 non
3618 3114 3721 3178 pos-

2212 3213 2308 3272 set
2350 3227 2487 3270 essc
2530 3205 2865 3278 sacerdos,
2906 3203 3081 3281 quod
3122 3207 3343 3282 aperte
3386 3197 3599 3260 taleam
3630 3196 3717 3252 est.

2210 3303 2463 3368 Constat
2498 3301 2689 3381 igitur
2726 3299 3039 3361 Christum
3078 3315 3209 3360 non
3249 3294 3447 3358 fuisse
3482 3285 3721 3352 sacerdo·

2208 3401 2337 3458 tem
2396 3394 2665 3473 legalem
2724 3391 2967 3473 origine
3031 3395 3145 3452 aut
3212 3384 3611 3452 successione.
3662 3379 3717 3438 Et
3805 3455 3806 3470 ἓ

2210 3491 2359 3551 hinc
2398 3487 2581 3550 facile
2626 3487 2943 3568 colligitur
2986 3501 3199 3564 neque
3244 3479 3559 3546 homiuum
3596 3471 3717 3534 elec-
3805 3505 3806 3562 ff

2210 3584 2379 3646 tione
2409 3581 2608 3643 fuisse⁴
2632 3581 2717 3642 ad
2744 3581 2869 3642 hoc
2892 3595 3129 3642 munus
3152 3578 3569 3656 assumptum,
3604 3563 3715 3644 quia

2210 3683 2358 3739 tunc
2381 3676 2674 3737 homines
2695 3693 2824 3736 non
2852 3673 3171 3754 eligebant
3186 3669 3272 3732 ad
3298 3659 3631 3747 hujusmodi
3646 3675 3711 3716 sa·
3805 3707 3806 3740 ;

2209 3770 2559 3834 cerdotium
2580 3813 2602 3847 ,
2632 3770 2748 3832 nisi
2777 3787 2890 3832 eos
2916 3770 3025 3849 qui
3051 3766 3247 3829 veluti
3269 3767 3414 3844 jure
3442 3753 3711 3824 haeaeedia·
3805 3815 3806 3826 2

2210 3865 2307 3926 rio
2342 3871 2523 3926 erant
2548 3879 2817 3944 capaces
2843 3861 3035 3924 illius.
3078 3859 3263 3935 Quod
3286 3874 3435 3920 vero
3458 3869 3563 3916 nec
3584 3850 3713 3911 Deus
3805 3843 3806 3892 ἲ

2207 3957 2381 4019 illum
2402 3957 2485 4018 ad
2506 3957 2625 4018 hoc
2642 3973 2879 4018 munus
2896 3953 3183 4035 elegerit,
3208 3950 3603 4015 certissimum
3621 3943 3707 4010 θεῖ,
3805 3975 3806 3996 2

2210 4052 2357 4131 quia
2384 4067 2595 4130 neque
2630 4049 2967 4112 traditione
3005 4052 3115 4108 aut
3158 4044 3471 4126 Scriptura
3498 4039 3603 4100 hcc
3624 4034 3709 4094 ha-

2208 4145 2415 4217 betur,
2444 4143 2559 4205 sed
2588 4143 2793 4222 potius
2822 4139 3229 4212 contrarium,
3257 4156 3378 4200 nec
3402 4133 3483 4199 ad
3498 4125 3707 4208 diguita-

2212 4244 2341 4299 tem
2382 4243 2449 4299 et
2480 4236 2932 4316 perfectionem
2968 4232 3197 4298 Christi
3232 4231 3354 4294 hoc
3386 4219 3703 4321 pertinebat,

2211 4331 2357 4411 quis
2388 4331 2483 4409 (ut
2504 4329 2709 4410 inquit
2733 4327 3145 4410 Augustinus,
3171 4326 3280 4388 lib.
3313 4326 3391 4388 83
3419 4321 3631 4396 Qum-2
3654 4325 3699 4368 ¹²¹

2208 4427 2311 4500 61,
2344 4431 2409 4486 et
2434 4439 2625 4504 super
2652 4422 2807 4484 illud
2834 4422 3100 4484 verbum
3126 4419 3355 4482 Psalm.
3386 4416 3529 4480 ¹09:
3562 4405 3638 4472 P!
3657 4417 3701 4464 68
3805 4473 3806 4494 ἶ

2208 4519 2487 4582 mardos
2518 4519 2593 4579 is
2620 4517 2945 4594 mensum)
2989 4513 3403 4577 sacerdotium
3436 4501 3575 4571 illud
3598 4500 3699 4562 era&

2210 4609 2641 4690 imperfectum
2660 4653 2679 4684 ,
2708 4608 3089 4690 temporale,
3120 4612 3179 4668 et
3206 4623 3321 4685 per
3344 4593 3697 4692 sacerdotium

2208 4703 2431 4767 Christi
2496 4703 2919 4776 abolendum3
2981 4705 3045 4763 et
3108 4699 3249 4762 ideo
3307 4714 3436 4760 nen
3466 4686 3695 4786 oportufss
3805 4757 3806 4760 ,

2207 4795 2519 4860 Christum
2546 4797 2610 4860 in
2641 4796 2746 4859 illo
2774 4795 3000 4858 ordine
3019 4792 3419 4856 sacerdotum
3440 4781 3688 4850 matam.
3805 4813 3806 4816 =

2209 4889 2285 4951 Et
2328 4890 2447 4951 hoc
2490 4889 2901 4964 confirmant,
2952 4893 3015 4950 ct
3048 4906 3087 4950 a
3121 4885 3359 4951 fortiori
3382 4871 3689 4946 convincunt
3805 4941 3806 4950 ,

2208 4982 2421 5045 omnia
2477 5001 2614 5062 quoe
2660 4983 2721 5042 in
2778 4981 2985 5063 prima
3036 4979 3435 5045 conclusione
3486 4967 3691 5034 adducta
3805 4999 3806 5012 η

2208 5083 2379 5138 sunt.
3630 5097 3633 5102 ·

2290 5174 2355 5232 5.
2392 5171 2507 5233 Hic
2527 5187 2673 5234 vero
2698 5171 3135 5234 observatione
3162 5169 3419 5249 dignum
3438 5167 3539 5234 est,
3562 5153 3651 5215 Μ

2204 5265 2490 5338 densam,
2522 5271 2675 5327 tom.
2712 5269 2742 5329 t
2776 5265 2857 5327 de
2887 5263 3329 5338 sacramentis,
3351 5279 3407 5322 c.
3437 5255 3549 5322 1¹6.
3566 5266 3617 5310 n·
3634 5241 3679 5313 ὕ»

561 5349 909 5414 secundum
933 5348 1298 5410 mandatum
1323 5349 1462 5410 vitre
1483 5348 1854 5416 insolubilis.
1883 5355 2121 5418 Deinde
2200 5364 2441 5421 motum
2466 5359 2681 5422 nescio
2709 5377 2836 5440 qua
2864 5357 3121 5421 historia
3146 5356 3375 5431 Suidm,
3402 5345 3564 5413 verbo
3604 5337 3683 5398 Jfl’

559 5444 788 5524 probat
813 5443 1122 5504 Christum
1153 5459 1280 5503 non
1311 5442 1504 5504 fuisse
1533 5445 1926 5507 sacerdotem
1949 5447 2117 5529 lega·
2198 5467 2331 5530 sus,
2372 5458 2435 5514 et
2476 5452 2719 5516 ratione
2748 5451 3079 5517 dubitandi
3106 5450 3189 5512 iu
3226 5441 3508 5530 principio
3542 5429 3681 5510 imit&
