3892 6167
1326 343 1645 402 marmur.
1678 342 1847 404 xutt.
1880 343 2051 406 mr.
2085 343 2168 405 w.

156 452 511 533 intelligitur
538 465 679 514 esse
706 452 775 510 ut
802 445 1103 524 medium,
1140 444 1261 508 hoc
1304 451 1375 509 ut
1412 445 1599 521 finis;
1628 444 1707 510 de

154 547 252 609 illo
273 563 431 626 ergo
454 544 673 609 madio
698 540 1067 619 intelligitur
1092 537 1409 618 accepisse
1444 539 1709 602 manda-

152 647 297 712 tum,
324 645 393 702 ut
411 656 532 718 per
561 635 719 698 illud
742 633 938 696 talem
964 631 1159 694 finem
1188 639 1700 712 consequeretur.

154 731 319 804 Quod
360 747 513 794 vero
556 728 791 792 ibidem
844 725 1101 799 dieitur,
1139 729 1339 788 totum
1383 726 1704 805 negotium

1790 464 1931 528 quse
1959 447 2150 512 etiam
2169 465 2252 512 ex
2271 445 2452 514 dictis
2473 449 2566 514 est
2591 449 2739 516 satls
2759 448 3116 530 manifesta,
3139 459 3204 520 et
3225 455 3351 520 alia

1788 537 2044 602 Patrum
2073 542 2451 618 testimonia,
2489 559 2568 604 ex
2596 542 2776 606 dietis
2810 544 2872 605 in
2899 549 3350 610 commentario

1786 641 1901 696 art.
1928 637 1992 710 2,
2017 635 2182 696 circa
2211 635 2324 696 sol.
2351 635 2432 696 ad
2460 638 2522 708 3,
2550 641 2614 696 et
2639 653 2718 698 ex
2747 638 3034 716 sequenti
3060 639 3348 720 disputa-

1785 727 1960 788 tione
2012 727 2141 806 peti
2190 731 2474 808 possunt.
2529 730 2624 790 An
2677 746 2826 794 vero
2879 731 3012 793 hoec
3057 732 3292 796 locutio
3321 751 3344 806 ;

152 823 355 892 mortis
383 829 449 884 et
480 821 799 902 passionis
828 818 1051 881 Christi
1083 818 1357 898 positum
1398 818 1593 880 fuisse
1640 818 1702 878 in
1790 817 2078 884 Christus
2101 825 2196 884 est
2223 819 2530 896 subiectus
2560 821 2770 896 Patri,
2802 823 3163 904 simpliciter
3206 845 3352 907 pro-

156 917 292 996 ejus
323 915 681 987 voluntate,
730 931 859 976 non
914 911 1191 974 excludit
1232 910 1701 990 obligationem,
1784 911 2048 975 ferenda
2077 913 2180 990 sit,
2207 914 2311 976 vel
2344 915 2546 976 solum
2573 934 2722 978 cum
2749 915 2984 994 addito,
3015 920 3088 981 D.
3121 921 3344 982 Thom.

156 1008 259 1073 sed
281 1006 561 1073 ostendit
589 1006 849 1068 liberam
888 1011 951 1066 et
978 1010 1393 1084 spontaneam
1424 1004 1705 1066 volunta·
1782 1012 1954 1070 recte
1981 1007 2132 1069 dicit
2173 1007 2400 1070 melius
2437 1027 2572 1072 esse
2617 1010 3203 1076 determinationem
3241 1032 3354 1094 po-

156 1109 447 1182 tem.qua
493 1101 773 1164 Christus
820 1099 1007 1162 morti
1048 1117 1113 1160 se
1142 1097 1408 1170 obtulit;
1436 1097 1709 1160 ostendit

156 1195 331 1278 etiam
356 1195 757 1274 superiorem
792 1192 1161 1272 quamdam,
1200 1195 1267 1252 et
1294 1190 1705 1253 excellentem

156 1288 531 1354 voluntatem
556 1304 753 1366 quam
770 1285 1011 1358 habuit,
1040 1291 1111 1346 ut
1136 1289 1371 1364 posset,
1398 1300 1547 1345 cum
1582 1282 1710 1344 vel·

156 1383 256 1454 let,
284 1381 471 1445 morti
499 1381 707 1455 tradi,
734 1398 865 1442 non
892 1385 1105 1442 antea.
1138 1377 1465 1450 Quomodo
1493 1383 1707 1440 autem

157 1493 287 1540 eum
316 1477 441 1541 hoe
462 1481 787 1556 proecepto
810 1472 1087 1554 potuerit
1114 1473 1252 1534 haec
1278 1472 1535 1534 libertas
1558 1488 1709 1532 con-

150 1571 341 1652 jungi,
381 1589 614 1651 supra,
646 1575 867 1649 quaest.
908 1568 1009 1644 18,
1043 1566 1345 1628 latissime
1374 1570 1707 1628 tractatum

158 1669 263 1726 est.
796 1713 801 1720 .
1066 1667 1069 1670 ’

228 1763 291 1822 6.
328 1756 428 1820 Ad
455 1756 755 1823 ultimam
796 1755 1337 1822 confirmationem
1370 1751 1713 1834 respondet

156 1870 334 1932 supra
354 1851 723 1924 Anselmus,
753 1849 996 1912 Christo
1043 1867 1173 1912 non
1228 1848 1423 1910 fuisse
1480 1846 1714 1910 directe

160 1951 527 2027 preceptum
569 1950 645 2009 ut
690 1947 1044 2006 moreretur
1068 1986 1086 2015 ,
1122 1940 1232 2004 sed
1264 1947 1335 2003 ut
1386 1940 1713 2004 veritatem

160 2040 551 2120 praedicaret,
586 2042 652 2100 et
680 2037 745 2100 in
767 2035 1011 2116 justitia
1036 2039 1471 2116 perseveraret
1510 2050 1715 2114 usque

162 2133 233 2196 ad
276 2137 571 2208 mertem,
618 2134 875 2210 propter
920 2127 1093 2208 quod
1145 2127 1337 2204 aliqui
1382 2127 1717 2208 imponunt

168 2226 475 2304 Anselmo,
492 2225 675 2305 quod
689 2222 1015 2304 negaverit
1026 2221 1151 2283 hoc
1168 2225 1573 2301 praeceptum.
1594 2219 1721 2284 Sed

168 2319 489 2394 immerito,
532 2319 677 2398 ipse
718 2317 889 2378 enim
938 2321 1154 2396 aperte
1206 2313 1364 2376 illud
1410 2313 1715 2386 admittit;

172 2414 421 2493 explieat
468 2418 687 2474 tamen
744 2410 1005 2472 modum
1054 2426 1181 2488 quo
1242 2406 1721 2487 intelligendum

172 2513 257 2568 est
273 2521 295 2585 3
328 2523 455 2568 non
488 2505 665 2568 enim
696 2503 782 2566 ibi
811 2509 1195 2584 praeceptum
1232 2506 1421 2564 estut
1448 2500 1581 2580 ipse
1626 2499 1721 2561 et'-

174 2597 373 2664 ficeret
396 2604 675 2662 mortem
718 2613 923 2673 suam,
954 2597 1069 2658 sed
1102 2602 1170 2658 ut
1200 2595 1373 2656 illam
1400 2593 1517 2656 sibi
1552 2593 1721 2654 obla-

176 2698 289 2754 tam
302 2692 645 2756 sustineret
660 2695 723 2752 et
736 2690 1240 2770 amplecteretur,
1264 2692 1336 2748 ut
1350 2686 1511 2750 bene
1534 2686 1724 2750 etiam

176 2783 397 2851 notavit
432 2786 637 2860 ὅσοι,
664 2784 733 2848 in
775 2786 835 2860 3,
870 2783 933 2845 d.
970 2787 1070 2857 10,
1101 2799 1163 2862 q.
1198 2785 1259 2856 2,
1290 2781 1373 2843 ad
1402 2785 1461 2842 2.
1496 2779 1574 2840 Et
1602 2779 1723 2841 hoc

176 2877 347 2940 modo
364 2877 513 2948 dicit
530 2876 817 2940 Anselm.
826 2921 844 2952 ,
864 2875 1105 2938 Christo
1122 2874 1318 2936 fuisse
1338 2877 1725 2953 praeceptum

178 2973 381 3034 utnon
402 2971 743 3034 desisteret
768 2988 807 3030 a
838 2967 1145 3032 servanda
1168 2966 1433 3048 J’ustitia,
1474 2969 1537 3028 et
1562 2963 1725 3026 veri-

176 3067 289 3124 tate
330 3063 765 3143 praedicanda,
812 3061 1003 3124 etiam
1032 3061 1084 3122 si
1114 3065 1382 3122 mortem
1411 3057 1723 3121 sustinere

180 3162 516 3236 oporteret;
576 3161 637 3218 et
688 3154 838 3233 quia
865 3154 1035 3216 Deus
1082 3152 1455 3233 praeviderat
1502 3167 1727 3230 pravas

178 3250 513 3314 voluntates
538 3250 903 3313 Judaeorum
950 3249 1071 3310 hoc
1112 3247 1305 3308 fuisse
1330 3251 1724 3326 operaturos,

178 3341 305 3406 ideo
354 3343 647 3406 absolute
694 3349 757 3406 et
810 3341 1178 3422 simpliciter
1222 3339 1563 3402 dicendum
1606 3343 1723 3412 est,

180 3436 451 3500 habuisse
478 3435 801 3500 Christum
839 3440 1233 3516 praeceptum
1276 3430 1587 3494 moriendi
1610 3447 1726 3509 pro

179 3527 549 3606 hominibus,
575 3529 745 3609 quod
768 3529 867 3590 his
897 3527 1154 3590 tandem
1188 3526 1397 3588 verbis
1424 3525 1588 3586 bene
1618 3541 1728 3584 ex-

178 3625 369 3701 posuit
404 3624 747 3688 Auselmus
784 3641 801 3684 :
845 3621 1059 3686 Potest
1106 3621 1341 3686 tandem
1386 3617 1542 3691 diei,
1582 3618 1729 3699 quia

178 3719 445 3798 proeeepie
471 3717 579 3780 illi
606 3715 762 3778 mori
774 3716 989 3788 Pater,
1016 3730 1147 3776 eum
1176 3713 1283 3776 hoe
1305 3710 1589 3794 proeeepit
1616 3725 1730 3772 un-

183 3809 243 3870 de
264 3814 599 3874 incurreret
626 3813 899 3872 mortem.

780 3965 997 4048 saeuo
1027 3993 1109 4047 ιν.

186 4118 255 4174 An
287 4121 619 4195 simpliciter
642 4122 909 4180 dicendus
938 4123 1015 4182 sit
1038 4121 1287 4179 Christus
1316 4119 1589 4193 subjectus
1616 4118 1721 4173 Pa·

249 4206 317 4262 tri
336 4247 353 4275 ,
382 4208 467 4264 vet
510 4207 693 4264 solnm
718 4207 829 4263 ille
860 4207 1352 4275 determinatione,
1380 4210 1443 4260 ut
1470 4204 1652 4260 homo.

260 4385 313 4444 l.
352 4386 466 4448 Hic
490 4389 627 4465 jam
654 4405 787 4448 non
812 4395 913 4448 est
934 4386 1194 4464 quaestio
1222 4385 1305 4446 de
1330 4401 1425 4458 re,
1456 4381 1567 4444 sed
1598 4387 1731 4443 tau·

188 4478 307 4535 tum
332 4477 416 4539 de
446 4479 641 4541 modo
681 4478 1021 4559 loquendi3
1054 4496 1203 4541 nam
1246 4479 1311 4539 in
1350 4493 1421 4538 re
1465 4473 1731 4538 certissi-

188 4583 349 4630 mum
372 4579 471 4636 est
502 4591 585 4634 ex
620 4572 913 4635 omnibus
950 4573 1154 4648 dictis,
1182 4572 1495 4633 Christum
1523 4575 1593 4632 ut
1620 4568 1733 4629 ho-

188 4661 401 4726 minem
428 4684 577 4728 esse
602 4665 957 4746 subjectum
984 4667 1134 4740 Deo,
1164 4672 1229 4728 et
1250 4665 1413 4744 jure,
1438 4668 1504 4725 et
1524 4662 1727 4738 faeto3

184 4750 313 4829 jure
338 4759 613 4837 quidem,
638 4761 789 4838 quia
816 4766 1069 4824 tenetur
1097 4757 1427 4840 praeceptis
1454 4757 1591 4836 ejus
1615 4774 1733 4836 pa·-

186 4861 343 4924 rere3
368 4852 533 4916 facto
562 4871 735 4930 vero,
764 4855 917 4934 quia
940 4860 1002 4915 et
1025 4871 1277 4932 semper
1298 4851 1385 4913 illi
1414 4849 1649 4924 obedit,
1670 4854 1735 4911 et

190 4947 703 5024 promptissimam
736 4955 797 5010 et
812 4947 1275 5029 paratissimam
1296 4945 1489 5008 habet
1511 4943 1732 5005 volun·

190 5033 367 5098 tatem
412 5039 500 5100 ad
546 5041 898 5119 parendum
946 5040 1072 5117 illi3
1124 5039 1293 5102 unde
1344 5037 1411 5100 in
1460 5035 1731 5098 Concilio

194 5125 619 5207 Alexandrino,
643 5133 813 5212 qnod
836 5132 1100 5196 habetur
1118 5133 1185 5194 in
1212 5132 1402 5213 Epist.
1436 5133 1515 5192 10
1538 5129 1733 5210 Cyril-

189 5213 253 5291 li,
274 5219 357 5282 sie
380 5223 653 5303 legitur:
678 5225 825 5292 Non
850 5228 1208 5310 iquos-amus
1229 5225 1387 5308 quod
1412 5241 1543 5288 oum
1571 5225 1734 5287 Deus

194 5311 295 5384 ⁸582
314 5319 368 5377 ot
390 5317 561 5382 homo
582 5319 691 5382 sub
712 5320 835 5384 Deo
854 5324 1057 5400 faetus
1080 5318 1190 5395 sit,
1211 5318 1529 5384 seeundum
1552 5316 1736 5398 leqem

196 5399 584 5475 humanitatis
626 5419 867 5476 flaturoe
912 5429 974 5476 eo
982 5418 1345 5493 mpotentem.
1395 5412 1483 5476 In.
1512 5409 1739 5489 quibus

202 5497 389 5562 verbis
430 5504 617 5566 etiam
642 5505 803 5568 ratio
838 5506 947 5586 huj
956 5525 1031 5568 us
1058 5505 1333 5570 veritatis
1354 5503 1735 5578 continetur,

510 5627 684 5674 niu.

1788 1117 1941 1164 nere
1984 1101 2065 1162 ad
2095 1101 2442 1164 tollendam
2487 1121 2738 1166 omnem
2769 1105 3249 1186 ambiguitatem
3289 1112 3353 1170 et
3475 1133 3482 1144 ·

1788 1193 2212 1274 suspicionem
2263 1194 2477 1258 Ariani
2531 1197 2762 1260 erroris
2789 1216 2806 1271 ;
2859 1199 3034 1277 quod
3079 1202 3352 1264 maxime

1788 1304 2014 1348 verum
2053 1294 2170 1363 est,
2197 1286 2249 1350 si
2274 1286 2358 1350 de
2386 1288 2592 1350 Verbo
2622 1295 2734 1352 aut
2759 1291 2912 1352 Filio
2951 1291 3072 1354 sub
3113 1292 3208 1356 his
3233 1312 3350 1356 no-

1790 1380 2068 1442 minihus
2113 1399 2320 1444 sermo
2351 1383 2450 1446 sit.
2481 1383 2855 1464 Simpliciter
2899 1391 3145 1463 tamen,
3173 1394 3236 1452 et
3283 1388 3351 1451 in

1788 1473 1996 1553 rigore
2027 1476 2366 1552 sermome,
2395 1493 2526 1538 non
2571 1476 2820 1541 videtur
2861 1481 3218 1542 necessaria
3247 1481 3352 1544 illa

1790 1567 2253 1642 determinatio,
2297 1573 2368 1629 ut
2415 1569 2603 1631 etiam
2654 1571 2726 1632 D.
2775 1571 3050 1636 Thomas
3085 1573 3353 1648 indicat,

1792 1661 1941 1740 quia
1971 1679 2112 1724 esse
2143 1660 2500 1740 subjectum
2525 1661 2682 1724 nihil
2709 1663 2884 1726 aliud
2913 1671 3007 1728 est
3033 1685 3224 1746 quam
3249 1668 3357 1732 ha-

1790 1755 1944 1818 bere
1966 1755 2352 1818 voluntatem
2372 1754 2719 1836 subjectam
2738 1758 3041 1822 voluntati
3061 1761 3352 1835 alterium

1793 1847 1964 1910 unde
1993 1849 2114 1911 hoc
2139 1848 2544 1928 praedicatum
2587 1853 2882 1912 convenit
2909 1854 3230 1934 supposito
3259 1873 3363 1917 ra-

1796 1941 1968 2003 tione
2025 1945 2268 2002 naturae
2293 1985 2312 2018 ,
2367 1947 2430 2004 et
2475 1942 2633 2004 nihil
2689 1943 2952 2008 includit
3000 1965 3366 2028 repugnans

1798 2034 2122 2116 supposito
2149 2035 2494 2098 secundum
2522 2055 2620 2110 se;
2651 2055 2804 2118 ergo
2828 2038 2893 2100 in
2921 2039 3126 2119 rigore
3157 2044 3366 2122 potest

1800 2127 2086 2192 absolute
2140 2133 2204 2190 et
2250 2128 2617 2208 simpliciter
2644 2130 2722 2192 de
2766 2131 3008 2194 Christo
3039 2133 3362 2208 affirmari,

1800 2222 1972 2302 quia,
2001 2222 2162 2284 siout
2191 2222 2556 2316 simpliciter
2585 2229 2680 2286 est
2709 2225 2898 2286 homo
2916 2274 2930 2297 ‚
2963 2226 3048 2288 ita
3074 2226 3366 2306 simplici-

1802 2323 1899 2379 ter
1926 2316 2118 2378 habet
2142 2313 2532 2379 voluntatem
2559 2317 2939 2394 humanam,
2969 2336 3112 2398 quae
3141 2326 3368 2382 natura

1804 2429 1921 2472 sua
1950 2409 2232 2489 subjecta
2266 2416 2361 2470 est
2405 2410 2714 2474 voluntati
2744 2409 2990 2472 divinae.
3023 2413 3100 2472 Et
3141 2412 3368 2474 confir-

1804 2510 2035 2578 matur,
2081 2503 2228 2582 quia
2259 2502 2536 2564 Christus
2585 2502 2951 2581 simpliciter
3001 2503 3122 2564 dici
3161 2509 3366 2584 potest

1806 2596 2108 2658 obediens
2139 2596 2338 2674 Patri,
2371 2596 2532 2658 sicut
2556 2596 2784 2658 dicitur
2809 2594 3174 2676 simpliciter
3200 2615 3370 2660 mor-

1804 2696 1982 2766 tuus;
2007 2689 2178 2752 unde
2201 2695 2268 2778 et
2292 2690 2607 2768 Scriptura
2635 2689 2722 2751 ita
2749 2688 3036 2751 absolute
3063 2690 3364 2770 loquitur;

1804 2785 1915 2862 sed
1946 2803 2088 2846 esse
2119 2783 2518 2846 obedientem
2543 2783 2711 2846 idem
2737 2782 3025 2862 estquod
3050 2801 3189 2846 esse
3223 2783 3368 2846 sub-

1798 2878 2076 2958 jectum;
2112 2895 2286 2957 ergo·

1884 2975 1945 3033 2.
1995 2969 2280 3050 objectio.
2305 3003 2382 3016 --
2413 2968 2772 3052 Responsio.
2791 2969 3104 3032 —Dices:
3141 2968 3251 3050 qui
3271 2973 3372 3030 est

1804 3063 2119 3143 subjectus
2149 3062 2352 3138 alteri,
2387 3068 2485 3126 est
2517 3062 2728 3124 minor
2777 3063 2914 3137 illo;
2949 3063 3062 3124 sed
3089 3062 3368 3124 Christus

1808 3158 1905 3235 (ut
1924 3154 2218 3234 diximus)
2241 3173 2364 3216 non
2386 3157 2592 3235 potest
2621 3155 2989 3236 simpliciter
3012 3154 3136 3216 dici
3161 3155 3368 3217 minor

1811 3253 2018 3327 Patre,
2037 3249 2150 3312 sed
2179 3249 2382 3312 solum
2411 3266 2557 3310 cum
2583 3247 2822 3326 addite,
2836 3249 2906 3308 in
2924 3255 3230 3328 quantum
3255 3248 3370 3310 ho-

1808 3363 1953 3420 m03
1993 3361 2143 3422 ergo
2175 3359 2294 3404 nec
2321 3341 2552 3421 poterit
2580 3341 2700 3403 dici
2729 3341 3096 3422 simpliciter
3125 3341 3371 3420 subjec-

1806 3445 1931 3500 tus.
1988 3433 2434 3514 Respondetur
2488 3433 2788 3515 negando
2831 3435 3373 3513 consequentiam,

1808 3530 1960 3610 quia
1987 3548 2102 3609 per
2129 3527 2282 3590 illud
2318 3527 2754 3608 praedicatum,
2771 3528 2993 3601 minor,
3027 3527 3100 3588 fit
3127 3544 3379 3608 compa-

1808 3623 1968 3686 ratio
1999 3621 2288 3686 absolute
2335 3627 2400 3682 et
2451 3620 2816 3701 simpliciter
2859 3619 2928 3684 in
2953 3619 3364 3701 perfectione,

1810 3735 1953 3796 quse
1995 3716 2284 3778 absolute
2321 3720 2384 3777 et
2437 3713 2804 3794 simpliciter
2851 3713 3110 3792 aequalis
3163 3719 3263 3776 est
3305 3712 3376 3774 in

1808 3812 2078 3885 Christo,
2089 3816 2156 3872 et
2179 3807 2309 3872 Deo
2332 3825 2446 3870 seu
2476 3809 2680 3884 Patre,
2707 3811 2770 3868 et
2798 3806 3004 3870 solum
3021 3805 3373 3870 secundum

1810 3905 1988 3987 quid,
2021 3903 2086 3966 id
2125 3907 2242 3976 est,
2274 3900 2630 3964 secundum
2657 3904 3044 3980 assumptam
3085 3905 3378 3962 naturam

1810 4005 1904 4062 est
1929 3997 2167 4068 minor3
2197 4001 2436 4058 atvero
2464 3992 2900 4075 praedicatum,
2927 3992 3254 4073 subjectus,
3275 4008 3378 4054 so·-

1808 4094 1945 4154 lum
1995 4089 2314 4170 significat
2375 4087 2828 4168 proprietatem
2869 4085 3239 4164 quamdam,
3261 4103 3392 4158 seu,

1810 4185 2180 4248 relationem
2234 4181 2719 4246 convenientem
2773 4196 3086 4259 personae,
3133 4179 3380 4240 ratione

1813 4284 2152 4358 assumptae
2178 4283 2462 4354 naturoe3
2495 4273 2668 4336 unde
2709 4291 2840 4336 non
2893 4279 2994 4336 est
3017 4289 3274 4336 necesse
3307 4276 3378 4331 ut

1810 4376 1887 4450 is,
1920 4372 2032 4453 qui
2069 4377 2164 4434 est
2198 4369 2550 4448 subjectus,
2600 4367 2680 4428 sit
2733 4366 3099 4446 simpliciter
3143 4366 3374 4438 minor,

1810 4469 1923 4532 sed
1945 4467 2150 4530 solum
2178 4472 2252 4526 ut
2275 4463 2512 4526 habeat
2539 4462 2933 4523 voluntatem
2959 4460 3236 4541 aliquam
3257 4457 3380 4522 mi·

1812 4578 2055 4635 norem,
2083 4578 2198 4622 seu
2219 4557 2582 4620 inferiorem
2603 4553 2806 4617 alteri.
3042 4571 3050 4582 ·

1892 4659 1956 4717 3.
2001 4651 2470 4716 Advertendum
2494 4665 2645 4712 vero
2667 4653 2764 4709 est
2789 4645 2926 4708 haec
2948 4647 3164 4708 omnia
3190 4645 3380 4726 potis·

1814 4749 2045 4811 simum
2069 4744 2358 4825 intelligi,
2381 4743 2434 4804 si
2461 4743 2596 4804 haee
2619 4739 2926 4819 subjectio
2954 4738 3267 4800 referatur
3295 4737 3379 4800 ad

1816 4844 2086 4915 Patrem,
2109 4839 2210 4900 vel
2231 4837 2312 4902 ad
2339 4839 2540 4900 Deum
2558 4855 2574 4912 ;
2593 4835 2648 4898 si
2691 4840 2904 4896 autem
2945 4833 3274 4900 referatur,
3295 4831 3378 4892 ad

1814 4936 2118 5009 Verbum,
2145 4951 2260 4996 seu
2309 4931 2392 4992 ad
2438 4929 2689 5004 Filium,
2721 4927 2810 4992 sie
2849 4926 2968 4989 erit
3013 4926 3377 5005 simpliciter

1812 5027 2172 5092 necessaria
2225 5021 2710 5097 determinatim
2771 5018 2941 5098 quia,
2989 5017 3044 5079 si
3090 5017 3376 5081 absolute

1812 5122 2092 5185 Christus
2119 5119 2432 5182 diceretur
2468 5115 2790 5194 subjectus
2827 5110 3036 5173 Verbo
3065 5118 3174 5173 aut
3195 5111 3375 5187 Filio,

1816 5213 2279 5297 significaretur
2323 5207 2642 5271 distinctio
2711 5203 3178 5283 suppositorum
3217 5204 3383 5265 inter

1816 5311 2096 5374 Verbum
2127 5315 2192 5371 et
2211 5306 2548 5368 Christum.
2577 5303 2654 5362 Et
2679 5297 2822 5360 ideo
2854 5301 2924 5358 ut
2949 5297 3050 5358 hie
3076 5314 3254 5359 error
3287 5315 3389 5358 ea-

1816 5409 2072 5479 veatur,
2103 5397 2400 5463 addenda
2445 5401 2542 5458 est
2583 5390 3034 5456 determinatio
3064 5407 3192 5470 qua
3219 5390 3398 5452 suffi-

1822 5499 2072 5562 cienter
2100 5495 2464 5566 denotetur,
2487 5490 2650 5552 hano
2669 5481 3125 5564 subjectionem
3149 5487 3393 5546 tantum

2983 5589 3066 5650 26
