3892 6167
1447 424 1680 488 QUAEST.
1715 425 1798 478 11.
1831 426 2037 482 Anne.
2072 428 2157 482 111.

177 510 564 595 tettiyibiles,
601 533 758 596 quas
779 521 1182 601 apprehendit
1210 541 1250 586 a
1285 523 1754 606 phantasmati-

174 606 284 674 bus
329 614 390 673 et
435 609 511 672 in
551 612 1117 692 phantasmatibus,
1159 619 1482 682 secundum
1523 621 1753 682 statum

162 705 498 788 proesentis
521 707 688 772 vitoe.
707 707 834 771 Est
853 711 1050 790 iffi-tur
1068 711 1429 786 similitudo,
1458 721 1754 793 quantum

169 800 262 860 ad
283 800 401 862 hoc
437 801 528 862 ad
573 802 736 879 quoa
759 805 987 883 aspicit
1011 809 1270 886 utraque
1298 809 1602 888 potentia,
1631 825 1754 870 non

169 896 382 954 autem
424 899 728 972 quantem
779 897 866 959 ad
893 899 998 962 boe
1026 900 1096 961 in
1119 901 1282 980 quod
1299 901 1615 982 utriusque
1631 919 1754 982 po-

167 986 390 1048 tentioe
413 989 686 1052 conditio
719 991 1104 1057 eminam.
1134 992 1330 1058 Nihil
1371 1000 1572 1057 autem
1595 1011 1754 1076 pro-

171 1080 360 1153 hibet,
377 1083 714 1146 secundum
727 1084 998 1148 diversos
1009 1090 1230 1161 status,
1255 1103 1332 1150 ese
1349 1088 1604 1151 diversis
1625 1103 1752 1150 rem

171 1171 462 1252 aliquam
489 1175 580 1239 ad
602 1193 776 1238 suum
820 1178 1009 1255 finem
1043 1181 1286 1243 tendere
1299 1204 1326 1252 ,·
1355 1181 1505 1258 finis
1545 1185 1752 1244 tamen

155 1268 472 1348 proprius
497 1268 770 1350 alicnjies
789 1273 886 1334 rei
907 1289 1140 1354 semper
1163 1278 1248 1336 est
1271 1289 1445 1338 unns.
1477 1271 1572 1336 Et
1590 1273 1746 1348 ideo,

165 1359 320 1424 licet
341 1363 516 1425 visus
539 1363 707 1426 nibil
731 1371 1048 1448 cognoscat
1075 1369 1294 1447 absque
1313 1365 1530 1440 colore,
1557 1366 1750 1430 intel-

167 1453 372 1518 lectus
389 1460 600 1520 tamen
629 1462 952 1524 secundum
989 1460 1256 1540 aliquem
1282 1465 1513 1524 statum
1549 1467 1750 1542 potest

165 1567 528 1631 cayno-scere
542 1553 763 1634 absque
781 1557 1242 1637 phantasmate,
1257 1555 1366 1620 sed
1385 1575 1508 1619 non
1533 1557 1750 1636 absque

165 1646 372 1724 specie
395 1645 814 1730 intelliffibili.

249 1738 368 1801 Aa
391 1742 720 1805 secundum
749 1743 1087 1817 dicendmn,
1132 1745 1314 1823 quod,
1355 1741 1498 1808 licet
1542 1744 1748 1808 anima

173 1830 426 1895 Christi
448 1837 646 1912 fuerit
674 1836 940 1914 ejusdem
971 1842 1214 1901 naturoe
1258 1855 1392 1902 cum
1433 1837 1752 1901 animabus

169 1929 431 2001 nostris,
461 1929 678 1992 habuit
729 1935 934 1994 tamen
973 1931 1240 2011 aliquem
1289 1935 1540 2006 statum,
1578 1948 1748 2011 quem

167 2022 408 2085 anime
427 2029 790 2087 nostroenon
819 2025 1036 2088 habeut
1066 2043 1226 2088 nunc
1243 2025 1311 2088 in
1323 2043 1412 2098 re,
1430 2026 1536 2089 sed
1554 2023 1748 2088 solum

166 2117 238 2176 in
273 2135 406 2198 spe,
435 2117 672 2182 scilicet
695 2121 926 2182 statum
949 2121 1476 2200 comprehensoris.

251 2209 372 2272 Aa
397 2213 652 2275 tertium
704 2213 1050 2286 dicendum„
1096 2214 1255 2292 quod
1271 2261 1288 2286 ,
1344 2212 1486 2277 licet
1539 2215 1746 2278 anima

175 2301 426 2366 Christi
441 2307 719 2386 potnerit
742 2305 1112 2388 intelliyere,
1135 2323 1256 2369 non
1279 2310 1668 2372 convertendo
1685 2327 1748 2372 se

175 2399 260 2458 ad
274 2399 752 2478 phantasmata,
777 2405 1024 2482 poterat
1051 2408 1256 2463 tamen
1289 2400 1656 2484 intelligere,
1685 2421 1748 2466 se

179 2491 260 2552 ad
291 2493 752 2572 phantasmata
793 2495 1200 2557 convertendo.
1245 2493 1342 2555 B't
1385 2495 1518 2557 ideo
1543 2513 1750 2560 sensus

181 2601 292 2644 non
319 2586 582 2660 suci-unt
607 2587 855 2664 frustra
905 2588 974 2649 in
1018 2587 1179 2668 ipsa,
1219 2589 1572 2667 proesertim
1615 2607 1750 2653 cum

171 2695 380 2740 sensus
400 2694 530 2741 non
571 2681 794 2742 dentur
819 2680 1050 2742 bomini
1093 2677 1288 2744 solum
1321 2680 1407 2742 ad
1429 2680 1746 2744 scientiam

169 2769 640 2846 intellectivam,
669 2773 776 2836 sed
825 2773 1008 2835 etiam
1053 2775 1138 2836 ad
1165 2774 1574 2836 necessitatem
1601 2776 1744 2838 oitoe

173 2864 492 2929 animalis.

649 2987 1267 3051 COMMENTARIUS.

253 3147 579 3228 Expositio
601 3147 792 3227 hujus
821 3147 1060 3210 articuli
1104 3165 1182 3210 ex
1216 3145 1392 3208 libris
1421 3146 1503 3210 de
1527 3147 1740 3210 anima

175 3240 592 3321 supponenda
621 3245 740 3316 est,
765 3240 920 3301 nihil
949 3242 1116 3302 enim
1145 3238 1318 3302 aliud
1355 3245 1451 3300 est
1476 3241 1741 3304 converti

173 3335 258 3398 ad
267 3336 736 3417 phantasmata.
753 3351 944 3413 quam
971 3333 1146 3413 quod
1172 3333 1540 3396 Aristoteles
1561 3333 1737 3410 dixit,

171 3430 578 3492 necessarium
635 3445 762 3490 esse
813 3427 1246 3508 intelliyentem
1307 3429 1742 3507 phantasmata

175 3521 496 3600 speculari.
560 3521 638 3583 Et
705 3520 873 3583 hano
917 3521 1358 3584 necessitatem
1413 3525 1605 3600 negat
1663 3521 1734 3582 D.

173 3614 392 3676 Thom.
425 3613 728 3676 habuisse
750 3615 1026 3675 animam
1055 3613 1282 3676 Christi
1313 3615 1376 3676 in
1401 3631 1520 3675 usu
1549 3612 1738 3693 hujus

178 3709 472 3780 scientim,
504 3709 696 3769 etiam
724 3707 880 3768 dum
908 3712 1044 3769 erat
1075 3707 1143 3768 in
1173 3723 1436 3787 corpore
1461 3706 1735 3784 mortali,

177 3802 318 3880 qnia
349 3807 506 3863 tunc
533 3800 726 3862 etiam
764 3805 900 3862 erat
919 3799 1150 3875 beatu
1181 3805 1244 3862 et
1273 3800 1416 3862 ideo
1444 3817 1572 3862 non
1601 3807 1738 3863 erat

173 3893 420 3955 subdita
453 3893 700 3982 corpori
743 3893 810 3954 in
855 3892 1205 3956 actionibus
1244 3894 1496 3956 menti&
1549 3893 1738 3956 Addit

173 4005 318 4048 vero
336 3988 414 4048 D.
441 3986 744 4062 Thomas,
771 3988 834 4048 in
861 3987 1174 4049 solutione
1205 3987 1290 4048 ad
1313 3988 1590 4059 tertium,
1623 4005 1738 4067 po·

175 4081 361 4141 tuisse
407 4080 687 4142 animam
733 4079 954 4142 Christi
998 4080 1061 4141 in
1091 4097 1213 4141 usu
1245 4081 1438 4159 hujus
1465 4080 1738 4144 scientim

173 4173 448 4236 converti
479 4173 564 4234 ad
593 4173 1034 4254 phantasmata
1053 4218 1074 4248 ,
1105 4173 1276 4251 quod
1305 4171 1466 4235 infra
1499 4173 1568 4235 in
1605 4173 1733 4237 dis-

171 4267 496 4345 putatione
519 4265 950 4348 explicabitur.

667 4467 1092 4532 ARTICULUS
1134 4465 1231 4528 111.

323 4643 562 4706 Utrum
589 4643 718 4706 ltoec
737 4641 989 4707 scientia
1014 4643 1206 4722 luerit
1235 4639 1526 4704 collativa
1543 4639 1582 4704 ¹.

243 4833 301 4892 ⁴.
347 4829 462 4892 Aa
483 4830 738 4892 tertium
763 4829 852 4893 sic
869 4832 1246 4910 proceditur.
1295 4829 1554 4896 Videtur
1575 4831 1734 4910 quod

165 4923 372 4986 anima
403 4921 651 4986 Christi
667 4925 826 4988 lianc
845 4925 1163 4988 scientiam
1175 4941 1298 4987 non
1324 4923 1604 4988 habuerit
1617 4941 1733 5004 per

167 5017 400 5078 modum
436 5014 807 5080 collationis.
845 5015 1016 5081 Dicit
1045 5019 1203 5081 enim
1230 5017 1516 5081 Damaso.
1539 5065 1558 5090 ,
1595 5017 1666 5078 in
1696 5019 1733 5078 3

171 5107 266 5173 lib.
289 5109 316 5151 ²
333 5137 355 5171 .·
388 5109 474 5172 In
491 5107 746 5174 Christo
767 5127 886 5174 uon
910 5111 1166 5175 dicimus
1184 5110 1524 5184 consilium,
1545 5127 1732 5190 neque

245 5303 262 5336 ¹
305 5300 368 5375 3,
407 5297 474 5361 d.
516 5300 623 5373 ss,
668 5305 788 5362 art.
833 5299 893 5372 3,
943 5315 1007 5378 q.
1053 5299 1113 5374 3,
1163 5303 1226 5359 et
1257 5297 1475 5374 verit„
1529 5313 1593 5376 q.
1631 5299 1734 5373 2⁰,

173 5397 276 5452 art.
306 5395 369 5470 3,
395 5391 482 5457 ad
517 5397 581 5456 1.

236 5487 260 5526 ²
299 5488 450 5568 Cap.
488 5490 598 5560 u,
637 5501 770 5547 non
793 5482 1012 5564 procul
1037 5481 1231 5555 affin„
1265 5491 1324 5547 et
1355 5483 1461 5546 lib.
1497 5484 1562 5560 2,
1591 5502 1728 5564 cap.

3324 431 3402 492 53

1835 522 2195 593 electionem.
2216 527 2367 596 Non
2381 535 2580 594 autem
2600 534 2977 596 removentur
3004 531 3131 598 Ieoec
3152 549 3191 596 a
3212 529 3403 598 Chri·-

1831 623 1947 692 sto,
1976 621 2101 684 nisi
2127 623 2197 684 in
2234 629 2529 702 quantum
2554 625 2891 707 important
2916 623 3303 690 collationem
3340 633 3401 694 et

1833 713 2190 779 dismanta.
2222 716 2403 801 Eryo
2430 719 2675 782 videtur
2702 719 2863 798 quod
2890 718 2959 782 in
2988 718 3234 784 Christo
3280 738 3401 786 non
3534 803 3541 808 ι

1831 809 2029 884 fuerit
2044 811 2303 876 scientia
2330 812 2622 877 collativa
2644 811 2743 876 vel
2766 812 3123 878 dicemiva.

1912 907 1971 966 2.
2020 901 2359 979 Praeterea,
2381 907 2551 968 homo
2574 907 2809 987 indiqet
2836 905 3157 970 collatione
3184 912 3243 971 et
3265 909 3399 974 dis-

1833 1011 2016 1058 cursu
2038 996 2324 1070 rationis,
2350 999 2436 1060 ad
2459 999 2831 1078 inquirenda
2862 1017 2933 1062 ea
2964 1018 3100 1078 quoe
3125 1001 3391 1081 ianoe-at.

1835 1085 1968 1150 Sed
1992 1088 2205 1152 anima
2236 1089 2477 1154 C'Im'sti
2516 1093 2787 1174 coenavit
2820 1093 3023 1156 omnia
3042 1140 3059 1166 ,
3102 1099 3173 1156 ut
3206 1109 3397 1176 snpra

1833 1180 2065 1245 dictum
2092 1187 2178 1246 est
2202 1183 2242 1246 ¹.
2276 1183 2427 1248 Non
2454 1202 2593 1267 erqo
2622 1186 2691 1247 in
2720 1205 2787 1250 ea
2811 1185 2941 1264 fuit
2978 1187 3231 1252 scientia
3262 1187 3397 1252 dis-

1831 1275 2097 1350 cursiva,
2122 1273 2219 1338 vel
2240 1274 2553 1341 collativa.

1913 1369 1969 1432 3.
2018 1367 2357 1446 Proeterea,
2388 1371 2647 1434 scientia
2673 1373 2896 1436 animas
2928 1371 3169 1438 Christi
3190 1393 3253 1437 se
3278 1377 3398 1438 ha-

1831 1461 1963 1523 buit
1978 1479 2097 1542 per
2118 1463 2360 1526 modum
2389 1467 2967 1545 comprehensormu,
2998 1467 3107 1546 qui
3134 1467 3401 1550 Anyelis

1829 1557 2319 1633 conformantur,
2366 1563 2435 1620 ut
2470 1559 2703 1623 dicitnr
2726 1557 2963 1624 Mattla.
2996 1562 3095 1624 22.
3152 1559 3283 1626 Sed
3332 1563 3399 1626 in

1829 1645 2095 1729 Angelis
2106 1667 2226 1711 non
2244 1652 2596 1714 estscientia
2616 1651 2951 1716 discursiva
2960 1671 3065 1716 seu
3078 1651 3395 1728 collativa,

1829 1744 1898 1801 ut
1915 1746 2095 1820 patet
2112 1759 2229 1823 per
2250 1743 2539 1824 Dionys„
2573 1745 2612 1808 7
2642 1763 2777 1825 cap.
2812 1745 2883 1809 de
2924 1745 3173 1812 Divinis
3198 1749 3397 1812 nomi-

1831 1833 2007 1896 nibus
2026 1833 2069 1898 ².
2100 1835 2279 1918 Erqo
2308 1854 2413 1902 nec
2440 1839 2627 1902 etiam
2658 1839 2727 1902 in
2752 1840 2963 1903 anima
2998 1838 3239 1904 Christi
3262 1843 3395 1920 snit

1829 1925 2085 1990 scientia
2114 1929 2449 1994 discursiva
2478 1949 2582 1994 seu
2608 1929 2921 1996 collativa.

1913 2019 2045 2083 Sed
2089 2025 2297 2084 contra
2340 2027 2451 2096 est,
2496 2024 2657 2104 quod
2687 2023 2971 2088 Christus
2996 2027 3209 2090 habuit
3250 2018 3397 2090 a‘ni-

1829 2131 1995 2176 mam
2020 2114 2411 2190 rationalem,
2438 2122 2509 2178 ut
2546 2135 2739 2198 snpra
2772 2118 3001 2182 dictum
3028 2124 3113 2182 est
3138 2120 3183 2184 ².
3230 2118 3397 2184 Pro-

1821 2207 1973 2286 pria
2002 2212 2203 2270 autem
2228 2210 2499 2290 operatio
2530 2211 2755 2276 anima
2782 2211 3115 2276 rationalis
3136 2217 3225 2278 est
3250 2232 3397 2278 con-

1827 2301 1994 2377 ferre
2030 2305 2087 2363 et
2129 2301 2471 2366 discurrere
2500 2304 2573 2366 de
2614 2321 2732 2366 uno
2780 2305 2849 2368 in
2898 2305 3093 2370 aliud.
3126 2305 3305 2390 Eryo
3328 2307 3399 2370 in

1833 2389 2081 2455 Christo
2104 2394 2232 2472 fuit
2256 2395 2513 2459 scientia
2540 2397 2877 2461 discursiva
2904 2399 3001 2462 vel
3028 2397 3339 2465 collativa.

1905 2485 2255 2568 Respondeo
2284 2488 2603 2552 dicendum
2625 2534 2640 2563 ,
2678 2492 2837 2569 quod
2886 2491 3101 2572 aliqu-a
3142 2493 3397 2556 scientia

1819 2581 2021 2657 potest
2048 2598 2169 2642 csse
2206 2581 2549 2646 discursiva
2574 2581 2670 2645 vel
2695 2581 2989 2648 collativa
3038 2585 3387 2666 dupliciter.

1841 2673 1981 2736 Uno
2004 2675 2175 2736 modo
2203 2679 2500 2755 quantum
2521 2677 2607 2740 ad
2616 2677 2883 2740 scientioe
2902 2679 3359 2758 acquisitionem
3372 2727 3389 2754 ,

1821 2765 1983 2829 sicut
2008 2768 2233 2831 accidit
2261 2769 2331 2830 in
2356 2769 2527 2832 nobis
2544 2815 2567 2846 ,
2614 2771 2724 2849 qui
2755 2772 3140 2851 procedimus
3181 2773 3267 2836 ad
3294 2790 3395 2837 co·

1821 2861 2225 2940 anoscendum
2250 2879 2439 2924 unum
2454 2881 2572 2942 per
2598 2863 2799 2936 aliud,
2830 2865 2987 2929 sicut
3012 2866 3259 2945 effectus
3276 2885 3394 2947 per

1821 2969 2067 3016 causam
2083 3000 2100 3027 ,
2130 2954 2225 3017 vel
2252 2973 2283 3018 s
2309 2973 2607 3021 converso.
2646 2957 2741 3019 Et
2784 2958 2892 3022 boc
2926 2961 3099 3022 modo
3136 2961 3393 3024 scientia

1821 3047 2043 3110 animoe
2066 3047 2303 3111 Christi
2316 3065 2437 3110 non
2460 3049 2589 3128 fuit
2608 3050 2948 3114 discursiva
2962 3050 3057 3114 vel
3075 3051 3387 3126 collativa,

1821 3142 1969 3219 quia
1998 3143 2121 3205 bac
2146 3144 2427 3218 scientia,
2458 3144 2533 3207 de
2558 3161 2681 3224 qua
2704 3163 2863 3208 nunc
2894 3145 3221 3225 loquimur,
3263 3149 3389 3226 suit

1821 3235 1940 3296 sibi
1980 3235 2277 3298 divinitus
2324 3237 2551 3308 indita,
2582 3255 2703 3300 non
2726 3257 2839 3318 per
2866 3239 3389 3320 iuvestiqationem

1819 3329 2085 3391 ratio-nis
2106 3331 2431 3408 acquisita.
2453 3330 2603 3393 Alio
2624 3333 2796 3394 modo
2807 3337 3005 3412 potest
3032 3333 3157 3398 dici
3174 3334 3391 3414 aliqua

1817 3421 2075 3484 scientia
2104 3423 2441 3487 discut-siva
2471 3424 2565 3487 vel
2602 3423 2895 3490 collativa
2918 3472 2935 3502 ‚
2964 3431 3258 3506 quantum
3307 3429 3393 3492 ad

1819 3533 1993 3579 mum
2006 3541 2033 3587 ;
2064 3519 2223 3581 sicut
2252 3513 2563 3582 interdum
2588 3523 2863 3594 scientes,
2896 3540 2970 3584 ece
2998 3523 3202 3586 causis
3246 3541 3391 3588 oon-

1821 3608 2077 3675 cludunt
2102 3613 2375 3692 effectus,
2406 3631 2527 3676 nou
2548 3619 2617 3676 ut
2646 3615 2721 3678 de
2746 3633 2891 3678 novo
2916 3617 3261 3689 addiscant,
3286 3618 3392 3680 sed

1817 3703 2081 3768 volentes
2106 3705 2201 3766 uti
2225 3705 2481 3769 scientia
2516 3708 2852 3786 quamjam
2884 3709 3123 3772 liabent.
3150 3708 3245 3772 Et
3281 3710 3389 3774 hoe

1815 3799 1991 3860 modo
2015 3797 2271 3861 scientia
2298 3800 2521 3863 animae
2544 3800 2782 3864 Christi
2798 3805 3043 3882 poterat
3056 3819 3175 3865 esse
3190 3801 3390 3866 colla·-

1818 3890 1946 3953 tioa
1976 3893 2035 3952 et
2062 3891 2403 3978 discut-siva
2424 3913 2451 3962 ;
2466 3898 2717 3972 poterat
2746 3895 2905 3956 enim
2932 3913 3007 3956 ea·
3046 3912 3165 3958 uno
3210 3893 3391 3959 aliud

1818 3983 2201 4056 concludere,
2245 3985 2403 4049 sicut
2440 3986 2559 4048 sibi
2577 3985 2883 4067 placebat.
2933 3985 3115 4052 Sicut
3143 3985 3381 4052 Mattio.

1820 4077 1918 4150 17,
1950 4095 2087 4143 cum
2114 4077 2415 4140 Dominus
2440 4079 2772 4157 quaesiisset
2798 4099 2841 4142 a
2868 4079 3082 4152 Petro,
3114 4097 3153 4142 a
3175 4081 3391 4160 quibus

1815 4189 1987 4253 reyes
2016 4177 2201 4235 terroe
2224 4173 2525 4236 tributum
2550 4175 2916 4254 acciperent,
2957 4193 2997 4238 a
3037 4173 3199 4252 filiis
3233 4175 3383 4250 suis,

1817 4281 1902 4326 an
1929 4268 2007 4328 ab
2033 4265 2281 4338 alienis,
2306 4265 2497 4330 Petro
2514 4269 2932 4348 respondente,
2948 4268 3109 4348 quod
3128 4267 3204 4332 ab
3227 4265 3388 4332 alie-

1815 4359 1938 4432 nis,
1970 4357 2307 4423 conclusit:
2339 4359 2517 4441 Erqo
2547 4359 2733 4424 liberi
2759 4366 2903 4426 sunt
2927 4360 3076 4440 filii.

1771 4487 1778 4491 -
1893 4451 2004 4516 Ad
2020 4454 2297 4534 primum
2327 4471 2467 4535 erqo
2498 4454 2848 4530 dicendum,
2874 4457 3036 4535 quod
3061 4475 3100 4519 a
3140 4455 3385 4520 Christo

1815 4547 2165 4612 excluditur
2178 4545 2517 4624 consilium,
2535 4551 2693 4628 quod
2710 4555 2797 4614 est
2824 4569 2959 4614 cum
2985 4551 3381 4624 dubitatione,

1815 4647 1872 4706 et
1889 4659 2009 4722 per
2045 4657 2398 4720 consequens
2447 4640 2677 4716 electio,
2726 4661 2859 4722 quoe
2894 4644 2962 4706 in
3007 4643 3105 4705 sui
3150 4645 3388 4706 ratione

1813 4733 1940 4798 tale
1966 4734 2287 4798 consilium
2326 4733 2609 4798 includit.
2662 4735 2811 4801 Non
2838 4741 3039 4800 antem
3064 4755 3103 4800 a
3138 4735 3385 4800 Chiisto

1813 4827 2161 4893 excluditur
2182 4847 2327 4890 usus
2350 4828 2748 4894 consiliandi.

1891 4921 2001 4984 Aa
2022 4923 2345 4986 seoandum
2366 4923 2707 4999 dicendum,
2736 4923 2896 5002 quod
2914 4921 3077 4986 ratio
3096 4921 3216 4985 illa
3230 4940 3386 5004 pro-

1816 5017 1975 5079 cedit
2001 5017 2074 5078 de
2100 5016 2379 5078 discursu
2405 5017 2461 5076 et
2486 5013 2833 5088 collatione,
2852 5021 3041 5096 prout
3060 5017 3387 5080 ordinatur

1817 5109 1901 5170 ad
1925 5109 2245 5172 seientiam
2267 5107 2722 5186 acquirendam.

1897 5200 2005 5265 Aa
2048 5200 2297 5265 tertium
2338 5200 2689 5278 dicendum,
2740 5204 2898 5282 quod
2928 5203 3087 5266 beati
3136 5208 3382 5281 confor-

1899 5389 1916 5430 ¹
1960 5387 2190 5461 Queat.
2226 5388 2525 5469 praeced„
2556 5395 2674 5453 art.
2704 5393 2767 5452 2.

1895 5485 1922 5522 ²
1962 5483 2133 5546 luter
2159 5481 2358 5564 princ.
2398 5479 2651 5545 etmed.

1896 5576 1920 5615 ³
1964 5573 2034 5647 Ο.
2064 5575 2125 5652 3,
2158 5579 2275 5638 art.
2312 5575 2369 5636 3.
