3892 6167
586 316 703 376 430·

583 419 905 483 hominem
950 413 1398 495 perfectissime
1442 415 1807 476 observasse
1852 413 1968 472 hoc
2004 410 2142 470 offi-

584 514 751 574 cium
777 531 927 592 erga
946 511 1172 582 Deum,
1197 516 1387 588 atquc
1415 507 1572 570 adeo
1602 505 1839 568 cultum
1870 503 1999 564 Deo
2039 501 2142 563 de-

584 607 809 680 bitum,
858 603 1093 672 scilicet
1132 603 1328 665 latriae
1361 607 1423 664 et
1470 599 1827 682 religionis,
1858 596 1945 658 illi
1975 593 2143 657 exhi-

588 699 829 776 buisse3
857 695 1027 760 unde
1046 695 1263 758 Matth.
1287 697 1350 772 4,
1383 699 1446 757 et
1476 695 1624 756 Luc.
1656 695 1718 767 4,
1748 697 1877 754 tam
1904 690 1982 753 dc
2009 687 2144 750 aliis

588 809 780 874 quam
812 791 891 854 de
932 807 1000 850 se
1042 789 1176 867 ipso
1206 788 1573 868 generalem
1600 785 1978 848 sententiam
2008 799 2144 863 pro·

585 885 724 946 tulit
750 883 1010 946 dicens:
1042 881 1369 945 Dominum
1406 886 1575 946 tuum
1602 879 1907 951 adorabis,
1949 884 2006 938 ct
2043 873 2186 938 illi·

582 979 703 1042 soli
746 978 1015 1050 servies,
1046 977 1109 1036 et
1154 973 1337 1038 Joan.
1386 977 1425 1036 4
1459 994 1474 1034 :
1523 971 1637 1040 Vos
1677 971 1952 1036 adoratis
1993 967 2150 1052 quoa

584 1071 858 1144 moitis,
910 1086 1018 1133 nos
1058 1067 1383 1133 adoramus
1428 1067 1589 1150 quod
1632 1065 1880 1130 scimus.
1931 1065 2148 1142 ltaque

585 1163 847 1228 dubium
877 1180 1004 1223 nou
1036 1169 1129 1224 est
1156 1163 1308 1242 quin
1338 1162 1532 1223 virtus
1554 1158 1876 1240 religionis
1905 1175 2051 1219 vere
2077 1175 2151 1217 ac

582 1257 834 1338 proprie
894 1255 959 1316 in
1011 1253 1325 1316 Christum
1388 1254 1741 1317 conveniat.
1792 1253 1947 1313 Cum
2004 1267 2149 1311 vero

586 1354 717 1412 haec
750 1350 941 1410 virtus
973 1347 1187 1430 plures
1230 1347 1463 1410 habeat
1508 1354 1716 1422 actus,
1762 1345 1889 1408 duo
1936 1350 2150 1406 tamen

586 1448 733 1507 sunt
775 1441 1108 1524 proecipui,
1150 1441 1232 1504 ad
1281 1461 1440 1522 quos
1483 1439 1691 1504 caeteri
1734 1443 2146 1508 revocantur,

584 1535 826 1600 scilicet
855 1537 1092 1612 oratio,
1135 1541 1200 1597 et
1228 1533 1606 1596 sacrificium
1629 1579 1645 1608 ,
1680 1537 1743 1596 et
1776 1531 1913 1594 ideo
1942 1529 2022 1593 de
2055 1527 2150 1592 his

582 1629 825 1692 duobus
850 1629 1201 1710 specialiter
1227 1629 1583 1710 disputatur
1614 1643 1651 1690 a
1680 1627 1752 1688 D.
1790 1625 2053 1700 Thoma,
2077 1622 2146 1684 in

582 1723 727 1799 hac,
761 1729 824 1785 et
858 1723 1143 1801 sequenti
1180 1721 1543 1801 quaestione,
1591 1719 1738 1802 quia
1774 1716 1976 1782 caeteri
2005 1735 2148 1798 spe-

583 1817 803 1880 cialem
838 1811 1266 1878 difficultatem
1310 1834 1437 1878 non
1486 1815 1744 1876 habent.
1786 1813 1966 1889 Quia,
2001 1811 2148 1875 licet

582 1909 662 1974 de
702 1915 845 1972 voto
875 1910 1070 1989 quaeri
1098 1909 1293 1989 possit
1322 1929 1404 1970 an
1454 1907 1711 1988 aliquod
1746 1913 1961 1969 votum
1999 1905 2152 1969 emi·

582 2002 756 2075 serit,
780 2005 842 2066 et
877 2003 956 2064 de
971 2003 1359 2082 juramento,
1396 2019 1478 2063 an
1513 1998 1853 2082 aliquando
1884 2017 2028 2064 vere
2048 1998 2150 2080 ju-

586 2095 859 2170 raverit,
896 2102 1106 2158 tamen
1138 2095 1411 2178 primum
1442 2096 1668 2157 horum
1696 2095 1763 2156 in
1810 2089 2150 2174 Evangelio

581 2189 1063 2252 fundamentum
1118 2209 1245 2251 non
1286 2190 1497 2252 habet.
1546 2189 1633 2250 Dc
1680 2188 1961 2249 secundo
2003 2203 2150 2248 vero

582 2281 885 2364 disputari
919 2283 1081 2345 solet
1111 2283 1175 2346 iu
1218 2283 1481 2346 materia
1534 2281 1615 2344 de
1654 2281 2054 2362 juramento,
2091 2287 2153 2343 et

584 2375 843 2458 quidem
872 2377 951 2440 de
1000 2383 1271 2458 utroque
1320 2376 1559 2456 aliquid
1584 2375 1748 2438 intra
1772 2373 2058 2437 dicemus
2087 2375 2153 2437 in

582 2471 871 2548 sequenti
903 2477 1093 2532 tomo.
1120 2469 1208 2531 De
1240 2471 1525 2533 oratione
1556 2469 1748 2548 igitur
1768 2467 1994 2530 Christi
2026 2467 2152 2530 duo

584 2561 855 2626 breviter
903 2562 1274 2645 explicanda
1318 2567 1507 2635 sunt,
1560 2561 1731 2624 aliud
1787 2561 1869 2624 ad
1922 2567 2156 2624 statum

580 2654 861 2732 viatoris,
889 2655 1063 2718 aliud
1090 2655 1173 2718 ad
1203 2661 1435 2718 statum
1454 2653 1995 2734 comprehensoris
2013 2669 2154 2736 per-

596 2749 821 2808 tineus.

1218 2915 1437 2969 Sssc‘no
1472 2917 1509 2967 Ι.

590 3044 667 3100 An
696 3045 941 3102 Christus
972 3047 1030 3100 in
1052 3051 1201 3103 statu
1228 3044 1337 3100 vioe
1360 3059 1487 3100 vere
1511 3062 1577 3104 ac
1616 3044 1845 3120 proprie
1884 3045 2145 3101 oraverit.

672 3215 728 3276 1.
774 3211 1087 3278 Orationis
1141 3214 1529 3296 acceptiones.
1573 3247 1653 3262 —
1686 3213 1972 3281 Christus
2023 3235 2154 3280 tere

587 3308 807 3370 oravit.
836 3307 1143 3370 -Oratio
1174 3305 1554 3388 generaliori
1594 3307 1871 3388 quadam
1916 3307 2150 3390 signifi-

589 3402 831 3462 catione
862 3399 1173 3482 significat
1214 3417 1465 3464 omnem
1525 3407 1734 3462 artum
1762 3403 2148 3474 interiorem.

585 3515 711 3578 qua
739 3493 953 3557 anima
982 3495 1046 3555 in
1074 3495 1273 3556 Deum
1306 3493 1589 3557 elevatur
1616 3513 1729 3576 per
1766 3495 2153 3578 contempla-

586 3589 823 3651 tionem
844 3589 941 3650 vel
968 3585 1463 3663 meditationem,
1487 3588 1905 3665 devotionem,
1938 3597 2047 3654 aut
2075 3591 2153 3652 si-

586 3683 772 3745 miles
803 3685 1010 3756 actus;
1050 3687 1112 3744 et
1142 3680 1197 3743 si
1242 3681 1362 3743 hoc
1394 3681 1577 3744 modo
1609 3689 1893 3745 sumatur
1929 3684 2148 3760 oratio,

589 3794 718 3837 non
749 3782 845 3837 est
885 3773 1057 3854 quod
1081 3773 1433 3854 disputetur
1468 3793 1549 3836 an
1586 3775 1653 3838 in
1682 3773 1920 3839 Christo
1938 3777 2149 3854 ruerit,

590 3867 769 3948 cujus
799 3867 1011 3928 anima
1044 3867 1499 3946 perfectissima
1529 3867 2053 3950 contemplatione
2087 3869 2148 3932 in

590 3961 784 4024 Deum
806 3959 1148 4034 ferebatur,
1180 3979 1308 4024 non
1348 3961 1548 4024 solum
1578 3977 1693 4044 per
1719 3961 1972 4024 beatam
2001 3963 2150 4025 frui-

584 4057 846 4129 tionem,
878 4053 991 4116 sed
1019 4073 1134 4136 per
1164 4055 1489 4118 scientiam
1532 4055 1723 4118 etiam
1754 4054 2050 4132 infusam,
2089 4065 2150 4120 et

588 4145 857 4211 liberum
892 4139 1212 4209 charitatis
1249 4153 1479 4223 actum,
1520 4147 1682 4210 utin
1722 4150 2148 4230 superioribus

590 4239 740 4303 satis
786 4245 1117 4302 tractatum
1152 4244 1268 4301 est.
1326 4239 1460 4301 Alio
1509 4258 1661 4322 ergo
1714 4243 1903 4304 modo
1946 4243 2148 4324 magis

588 4331 842 4414 proprio
890 4331 1157 4394 sumitur
1186 4331 1407 4407 oratio,
1444 4337 1509 4394 ut
1556 4333 1860 4416 significat
1906 4337 2148 4417 petitio-

588 4443 760 4504 nem,
788 4443 901 4490 seu
930 4425 1439 4505 postulationem,
1469 4433 1575 4488 ant
1604 4427 2142 4509 supplicationem,

589 4537 728 4598 quae
754 4519 1008 4580 includit
1036 4519 1554 4594 obsecrationem,
1588 4525 1650 4582 et
1681 4521 2023 4602 gratiarum
2049 4541 2148 4586 ac-

586 4614 848 4687 tionem,
896 4617 959 4676 et
987 4613 1143 4674 alios
1183 4617 1359 4675 actus
1384 4613 1637 4688 similes,
1676 4621 1743 4676 ut
1770 4616 1841 4677 D.
1874 4617 2149 4680 Thomas

590 4708 870 4790 exponit,
900 4709 962 4772 2.
988 4708 1047 4777 ἓ,
1095 4725 1156 4786 q.
1190 4709 1290 4782 83,
1324 4714 1441 4769 art..
1476 4711 1543 4782 Ἲς
1577 4715 1639 4770 et
1668 4708 1747 4771 de
1792 4709 1912 4773 hoc
1957 4711 2146 4775 etiam

591 4820 827 4882 genere
880 4799 1177 4861 orationis
1217 4799 1635 4862 certissimum
1668 4807 1783 4878 est,
1830 4803 2145 4867 Christum

584 4894 923 4956 Dominum
954 4895 1017 4955 in
1046 4893 1145 4954 via
1176 4893 1549 4957 existentem
1584 4895 1923 4976 saepissime
1971 4899 2142 4962 illam

586 4989 962 5051 exercuisse.
992 4987 1171 5060 Quod
1193 4987 1359 5049 enim
1376 4988 1610 5069 gratias
1624 4990 1823 5069 egerit
1840 4991 2006 5054 Patri
2030 5012 2142 5055 scu

1812 309 2046 372 mansi.
2079 309 2204 360 xxi.
2245 307 2440 360 Antia.
2481 309 2560 360 ιν.

2221 409 2435 484 Pater,
2457 408 2727 488 clarifica
2757 425 2960 473 acmen
2988 415 3158 474 tuum
3177 435 3200 484 ,·
3224 418 3289 473 et
3316 433 3374 476 c.
3415 419 3508 492 Π,
3529 413 3738 498 tongam

2223 501 2440 564 habuit
2472 503 2815 565 orationem
2842 505 3112 566 similem
3131 518 3149 582 3
3169 511 3233 566 et
3257 515 3482 586 postea
3501 511 3558 568 in
3577 510 3737 579 horto,

2226 615 2299 658 ac
2329 597 2586 658 tandem
2635 596 2704 658 in
2755 615 2965 658 cruce.
3019 601 3108 662 Ac
3149 597 3436 682 denique
3469 603 3647 678 Paul.,
3684 607 3740 668 ad

2225 687 2417 752 Hebr.
2447 695 2485 752 5
2514 703 2530 750 2
2565 686 2648 752 In
2677 689 2900 766 diebus,
2940 691 3163 770 inquit.
3197 693 3419 756 caruis
3447 712 3566 756 siue
3585 715 3744 776 preces

2225 781 2804 864 supplicationesque
2830 783 2913 846 ad
2943 801 3073 846 cum
3115 785 3221 868 qui
3240 789 3448 866 possit
3473 787 3632 851 illum
3651 795 3742 852 sal·

2224 892 2364 936 vum
2387 877 2590 950 facere
2612 891 2652 938 a
2673 881 2883 951 morte,
2917 895 3052 940 cum
3079 877 3344 941 clamore
3367 879 3578 954 valido,
3601 889 3650 946 et
3679 884 3743 946 la·

2227 967 2452 1048 crymis
2481 971 2774 1048 offerens,
2829 971 3153 1034 exauditus
3189 977 3286 1035 cst
3323 989 3442 1054 pro
3483 992 3591 1039 sua
3623 995 3741 1040 rete·

2230 1057 2452 1124 rencia.
2489 1059 2636 1131 Quae
2669 1062 2902 1138 omnia,
2933 1063 3091 1124 sicut
3125 1064 3385 1146 proprie
3429 1065 3643 1128 dictum
3666 1087 3742 1150 ge-

2231 1171 2351 1214 nus
2380 1153 2678 1216 orationis
2725 1153 3100 1236 significant,
3129 1156 3216 1220 ita
3265 1159 3524 1240 proprie
3566 1160 3740 1224 intelli·

2234 1245 2438 1326 genda
2495 1253 2665 1321 sunt,
2715 1247 2874 1308 sicut
2917 1249 2999 1310 ab
3043 1249 3344 1312 universa
3397 1251 3669 1330 Ecclesia,
3701 1259 3740 1316 et

2233 1335 2528 1400 omnibus
2561 1339 2848 1404 Patribus
2881 1347 2945 1403 et
2967 1338 3317 1424 Theologis
3341 1343 3736 1426 intelliguntur,

2233 1432 2458 1511 etipsa
2488 1431 2823 1514 Scripturas
2869 1434 3194 1498 sinceritas
3223 1444 3288 1499 et
3325 1435 3590 1499 historiae
3629 1441 3738 1500 veri-

2231 1529 2326 1586 tas
2375 1525 2713 1606 postulant.
2761 1525 3086 1602 Quomodo
3143 1537 3362 1592 autem
3415 1526 3666 1596 Christus
3691 1541 3734 1594 ut

2232 1618 2420 1680 homo
2453 1637 2648 1700 capax
2682 1620 2869 1684 fuerit
2895 1621 3084 1700 hujus
3140 1623 3642 1698 orationis‚,satis
3665 1643 3734 1686 ex·

2225 1709 2518 1790 plicando
2547 1713 2842 1776 articulos
2881 1713 2954 1774 D.
2985 1714 3210 1777 Tltom.
3255 1715 3627 1780 declaratum
3651 1725 3728 1780 est.

2229 1803 2350 1866 Cur
2377 1814 2594 1868 autem
2621 1807 2852 1869 decens
2880 1807 3068 1870 fuerit
3095 1807 3301 1892 ipsum
3325 1827 3528 1886 orare,
3543 1811 3668 1874 satis
3681 1829 3730 1872 ex

2231 1897 2560 1962 honestate
2595 1901 2921 1981 ipsiusmet
2965 1908 3142 1964 actus
3191 1903 3500 1965 orationis
3525 1901 3728 1986 perspici

2231 1999 2469 2076 potest;
2495 1995 2771 2056 continet
2797 1995 2968 2056 enim
2997 1993 3512 2058 decentissimum
3532 1995 3728 2060 veicul-

2235 2093 2392 2160 tum,
2438 2093 2501 2148 et
2531 2085 2672 2149 ideo
2701 2105 2814 2170 per
2844 2105 2911 2150 se
2938 2089 3330 2151 conveniens
3357 2089 3492 2163 fuit,
3525 2097 3584 2152 ut
3609 2087 3726 2154 Chri·

2235 2187 2368 2242 stus
2398 2184 2463 2240 ut
2503 2181 2689 2244 homo
2721 2179 2898 2242 illum
2924 2181 3091 2244 Patri
3121 2183 3453 2245 exhiberet
3479 2191 3538 2245 et
3579 2189 3722 2244 mente

2236 2281 2296 2336 et
2344 2293 2627 2354 corpore.
2687 2273 2928 2338 Deinde
2975 2273 3093 2337 fuit
3149 2277 3273 2338 hoc
3332 2275 3654 2357 expediens,
3683 2283 3723 2334 ut

2236 2367 2512 2429 Christus
2543 2369 2832 2429 omnibus
2860 2367 3064 2430 modis
3107 2379 3484 2450 operaretur
3519 2377 3721 2431 nostram

2237 2463 2528 2536 salutem,
2565 2463 2894 2539 merendo,
2947 2463 3436 2541 satisfaciendo,
3497 2471 3554 2526 et
3585 2463 3720 2542 impe·

2237 2553 2483 2618 trand0.
2531 2555 2604 2619 Et
2629 2563 2700 2618 ut
2729 2557 2911 2618 nobis
2941 2555 3119 2620 daret
3149 2559 3509 2642 exemplum
3553 2556 3718 2618 eisdem

2235 2649 2440 2714 modis
2495 2649 2666 2714 illam
2722 2669 2837 2732 per
2879 2653 3232 2714 orationem
3285 2649 3646 2734 procurandi,
3681 2655 3720 2706 ut

2235 2745 2359 2806 late
2391 2749 2614 2808 tractat
2640 2745 2936 2818 Hilarius,
2967 2745 3078 2809 lib.
3113 2749 3192 2812 10
3217 2745 3301 2808 de
3321 2741 3555 2820 'rr-init„
3577 2763 3607 2805 a
3633 2761 3717 2803 me·

2232 2835 2367 2911 dlo;
2403 2843 2464 2899 et
2493 2837 2812 2915 Ambros„
2845 2839 2957 2903 lib.
2991 2845 3030 2904 5
3057 2840 3124 2902 in
3147 2839 3329 2914 Luc„
3358 2857 3490 2919 cap.
3519 2839 3588 2899 de
3621 2835 3717 2899 On·

2233 2930 2401 2994 tione
2431 2931 2578 2993 Jesu
2633 2932 2694 2993 in
2735 2938 2980 3011 monte3
3021 2939 3081 2995 et
3125 2936 3520 3006 Damascen.,
3559 2929 3641 2990 lib.
3669 2929 3708 2996 3,

2233 3042 2372 3106 cap.
2403 3027 2518 3100 24;
2543 3025 2836 3106 August„
2867 3027 3050 3110 epist.
3089 3027 3228 3101 121,
3256 3045 3395 3107 cap.
3423 3026 3526 3100 14,
3551 3019 3710 3082 ubidi-

2234 3117 2318 3180 cit
2346 3117 2615 3181 voluisse
2647 3119 2958 3181 Christum
2988 3117 3309 3182 interdum
3357 3118 3440 3181 ita
3483 3117 3706 3185 orarean
3771 3191 3773 3196 .

2237 3231 2364 3274 non
2407 3211 2830 3291 exaudiretur,
2879 3217 2948 3275 ut
2993 3211 3172 3276 nobis
3227 3219 3397 3276 esset
3439 3207 3708 3288 exemptum

2231 3305 2567 3385 patientias,
2599 3305 2856 3388 quando
2884 3323 3012 3369 non
3041 3305 3111 3370 fit
3143 3307 3318 3388 quod
3337 3305 3592 3388 petimus.

2313 3405 2374 3464 2.
2423 3399 2707 3464 Dubium.
2730 3433 2811 3447 -
2835 3401 3052 3464 Solum
3084 3399 3242 3462 illud
3289 3404 3488 3482 potest
3509 3395 3594 3456 hic
3613 3393 3705 3454 bre-

2232 3493 2392 3556 viter
2430 3491 2723 3566 dubitari,
2754 3513 2834 3555 an
2853 3508 3074 3556 revera
3103 3492 3388 3557 Christus
3417 3493 3475 3553 in
3495 3486 3698 3551 oratione

2233 3584 2470 3668 aliquid
2501 3587 2770 3667 petierit,
2818 3587 2964 3667 quia
3017 3587 3172 3649 illud
3201 3587 3472 3650 mediam
3503 3575 3698 3645 eratsihi

2237 3680 2661 3742 necessarium
2675 3687 2742 3743 ut
2759 3679 2820 3741 id
2843 3680 3041 3754 fieret,
3063 3681 3164 3742 vel
3183 3681 3387 3742 solum
3401 3679 3614 3759 propter
3629 3686 3696 3729 οἵ·

2236 3773 2522 3836 ercitium
2541 3773 2802 3848 virtutis,
2827 3782 2888 3836 et
2904 3791 3082 3836 exem
3089 3774 3264 3853 plum
3279 3777 3560 3836 nostrum.
3576 3765 3698 3825 Etm-

2233 3867 2321 3930 tio
2335 3865 2660 3931 dubitandi
2675 3869 2836 3930 sumi
2855 3873 3061 3949 potest
3077 3885 3153 3930 ex
3165 3867 3334 3932 facto
3343 3863 3559 3937 Christi,
3570 3860 3690 3962 soar}-

2235 3963 2335 4038 11,
2365 3963 2497 4041 ubi,
2529 3981 2674 4026 cum
2711 3961 2954 4027 Martha
3017 3961 3104 4025 illi
3133 3961 3416 4027 dixisset:
3457 3957 3582 4024 Scio
3603 3965 3693 4033 qm

2229 4073 2586 4140 quacunqus
2623 4059 2960 4139 poposceris
2995 4075 3036 4120 a
3070 4057 3214 4135 Deo,
3252 4049 3538 4122 dubitem
3561 4045 3683 4109 Dm·

2231 4149 2551 4230 respondit
2567 4150 2700 4230 ipse
2719 4148 3019 4212 Dominus
3038 4171 3052 4209 :
3079 4149 3375 4231 Remi-yet
3392 4142 3686 4226 fretorum

2234 4243 2407 4326 quasi
2445 4241 2704 4314 diceret,
2742 4261 2856 4304 sua
2887 4248 3196 4324 potestate
3245 4261 3316 4306 se
3341 4241 3402 4304 id
3437 4238 3677 4299 facturum.

2234 4345 2292 4398 et
2319 4353 2442 4397 non
2475 4335 2756 4416 indigere
2799 4338 3086 4399 oratione
3117 4355 3230 4398 seu
3273 4332 3559 4418 petitione,
3592 4333 3680 4383 eum

2231 4430 2364 4509 ipse
2393 4430 2472 4492 sit
2503 4429 2692 4492 Deus.
2727 4429 2844 4492 Ubi
2885 4429 3134 4512 Chrys,
3165 4427 3373 4492 homil.
3417 4427 3500 4496 61,
3527 4417 3674 4518 notat,

2229 4521 2537 4586 Martham
2609 4541 2736 4584 non
2805 4523 2991 4586 altius
3061 4525 3332 4586 sensisse
3397 4519 3466 4580 de
3517 4505 3675 4606 chus-¹9

2229 4633 2419 4698 quam
2445 4615 2524 4678 de
2569 4633 2727 4696 puro
2785 4615 3060 4692 homine,
3093 4633 3234 4678 cum
3261 4617 3452 4697 ipsum
3475 4619 3588 4708 που.
3603 4609 3673 4656 ”1⁵¹

2227 4709 2433 4772 media
2463 4709 2762 4792 petitione
2788 4718 2849 4773 et
2879 4713 3162 4774 oratione
3197 4723 3380 4792 posse
3403 4695 3671 4797 masmim

2227 4811 2544 4867 mortuum
2569 4804 2976 4882 existimaret,
3001 4804 3170 4866 unde
3189 4801 3452 4868 Christus
3471 4789 3667 4855 inferrus,

2225 4913 2367 4960 cum
2400 4899 2633 4982 gratias
2679 4898 2844 4960 Patri
2890 4897 3144 4979 egisset,
3191 4893 3426 4959 subdit:
3461 4885 3572 4966 B'ffl’
3601 4890 3666 4936 Μ·

2225 4996 2340 5056 tem
2369 4995 2623 5058 sciebam
2647 4991 2792 5076 quia
2837 5009 3070 5073 sempor
3091 5010 3184 5054 ms
3227 4990 3438 5060 andiu
3471 4977 3552 5044 801
3577 4981 3667 5052 W

582 5082 737 5156 Deo,
770 5080 1136 5161 frequenter
1164 5081 1224 5140 in
1255 5081 1593 5164 Evangelio
1635 5081 1925 5164 legimus,
1958 5085 2138 5147 Luca}
2215 5091 2356 5168 pter
2373 5087 2686 5172 populum,
2713 5090 2818 5169 qui
2850 5087 3221 5163 circumstat,
3251 5083 3398 5156 dixi,
3421 5079 3480 5142 td
3501 5059 3662 5136 &W

581 5179 658 5237 22
695 5195 708 5236 :
740 5173 987 5256 Accepto
1017 5175 1199 5240 calice
1227 5181 1283 5239 st
1303 5194 1487 5258 pane,
1508 5179 1751 5258 gratias
1770 5179 1930 5260 0923,-
1951 5181 1988 5244 J
1992 5197 2134 5242 oan.
2225 5181 2370 5264 quia
2394 5187 2460 5244 ta
2489 5199 2578 5244 me
2603 5173 2868 5252 misisti,-
2893 5181 3000 5242 nbi
3029 5179 3264 5242 indicat
3300 5159 3663 5246 301mpropter

584 5271 649 5332 11
687 5286 702 5330 :
734 5269 947 5360 Pater,
975 5269 1217 5350 ‚qratias
1244 5285 1356 5349 ayo
1384 5267 1517 5344 tibi,
1557 5269 1700 5354 quia
1740 5273 1972 5337 audisti
2010 5293 2146 5346 mc,-

578 5369 641 5423 et
686 5361 901 5424 matth.
944 5365 1056 5424 11:
1112 5359 1405 5442 Confiteor
1455 5361 1587 5438 tihi,
1638 5364 1852 5440 Pater,
1890 5365 2144 5430 Domine

578 5455 710 5519 coeli
738 5459 795 5519 et
824 5459 1043 5525 terroe,·
1068 5453 1248 5516 Joan.
1286 5472 1435 5518 vero
1470 5457 1543 5517 12
1592 5456 1767 5537 petiit
1811 5457 2088 5521 Christus
2117 5477 2132 5520 ε

2226 5275 2586 5354 exemplum
2636 5275 2866 5354 gratias
2895 5277 3097 5355 egisse
3141 5271 3325 5346 Patri,
3365 5283 3428 5330 eo
3451 5250 3574 5342 quod
3605 5245 3658 5348 {il

2223 5385 2365 5428 sum
2412 5367 2789 5430 exaudisset.
2837 5365 3016 5431 Unde
3053 5365 3359 5447 Chrysost.
3397 5335 3653 5427 ibi‚hom11-

2220 5461 2297 5522 63
2315 5479 2329 5534 ;
2355 5466 2414 5523 el
2433 5461 2728 5542 Euthym.
2751 5459 2870 5536 ibn
2902 5465 2963 5524 et
2983 5457 3294 5538 Ambros,
3315 5455 3406 5519 lib.
3423 5429 3646 5512 idel‘ld‘·
