3892 6167
1337 403 1660 460 mst’uru.
1691 403 1885 459 xxvu.
1919 401 2091 458 SECT.
2124 405 2188 458 n.

159 503 351 588 possit
399 503 544 568 baec
595 503 878 586 cognitio
928 505 1012 569 ad
1066 504 1391 568 scientiam
1446 505 1723 581 beatam,

155 601 618 662 convenienter
655 605 874 662 tamen
915 599 1210 662 tribuitur
1261 599 1454 662 etiam
1483 599 1723 676 infusas,

155 691 301 772 quia
333 693 470 755 haec
501 695 696 756 etiam
721 694 989 757 scientia
1011 693 1074 756 in
1102 711 1216 756 suo
1243 694 1464 757 ordine
1490 693 1728 775 perfec·

151 791 214 848 ta
237 785 384 858 fuit,
439 791 508 850 et
555 789 862 866 Christus,
897 807 1028 852 nou
1078 795 1322 851 tantum
1361 795 1434 852 ut
1465 789 1724 866 beatae,

155 880 266 943 sed
295 881 496 942 etiam
531 885 603 944 nt
623 883 854 958 viator,
883 881 1002 946 fuit
1034 882 1488 964 perfectissime
1519 883 1730 963 dispo-

156 975 304 1036 situs
333 973 422 1036 ad
463 974 828 1038 docendam
857 983 922 1038 et
974 975 1464 1038 confirmandam
1491 975 1725 1050 fldem3

160 1085 352 1130 unum
378 1074 602 1132 antem
633 1070 1088 1144 testimonium,
1111 1087 1238 1150 quo
1266 1069 1372 1131 illa
1398 1069 1732 1133 conflrma-

159 1163 260 1234 vit,
303 1163 432 1224 fnit
457 1163 770 1226 revelatio
815 1163 1269 1246 cogitationum
1321 1163 1626 1225 cordium.
1657 1161 1735 1225 Et

153 1255 612 1334 confirmatur,
643 1259 794 1338 quia
817 1257 956 1320 haec
985 1257 1258 1339 cognitio
1283 1257 1734 1338 cogitationum

149 1351 446 1414 cordium
467 1352 745 1414 maxime
771 1357 1014 1434 spectat
1040 1352 1118 1413 ad
1135 1351 1506 1432 dignitatem
1526 1349 1734 1414 Chris-

147 1445 222 1519 ti,
264 1451 328 1508 et
357 1445 444 1508 ad
473 1462 712 1508 munus
743 1447 1021 1528 supremi
1041 1445 1300 1520 Judicis,
1334 1447 1440 1528 qui
1491 1446 1573 1508 de
1631 1445 1729 1506 bis

149 1540 657 1620 cogitationibus
703 1541 1102 1623 potissimum
1147 1540 1546 1623 judicaturus
1600 1547 1724 1615 est3

147 1633 326 1696 unde
373 1651 513 1696 non
549 1635 816 1698 decebat
857 1635 1026 1716 quod
1064 1637 1128 1697 in
1171 1633 1449 1716 perfecta
1481 1633 1730 1696 illarum

145 1727 547 1808 cognitione,
584 1733 648 1792 et
674 1729 1006 1792 intuitione
1045 1729 1126 1791 ab
1159 1728 1356 1810 ipsius
1399 1725 1728 1810 cogitantis

143 1823 481 1885 voluntate
509 1841 626 1887 seu
640 1823 960 1888 locutione
983 1823 1503 1906 penderet,etiam
1519 1821 1730 1904 quoad

141 1917 492 1978 scientiam
532 1929 594 1980 et
651 1919 1076 1998 cognitionem
1117 1919 1344 1980 harum
1395 1935 1606 1979 rerum
1658 1915 1728 1979 in

135 2012 414 2094 proprio
443 2029 706 2094 genere.
736 2013 1020 2094 Denique
1048 2012 1114 2073 in
1166 2011 1524 2093 cognitione
1581 2011 1728 2073 isto·

137 2123 292 2166 rum
315 2111 582 2169 actuum
611 2107 750 2187 jam
786 2107 1190 2170 existentium
1243 2103 1376 2168 fere
1425 2105 1598 2167 nulla
1632 2110 1728 2168 est

137 2197 519 2272 difficultaS,
553 2198 702 2280 quia
724 2217 868 2263 cum
904 2206 1048 2263 actu
1081 2201 1376 2275 existant,
1409 2197 1488 2262 de
1513 2199 1727 2281 sejam

139 2291 393 2357 babent
420 2295 748 2358 sufficiens
787 2295 1292 2370 fundamentum,
1338 2300 1406 2358 ut
1433 2293 1720 2357 intuitive

141 2387 352 2450 videri
390 2388 663 2470 possint,
703 2389 758 2451 si
809 2407 886 2451 ex
941 2396 1120 2470 parte
1171 2391 1607 2470 cognoscentis
1653 2389 1732 2452 sit

151 2481 484 2544 sufficiens
526 2483 906 2565 principium
933 2506 951 2562 ;
981 2483 1090 2546 sed
1113 2483 1234 2545 hoc
1263 2483 1445 2545 facile
1469 2481 1604 2544 dari
1621 2501 1732 2563 po·

157 2575 272 2638 tuit
295 2575 536 2640 animas
561 2577 788 2640 Christi
815 2595 930 2659 per
953 2577 1172 2640 lumen
1201 2575 1648 2649 intellectuale,
1669 2581 1732 2640 et

147 2671 406 2750 speeies
427 2670 866 2754 intelligibiles
895 2671 1172 2753 perfecte
1201 2676 1732 2754 repraesentantes

149 2763 272 2826 hos
295 2771 510 2842 actus,
540 2771 730 2848 prout
752 2765 816 2826 in
843 2782 912 2830 se
937 2771 1103 2828 sunt.

235 2863 298 2921 4.
353 2857 653 2940 objectio.
689 2891 772 2908 --
804 2859 1031 2922 Dices:
1089 2857 1160 2920 hi
1213 2865 1391 2922 actus
1437 2857 1735 2922 occultari

151 2959 430 3032 possunt
457 2953 544 3015 ab
577 2959 882 3034 operante
934 2971 1048 3035 per
1097 2951 1294 3014 solam
1346 2951 1734 3014 voluntatem

151 3045 454 3126 liberam,
479 3065 596 3110 seu
626 3047 930 3128 quamdiu
949 3067 1065 3130 per
1086 3047 1258 3109 illam
1287 3065 1419 3110 non
1437 3047 1736 3109 manifes-

161 3149 380 3203 tantur
389 3158 412 3220 3
431 3143 554 3206 hac
583 3143 756 3204 enim
780 3143 1023 3205 ratione
1050 3141 1442 3204 occultantur
1454 3140 1732 3220 Angelis,

161 3236 358 3298 etiam
397 3236 450 3298 si
475 3237 755 3298 habeant
783 3236 1018 3316 species
1047 3235 1396 3314 lumenque
1421 3234 1737 3296 sufficiens

163 3329 244 3392 ad
271 3330 415 3392 illos
445 3328 949 3412 cognoscendos.
1001 3328 1439 3410 Respondetur
1463 3327 1739 3408 primum

163 3423 426 3487 tortasse
458 3442 593 3485 non
624 3442 762 3486 esse
789 3441 1032 3500 verum,
1061 3441 1177 3504 per
1209 3422 1409 3484 solam
1451 3422 1738 3484 volunta-

165 3524 292 3578 tem
321 3535 509 3598 posse
539 3519 656 3580 hos
677 3524 855 3581 actus
880 3516 1180 3580 occultari
1209 3515 1308 3578 vel
1338 3515 1626 3592 revelari,
1643 3516 1740 3578 ni-

165 3613 217 3672 si
246 3615 571 3694 qnatenus
595 3613 678 3676 ab
702 3613 822 3674 hac
847 3611 1168 3674 voluntate
1187 3609 1422 3692 pendet
1447 3609 1738 3689 spiritua·

165 3705 242 3768 lis
269 3707 541 3785 locutio,
554 3726 696 3788 quae
725 3725 858 3769 non
901 3705 973 3769 fit
1028 3707 1164 3768 sine
1189 3703 1598 3784 impressione
1625 3703 1739 3765 ali·

168 3803 374 3882 cujuS,
419 3797 528 3864 vel
556 3801 816 3884 speciei,
847 3800 951 3862 vel
983 3799 1179 3875 modi,
1215 3815 1328 3860 seu
1354 3797 1738 3860 immutatio-

166 3894 260 3955 nis
289 3894 479 3958 factae
505 3895 574 3957 in
595 3895 810 3973 aliqua
839 3893 1045 3976 specie
1079 3891 1456 3972 intelligibili
1485 3891 1623 3971 ejus
1657 3891 1740 3954 ad

165 4007 362 4068 quem
391 3989 721 4051 ordinatur
739 3989 998 4066 locutiO,
1021 4005 1146 4070 qua
1167 3985 1609 4049 immutatione
1643 3985 1738 4046 in-

167 4083 388 4164 digent
423 4083 678 4166 Angeli,
712 4089 783 4145 ut
805 4083 1044 4166 possint
1101 4080 1215 4142 hos
1251 4085 1428 4141 actus
1476 4097 1739 4160 cognos-

87 4179 96 4184 ’
167 4195 310 4240 cere
329 4224 352 4256 ‚
402 4196 538 4240 non
593 4183 808 4240 tamen
883 4176 1094 4238 anima
1144 4175 1391 4238 Christi.
1452 4172 1693 4235 Deinde
1719 4219 1735 4247 ,

169 4273 470 4352 quamvis
493 4271 630 4333 sola
656 4271 944 4333 voluntas
979 4269 1230 4349 agentis
1293 4267 1475 4330 liberi
1527 4273 1740 4348 posset

171 4367 496 4430 occultare
516 4365 634 4427 hos
663 4371 842 4428 actus
868 4371 1158 4446 respectu
1192 4363 1449 4426 luminis
1493 4381 1607 4426 seu
1635 4381 1740 4424 co-

171 4459 470 4542 gnitionis
511 4460 848 4534 naturam,
899 4478 1027 4521 non
1055 4477 1208 4522 vero
1233 4463 1527 4539 respectu
1554 4457 1741 4519 lumi-

173 4558 264 4618 nis
299 4553 842 4628 divinitusinfusi,
871 4573 986 4636 per
1013 4553 1184 4636 quod
1213 4553 1624 4636 participatur
1645 4553 1740 4614 vis

172 4649 465 4731 quaedam
493 4647 710 4710 divina
741 4647 824 4710 ad
853 4646 1188 4710 intuendos
1211 4647 1328 4708 hos
1375 4653 1574 4722 actus,
1605 4646 1740 4709 sine

174 4743 604 4826 dependentia
632 4761 671 4804 a
693 4741 1014 4804 voluntate
1037 4740 1235 4820 ipsius
1266 4739 1606 4820 operantis.

249 4841 306 4902 5.
354 4839 508 4899 Dico
535 4835 862 4901 secundo:
907 4835 1096 4896 etiam
1151 4833 1474 4914 cognoscit
1529 4831 1741 4894 anima

177 4935 398 4997 Christi
427 4951 546 5015 per
565 4933 732 4994 hanc
755 4929 1081 4992 scientiam
1107 4933 1286 4990 actus
1320 4927 1550 4990 liberos
1576 4926 1742 4988 futu·

179 5049 293 5106 ros,
327 5047 449 5092 sen
497 5026 716 5088 futura
757 5022 1236 5104 contingentia:
1269 5021 1356 5084 ita
1401 5021 1470 5082 D.
1513 5022 1738 5082 Thom.

181 5123 288 5200 hic,
325 5121 410 5184 ad
447 5122 514 5198 3,
544 5124 610 5181 et
646 5135 870 5179 omnes
894 5117 1229 5178 Themistoe
1261 5135 1276 5186 ς
1308 5117 1503 5190 Scot.,
1539 5112 1602 5176 d.
1639 5114 1742 5190 14,

183 5236 232 5298 q.
259 5222 294 5281 3
323 5239 340 5293 ;
373 5213 695 5290 Dux-and„
725 5230 789 5294 q.
819 5213 881 5290 3,
911 5229 1091 5274 num.
1125 5211 1200 5288 6;
1250 5208 1510 5286 Marsil.,
1541 5226 1604 5288 q.
1641 5209 1739 5286 10,

190 5320 285 5375 art.
313 5315 374 5376 2.
405 5313 486 5376 Et
533 5308 1024 5372 fundamentum
1081 5311 1175 5368 est
1218 5301 1411 5376 idem,
1451 5303 1616 5384 quod
1671 5303 1740 5365 in

189 5403 555 5486 precedenti
597 5399 1027 5473 conclusione,
1060 5405 1125 5464 et
1165 5399 1236 5462 in
1276 5399 1309 5460 1
1365 5401 1517 5460 sect.
1551 5395 1742 5459 variis

194 5499 362 5563 modis
409 5495 812 5582 explicatum
846 5498 973 5567 est;
1028 5511 1178 5556 nam
1222 5490 1277 5556 si
1315 5509 1744 5573 supponamus

195 5589 297 5658 fieri
318 5611 503 5680 posse
533 5595 618 5653 ut
647 5587 788 5649 haec
812 5585 1020 5652 futura
1043 5589 1504 5669 cognoscantur
1531 5585 1744 5667 aliqua

3286 401 3366 462 4³

1811 503 2075 568 scientia
2100 503 2303 568 infusa
2340 513 2516 572 extra
2543 508 2850 571 visionem
2898 507 3096 589 ipsius
3146 507 3371 572 divini·

1807 599 1976 676 tatis,
2000 599 2185 662 facile
2216 601 2466 680 probari
2496 609 2703 684 potest
2746 601 3110 682 hujusmodi
3140 603 3365 684 cogni·-

1807 694 2048 756 tionem
2096 693 2375 758 debitam
2412 695 2607 761 fuisse
2661 697 2887 759 Christi
2939 697 3210 778 animae3
3272 703 3371 762 est

1809 787 1983 851 enim
2024 791 2381 852 necessaria
2418 792 2503 852 ad
2541 791 3063 874 perfectissimam
3094 791 3369 873 pruden-

1807 883 1965 944 tiam
2016 887 2079 943 et
2124 883 2608 964 providentiam.
2656 883 2895 947 Deinde
2956 887 3237 968 pertinet
3286 885 3369 950 ad

1811 981 2311 1038 consummatum
2340 975 2578 1040 donum
2605 977 2972 1060 prophetiza,
2998 983 3189 1058 atque
3207 977 3367 1042 adeo

1812 1069 1894 1132 ad
1916 1067 2195 1151 perfecte
2232 1071 2657 1133 exercendum
2690 1089 2923 1134 munus
2964 1070 3275 1148 Doctoris,
3304 1075 3369 1134 et

1813 1163 1898 1225 ita
1922 1179 2095 1244 saepe
2124 1163 2402 1227 Christus
2434 1165 2734 1229 Dominus
2758 1183 2909 1227 usus
2937 1171 3033 1228 est
3058 1165 3179 1230 hoe
3200 1163 3367 1228 dono

1811 1255 2193 1338 praedicendi
2220 1258 2453 1322 futura.

1889 1351 1953 1414 6.
2000 1351 2290 1416 Dubium.
2306 1385 2389 1400 —
2416 1353 2631 1417 Solum
2658 1371 2809 1436 ergo
2834 1359 3119 1436 superest
3143 1353 3370 1417 obscu-

1809 1463 1880 1508 ra
1913 1443 2249 1510 difficultas
2277 1449 2443 1511 circa
2464 1447 2527 1510 id
2574 1449 2745 1530 quod
2784 1449 2913 1512 haec
2959 1447 3277 1511 conclusio
3306 1453 3373 1512 et

1808 1537 1971 1602 ratio
2004 1547 2391 1621 supponunt,
2434 1542 2697 1620 scilicet,
2726 1539 3045 1624 quomodo
3091 1541 3370 1624 potuerit

1811 1633 2021 1695 anima
2036 1634 2261 1697 Christi
2283 1635 2635 1698 haecfutura
2661 1652 3040 1718 cognoscere
3064 1654 3179 1718 per
3200 1635 3367 1698 hanc

1811 1727 2143 1789 scientiam
2176 1749 2195 1804 ς
2225 1747 2356 1791 non
2384 1729 2557 1793 enim
2597 1730 2893 1810 cognovit
2938 1729 3045 1791 illa
3102 1727 3366 1794 obscure

1811 1819 1898 1906 (ut
1925 1825 2387 1906 supponimus),
2412 1825 2561 1906 quia
2586 1844 2719 1888 non
2754 1825 2975 1888 babuit
3001 1823 3213 1888 fidem.
3246 1825 3371 1889 Un-

1807 1913 1887 1978 de
1915 1915 1987 1978 fit
2019 1933 2149 1979 non
2190 1920 2561 1999 cognovisse
2616 1919 2727 1981 illa
2770 1937 2888 2002 per
2932 1918 3373 1982 testimonium

1808 2009 2073 2090 alicujus
2100 2009 2406 2086 dicentis;
2438 2031 2587 2076 nam
2617 2013 2824 2075 omnis
2848 2013 3123 2092 cognitio
3155 2011 3373 2094 hujus-

1808 2103 1983 2168 modi
2012 2112 2076 2166 et
2098 2104 2365 2168 obscura
2395 2113 2513 2184 est,
2568 2125 2712 2169 cum
2760 2123 2877 2187 per
2900 2107 3077 2169 illam
3112 2121 3244 2168 non
3277 2105 3373 2168 vi-

1809 2197 2039 2260 deatur
2069 2215 2193 2274 res,
2219 2205 2283 2263 et
2315 2199 2397 2264 ad
2424 2199 2617 2263 iidem
2642 2202 2939 2282 pertinet,
2970 2217 3116 2263 cum
3162 2205 3373 2264 aucto-

1809 2293 1997 2355 ritate
2023 2292 2279 2356 alterius
2320 2295 2581 2358 nitatur.
2630 2295 2761 2358 Nec
2784 2313 2937 2358 vero
2982 2312 3122 2358 esse
3170 2293 3375 2376 potuit

1813 2387 2073 2450 evidens
2098 2393 2161 2451 et
2185 2389 2354 2451 clara
2392 2389 2699 2472 cognitio;
2750 2390 2901 2472 quia
2928 2389 3029 2452 vel
3084 2395 3245 2453 esset
3279 2389 3375 2452 in-

1811 2480 2059 2558 tuitiva,
2092 2489 2156 2543 et
2185 2483 2304 2546 hoc
2334 2501 2487 2558 non,
2546 2485 2694 2566 quia
2748 2483 3041 2546 intuitiva
3094 2482 3374 2564 cognitio

1813 2579 1908 2636 est
1947 2574 2039 2636 rei
2071 2575 2392 2638 existentis
2421 2593 2441 2654 3
2472 2577 2610 2639 haec
2657 2583 2871 2639 autern
2918 2577 3130 2638 futura
3184 2583 3254 2638 ut
3288 2573 3377 2638 sic

1812 2668 2097 2732 nondum
2122 2671 2417 2733 existunt.
2454 2670 2634 2745 Quod
2676 2671 2727 2732 si
2769 2671 3058 2733 dicantur
3108 2671 3373 2734 existere

1813 2763 1881 2826 in
1909 2765 2281 2838 aeternitate,
2312 2765 2470 2828 nihil
2490 2767 2693 2847 juvat.
2728 2766 3031 2842 Primum,
3074 2765 3225 2846 quia
3273 2782 3376 2828 ac·

1813 2863 1915 2920 tus
1942 2857 2134 2940 hujus
2184 2857 2461 2922 scientiae
2520 2859 2741 2922 infusas
2768 2877 2898 2922 non
2930 2863 3377 2922 mensurantur

1817 2953 2190 3027 aeternitate,
2222 2970 2367 3016 cum
2403 2953 2527 3016 sint
2556 2953 2890 3017 variabiles
2920 2959 2985 3017 et
3020 2951 3369 3016 mutabiles.

1815 3045 2079 3122 Deinde,
2112 3047 2261 3128 quia
2281 3047 2413 3110 hoec
2447 3046 2779 3110 existentia
2818 3047 2887 3110 in
2918 3047 3290 3122 aeternitate,
3322 3047 3375 3108 si

1817 3139 2199 3220 intelligatur
2225 3139 2308 3202 de
2335 3157 2485 3203 vera
2510 3147 2574 3204 et
2620 3139 2775 3202 reali
2830 3141 3183 3214 existentia,
3233 3157 3375 3222 quoe

1815 3234 2014 3316 possit
2034 3233 2303 3296 fundare
2329 3252 2545 3296 veram
2580 3234 2951 3297 relationem
3002 3233 3241 3296 realem
3270 3249 3376 3296 co-

1819 3328 2162 3390 existentiae
2220 3329 2301 3391 ad
2348 3329 2548 3391 Deum
2604 3330 2976 3392 existentem
3026 3329 3093 3391 in
3148 3328 3375 3392 eadem

1819 3441 2117 3485 mensura
2132 3423 2519 3498 oeternitatiS,
2537 3428 2633 3485 est
2656 3423 2810 3485 falsa
2831 3421 3167 3498 sententia,
3184 3429 3247 3485 et
3262 3421 3377 3484 im-

1819 3515 2152 3597 possibilis,
2184 3515 2332 3596 quia
2360 3516 2533 3578 nulla
2560 3533 2665 3579 res
2689 3523 2897 3597 potest
2924 3533 3073 3578 vere
3102 3515 3372 3578 existere

1819 3609 1884 3670 in
1911 3608 2219 3689 superiori
2246 3627 2565 3686 mensura,
2598 3611 2720 3672 nisi
2750 3609 2993 3672 ratione
3023 3608 3371 3672 existentiae

1819 3720 2012 3784 quam
2041 3702 2231 3765 habet
2258 3703 2321 3766 in
2350 3704 2627 3786 propria,
2658 3703 2961 3785 quidquid
2996 3703 3273 3783 Cajetan.
3310 3707 3373 3764 et

1821 3797 2290 3861 aliinomistoe
2340 3800 2700 3880 opinentur,
2747 3806 2820 3861 ut
2847 3799 3057 3872 latius,
3110 3799 3175 3859 in
3219 3801 3249 3860 1
3282 3817 3376 3879 p.,

1820 3911 1882 3974 q.
1915 3895 2016 3970 14,
2050 3898 2375 3954 ostensum
2408 3898 2525 3954 est.
2566 3893 2628 3956 Si
2651 3910 2801 3955 vero
2826 3892 2932 3955 illa
2962 3891 3288 3954 existentia
3310 3891 3379 3956 in

1817 3987 2164 4050 aeternitate
2194 3987 2577 4066 intelligatur
2603 3987 2807 4048 solum
2834 3985 3181 4048 secundum
3221 4003 3381 4067 proe·

1821 4081 2093 4143 sentiam
2123 4078 2521 4161 objectivam,
2555 4080 2645 4142 sic
2696 4079 2941 4142 videtur
2990 4078 3118 4160 peti
3149 4079 3379 4160 princi-

1817 4175 1991 4256 pium
2014 4189 2037 4252 ;
2068 4193 2219 4236 nam
2264 4191 2399 4235 rem
2450 4191 2590 4236 esse
2632 4173 2935 4254 objectiva
2980 4178 3377 4256 praesentem,

1819 4267 1974 4330 nibil
2010 4267 2185 4330 alind
2212 4273 2307 4329 est
2336 4285 2527 4348 quam
2570 4267 2888 4350 cognosci,
2948 4286 3059 4332 seu
3092 4286 3231 4332 esse
3270 4267 3384 4330 oh·-

1813 4364 2057 4446 jectum
2102 4361 2517 4442 cognitionis;
2568 4362 2740 4443 quod
2790 4363 2961 4426 idem
3011 4367 3129 4426 est.
3158 4363 3377 4430 Dicere

1822 4475 1973 4538 ergo
2001 4455 2135 4518 haec
2168 4455 2379 4519 futura
2423 4455 2621 4518 videri
2678 4463 2933 4538 propter
2980 4455 3382 4538 praesentiam

1820 4549 2219 4630 objectivam,
2252 4549 2406 4612 nihil
2444 4556 2542 4612 est
2570 4549 2740 4614 aliud
2770 4569 2962 4632 quam
3013 4551 3247 4628 dicere,
3287 4549 3382 4614 vi-

1822 4643 1955 4706 deri
1982 4644 2131 4726 quia
2154 4641 2471 4718 videntur,
2495 4663 2634 4726 quse
2663 4651 2761 4707 est
2780 4645 2948 4708 clara
2964 4645 3183 4726 petitio
3210 4643 3385 4726 prin-

1822 4737 1989 4818 cipii.
2018 4736 2133 4799 Vel
2166 4736 2300 4800 hoec
2332 4738 2607 4818 cognitio
2662 4747 2829 4801 esset
2884 4737 3277 4814 abstractiva,
3322 4746 3387 4803 et

1821 4832 1957 4894 baec
1986 4832 2175 4894 etiam
2228 4831 2491 4911 intelligi
2536 4849 2666 4895 uon
2712 4837 2957 4913 potest3
3016 4832 3165 4912 quia
3208 4831 3386 4896 nulla

1823 4924 2073 5000 veritaS,
2106 4943 2245 5007 quae
2268 4944 2397 4988 non
2428 4926 2507 4989 sit
2534 4945 2647 5008 per
2674 4943 2743 4988 se
2787 4931 2935 4989 nota
2960 4944 3039 4989 ex
3071 4924 3379 5002 terminia,

1823 5021 2029 5102 potest
2058 5019 2381 5083 evidenter
2413 5025 2477 5081 et
2504 5019 2879 5083 abstractive
2908 5019 3230 5102 cognosci,
3262 5020 3387 5084 nisi

1823 5131 1937 5194 per
1974 5111 2232 5194 aliquod
2288 5112 2569 5176 medium
2622 5111 2791 5195 quod
2841 5113 3013 5176 illam
3064 5113 3389 5178 evidenter

1826 5207 2157 5282 ostendat3
2193 5205 2307 5269 sed
2336 5207 2468 5272 haec
2498 5208 2725 5271 veritas
2760 5207 3119 5270 futurorum
3146 5208 3388 5270 contin·

1824 5301 2107 5382 gentium
2137 5318 2267 5363 non
2297 5307 2393 5364 cst
2418 5321 2534 5384 per
2561 5321 2627 5365 se
2658 5309 2810 5365 nota
2844 5319 2923 5364 ex
2953 5299 3259 5375 terminia,
3314 5305 3385 5364 ut

1821 5401 2092 5473 constat,
2124 5414 2331 5478 neque
2358 5402 2449 5460 est
2470 5395 2728 5478 aliquod
2764 5395 3047 5459 medium
3074 5412 3201 5476 quo
3260 5394 3385 5458 evi·

1822 5490 2048 5553 denter
2075 5487 2495 5554 demonstrari
2551 5489 2771 5572 possit,
2823 5488 2973 5570 quia
3019 5505 3227 5570 neque
3269 5506 3385 5572 per

1825 5599 2106 5660 causam,
2138 5601 2283 5646 cum
2312 5583 2416 5644 illa
2458 5583 2537 5646 sit
2594 5581 2981 5662 indifferenS,
3032 5599 3243 5662 neque
3270 5599 3385 5663 per
