3892 6167
599 335 715 397 178

596 456 787 520 quam
842 439 1051 518 ipsum
1114 453 1253 498 esse
1301 436 1543 498 actuale
1590 442 1653 498 et
1700 435 1964 498 formale
2015 434 2158 497 talis

594 531 1032 615 perfectioni53
1058 531 1179 594 hoc
1208 548 1359 612 ergo
1384 531 1574 592 modo
1594 529 1885 592 dixerunt
1908 535 2154 610 postea,

594 626 1009 708 ubiquitatem
1038 641 1169 686 uon
1200 642 1337 686 esse
1366 624 1885 686 communicatam
1930 627 2158 688 huma-

598 719 779 784 nitati
806 717 1031 781 Christi
1066 734 1269 798 usque
1304 716 1384 779 ad
1428 717 1974 796 resurrectionem,
2026 719 2150 796 vel,

598 820 667 876 ut
694 813 799 876 alii
828 812 1081 874 tandem
1113 811 1443 885 dixerunt,
1486 827 1689 890 usque
1720 810 1800 873 ad
1844 813 2156 876 ascensio-

598 925 767 970 nem.

677 1007 739 1064 2.
763 999 1209 1066 Hoereticorum
1225 1000 1527 1080 responsio
1546 1002 2160 1077 confutatum—Hev-

594 1097 917 1162 νοήσω-πω
944 1094 1245 1176 responsio
1272 1094 1553 1158 secunda.
1574 1125 1655 1140 -
1676 1092 2156 1172 Constantior.—

594 1190 747 1252 Dico
773 1195 985 1252 tamen
1008 1187 1212 1268 primo
1229 1232 1251 1262 ,
1290 1187 1511 1250 Christi
1538 1186 1996 1250 humanitatem
2025 1207 2156 1252 non

598 1300 736 1345 esse
758 1299 927 1344 nunc
942 1325 963 1358 ,
992 1298 1203 1360 neque
1238 1298 1521 1362 unquam
1546 1280 1739 1344 fuisse
1774 1281 2032 1362 ubique,
2065 1287 2156 1346 at·

597 1393 720 1456 que
742 1375 903 1438 adeo
930 1392 1158 1454 corpus
1186 1375 1323 1456 ejus
1348 1375 1487 1437 loco
1516 1375 1968 1451 circumscribi,
1995 1376 2156 1438 sicut

596 1471 741 1534 alia.
787 1470 934 1544 Quae
960 1470 1189 1532 veritas
1214 1513 1235 1546 ,
1288 1470 1650 1550 simpliciter
1689 1469 2030 1550 loquendo,
2074 1470 2156 1532 de

596 1563 725 1627 fide
752 1571 873 1640 est,
903 1570 969 1626 et
990 1565 1295 1644 probatur
1322 1565 1563 1645 primo,
1586 1581 1733 1626 nam
1762 1563 1843 1626 de
1871 1569 2156 1644 tempore

597 1677 723 1740 quo
750 1661 869 1722 fuit
898 1659 1123 1734 viator,
1152 1658 1379 1720 dicitur
1400 1659 1582 1720 Joan.
1611 1659 1651 1722 6
1683 1679 1697 1718 ε
1735 1655 1885 1722 Cum
1908 1659 2159 1724 vidisset

600 1753 783 1817 turba
824 1753 984 1836 quod
1002 1753 1195 1816 Jews
1232 1769 1353 1814 non
1380 1757 1532 1816 esset
1555 1752 1681 1828 ibi,
1730 1755 1795 1813 et
1832 1769 1889 1814 c.
1922 1755 2035 1814 11:
2078 1753 2161 1818 Ut

598 1847 815 1912 sciatis
848 1848 995 1928 quia
1042 1863 1162 1908 non
1206 1862 1371 1908 eram
1398 1845 1504 1908 ibi.
1556 1845 1643 1908 De
1694 1850 1976 1926 tempore
2009 1863 2158 1907 vero

598 1944 1035 2020 postmortem
1074 1944 1136 2000 et
1166 1938 1695 2000 resurrectionem
1724 1938 1950 2000 dicitur
1971 1940 2005 2001 J
2011 1957 2154 2002 oan.

602 2034 680 2096 16
723 2050 738 2092 :
780 2033 1076 2114 Relinque
1107 2033 1391 2096 mundum
1440 2038 1498 2095 et
1536 2033 1687 2096 vado
1728 2033 1811 2096 ad
1850 2031 2104 2096 Patrem
2132 2055 2159 2104 ,-

599 2127 791 2190 Marc.
826 2129 903 2190 16
950 2143 967 2188 :
1000 2125 1323 2196 Sum-vit,
1354 2143 1474 2190 non
1506 2133 1600 2191 est
1644 2126 1783 2198 lde,-
1810 2131 1875 2188 et
1898 2127 2036 2187 Act.
2071 2129 2104 2188 1
2140 2143 2156 2187 ε

598 2219 967 2302 Assumptus
992 2223 1081 2284 ost
1102 2218 1172 2282 in
1198 2219 1447 2286 ooelum
1479 2225 1541 2281 et
1568 2218 1731 2280 infra
1759 2237 1774 2279 :
1802 2218 1922 2284 Sic
1944 2219 2159 2295 veniet,

600 2315 1087 2397 quemadmodum
1116 2314 1368 2378 vidistis
1396 2329 1528 2376 oum
1554 2319 1781 2378 euntem
1816 2312 1885 2376 in
1926 2313 2158 2378 calum.

600 2407 781 2480 Quod
833 2406 1263 2470 testimonium
1314 2407 1507 2468 etiam
1558 2405 1639 2468 de
1686 2411 1971 2486 tempore
2025 2412 2166 2486 post

602 2501 1039 2564 ascensionem
1066 2499 1385 2581 procedit;
1410 2506 1473 2562 et
1500 2499 1639 2562 Act.
1672 2502 1713 2562 2
1746 2500 1993 2572 dicitur,
2025 2499 2165 2562 ani-

600 2613 771 2658 mam
800 2594 1023 2656 Christi
1050 2592 1613 2674 aliquandoj’uisse
1640 2593 1707 2654 in
1736 2592 2005 2668 infern0,
2035 2611 2163 2655 non

598 2695 813 2752 tamen
844 2703 1093 2768 semper
1134 2687 1223 2748 ibi
1268 2686 1611 2759 mansisse;
1664 2703 1793 2748 non
1836 2705 1988 2767 ergo
2031 2691 2166 2748 erat

604 2781 875 2862 ubique;
910 2785 973 2842 et
1024 2779 1251 2842 eodem
1288 2779 1478 2840 modo
1509 2779 1735 2842 dicitur
1765 2780 1829 2842 in
1872 2781 2162 2860 Evange-

599 2874 727 2950 liis,
766 2891 993 2954 corpus
1018 2872 1371 2954 depositum
1400 2889 1537 2936 esse
1566 2873 1645 2934 de
1670 2891 1881 2950 cruce,
1908 2880 1974 2935 et
1997 2873 2163 2954 posi-

603 2975 739 3032 tum
782 2969 851 3030 in
894 2967 1221 3048 sepulcr03
1266 2973 1328 3030 et
1380 2967 1529 3030 satis
1581 2967 1969 3049 significatur
2011 2975 2164 3029 tunc

605 3062 755 3125 alibi
800 3079 931 3124 non
959 3061 1175 3124 fuisse.
1208 3060 1612 3142 Respondent
1652 3062 1927 3124 haeretici
1957 3061 2022 3122 in
2063 3061 2162 3122 his

602 3156 755 3218 locis
782 3172 1139 3218 sermonem
1170 3172 1307 3216 esse
1331 3154 1409 3216 de
1434 3155 1761 3218 existentia
1784 3155 2010 3217 visibili
2029 3173 2164 3218 cor-

602 3249 775 3329 poris
818 3248 1043 3312 Christi
1080 3248 1147 3308 iu
1198 3247 1337 3310 loco
1354 3293 1375 3325 ,
1408 3253 1473 3310 et
1516 3250 1659 3312 ideo
1700 3250 1921 3330 negari
1969 3249 2162 3312 fuisse

604 3341 863 3420 alicubi,
898 3343 1045 3422 quia
1084 3342 1168 3403 ibi
1198 3359 1330 3402 non
1371 3346 1506 3406 erat
1530 3343 1837 3418 localiter,
1870 3361 1984 3406 seu
2013 3343 2164 3404 visi-

601 3435 809 3498 biliter
838 3454 855 3510 ;
886 3443 947 3498 et
975 3435 1199 3498 eodem
1230 3435 1415 3496 modo
1446 3443 1768 3516 exponunt
1802 3436 2162 3500 ascendisse

602 3529 705 3592 vel
737 3529 1155 3606 descendisse,
1185 3535 1302 3592 etc.
1337 3529 1462 3590 Sed
1486 3530 1619 3592 haec
1646 3529 1797 3608 fuga
1826 3529 2029 3610 primo
2069 3535 2164 3592 est

605 3628 821 3686 contra
841 3623 967 3684 vim
994 3627 1058 3684 et
1078 3623 1524 3704 proprietatem
1546 3623 1912 3696 verborum
1944 3640 2164 3684 secuu-

603 3714 709 3792 do,
738 3723 955 3778 contra
985 3733 1385 3778 communem
1410 3716 1864 3796 expositionem
1885 3723 1947 3778 et
1973 3715 2164 3778 tradi-

605 3809 839 3870 tionem
872 3809 1123 3870 Patrum
1136 3826 1159 3888 3
1184 3810 1387 3885 tertio,
1407 3817 1623 3872 contra
1644 3809 1974 3872 veritatem
1993 3827 2164 3890 mys-

602 3902 743 3964 terii
772 3903 1215 3964 incarnationis
1235 3903 1457 3966 Christi
1465 3920 1488 3980 3
1511 3904 1795 3983 sequitur
1816 3903 2008 3978 enim,
2032 3921 2164 3964 non

602 4013 773 4072 vere,
818 3997 933 4058 sed
978 3995 1326 4058 secundum
1354 3997 1785 4076 apparentiam
1820 3996 2164 4078 quamdam

600 4087 795 4150 fuisse
816 4088 1072 4162 factam,
1122 4096 1215 4168 ut,
1254 4088 1427 4152 verbi
1458 4091 1683 4170 gratia,
1716 4090 2000 4168 sequitur
2035 4107 2162 4152 non

604 4199 753 4244 vere
776 4181 973 4244 fuisse
1018 4182 1331 4244 inclusum
1374 4182 1591 4246 Christi
1629 4201 1857 4264 corpus
1888 4183 1952 4243 in
1985 4189 2162 4244 utero

606 4274 919 4354 Virginis,
949 4292 1153 4354 neque
1194 4293 1345 4338 vere
1395 4293 1473 4336 ex
1511 4276 1617 4338 illo
1662 4294 1778 4356 per
1817 4276 2164 4338 humanam

607 4368 997 4430 nativitatem
1012 4369 1300 4443 exivisse,
1318 4387 1531 4449 neque
1545 4387 1693 4432 vere
1706 4369 1899 4432 fuisse
1920 4370 2162 4449 ingres-

610 4479 749 4523 sum
798 4461 879 4522 ad
924 4461 1261 4541 discipulos
1300 4462 1511 4544 januis
1541 4463 1807 4542 clausis3
1839 4469 1903 4525 et
1928 4462 2054 4524 alia
2083 4462 2162 4523 si-

610 4555 804 4630 milia,
832 4573 974 4634 quae
1017 4556 1153 4618 sine
1181 4574 1332 4618 vera
1352 4555 1475 4618 loci
1518 4557 1889 4632 mutatione,
1922 4563 1986 4618 et
2007 4555 2162 4619 reali

610 4649 939 4712 existentia
964 4648 1031 4710 in
1060 4667 1187 4712 uno
1223 4655 1287 4712 et
1318 4668 1447 4714 non
1475 4649 1540 4713 in
1580 4650 1702 4712 alio
1725 4694 1746 4727 ,
1786 4650 2040 4732 proprie
2087 4667 2164 4712 ac

610 4760 757 4805 vere
782 4742 1043 4823 intelligi
1076 4760 1205 4804 non
1232 4750 1515 4824 possunt.
1562 4743 1791 4816 Quarto
1812 4789 1829 4820 ,
1857 4751 1954 4805 est
1977 4743 2046 4803 in
2069 4741 2163 4804 ri-

608 4854 760 4916 gore
790 4843 1006 4898 contra
1056 4837 1385 4900 veritatem
1436 4838 1687 4900 illarum
1736 4838 2124 4900 locutionum
2137 4852 2162 4916 ;

608 4944 738 4990 non
764 4930 931 4992 enim
958 4947 1106 4992 vere
1135 4929 1257 4992 dici
1284 4933 1494 5010 potest
1526 4930 1837 4993 Christum
1864 4948 1994 4991 non
2025 4947 2164 4992 esse

608 5023 735 5100 hic,
758 5023 1006 5103 signata
1028 5023 1236 5088 hostia
1260 5031 1648 5100 consecrata,
1680 5025 1878 5088 solum
1905 5025 2054 5104 quia
2077 5023 2164 5086 ibi

606 5135 739 5180 non
766 5124 863 5182 est
889 5117 1213 5182 visibiliter
1235 5163 1251 5194 ,
1300 5137 1415 5182 seu
1460 5119 1764 5182 localiter.
1806 5117 1933 5182 Sed
1963 5124 2164 5180 retor-

606 5219 805 5293 quent
826 5211 948 5274 hoc
978 5219 1417 5293 argumentum
1458 5212 1757 5287 haeretici,
1794 5229 1946 5274 nam
1974 5212 2158 5274 Joan.

608 5307 687 5371 16
714 5306 861 5371 dicit
908 5307 1207 5384 Christus,
1255 5325 1323 5370 se
1369 5305 1727 5388 relinquere
1754 5305 2062 5368 mundum
2101 5312 2165 5369 et

604 5401 699 5464 ire
743 5402 829 5467 ad
872 5403 1141 5477 Patrem,
1174 5402 1459 5483 quamvis
1486 5419 1712 5466 revera
1759 5401 2066 5464 manserit
2096 5401 2162 5463 in

607 5495 1025 5574 Eucharistia;
1057 5513 1207 5579 crgo
1240 5495 1462 5560 dicitur
1508 5495 1866 5577 relinquere
1890 5541 1913 5573 ,
1957 5494 2162 5558 solum

1823 337 2058 400 QUAEST.
2093 335 2224 390 XIV.
2257 336 2460 390 Amic.
2493 337 2578 388 lv.

2240 434 2388 514 quia
2429 433 2754 496 visibiliter
2779 434 2845 496 in
2873 437 3110 498 mundo
3158 456 3286 500 non
3329 447 3548 508 mansit.
3583 455 3684 516 Res-

2237 529 2572 609 pondetur,
2603 529 2710 590 illa
2751 531 2944 592 verba
2969 531 3216 614 proprie
3247 547 3310 598 et
3329 554 3498 614 vere,
3523 550 3688 610 etcum

2238 628 2368 685 toto
2391 623 2598 704 rigore
2621 622 2908 702 intelligi,
2935 643 3082 686 nam
3111 625 3403 706 Christus,
3427 639 3686 702 ascenden.

2236 715 2318 778 do
2344 716 2410 776 in
2440 716 2692 792 coelum,
2719 735 2868 780 vere
2899 717 3153 798 reliquit
3175 722 3472 786 mundum
3489 771 3506 800 ,
3529 728 3596 788 illi
3618 750 3688 792 au-

2233 807 2445 870 ferens
2489 827 2672 872 suam
2701 809 2935 871 realem
2963 813 3357 890 praesentiam
3369 859 3392 890 ,
3419 835 3529 880 non
3551 823 3690 884 solum

2237 903 2586 964 secundum
2609 903 2918 966 visibilem
2947 904 3398 986 apparentiam,
3425 911 3523 972 sed
3541 931 3690 976 secun-

2237 995 2388 1058 dum
2418 997 2658 1060 realem
2685 997 3078 1060 existentiam
3120 998 3182 1060 in
3233 1001 3490 1080 mundo;
3516 1007 3692 1086 reliquit

2238 1098 2450 1152 autem
2473 1090 2748 1152 Christus
2775 1092 3084 1154 mundum
3107 1137 3126 1168 ,
3153 1111 3266 1156 seu
3295 1094 3630 1160 existentiam
3651 1103 3690 1162 in

2237 1183 2500 1260 mundo,
2529 1184 2698 1262 quod
2727 1191 2862 1248 erat
2883 1203 2962 1246 ex
2986 1184 3045 1246 vi
3071 1185 3236 1248 illius
3263 1193 3460 1250 motus
3479 1195 3532 1252 et
3549 1210 3694 1254 ascen-

2237 1275 2470 1350 sionis;
2503 1277 2673 1356 quod
2699 1296 2844 1340 vero
2889 1277 3164 1356 aliunde,
3193 1281 3443 1356 scilicet,
3471 1301 3566 1362 per
3581 1287 3694 1348 aliud

2235 1369 2626 1450 mysterium,
2655 1377 2719 1432 et
2747 1371 2872 1434 alio
2897 1369 3087 1433 modo
3111 1373 3178 1433 in
3199 1374 3432 1435 mundo
3451 1381 3690 1456 manserit,

2236 1470 2332 1524 est
2359 1461 2844 1526 accidentarium
2875 1465 2956 1526 ad
2995 1465 3250 1528 illorum
3277 1466 3576 1530 verborum
3593 1474 3696 1532 veri·

2233 1559 2452 1632 tatem,
2482 1562 2548 1618 et
2569 1555 2860 1634 fortasse,
2893 1558 3147 1638 quando
3176 1559 3449 1622 Christus
3473 1565 3694 1642 ascendit,
3769 1559 3771 1568 '

2235 1668 2347 1732 pro
2377 1650 2484 1712 illo
2509 1656 2790 1732 tempore
2815 1651 2884 1714 in
2915 1653 3087 1714 nullo
3129 1652 3408 1716 inferiori
3431 1655 3550 1716 loco
3581 1675 3696 1718 man·
3769 1727 3774 1738 ¹

2237 1745 2336 1820 sit,
2371 1744 2520 1824 quia
2563 1745 2738 1808 nulla
2776 1751 2925 1808 tunc
2957 1753 3094 1810 erat
3133 1747 3342 1810 hostia
3383 1759 3698 1823 consectam
3771 1775 3773 1786 ·

2239 1856 2606 1918 quanquam
2635 1839 2828 1902 etiam
2855 1840 2974 1902 hoc
3003 1841 3084 1902 sit
3104 1859 3221 1922 per
3243 1841 3540 1904 accident-2.
3563 1845 3700 1920 Adde,

2239 1932 2346 1992 illa
2369 1931 2562 1994 verba
2587 1932 2738 1994 satis
2765 1934 3016 2014 proprie
3046 1933 3318 2014 intelligi
3339 1934 3416 1995 de
3437 1943 3621 2014 morte,
3633 1956 3702 2016 per
3771 1983 3773 1986 ι

2242 2043 2434 2104 quam
2463 2025 2746 2088 Christus
2772 2027 3024 2108 proprie
3053 2028 3138 2090 ita
3184 2028 3436 2108 reliquit
3457 2031 3700 2108 mundum,
3773 2062 3776 2111 fi

2241 2125 2313 2180 ut
2349 2118 2418 2178 in
2448 2136 2524 2181 eo
2575 2136 2704 2180 non
2739 2121 3040 2184 manserit
3067 2121 3418 2184 secundum
3443 2121 3704 2186 humanis·
3773 2169 3776 2206 ᾖ

2241 2217 2396 2275 tem.
3773 2263 3775 2270 .

2323 2307 2384 2369 3.
2431 2305 2742 2381 Secundo,
2775 2314 3182 2387 argumentor
3209 2312 3529 2376 traditione
3553 2314 3704 2376 Conci·

2243 2399 2470 2462 liorum
2501 2405 2562 2460 et
2593 2401 2883 2474 Patrum3
2931 2402 2997 2464 in
3044 2403 3125 2466 VI
3165 2405 3342 2468 enim
3367 2408 3596 2488 synod„
3629 2415 3700 2468 act.
3770 2431 3778 2446 ·

2247 2498 2346 2568 Η,
2399 2511 2694 2574 expresse
2746 2495 2971 2558 dicitur
3019 2500 3438 2580 assumpsisse
3483 2502 3704 2562 Christum

2245 2589 2522 2670 corporis
2550 2590 3213 2670 circumscriptionem,
3243 2595 3392 2657 etin
3409 2596 3508 2656 vn
3523 2595 3702 2674 Synod„
3775 2651 3777 2656 .

2244 2687 2365 2744 act.
2411 2684 2474 2754 6,
2519 2688 2671 2744 tom.
2723 2685 2799 2758 6,
2833 2683 2941 2744 ubi
2975 2683 3315 2750 damnatur
3351 2705 3542 2750 nonus
3573 2705 3702 2750 canon
3777 2729 3780 2772 Ε

2243 2775 2648 2838 conciliabuli
2675 2771 3372 2857 constantinopolitani,
3423 2787 3483 2844 et
3526 2800 3588 2842 er
3619 2799 3704 2859 pro-

2243 2869 2408 2931 fesso
2456 2869 2642 2930 variis
2687 2868 3060 2932 testimoniis
3087 2871 3424 2954 Scripturae
3449 2874 3700 2956 probatur,
3773 2921 3779 2958 3

2241 2961 2578 3040 Christum,
2609 2970 2756 3025 ante
2779 2968 3008 3044 etpost
3028 2968 3561 3042 resurrectionem,
3584 2967 3704 3026 fuisse
3777 3017 3779 3028 .

2243 3059 2382 3120 loco
2397 3058 2744 3120 secundum
2763 3059 3224 3124 humanitatem
3237 3063 3572 3126 circumseri
3577 3069 3704 3141 ptum
3779 3091 3782 3148 ὲ

2245 3159 2308 3216 et
2354 3154 2633 3230 inferius,
2688 3157 2809 3216 act.
2865 3157 2899 3215 7
2917 3201 2940 3230 ,
2989 3163 3128 3236 post
3164 3155 3316 3220 fidei
3347 3158 3706 3228 definitionem,
3777 3201 3781 3222 2

2244 3247 2644 3310 anathemate
2691 3247 3001 3310 feriuntur
3049 3251 3156 3330 qui
3181 3249 3308 3312 hoc
3339 3255 3588 3330 negan13
3613 3247 3708 3310 etin
3775 3297 3781 3332 3

2241 3340 2474 3402 Concil.
2503 3343 2817 3414 Lateran.‚
2871 3343 2990 3402 sub
3039 3343 3286 3408 Mai-tin.
3326 3348 3384 3422 1,
3433 3339 3710 3406 can.-l:Si

2242 3439 2380 3515 quis
2421 3453 2539 3498 non
2563 3435 2883 3512 confitetur
2926 3435 3240 3504 Christum
3277 3438 3712 3515 circumsaeptum
3778 3483 3781 3488 .

2244 3547 2506 3610 corpore,
2539 3535 2594 3592 et
2619 3530 3212 3609 incircumscriptum
3243 3531 3467 3596 deitate
3486 3577 3500 3606 ,
3525 3531 3712 3594 conden-

2244 3627 2426 3685 παίω
2451 3623 2560 3686 sit.
2590 3623 2900 3684 Praeterea
2929 3622 3248 3686 exGraecis
3277 3625 3564 3694 PatribuS,
3587 3619 3712 3682 Atha-

2242 3731 2381 3777 nas.
2415 3722 2630 3778 contra
2662 3715 2916 3790 Arium,
2963 3715 3388 3796 disputatione
3416 3733 3598 3778 coram
3623 3713 3716 3773 Ρτο·

2241 3808 2350 3884 bc,
2375 3814 2530 3870 tom.
2555 3811 2620 3882 4,
2648 3825 2726 3870 ex
2755 3809 2874 3870 hac
2897 3809 3310 3889 proprietate,
3331 3810 3590 3890 corporis
3607 3805 3714 3866 Clui-

2243 3904 2320 3966 sti
2344 3903 2670 3966 veritatem
2695 3903 3022 3966 confirmat
3045 3923 3062 3976 3
3091 3905 3278 3983 Cyril.
3311 3905 3506 3979 Alex„
3531 3903 3619 3962 lib.
3638 3897 3711 3960 9in

2242 3997 2456 4070 Joan„
2508 4014 2566 4058 c.
2621 3999 2723 4072 2⁴,
2770 3995 2923 4057 dicit
2965 3997 3280 4058 Christum
3326 4013 3570 4076 corpore
3598 3989 3712 4052 nobis

2243 4091 2498 4164 abesse,
2545 4094 2610 4152 et
2645 4090 2968 4152 divinitate
3011 4107 3152 4152 esse
3195 4097 3579 4171 praesentem.
3604 4085 3714 4146 ldem

2243 4185 2473 4265 repetit
2507 4184 2616 4244 lib.
2657 4186 2724 4245 ll
2751 4227 2770 4258 ,
2817 4201 2876 4245 c.
2907 4186 3018 4255 213
3051 4190 3114 4245 et
3142 4183 3370 4246 similia
3395 4183 3570 4244 habet
3589 4173 3710 4254 Cyril·

2243 4278 2580 4356 Hierosol.,
2613 4279 2854 4340 catech.
2881 4281 2996 4352 143
3029 4283 3092 4340 et
3113 4277 3450 4354 Theodor.,
3477 4269 3711 4350 dialog-'32

2245 4372 2352 4450 qui
2402 4373 2594 4434 refert
2642 4373 2708 4432 in
2773 4372 3062 4433 eamdem
3115 4373 3486 4434 sententiam
3527 4369 3712 4442 Gregor-

2245 4469 2537 4547 Nyssen..
2569 4474 2726 4528 orat.
2754 4472 2970 4528 contra
2995 4468 3260 4530 Eunom.
3288 4487 3305 4543 3
3347 4473 3408 4530 et
3420 4455 3714 4530 Damasc.,3

2243 4560 2352 4622 lib.
2389 4561 2468 4622 de
2495 4559 2642 4622 fide.
2689 4577 2744 4621 c.
2777 4559 2816 4622 7
2848 4578 2862 4620 :
2899 4558 3114 4636 Came,
3159 4560 3388 4640 inquit,
3415 4554 3666 4622 minuitur
3683 4551 3718 4608 ct

2248 4654 2650 4730 contrahitur,
2691 4671 2834 4716 nam
2873 4654 3192 4718 secundum
3238 4652 3608 4721 divinitatem,
3641 4661 3716 4704 om·

2243 4762 2378 4808 nem
2428 4747 2661 4826 refugit
2709 4745 3326 4825 circumscriptionem
3343 4771 3371 4819 ,·
3415 4759 3577 4824 nequo
3611 4735 3716 4800 enim

2247 4856 2464 4919 corpus
2478 4857 2602 4902 una
2613 4856 2748 4902 oum
2765 4839 3104 4916 divinitate,
3129 4857 3250 4919 qua
3266 4828 3716 4906 incircumscripta

2246 4941 2358 5010 est,
2373 4951 2436 4996 se
2447 4933 2718 5012 pom-ipit
2741 4938 2798 4995 et
2817 4934 3106 4998 extendit.
3124 4932 3295 4994 Idem
3311 4933 3572 4994 Damaso.
3580 4924 3713 5000 ,orat

2246 5026 2325 5086 de
2352 5023 2655 5104 Transfig.
2689 5042 2703 5084 :
2742 5024 2998 5104 Corpus,
3035 5025 3240 5105 inquit
3259 5071 3280 5102 ,
3318 5023 3468 5088 illud
3487 5035 3609 5083 ease
3641 5011 3718 5114 ‘²:¹⁸'

2245 5120 2672 5198 cumscriptum
2719 5123 2774 5181 et
2815 5119 3132 5193 definitum
3177 5126 3308 5182 erat
3335 5144 3363 5192 ;
3413 5128 3576 5195 nequ
3611 5117 3718 5168 em

2246 5231 2380 5276 cum
2409 5214 2476 5274 iu
2513 5211 2752 5274 Thabor
2771 5215 2988 5287 staret,
3013 5217 3192 5274 eastra
3217 5217 3464 5274 montem
3487 5200 3716 5289 pertime-

2247 5307 2370 5381 bat,
2397 5311 2463 5368 at
2487 5307 2682 5368 deitas
2713 5311 2954 5387 captum
3001 5321 3230 5368 omnem
3269 5301 3574 5368 excedebat,
3593 5295 3716 5369 ΜΝ

2243 5401 2416 5465 ultra
2441 5400 2646 5464 omnia
2669 5405 2820 5462 erat.
2853 5401 2941 5460 Ex
2971 5399 3228 5474 LatiniS,
3264 5401 3418 5478 Aug.
3441 5439 3460 5468 ‚
3483 5403 3638 5454 serm·
3661 5377 3713 5439 53

2243 5494 2324 5556 de
2349 5492 2572 5555 Verbis
2593 5492 2862 5570 Domini,
2897 5492 3058 5554 circa
3089 5492 3244 5556 illud
3269 5493 3444 5555 Joan.
3467 5486 3570 5548 tt:
3601 5469 3712 5544 Va&
