3892 6167
1439 350 1758 406 mspuru.
1795 351 1961 406 XLVI.
1994 353 2165 408 SECT.
2200 356 2281 408 lv,

323 453 428 516 13.
473 450 763 518 Dubiam.
809 481 892 501 --
915 450 1264 531 Responsio.
1306 481 1388 500 --
1421 452 1536 516 Ubi
1589 451 1806 516 obser-

231 547 520 610 vandum
545 546 752 626 primo
771 551 890 619 est,
921 545 1230 609 Christum
1262 563 1390 608 non
1417 545 1611 608 fuisse
1644 545 1807 608 deci-

229 647 510 712 matum,
525 640 674 718 quia
691 655 820 702 non
841 657 956 701 con
965 639 1354 703 tinehaturin
1366 639 1598 704 lumbis
1611 642 1806 703 Abra-

227 732 370 809 hae,
399 732 751 796 secundum
777 733 1088 794 rationem
1120 733 1514 808 seminalem,
1539 733 1654 796 sed
1673 740 1802 797 tan-

231 835 380 890 tum
425 829 754 894 emnam
802 828 1210 908 corpulentam
1255 830 1682 903 substantiam,
1737 835 1806 892 ut

229 923 511 1003 August.
559 921 860 1002 loquitur,
885 922 1000 984 lib.
1037 924 1118 986 10
1162 921 1392 986 Genes-
1449 923 1530 985 ad
1584 921 1704 999 lit„
1741 941 1798 986 c.

231 1019 368 1091 203
402 1023 466 1080 et
483 1017 558 1078 D.
579 1016 805 1078 Thom.
837 1015 1024 1088 infra,
1055 1033 1120 1095 q.
1173 1017 1274 1090 31,
1307 1021 1426 1078 art.
1477 1017 1537 1078 8.
1571 1015 1805 1078 Secun-

231 1111 355 1186 do,
387 1115 486 1172 est
521 1109 1006 1178 observandum.
1038 1109 1314 1172 litteram
1345 1110 1572 1172 Genea.
1603 1109 1804 1172 videri

229 1222 432 1284 possa
461 1203 822 1284 ambiguam
855 1204 948 1281 (ut
981 1203 1150 1265 Hier.
1175 1219 1364 1284 supra
1383 1203 1682 1282 notavit);
1715 1202 1804 1266 sic

229 1301 412 1362 enim
439 1299 662 1362 habet:
689 1300 780 1365 At
800 1318 937 1363 vero
965 1299 1540 1375 Hachtmann&
1565 1297 1801 1376 Salen,

222 1396 556 1476 proferens
600 1412 818 1474 panem
858 1401 915 1460 et
965 1395 1210 1470 vinam,
1255 1399 1418 1467 etc.;
1465 1400 1530 1456 et
1582 1399 1804 1474 postea

227 1490 458 1552 subdit
488 1505 506 1551 t
539 1490 631 1552 Bc
655 1489 815 1554 dedit
841 1490 898 1552 ei
923 1488 1184 1552 &cimas
1209 1505 1282 1551 etc
1312 1488 1583 1550 omnibus
1603 1513 1629 1560 ,·
1673 1505 1805 1550 nou

229 1586 516 1664 explicat
555 1592 768 1647 autem
806 1590 946 1645 uter
993 1583 1169 1644 alteri
1227 1580 1494 1644 dederit.
1547 1581 1804 1661 Propter

227 1683 416 1761 quod
443 1680 728 1743 nonnulli
755 1699 832 1743 ex
861 1678 1138 1742 Hebraeis
1179 1677 1568 1740 contendunt
1597 1677 1804 1757 potius

223 1773 704 1837 Melchisedech
737 1773 984 1835 dedisse
997 1770 1276 1834 decimas
1293 1789 1422 1834 snoe
1441 1771 1804 1834 substantiae

223 1871 625 1946 AbrahamO,
683 1869 832 1948 quia
861 1869 984 1930 hoc
1039 1867 1240 1948 magis
1274 1867 1524 1929 videtur
1579 1883 1804 1927 sonare

231 1963 400 2025 ordo
453 1969 516 2024 et
563 1969 888 2024 contextus
935 1959 1179 2023 litterae.
1219 1960 1340 2023 Sed
1393 1959 1805 2021 nihilominus

225 2063 487 2119 eertum
515 2061 610 2120 est
635 2055 950 2118 Abraham
977 2054 1230 2118 dedisse
1253 2055 1530 2116 decimas
1557 2053 1807 2118 Melchi-

225 2151 503 2227 sedech,
535 2167 612 2214 ex
641 2151 932 2214 omnibns
985 2151 1200 2228 spoliis
1239 2165 1379 2229 quae
1422 2167 1499 2210 ex
1523 2147 1805 2210 hostibus

227 2246 645 2324 reportabat3
679 2245 952 2324 primum
981 2243 1153 2322 quod
1181 2243 1268 2304 ita
1299 2249 1574 2322 exponat
1599 2242 1799 2315 Paul„

227 2339 321 2399 ad
353 2339 508 2400 Heb.
544 2343 603 2413 7,
637 2336 744 2419 qui
771 2343 988 2398 tamen
1014 2355 1156 2398 cum
1178 2336 1456 2399 Hebraeis
1479 2335 1800 2410 scriberet,

227 2449 374 2494 non
401 2433 496 2495 eis
521 2439 866 2514 exponeret
895 2432 1302 2512 Scriptorum,
1333 2431 1456 2492 nisi
1491 2431 1676 2510 juxta
1703 2448 1802 2490 re-

231 2532 498 2606 ceptum
531 2525 704 2606 apud
737 2525 1038 2604 antiquos
1065 2525 1360 2586 Hebraeos
1385 2541 1662 2585 sensum.
1691 2523 1802 2585 Se·

233 2619 476 2691 cundo,
507 2637 870 2700 quanquam
899 2619 972 2680 D.
1009 2619 1430 2698 Hieronymus
1481 2635 1672 2698 supra
1711 2616 1803 2678 di-

233 2720 370 2789 cat,
401 2715 588 2776 etiam
617 2713 786 2794 apud
813 2712 1221 2794 Septuaginta
1251 2713 1614 2794 ambiguam
1663 2729 1798 2774 esse

233 2809 540 2881 litteram,
573 2813 786 2870 tamen
816 2817 1004 2889 prout
1041 2825 1210 2869 nunc
1253 2809 1566 2888 reperitur
1601 2807 1664 2868 in
1705 2807 1801 2868 Bi-

231 2903 384 2964 hliis
431 2903 997 2983 Complutensibus‚
1029 2901 1206 2964 nulla
1251 2911 1346 2964 est
1397 2902 1795 2982 ambiguitas,

236 2999 334 3058 sic
366 2997 534 3058 enim
574 2997 810 3060 habent
837 3013 856 3059 z
881 2997 978 3062 Et
1016 2997 1176 3062 aedit
1207 2998 1264 3060 ei
1295 2995 1610 3060 soranam
1645 2995 1803 3059 deci-

235 3107 380 3156 mas
403 3107 480 3155 σω
507 3093 799 3169 omuibus,
829 3090 1002 3170 quod
1033 3092 1220 3153 etiam
1259 3093 1476 3169 aperte
1517 3089 1673 3152 dixit
1697 3089 1802 3151 Jo-

237 3185 454 3267 seph.,
487 3183 595 3250 lib.
630 3191 660 3248 1
694 3187 1022 3268 Antiquit„
1076 3203 1213 3268 cap.
1261 3189 1357 3265 18,
1407 3185 1506 3248 his
1532 3184 1797 3264 {verbist

235 3281 290 3344 A
307 3277 556 3345 iraham
573 3295 712 3345 cero
739 3281 916 3346 danto
937 3283 992 3347 οἱ
1011 3284 1270 3346 decimas
1297 3280 1650 3360 spoliorum,
1673 3297 1800 3342 mu-

233 3393 360 3439 nus
387 3375 637 3458 accepit.
669 3379 895 3449 Tertio,
927 3393 1004 3440 ex
1031 3380 1170 3458 ipsa
1209 3377 1415 3439 littera
1456 3380 1663 3453 potest
1691 3391 1799 3434 va-

235 3471 354 3530 riis
387 3472 591 3534 modis
617 3475 866 3556 colligi:
895 3479 1028 3536 tum
1075 3473 1225 3552 quia
1275 3470 1564 3532 absolute
1610 3468 1794 3542 dicet,

231 3583 314 3628 ese
337 3571 632 3648 omnibus,
653 3573 898 3634 videtur
919 3570 1107 3652 plane
1134 3571 1370 3634 referre
1397 3585 1500 3630 res
1529 3567 1795 3646 aliquas,

233 3662 324 3721 de
356 3665 588 3742 quibus
626 3667 792 3730 facta
833 3665 1038 3729 fuerat
1083 3667 1348 3740 mentio:
1379 3681 1505 3726 non
1555 3663 1800 3727 dixerat

232 3761 454 3818 antem
479 3759 934 3824 Melchisedech
971 3761 1247 3824 attulisse
1275 3777 1379 3822 res
1421 3759 1682 3839 aliquae,
1723 3775 1800 3818 ex

233 3850 471 3932 quibus
513 3853 789 3917 decimas
832 3856 1121 3932 solveret,
1172 3855 1252 3916 de
1303 3853 1660 3916 Abrahamo
1689 3867 1799 3912 au-

230 3955 370 4008 tem
427 3947 668 4013 dixerat
701 3949 1029 4012 reduxisse
1079 3965 1332 4010 omnem
1379 3947 1795 4008 substantiam

231 4041 682 4118 Sodomorum,
707 4051 766 4106 et
789 4045 944 4108 Loth
981 4043 1190 4106 fratris
1217 4044 1333 4117 sui,
1365 4045 1428 4104 et
1465 4042 1740 4103 hostium
1772 4063 1788 4116 ;

231 4137 318 4198 ad
347 4137 481 4199 haec
520 4155 670 4219 ergo
718 4141 912 4219 spolia
963 4139 1033 4201 fit
1080 4137 1326 4214 relatio,
1377 4155 1522 4199 cum
1567 4137 1795 4199 dicitur

231 4229 486 4293 dedisse
541 4234 820 4294 omnium
865 4233 1349 4308 decimas3tnm
1407 4232 1595 4294 etiam
1643 4233 1792 4310 quia

228 4323 592 4406 proedicitur
616 4327 1080 4390 Melchisedech
1121 4327 1320 4388 fuisse
1361 4326 1788 4400 sacerdotem3

229 4439 363 4481 non
397 4425 490 4481 est
517 4427 728 4482 autem
760 4420 1100 4484 sacerdotis
1138 4421 1314 4496 dare,
1367 4421 1480 4482 sed
1508 4421 1790 4499 recipere

229 4513 535 4576 decimas.
565 4511 873 4595 Denique,
903 4533 1046 4577 cum
1075 4514 1268 4576 David
1291 4513 1454 4576 dicat
1479 4513 1790 4576 Christum

224 4607 424 4671 fuisse
453 4607 845 4672 sacerdotem
873 4611 1193 4674 secundum
1229 4607 1493 4672 ordinem
1533 4609 1790 4673 Melchi-

225 4703 458 4774 sedech,
484 4711 724 4766 constat
749 4701 928 4766 illum
953 4703 1144 4764 fuisse
1173 4702 1560 4783 superiorem
1578 4708 1640 4764 et
1663 4721 1791 4764 ma-

218 4797 452 4876 jorem,
488 4805 676 4878 atque
721 4797 880 4862 adeo
905 4797 992 4860 illi
1027 4795 1206 4861 datas
1237 4817 1376 4861 csse
1405 4797 1705 4860 decimas,

295 4889 410 4953 u.
462 4890 742 4973 Objectio.
773 4892 1094 4955 ——Dicest
1147 4891 1462 4956 Abraham
1511 4898 1645 4955 erat
1691 4911 1789 4956 sa·

223 4985 448 5047 cerdos
502 4985 660 5064 legis
707 4993 946 5049 naturas
990 5034 1005 5061 ‚
1057 4987 1570 5068 quandoquidem
1623 4996 1790 5052 esset

221 5077 709 5160 primogenitus,
739 5087 809 5143 ut
831 5080 1146 5161 colligitur
1173 5099 1248 5144 ex
1263 5081 1524 5146 Genesis
1541 5085 1604 5144 Η
1631 5103 1650 5159 3
1675 5083 1786 5145 sed

223 5191 447 5235 omnes
487 5173 886 5256 primogeniti
945 5191 1022 5237 ex
1055 5177 1244 5257 stirpe
1297 5177 1428 5241 Noe
1483 5184 1662 5240 erant
1707 5193 1783 5240 eo

219 5273 506 5345 tempore
535 5267 896 5331 sacerdotes
927 5259 1242 5352 (utsupra
1286 5287 1430 5332 cum
1477 5269 1786 5352 Hierony-

217 5377 324 5420 mo
364 5357 661 5442 diximus)
680 5377 703 5443 3
741 5369 875 5426 erat
925 5379 1075 5446 ergo
1123 5363 1454 5437 sacerdos;
1503 5364 1672 5426 unde
1721 5372 1784 5429 et

217 5471 384 5534 saepe
431 5449 728 5535 legimus„
761 5455 966 5538 ipsum
1005 5455 1310 5520 obtulisse
1363 5457 1778 5536 sacrificium3

219 5561 373 5626 ergo
427 5545 494 5609 in
547 5547 852 5629 dignitate
905 5551 1275 5614 sacerdotali
1333 5555 1469 5613 erat
1525 5550 1780 5632 aequalis

3329 349 3447 412 459

1883 453 2343 518 Melchisedech
2370 476 2387 530 ;
2448 473 2561 518 cur
2610 471 2765 532 ergo
2818 453 2996 516 illum
3048 459 3115 516 ut
3166 453 3449 532 superio·

1887 566 2025 610 rem
2076 556 2411 614 veneratus
2476 555 2571 614 est
2618 553 2642 610 ‘2
2690 547 3063 628 Respondeo
3128 547 3399 626 primum
3428 591 3445 618 ,

1891 644 2040 721 quia
2089 651 2226 708 erat
2276 644 2611 719 sacerdos,
2650 649 2717 706 et
2768 643 3135 722 progenitor
3180 641 3354 720 ejus,
3384 645 3449 701 et

1889 737 2187 800 credibile
2233 744 2349 812 est,
2375 739 2441 800 ia
2496 737 2792 808 Ecclesia,
2843 753 2985 814 quas
3028 749 3280 813 semper
3320 751 3448 796 una

1883 831 2025 907 fuit,
2049 839 2367 896 servatum
2396 831 2761 896 etiamtunc
2790 847 2929 892 esse
2956 827 3293 908 quemdam
3314 845 3447 888 mo·

1889 928 2043 989 dum
2092 929 2327 990 ordinis
2362 927 2755 1000 hierarchici,
2792 932 2982 1004 atque
3015 925 3103 987 ita
3132 923 3445 986 seniorem

1886 1027 1951 1084 et
1980 1023 2487 1102 antiquissimum
2528 1022 2917 1086 sacerdotem
2956 1037 3027 1082 ac
3070 1017 3449 1100 primogeni-

1884 1122 2020 1178 tum
2052 1118 2209 1192 Noe,
2238 1116 2435 1182 fuisse
2464 1115 2657 1180 veluti
2684 1113 3071 1177 sacerdotem
3098 1128 3443 1186 summum,
3478 1157 3485 1166 .

1885 1227 2085 1290 quem
2130 1229 2349 1278 omnes
2418 1219 2488 1274 ut
2550 1211 2933 1290 superiorem
2994 1205 3442 1287 suspiciebant.

1887 1305 2129 1370 Deinde
2174 1305 2471 1370 credibile
2508 1311 2625 1380 est,
2658 1303 2976 1366 Abraham
3012 1300 3343 1380 agnovisse
3372 1297 3447 1360 fi-

1887 1417 2109 1481 guram
2126 1407 2190 1464 et
2204 1401 2598 1480 mysterium,
2620 1399 2759 1461 etin
2775 1393 3225 1460 Melchisedech
3242 1391 3447 1456 Chris-

1885 1501 2021 1556 tum
2048 1495 2255 1576 ipsum
2278 1497 2473 1560 fuisse
2498 1499 2893 1566 veneratum,
2924 1490 3249 1566 illumque,
3284 1485 3447 1550 scili-

1885 1597 1986 1654 cet
2009 1591 2491 1664 Melchisedech,
2522 1587 2961 1669 recognovisse
3008 1589 3079 1644 ut
3112 1582 3440 1661 maiorem,

1889 1706 2019 1750 non
2052 1689 2253 1750 solum
2284 1695 2539 1770 propter
2560 1687 2625 1750 id
2644 1685 2817 1766 quod
2844 1687 3002 1754 erat,
3034 1678 3147 1742 sed
3172 1677 3444 1740 maxime

1887 1789 2143 1862 propter
2168 1785 2234 1847 id
2261 1784 2433 1862 quod
2472 1778 2986 1863 reproesentabat.

1968 1882 2067 1940 15.
2114 1881 2329 1954 Sexto,
2370 1879 2487 1942 fuit
2531 1875 2873 1940 similitudo
2907 1875 3037 1936 hoec
3076 1887 3193 1934 seu
3238 1869 3443 1948 figura

1885 1973 2091 2053 posita
2112 1973 2179 2034 in
2198 1975 2517 2038 oblatione
2544 1974 2724 2054 panis
2746 1978 2807 2034 et
2839 1968 2987 2046 vini,
3019 1986 3135 2048 per
3158 1981 3349 2046 quam
3378 1970 3444 2026 et

1886 2071 2016 2132 Deo
2046 2070 2279 2150 gratias
2298 2069 2448 2151 egit,
2480 2075 2543 2132 et
2570 2067 2795 2130 milites
2824 2083 2861 2128 e
2881 2066 2985 2126 via
3002 2063 3202 2126 fessos
3232 2077 3442 2124 recre-

1885 2163 2037 2235 avit,
2066 2165 2207 2244 post
2230 2163 2557 2227 victoriam
2586 2163 2666 2225 de
2698 2160 2971 2223 inimicis
2992 2162 3263 2239 partam,
3296 2171 3439 2235 quae

1883 2258 2005 2321 fuit
2028 2257 2232 2338 figura
2256 2257 2541 2321 sacrificii
2576 2255 2884 2319 incruenti
2916 2253 3193 2332 corporis
3218 2248 3438 2313 Christi

1883 2353 2005 2414 sub
2034 2353 2363 2432 speciebus
2382 2353 2563 2431 panis
2591 2356 2653 2414 et
2678 2350 2831 2424 vini,
2870 2347 3041 2427 quod
3086 2351 3151 2408 et
3190 2346 3322 2406 Deo
3352 2341 3443 2406 ot·-

1881 2445 2103 2520 fertur‚
2135 2453 2197 2510 et
2220 2446 2515 2509 fidelibus
2540 2445 2767 2510 Christi
2790 2441 3089 2506 militibus
3128 2444 3273 2518 post
3296 2455 3440 2518 par-

1879 2545 2013 2602 tam
2044 2541 2125 2603 de
2153 2539 2425 2622 peccatis
2452 2541 2775 2603 victoriam
2804 2539 2867 2598 in
2908 2536 3274 2598 alimentum
3320 2532 3441 2612 spi-

1883 2635 2109 2697 rituale
2134 2635 2317 2700 cedit.
2343 2633 2419 2698 Et
2446 2637 2552 2711 ita,
2586 2635 2745 2696 sicut
2800 2629 3261 2696 conditionibus
3298 2643 3437 2707 per-

1883 2745 2053 2792 sonas
2080 2745 2210 2792 sum
2250 2729 2671 2810 proessguravit
2711 2725 3171 2792 Melchisedech
3209 2719 3437 2786 Christi

1881 2839 2240 2905 personam,
2276 2825 2362 2887 ita
2411 2841 2527 2890 sna
2577 2823 2897 2886 oblatione
2945 2819 3170 2885 Christi
3206 2815 3439 2880 saorffi-

1882 2919 2051 2980 cium
2080 2919 2475 2982 adumbravit
2498 2935 2516 2997 ;
2542 2935 2693 2981 nam
2715 2935 2859 2982 cum
2886 2915 3239 2998 praecipuus
3264 2917 3438 2974 actus

1883 3013 2225 3076 sacerdotis
2246 3013 2325 3076 sit
2349 3012 2741 3089 sacrificium,
2771 3029 2899 3074 non
2919 3010 3141 3072 fuisset
3162 3005 3439 3088 perfecta

1883 3109 2211 3170 sacerdotii
2241 3109 2739 3190 repraesentatio,
2764 3107 2888 3170 nisi
2916 3105 3099 3169 simul
3128 3103 3323 3185 ipsius
3346 3117 3441 3162 sa-

1883 3201 2098 3264 crificii
2134 3203 2339 3284 figura
2368 3205 2843 3266 intercessisset.

1966 3299 2065 3358 16.
2094 3299 2381 3360 Dubium.
2398 3329 2481 3346 ·-·
2496 3297 2847 3376 Responsio.
2867 3327 2947 3344 -·-
2971 3291 3066 3357 Ad
3092 3292 3437 3368 interroga-

1879 3393 2119 3455 tionem
2140 3407 2289 3454 vero
2308 3409 2448 3472 quae
2480 3407 2668 3472 supra
2698 3390 3131 3470 objiciebatur,
3153 3405 3263 3450 cur
3280 3385 3441 3449 Pau-

1880 3488 1981 3550 lus
2014 3487 2203 3565 hujus
2238 3487 2471 3548 ultimas
2509 3485 2926 3548 similitudinis
2956 3499 3085 3544 non
3131 3481 3438 3543 memine-

1879 3581 1981 3656 rit,
2020 3581 2527 3660 respondendum
2564 3584 2681 3654 est,
2715 3577 3081 3658 Apostolum
3110 3591 3239 3636 non
3266 3589 3438 3636 sum-

1881 3677 2081 3756 psisse
2106 3693 2338 3736 munus
2384 3673 2728 3755 explicandi
2770 3672 2982 3734 omnia
3026 3670 3257 3750 quibus
3287 3665 3438 3732 Mel-

1881 3769 2217 3831 chisedech
2244 3769 2560 3831 Ghristum
2582 3765 2895 3847 figuravit,
2921 3764 3028 3826 sed
3052 3763 3257 3826 solum
3290 3777 3437 3843 per-

1879 3863 2187 3925 suadendi
2224 3863 2639 3925 sacerdotium
2668 3860 2893 3924 Christi
2917 3875 3056 3921 esse
3098 3857 3435 3940 perfectius

1879 3957 2191 4020 Aaronico
2207 3973 2226 4035 3
2260 3963 2321 4019 et
2344 3956 2498 4019 illud
2522 3971 2661 4018 esse
2690 3960 3013 4026 aternum,
3048 3953 3169 4014 hoc
3196 3959 3434 4031 tempo-

1875 4051 2031 4128 rale,
2064 4057 2126 4113 et
2156 4069 2267 4132 per
2286 4050 2439 4112 illud
2470 4047 2905 4112 auferendum.
2935 4049 3015 4108 Et
3038 4047 3120 4108 ad
3148 4047 3265 4107 hoc
3292 4063 3434 4126 pro·

1875 4145 2153 4207 bandum
2204 4161 2357 4206 usus
2409 4148 2505 4206 est
2552 4143 2758 4223 figura
2802 4139 3256 4203 Melchisedech
3284 4183 3303 4215 ,
3358 4157 3432 4201 ac

1874 4245 2209 4321 propterea
2241 4245 2481 4302 tantum
2523 4237 2589 4299 in
2632 4235 2739 4298 illa
2768 4233 3139 4314 ponderavit
3178 4249 3319 4312 quse
3348 4233 3431 4294 ad

1874 4333 2037 4394 hanc
2066 4332 2476 4396 aeternitatem
2521 4339 2584 4394 et
2623 4329 3058 4393 excellentiam
3100 4327 3431 4390 sacerdotii

1871 4427 2098 4490 Christi
2161 4425 2642 4508 significandum
2713 4421 2949 4486 referre
3011 4421 3426 4498 videbantur3

1871 4521 2020 4600 quia
2050 4521 2239 4600 igitur
2262 4517 2599 4582 similitudo
2630 4519 2693 4580 in
2720 4517 2837 4580 ritu
2865 4505 3254 4578 sacrificandi
3274 4513 3425 4576 nihil

1871 4613 1954 4676 ad
2000 4615 2121 4676 hoc
2164 4613 2554 4694 pertinebat,
2607 4612 2777 4674 illam
2836 4609 3434 4692 praetermittendam·

1871 4707 2149 4780 censuit,
2188 4708 2532 4787 praesertim
2578 4705 2823 4786 (inquit
2863 4704 3327 4785 Hieronymus)
3357 4719 3429 4767 ne

1871 4801 2125 4865 daretur
2148 4805 2422 4864 sanctum
2452 4801 2703 4864 canibus
2720 4822 2748 4871 ,·
2790 4797 3103 4860 scribebat
3144 4797 3313 4859 enim
3342 4795 3428 4858 ad

1871 4895 2170 4956 Hebraeos
2196 4895 2482 4956 nondum
2527 4893 2787 4957 fortasse
2814 4893 3160 4962 credentes,
3192 4897 3255 4954 et
3280 4891 3423 4954 ideo

1868 4987 2069 5050 noluit
2098 4987 2497 5069 interponere
2526 5005 2883 5050 sermonem
2920 4987 3001 5049 de
3030 4989 3423 5050 sacramento

1865 5081 2294 5158 Eucharistiae,
2326 5081 2569 5144 creditu
2596 5079 2990 5156 difficillimo,
3036 5099 3117 5143 ne
3156 5080 3422 5141 fortasse

1867 5176 2003 5238 sine
2032 5175 2409 5238 necessitate
2428 5181 2493 5238 et
2512 5173 2975 5254 opportunitate
3004 5177 3097 5236 tot
3122 5171 3423 5254 mysteria

1866 5271 1960 5332 eis
1988 5267 2419 5350 proponendo,
2446 5267 2585 5330 illos
2614 5268 2927 5330 obrueret.
2962 5265 3143 5330 Unde
3171 5273 3234 5328 et
3252 5266 3423 5346 ipse-

1863 5369 1995 5425 met
2018 5363 2407 5442 praemiserat
2434 5361 2739 5442 grandem
2762 5377 2901 5422 esse
2930 5360 3011 5422 de
3030 5359 3271 5423 Christo
3295 5375 3422 5421 ser-

1861 5471 2141 5532 monem,
2174 5463 2237 5519 et
2266 5473 2395 5532 eos,
2428 5455 2508 5518 ad
2538 5473 2697 5535 quos
2726 5455 3040 5517 scrihebat
3064 5501 3081 5530 ‚
3137 5469 3275 5516 esse
3306 5453 3420 5514 im·

1861 5549 2113 5612 becilles
2141 5551 2220 5612 ad
2236 5549 2642 5612 audiendum.
2668 5547 2865 5625 Adde,
2893 5565 3087 5610 unum
3120 5563 3195 5610 ex
3222 5547 3419 5626 signis
