3892 6167
446 363 569 424 310

449 475 651 549 ptam,
683 483 872 546 qnam
907 468 1078 529 recte
1111 465 1204 530 ibi
1229 471 1456 528 tractat
1487 467 1761 544 Pereira,
1803 470 1868 528 et
1894 463 2006 526 lib.

451 565 553 639 12,
570 579 650 624 ex
672 563 745 622 D.
771 562 1034 636 Thema,
1059 564 1090 621 1
1124 579 1210 642 p.,
1246 579 1307 639 q.
1337 563 1476 637 113,
1509 568 1625 625 art.
1657 565 1714 634 7,
1747 556 1813 622 ei.
1834 559 2003 631 aliis;

449 671 606 735 ergo
663 671 741 716 ex
792 654 1093 734 praedicta
1141 653 1473 733 hypothesi
1522 673 1649 715 non
1697 657 2010 733 repugnat

447 748 694 811 Christo
723 747 803 810 de
831 747 1112 827 potentia
1137 746 1424 808 absoluta
1453 747 1668 808 similis
1697 746 2001 827 operatio.

449 843 630 903 Dices
649 885 670 916 ,
706 841 948 904 Christo
977 843 1232 920 propter
1261 841 1558 902 unionem
1588 840 1803 902 deberi
1831 839 2007 918 quod

441 937 740 997 voluntas
783 935 922 1014 ejus
969 936 1245 994 humana
1273 933 1373 1010 ‚ita
1415 933 1798 1013 gubernetur
1833 951 1872 994 a
1915 933 2008 994 di-

447 1028 616 1102 vina,
647 1034 719 1092 ut
745 1029 934 1090 etiam
963 1027 1016 1088 si
1043 1045 1171 1088 non
1195 1035 1496 1106 agnoscat
1518 1045 1630 1107 per
1654 1027 2008 1090 humanita-

449 1127 580 1184 tem
605 1120 758 1201 quid
786 1123 954 1183 Deus
981 1119 1046 1180 in
1073 1117 1286 1200 aliquo
1305 1122 1562 1200 negotio
1591 1121 1879 1193 voluerit,
1909 1121 2009 1181 ni-

448 1216 790 1278 hilominus
839 1217 904 1276 in
951 1231 1019 1276 re
1065 1231 1317 1295 semper
1359 1216 1510 1278 velit
1564 1215 1898 1278 efficaciter
1939 1215 2008 1276 id

447 1311 616 1389 quod
649 1313 818 1372 Deus
843 1310 1069 1382 voluit;
1113 1327 1262 1370 nam
1293 1309 1429 1371 hoec
1457 1309 1858 1371 conformitas
1873 1324 2008 1370 non

447 1404 650 1466 solum
677 1421 754 1465 ex
774 1404 1188 1485 praescientia,
1219 1405 1329 1465 sed
1349 1405 1541 1465 etiam
1567 1421 1646 1466 ex
1669 1404 2007 1466 intrinseco

443 1499 754 1577 regimine
805 1505 900 1560 est
948 1513 1180 1576 magna
1231 1497 1554 1576 perfectio.
1609 1498 2007 1577 Respondeo‚

443 1593 724 1672 potuisse
762 1592 1020 1672 quidem
1051 1593 1136 1654 ita
1163 1591 1340 1665 fieri,
1381 1609 1648 1672 esseque
1679 1593 1828 1654 satis
1856 1607 2009 1652 con-

435 1691 827 1747 sentaneum
871 1685 1114 1762 unioni,
1167 1693 1231 1748 et
1275 1685 1564 1765 dignitati
1603 1685 2011 1748 humanitatis

445 1785 784 1858 assumptae
809 1823 825 1852 ,
875 1795 1004 1838 non
1031 1783 1246 1840 tamen
1287 1795 1427 1840 esse
1461 1781 1550 1841 ita
1579 1781 2009 1842 necessarium

445 1873 601 1952 quin
627 1872 710 1934 da
739 1873 1014 1953 potentia
1045 1869 1331 1934 absoluta
1358 1873 1494 1934 fieri
1521 1873 1693 1934 aliud
1713 1873 2006 1953 potuerit,

445 1973 520 2027 ut
546 1965 782 2028 dictum
810 1973 926 2040 est,
962 1967 1109 2045 quia
1139 1967 1376 2028 nullam
1403 1969 1887 2046 repugnantiam
1917 1969 2010 2029 in·

443 2059 659 2136 volvit,
690 2075 808 2121 nec
835 2059 1370 2138 imperfectionem
1396 2104 1411 2135 ,
1453 2067 1563 2122 aut
1585 2061 2009 2124 indecentiam

447 2153 727 2232 aliquam
779 2153 1006 2214 divinae
1056 2153 1318 2214 bonitati
1368 2171 1442 2214 ac
1483 2155 1787 2216 voluntati
1827 2171 2011 2234 repu-

445 2254 770 2327 gnantem.
823 2249 904 2308 At
929 2261 1110 2320 vero,
1151 2247 1471 2327 supposita
1501 2249 1758 2310 scientia
1786 2247 2011 2309 volun-

441 2339 588 2402 tatis
617 2339 870 2414 divinae,
901 2355 1091 2419 quam
1129 2341 1340 2400 anima
1371 2339 1593 2404 Christi
1620 2341 1854 2415 habuit,
1891 2343 2009 2402 im·

440 2433 738 2514 possibile
763 2433 882 2494 fuit
907 2433 1144 2494 habere
1171 2445 1384 2494 actum
1413 2435 1795 2496 contrarium
1823 2455 1838 2508 ;
1869 2437 2011 2515 quis

445 2527 616 2588 enim
651 2533 860 2605 potest
885 2533 1030 2587 actu
1056 2526 1295 2588 efficaci
1334 2529 1550 2589 conari
1577 2535 1796 2590 contra
1825 2529 2011 2590 abso-

443 2617 644 2680 lutam
667 2618 776 2679 Dei
794 2618 1180 2679 voluntatem
1203 2615 1324 2678 sibi
1343 2621 1659 2698 cognitam
1681 2625 1708 2681 'l
1735 2629 1844 2682 aut
1867 2621 2009 2700 quis

445 2712 738 2773 cordatus
771 2718 832 2773 et
857 2710 1134 2792 prudens
1168 2711 1236 2772 id
1261 2711 1515 2789 faceret,
1549 2715 1838 2792 quamvis
1867 2731 2009 2794 pos·

446 2808 589 2866 set?
633 2803 814 2868 Unde
857 2805 961 2866 hic
1003 2804 1462 2866 accommodari
1507 2813 1772 2886 possunt
1821 2807 2011 2870 verba

442 2896 550 2958 illa
573 2899 758 2960 Joan.
785 2900 854 2960 5:
877 2897 1083 2962 Filius
1109 2917 1150 2964 a
1174 2917 1238 2965 ee
1269 2917 1389 2964 non
1405 2903 1600 2979 potest
1615 2905 1811 2978 facere
1839 2902 2012 2981 quid-

443 3007 625 3073 quam
646 3037 666 3068 ,
695 2991 816 3054 nisi
843 2993 1000 3072 quod
1025 2993 1244 3057 videm
1271 2995 1523 3058 Patrem
1545 2995 1860 3064 facientem
1883 3039 1899 3068 ‚
1940 2999 2011 3055 ut

445 3085 634 3163 cyril.
669 3085 965 3164 exponit,
1007 3086 1168 3149 libro
1197 3087 1512 3158 secundo,
1557 3103 1697 3165 cap.
1743 3090 1858 3149 135
1880 3103 1900 3165 3
1947 3095 2015 3149 et

449 3176 767 3256 chrysost.
789 3222 806 3250 ‚
839 3179 1010 3239 hom.
1041 3181 1144 3242 37.
1192 3183 1409 3260 Neque
1436 3187 1656 3242 contra
1683 3179 1806 3242 hoc
1827 3187 2014 3260 urget

447 3272 609 3334 ratio
639 3271 803 3334 Scoti
826 3318 843 3347 ,
871 3273 1022 3352 quia
1043 3319 1058 3347 ‚
1089 3275 1236 3337 licet
1261 3275 1472 3336 anima
1499 3273 1724 3335 Christi
1755 3291 1868 3353 per
1893 3275 2013 3335 aii·-

443 3381 637 3445 quam
661 3365 1022 3429 inferiorem
1047 3369 1376 3430 scientiam
1405 3367 1680 3448 potuerit
1697 3385 1824 3428 non
1849 3385 2009 3430 sem·

436 3477 556 3540 per
579 3463 723 3522 actu
751 3461 1147 3524 considerare
1175 3479 1428 3524 omnem
1453 3463 1765 3524 rationem
1793 3463 2011 3525 volen-

439 3553 508 3614 di
547 3554 646 3615 vel
686 3554 942 3616 nolendi
979 3562 1273 3633 mortem,
1319 3573 1528 3636 neque
1565 3571 1820 3617 omnem
1853 3555 2009 3618 divi·-

441 3648 592 3708 n'am
626 3647 1010 3709 voluntatem
1039 3694 1059 3725 ,
1109 3655 1322 3712 tamen
1363 3649 1727 3729 simpliciter
1755 3665 2011 3728 semper

441 3741 582 3802 haec
629 3742 839 3802 omnia
882 3742 1300 3805 consideravit
1341 3758 1454 3822 per
1492 3744 1768 3820 aliquam
1805 3743 2010 3804 scien-

441 3831 620 3908 tiam,
651 3839 714 3896 et
739 3835 878 3896 ideo
903 3851 1228 3915 nunquam
1254 3837 1458 3915 potuit
1481 3836 1546 3896 in
1577 3835 1800 3898 eodem
1829 3834 2010 3895 intel·

436 3925 604 3988 lectu
634 3928 866 3990 habere
887 3927 1200 4008 judicium
1231 3931 1538 4010 prudens,
1577 3943 1702 4007 quo
1733 3935 2009 3990 moveret

437 4021 828 4083 voluntatem
871 4021 951 4083 ad
987 4023 1180 4084 talem
1209 4027 1420 4085 actum
1455 4023 1776 4084 efficacem
1803 4026 1870 4082 et
1897 4019 2009 4081 ab·

438 4115 748 4189 solutum;
791 4115 938 4195 quia
957 4117 1264 4195 judicium
1285 4117 1631 4197 prudentiae
1655 4114 1844 4177 debet
1867 4131 2007 4177 esse

439 4223 792 4271 connexum
830 4227 974 4271 cum
1011 4211 1288 4291 perfecta
1331 4211 1591 4275 scientia
1629 4217 1694 4273 et
1719 4209 2009 4272 conside-

435 4301 678 4362 ratione
720 4303 1070 4364 intellectus
1094 4349 1110 4378 ,
1163 4311 1228 4366 et
1265 4305 1407 4366 ideo
1445 4323 1698 4384 semper
1731 4307 2014 4366 versatur

441 4391 606 4456 circa
635 4395 698 4456 id
716 4396 903 4474 quod,
935 4397 1218 4475 pensatis
1243 4399 1560 4470 omnibus,
1595 4403 1692 4458 est
1719 4395 2009 4476 possibile

441 4492 504 4549 et
531 4487 891 4566 expediens.
945 4489 1250 4561 Quocirca
1281 4507 1354 4551 ex
1385 4491 1489 4551 illa
1517 4491 1775 4570 praecisa
1808 4491 2009 4552 consi·-

438 4579 765 4642 deratione
781 4583 1001 4644 mortis
1019 4599 1136 4662 per
1158 4583 1519 4646 inferiorem
1540 4583 1888 4658 scientiam,
1907 4601 2005 4646 so-

433 4672 566 4734 lum
597 4675 774 4753 sequi
804 4681 1050 4755 poterat
1086 4680 1262 4738 actus
1305 4678 1642 4740 voluntatis
1669 4677 1957 4739 inefficax
1978 4723 1999 4755 ,

433 4770 510 4828 ‘ut
535 4773 706 4828 recte
731 4767 803 4829 D.
829 4769 1104 4830 Thomas
1134 4769 1234 4832 hic
1263 4769 1469 4848 docet,
1501 4777 1566 4832 et
1589 4770 1776 4846 infra,
1808 4788 1871 4849 q.
1898 4773 2000 4847 21,

433 4875 496 4922 a.
528 4865 600 4934 43
623 4866 686 4922 et
709 4862 934 4941 cajet„
965 4863 1064 4924 his
1093 4862 1280 4940 locis;
1303 4865 1609 4940 Durand.,
1629 4863 1814 4938 (1.15,
1844 4879 1906 4941 q.
1935 4867 1998 4941 2,

431 4951 512 5015 de
539 4966 668 5030 quo
691 4955 821 5032 jam
856 4955 1160 5016 dicemus.

507 5049 570 5110 4.
617 5046 816 5110 Actus
842 5048 1144 5124 ineffioaoe
1179 5047 1419 5113 Christi
1445 5051 1728 5132 quomodo
1757 5054 1995 5129 confor-

1649 365 1886 430 Qnffir.
1921 361 2093 418 xvm.
2128 363 2330 419 Amic.
2370 365 2452 419 vl.

2088 465 2209 527 mis
2254 466 2483 529 divinas
2522 467 2856 542 voluntati,
2906 473 3214 548 tanquam
3250 469 3555 550 principio
3589 479 3643 536 et

2090 559 2325 638 regulae
2352 605 2373 636 ,
2422 567 2483 622 et
2524 561 2667 623 ideo
2720 561 3083 641 simpliciter
3136 563 3263 624 illas
3306 565 3643 628 voluntates

2088 670 2416 733 nunquam
2455 655 2711 717 fuerunt
2746 657 3097 717 contrariae.
3148 657 3313 717 Tota
3350 659 3486 719 haec
3515 677 3646 720 con-

2088 747 2288 810 clusio
2333 755 2429 810 est
2462 756 2633 811 certa
2678 755 2741 813 et
2778 751 3131 812 communis
3166 751 3643 829 'theolog-orum,

2086 841 2153 902 in
2182 843 2244 916 3,
2272 842 2416 904 dist.
2444 845 2521 904 17
2545 865 2563 918 3
2593 844 2701 904 uhi
2726 843 3016 906 Richard.
3042 849 3103 906 et
3130 845 3513 919 Bonavent.,
3544 853 3646 908 art.

2088 936 2151 1009 1,
2180 953 2241 1014 q.
2278 939 2356 1010 33
2400 936 2640 1012 Alcas„
2668 940 2706 999 3
2733 955 2825 1018 p.,
2864 953 2927 1018 q.
2960 940 3058 1013 15,
3092 937 3336 1000 memb.
3374 941 3437 1014 1,
3482 954 3541 1000 a.
3570 943 3645 1012 2;

2088 1033 2153 1089 et
2178 1027 2488 1108 colligitur
2518 1047 2595 1093 ex
2626 1031 2922 1092 omnibus
2970 1029 3267 1094 conciliis
3308 1037 3377 1093 et
3424 1031 3651 1094 Sanctis

2088 1121 2288 1183 citatis
2319 1123 2390 1183 >in
2432 1123 2624 1202 priori
2662 1123 3051 1197 assertione:
3094 1129 3157 1187 et
3200 1141 3348 1187 sam
3387 1123 3655 1188 declarat

2088 1215 2321 1292 optime
2345 1215 2611 1295 August.
2643 1263 2658 1291 ,
2686 1217 2795 1279 lib.
2827 1220 2867 1280 3
2898 1225 3065 1280 cont.
3094 1217 3457 1293 maximin„
3488 1221 3651 1282 c.20.

2087 1307 2165 1368 Et
2208 1308 2407 1386 prima
2442 1311 2697 1389 quidem
2727 1329 2873 1392 pars
2902 1311 3327 1374 conclusionis
3354 1313 3441 1374 de
3470 1312 3657 1375 diver-

2088 1401 2267 1462 sitate
2316 1403 2383 1462 in
2430 1405 2679 1483 objecto
2730 1406 3035 1467 materiali
3084 1407 3238 1468 satis
3284 1413 3539 1467 constat
3588 1425 3653 1467 ex

2090 1493 2209 1554 illis
2244 1495 2451 1558 verbis
2488 1512 2653 1576 saepe
2698 1498 2897 1559 citatis
2926 1518 2941 1559 ε
2976 1499 3125 1564 Non
3160 1499 3331 1562 sicut
3369 1515 3481 1579 ayo
3518 1501 3659 1574 volo,

2088 1589 2198 1651 sed
2218 1591 2381 1652 siout
2408 1595 2475 1652 tu
2498 1635 2517 1665 ,
2556 1595 2721 1652 etex
2750 1591 2929 1655 dictis
2962 1605 3152 1671 supra
3180 1592 3264 1654 de
3290 1593 3394 1653 his
3424 1593 3660 1654 actibus

2090 1681 2536 1746 inefficacibus.
2570 1685 2857 1746 Secunda
2888 1703 3038 1747 vero
3068 1700 3219 1766 pars
3244 1733 3261 1760 ‚
3304 1686 3663 1747 deformati

2092 1791 2205 1834 seu
2257 1774 2545 1838 affectiva
2584 1778 2941 1852 concordia,
2990 1779 3177 1840 facile
3224 1779 3419 1841 etiam
3472 1784 3661 1858 patet,

2092 1869 2239 1946 quia
2268 1869 2453 1929 etiam
2487 1869 2588 1931 isti
2618 1877 2794 1932 actus
2822 1869 3202 1946 inefficaces,
3246 1877 3433 1933 erant
3460 1870 3532 1932 in
3559 1889 3665 1932 suo

2091 1977 2324 2038 genere
2348 1959 2597 2024 honesti
2626 1969 2689 2024 et
2716 1963 2906 2039 boni3
2936 1964 3105 2025 unde
3134 1964 3349 2026 divina
3372 1964 3665 2026 voluntas

2088 2053 2339 2116 volebat
2366 2061 2435 2115 ut
2454 2055 2732 2116 humana
2761 2055 2899 2118 illos
2922 2057 3200 2122 efficeret
3223 2101 3243 2132 ,
3286 2058 3533 2137 etipsa
3560 2059 3667 2118 bu-

2090 2163 2279 2207 mana
2316 2148 2606 2209 voluntas
2645 2167 2721 2210 ex
2756 2150 3035 2229 perfecta
3060 2151 3305 2212 ratione
3338 2159 3403 2212 et
3430 2151 3670 2212 delibe-

2088 2241 2333 2302 ratione
2361 2241 2503 2302 illos
2527 2243 2593 2303 in
2621 2259 2689 2304 se
2716 2242 3114 2317 admittebat,
3140 2243 3305 2305 utin
3326 2243 3457 2305 hoc
3484 2245 3667 2306 etiam

2093 2333 2321 2396 divium
2345 2335 2653 2398 voluntati
2676 2337 3133 2416 obsequeretur
3157 2359 3176 2414 ς
3210 2344 3273 2400 et
3300 2339 3389 2400 ita
3410 2349 3562 2400 non
3586 2357 3673 2400 so·

2090 2427 2223 2488 lum
2252 2428 2317 2488 in
2350 2429 2469 2490 hoc
2506 2435 2641 2492 erat
2672 2431 3077 2494 conformitas
3104 2431 3271 2493 inter
3294 2431 3597 2494 divinam
3618 2439 3674 2494 et

2092 2523 2437 2584 humanam
2465 2523 2853 2585 voluntatem
2884 2569 2899 2600 ,
2946 2525 3063 2587 sed
3096 2526 3285 2588 etlam
3314 2526 3497 2587 inter
3524 2527 3673 2587 infe-

2090 2615 2323 2676 riorem
2353 2621 2416 2678 et
2445 2617 2835 2695 superiorem
2859 2624 3103 2698 partem
3128 2619 3419 2698 ejusdem
3446 2619 3673 2680 huma·

2092 2723 2189 2770 nae
2215 2710 2572 2771 voluntatis.
2604 2712 2681 2772 Et
2710 2711 2855 2774 hinc
2884 2713 3063 2774 facile
3092 2715 3281 2774 etiam
3312 2713 3673 2774 ostenditur

2090 2802 2307 2864 ultima
2334 2819 2483 2882 pars
2507 2847 2525 2876 ‚
2558 2811 2623 2865 et
2658 2804 3006 2866 excluditur
3043 2807 3467 2868 contrarietas
3516 2809 3673 2868 inter

2090 2895 2445 2958 voluntates
2473 2895 2698 2960 Christi
2724 2915 2741 2971 ς
2784 2915 2935 2958 nam
2969 2899 3101 2961 haec
3132 2915 3271 2960 esse
3296 2915 3435 2961 non
3467 2908 3675 2979 potest

2092 2987 2203 3049 ubi
2240 2990 2305 3050 in
2334 2991 2576 3051 ratione
2602 2992 2851 3053 volendi
2880 3006 2977 3053 est
3004 2993 3335 3054 consensio
3366 2991 3675 3055 volunta-

2092 3087 2227 3144 tum
2246 3127 2266 3158 ,
2302 3099 2510 3163 neque
2546 3083 2651 3146 uhi
2686 3103 2822 3147 una
2848 3086 3139 3148 voluntas
3166 3085 3325 3148 nihil
3350 3085 3529 3161 vult,
3561 3086 3673 3147 nisi

2092 3175 2263 3255 quod
2305 3177 2430 3238 alia
2456 3176 2591 3240 vult
2627 3179 2830 3258 ipsam
2865 3180 3047 3242 velle.
3094 3185 3181 3241 Ac
3210 3179 3501 3258 denique
3532 3181 3675 3259 quis

2094 3272 2503 3333 contrarietas
2528 3273 2749 3334 saltem
2780 3273 3042 3353 requirit
3066 3278 3133 3334 ut
3152 3273 3318 3352 quod
3338 3275 3543 3335 alteri
3566 3273 3673 3335 sub

2090 3365 2303 3441 aliqua
2342 3365 2587 3426 ratione
2627 3364 2855 3444 placet,
2896 3367 3016 3428 sub
3058 3367 3281 3428 eadem
3316 3367 3513 3430 alteri
3560 3368 3675 3429 dis-

2090 3459 2339 3537 pliceat,
2354 3459 2455 3520 vel
2482 3458 2637 3532 illud
2658 3459 2852 3534 idem,
2874 3459 3049 3539 quod
3075 3476 3199 3520 una
3222 3459 3531 3522 voluntas
3554 3461 3677 3522 effi-

2090 3553 2322 3614 caciter
2346 3551 2499 3626 vult,
2540 3553 2735 3614 altera
2772 3553 3058 3615 absolute
3094 3553 3271 3622 nolit.
3314 3553 3507 3632 quia,
3560 3555 3673 3615 nisi

2090 3647 2251 3707 adsit
2280 3648 2412 3707 haec
2441 3647 2881 3727 repugnantia,
2914 3649 3271 3710 voluntates
3290 3663 3425 3708 non
3455 3661 3543 3708 se
3572 3649 3675 3708 im-

2089 3739 2370 3818 pediunt,
2414 3757 2621 3818 neque
2662 3755 2791 3800 una
2834 3740 3097 3802 alteram
3138 3739 3435 3811 excludit,
3502 3741 3673 3820 quod

2090 3841 2185 3895 est
2204 3833 2282 3894 de
2304 3833 2547 3894 ratione
2572 3819 3035 3895 contrariorum
3057 3856 3075 3909 ;
3102 3844 3427 3896 ostensum
3444 3842 3671 3897 autem

2090 3933 2187 3988 est
2216 3943 2344 3988 non
2372 3926 2566 3988 fuisse
2594 3928 2659 3988 in
2686 3927 2927 3988 Christo
2956 3933 3135 3990 actus
3165 3929 3287 3990 hoo
3316 3929 3520 3990 modo
3562 3947 3671 4008 op-

2092 4021 2325 4101 positos
2376 4035 2489 4082 seu
2541 4026 2989 4102 repugnantes.
3050 4023 3203 4094 Quae
3256 4023 3417 4084 ratio
3467 4025 3669 4084 etiam

2090 4111 2375 4194 procedit
2398 4111 2461 4173 in
2487 4115 2730 4175 actibus
2762 4116 3043 4194 ejusdem
3070 4116 3415 4177 voluntatis
3442 4117 3669 4178 huma-

2090 4221 2188 4268 nae
2210 4208 2531 4287 operantis
2558 4223 2671 4288 per
2697 4209 2955 4270 modum
2988 4210 3245 4271 rationis
3266 4211 3367 4272 vel
3390 4217 3664 4282 nami-m,

2093 4303 2240 4381 quia
2274 4301 2463 4362 etlam
2494 4303 2555 4362 in
2586 4301 2705 4362 illis
2732 4319 2859 4362 non
2892 4301 3011 4364 fuit
3036 4319 3185 4365 vera
3216 4305 3661 4378 contrarietate,

2090 4402 2347 4476 propter
2395 4393 2686 4456 eamdem
2736 4397 3051 4457 rationem
3096 4413 3111 4458 ε
3164 4397 3445 4460 Christus
3486 4401 3663 4460 enim

2087 4489 2455 4568 simpliciter
2492 4489 2749 4551 amabat
2787 4497 3079 4564 mortem,
3122 4491 3295 4554 verbi
3318 4494 3550 4571 gratia,
3596 4496 3663 4552 ut

2086 4582 2151 4644 in
2176 4601 2245 4643 re
2264 4583 2400 4661 ipsa
2426 4583 2859 4662 exequendam
2871 4597 2893 4661 3
2916 4583 3203 4664 fugiebat
3220 4591 3438 4646 autem
3458 4585 3652 4660 iiiam,

2085 4693 2212 4737 non
2242 4675 2527 4737 absolute
2557 4681 2625 4736 ut
2648 4675 3107 4755 exequendam,
3132 4675 3246 4739 sed
3270 4677 3479 4739 solum
3502 4695 3655 4758 pras-

2082 4769 2211 4832 cise
2258 4769 2720 4831 consideratam
2760 4775 2831 4830 ut
2872 4769 3343 4831 incommodam
3386 4777 3649 4846 natm-ss,

2081 4862 2194 4941 qui
2214 4868 2395 4923 actus
2413 4867 2546 4923 erat
2568 4862 2774 4923 solum
2795 4861 3109 4940 inefficax,
3132 4869 3201 4923 ct
3224 4863 3491 4926 minime
3510 4879 3652 4926 con-

2078 4957 2309 5020 trarius
2333 4957 2548 5036 priori.

2156 5053 2215 5112 5.
2266 5049 2552 5131 objectio.
2582 5079 2665 5096 —-
2690 5049 3045 5130 Responsio.
3072 5079 3155 5098 --
3182 5051 3365 5116 Dices
3396 5075 3413 5113 ε
3454 5051 3517 5113 hi
3538 5069 3644 5114 ac·

428 5143 554 5204 mis
579 5146 638 5205 et
656 5157 776 5202 non
799 5143 1124 5218 conformis
1155 5143 1378 5206 divina·
1403 5145 1706 5207 voluntati
1735 5161 1862 5208 esse
1887 5161 1993 5225 po·
2072 5151 2199 5219 tus,
2230 5143 2381 5216 volo,
2414 5150 2479 5203 et
2502 5143 2741 5219 nollem,
2780 5143 3069 5223 quamvis
3090 5161 3223 5205 non
3250 5145 3387 5207 sint
3408 5145 3641 5225 simpli-

425 5235 634 5297 tuerit.
666 5265 748 5281 -
793 5235 940 5296 Dico
967 5235 1244 5298 secundo
1273 5255 1288 5296 ε
1320 5247 1437 5317 per
1475 5243 1686 5298 actum
1715 5237 1992 5300 ineffica-
2073 5240 2229 5302 citer
2246 5237 2557 5312 contrarii,
2585 5242 2824 5312 tamen,
2846 5243 2917 5300 ut
2934 5245 3268 5300 versantur
3286 5239 3457 5300 circa
3468 5239 3637 5300 idem

429 5345 569 5388 cem
593 5327 912 5390 interdum
935 5329 1130 5392 voluit
1152 5329 1434 5393 humana
1451 5331 1678 5394 Christi
1701 5333 1991 5395 voluntas
2072 5330 2395 5393 materiale
2424 5330 2741 5409 objectum
2764 5371 2783 5405 ,
2816 5336 2965 5392 sunt
2987 5329 3205 5410 atiquo
3234 5331 3433 5395 modo
3448 5346 3636 5410 repu-

427 5421 598 5499 quod
645 5421 930 5485 absolute
971 5427 1038 5484 et
1083 5423 1446 5504 simpliciter
1485 5425 1652 5486 Deus
1698 5424 1955 5486 nolebat
1968 5466 1989 5500 ,

421 5527 672 5593 semper
717 5520 926 5580 tamen
969 5516 1325 5597 hujusmodi
1369 5525 1546 5582 actus
1581 5523 1717 5582 erat
1747 5518 1993 5582 confor-

2076 5430 2365 5506 gnantes,
2394 5429 2457 5484 et
2476 5439 2641 5484 unus
2662 5427 2873 5503 potest
2894 5423 3087 5486 alium
3110 5423 3337 5486 saltem
3360 5441 3435 5488 ex
3456 5429 3632 5504 parte

2075 5517 2379 5598 impedire
2398 5529 2508 5578 seu
2520 5517 2729 5578 retard
2736 5529 2872 5594 are3-
2887 5531 3037 5595 ergo
3052 5516 3173 5580 fuit
3186 5519 3251 5578 in
3260 5514 3627 5581 christoni-
