3892 6167
1460 310 1695 379 QUAEsT.
1730 308 1812 363 xl.
1848 310 2052 365 AnTlc.
2092 311 2152 363 V.

710 492 1131 561 ARTICULUS
1171 496 1247 557 V.

320 652 565 715 Utrum
590 654 720 721 hoec
743 646 997 721 scientia
1023 658 1216 739 fuerit
1242 656 1577 723 habitualis
1592 660 1633 719 ¹.

266 816 324 876 1.
372 815 487 879 Aa
513 816 793 896 quintum
810 820 899 885 sic
908 820 1279 902 proceditur.
1324 821 1581 888 Videtur
1601 819 1761 899 quod

177 908 255 969 in
283 906 535 972 Christo
562 915 905 991 non·fuerit
930 913 1265 977 habitualis
1293 916 1567 979 scientia.
1602 913 1762 978 Dic-

176 1007 321 1063 tum
378 1002 511 1065 est²
560 1006 723 1067 enim
753 1007 913 1085 quod
958 1007 1231 1069 animam
1274 1006 1513 1070 Christi
1560 1008 1758 1071 decuit

172 1098 465 1159 maa-ima
496 1100 791 1179 perfectio
814 1101 1098 1164 scientiae.
1122 1100 1252 1163 Sed
1272 1100 1471 1179 major
1498 1106 1585 1162 est
1602 1118 1759 1181 per—

166 1190 373 1266 fectio
404 1192 673 1255 scientia·
701 1194 1011 1257 existentis
1058 1196 1129 1257 in
1174 1199 1337 1267 actu,
1390 1212 1574 1275 quam
1622 1193 1755 1257 ezei-

166 1286 409 1347 stentis
434 1286 504 1348 in
524 1289 799 1367 potentia
822 1288 917 1351 vel
945 1290 1172 1353 habit-u.
1206 1288 1382 1370 Eryo
1412 1290 1757 1353 conveniens

166 1378 385 1455 fuisse
409 1381 669 1455 videtur,
702 1385 861 1461 quod
884 1384 1085 1445 omnia
1116 1385 1297 1447 sciret
1324 1384 1393 1445 in
1422 1387 1581 1447 actu.
1608 1382 1757 1449 Non

170 1488 329 1553 erqo
364 1476 577 1537 habuit
606 1476 979 1539 habitualem
1007 1479 1341 1541 scientiam.

262 1570 327 1630 2.
380 1568 715 1643 Proeterca,
750 1590 883 1633 cum
916 1572 1161 1635 habitus
1189 1574 1503 1634 ordinetur
1544 1574 1627 1633 ad
1648 1590 1757 1635 ac-

170 1666 337 1735 tum,
372 1666 617 1739 frustra
658 1665 901 1727 videtu-r
948 1683 1065 1727 esse
1110 1664 1446 1729 habitualis
1475 1666 1750 1737 scientia,

172 1772 323 1833 quoe
345 1773 659 1835 nunquam
685 1759 752 1819 in
780 1762 980 1821 aetum
1002 1760 1333 1825 reducitur.
1362 1758 1513 1823 Cum
1554 1764 1753 1821 autem

176 1846 481 1912 Christus
497 1852 739 1915 sciverit
761 1854 959 1915 omnia
988 1848 1016 1934 (
1012 1854 1168 1917 sicut
1169 1852 1311 1931 jam
1332 1853 1559 1917 dictum
1575 1856 1663 1915 est
1675 1850 1751 1935 ³),

170 1960 303 2003 non
318 1946 623 2023 potuisset
636 1952 777 2009 actu
794 1948 994 2009 omnia
1008 1947 1129 2010 illa
1150 1948 1554 2021 considerare,
1566 1964 1755 2009 unum

162 2041 320 2115 post
346 2036 529 2101 aliud
556 2040 874 2123 coyitando
886 2064 911 2111 ;
926 2042 1071 2120 quia
1094 2042 1347 2119 infinita
1364 2058 1482 2101 non
1496 2046 1580 2103 est
1606 2059 1754 2103 enu-

170 2135 479 2195 merando
494 2136 897 2215 pertransire.
932 2134 1207 2199 Frustra
1234 2136 1433 2217 iqitur
1450 2134 1665 2214 suisset
1687 2136 1753 2195 in

174 2242 241 2285 eo
260 2230 669 2303 quorumdam
694 2228 948 2291 scientia
974 2228 1330 2303 habitualis,
1362 2229 1521 2307 quod
1546 2232 1633 2291 est
1650 2228 1753 2289 in-

176 2322 554 2384 conveniens.
604 2320 843 2383 Habuit
893 2340 1029 2405 erqo
1085 2320 1389 2385 actualem
1432 2322 1752 2385 scientiam

180 2416 453 2475 omnium
479 2431 611 2493 qua·
638 2416 837 2487 scivit,
869 2420 925 2478 et
954 2434 1074 2477 non
1100 2416 1495 2481 habitualem,

268 2510 324 2569 3.
374 2508 714 2583 Proeterea‚
736 2510 987 2574 scientia
1008 2510 1344 2575 habitualis
1362 2516 1447 2573 est
1474 2510 1751 2589 quadam

170 2602 479 2681 perfectio
506 2605 769 2667 scientis.
808 2604 1115 2685 Perfectio
1152 2610 1353 2667 autem
1377 2610 1463 2667 est
1490 2603 1749 2666 nobilior

170 2696 573 2775 perfictibili.
612 2696 697 2761 Si
716 2699 915 2781 iqitur
938 2700 1006 2760 in
1026 2700 1235 2762 anima
1268 2698 1505 2761 Christi
1530 2698 1747 2777 fuisset

178 2787 419 2867 aliq-uis
470 2792 713 2853 habitus
756 2793 1021 2855 scientiae
1072 2796 1311 2856 creatus
1334 2840 1349 2865 ,
1400 2795 1748 2871 sequeretur

176 2884 347 2961 quod
370 2882 615 2963 aliquid
642 2890 907 2947 creatum
930 2888 1079 2949 esset
1107 2884 1370 2949 nobilius
1392 2900 1573 2964 quam
1602 2886 1746 2947 ani-

182 2994 283 3038 m-a-
328 2976 586 3043 Christi.
622 2978 771 3043 Non
794 2980 992 3061 iqitur
1016 2980 1084 3040 in
1108 2979 1316 3043 anima
1349 2976 1583 3041 Christi
1620 2978 1747 3057 fuit

178 3070 441 3133 scientia
472 3072 823 3137 habitualis,

263 3161 403 3225 Sed
428 3170 661 3241 contra,
704 3168 957 3229 seientia
1012 3166 1270 3237 Christi,
1304 3168 1376 3231 de
1420 3184 1543 3247 qua
1588 3184 1748 3231 nunc

182 3256 496 3335 loquimur
516 3304 535 3334 ‚
564 3260 813 3323 univoca
839 3262 966 3341 fuit
1008 3262 1221 3324 scienti
1228 3282 1273 3321 re
1301 3266 1524 3323 nostroe
1542 3310 1558 3335 ,
1588 3263 1745 3325 siout

182 3350 391 3411 aizium
424 3351 551 3429 ejus
574 3354 701 3430 fuit
730 3355 908 3415 unius
938 3355 1154 3437 speciei
1183 3372 1315 3417 cum
1352 3356 1559 3417 anima
1604 3372 1747 3417 nos-

182 3448 306 3506 tra.
344 3442 478 3507 Sed
504 3446 757 3509 scientia
785 3452 993 3509 nostra
1034 3452 1120 3509 est
1150 3448 1217 3508 in
1244 3466 1453 3529 ,qenere
1481 3448 1743 3510 habitus.

184 3536 363 3619 Eryo
392 3542 449 3599 et
476 3539 729 3601 scientia
762 3538 997 3603 Christi
1023 3542 1150 3620 sicit
1179 3540 1551 3605 habitualis.'

264 3630 617 3711 Respondeo
644 3634 956 3696 dicendum
988 3636 1168 3715 quod,
1207 3636 1363 3697 sicut
1390 3652 1574 3716 supra
1616 3634 1749 3701 dic—

186 3729 315 3783 tum
360 3730 449 3787 est
472 3726 522 3801 ⁴,
552 3728 763 3789 modus
789 3728 971 3809 hujus
1000 3728 1265 3792 scientia·
1292 3728 1507 3791 inditoe
1534 3730 1753 3793 animcc

187 3814 425 3880 Christi
446 3820 577 3898 suit
605 3822 952 3885 conveniens
973 3822 1095 3903 ipsi
1121 3820 1380 3901 subjecto
1408 3822 1752 3903 recipienti,-

189 3926 329 3971 nam
357 3918 661 3993 receptu-in
690 3920 775 3977 est
808 3916 875 3976 in
902 3916 1223 3997 recipiente
1242 3934 1359 3997 per
1385 3918 1623 3979 modum
1650 3934 1753 3979 re-

188 4004 487 4083 cipientis.
522 4006 645 4069 Est
688 4014 889 4071 autem
936 4011 1034 4072 hic
1082 4010 1290 4073 modus
1336 4010 1755 4073 connaturalis

188 4099 410 4161 animoe
437 4103 753 4177 humanoe,
784 4110 853 4165 ut
883 4104 1237 4183 quandoque
1274 4106 1358 4166 sit
1402 4104 1756 4187 intelliyens

188 4200 327 4257 actu
346 4242 364 4267 ,
424 4198 777 4276 quandoque
802 4198 871 4260 in
897 4199 1173 4278 potentia
1185 4222 1209 4268 ,·
1260 4200 1521 4260 medium
1549 4204 1752 4262 autem

186 4289 347 4348 inter
352 4308 585 4367 puram
603 4292 941 4371 potentiam
968 4296 1025 4351 et
1054 4295 1255 4353 actum
1286 4292 1645 4373 completum
1665 4298 1753 4355 est

190 4382 466 4453 habitus;
496 4385 753 4465 ejusdem
788 4390 990 4449 autem
1014 4386 1249 4467 ¹qeneris
1290 4394 1375 4447 est
1402 4388 1664 4450 medium
1698 4392 1755 4449 et

190 4487 459 4541 extrema
474 4502 501 4549 ,·
530 4484 583 4541 et
609 4481 696 4543 sic
712 4484 915 4561 patet,
956 4480 1114 4561 quod
1138 4480 1347 4545 modus
1384 4486 1757 4544 connatura-

192 4570 269 4635 lis
296 4574 521 4635 animce
548 4576 829 4637 huma-nce
870 4580 980 4647 est,
1023 4578 1094 4637 ut
1138 4576 1397 4657 recipiat
1438 4577 1756 4641 scientiam

182 4687 296 4749 per
320 4670 566 4731 modum
595 4671 857 4733 habitus.
888 4668 982 4732 Et
1000 4670 1130 4733 ideo
1158 4671 1472 4733 dicendum
1496 4672 1757 4749 estquod

189 4763 443 4825 scientia
473 4764 676 4826 indita
704 4766 926 4826 animae
960 4762 1199 4826 Christi
1224 4764 1352 4843 fuit
1397 4764 1749 4834 habitualis,

194 4862 244 4916 et
265 4860 515 4936 poterat
542 4876 611 4921 ea
636 4860 733 4920 icti
750 4859 989 4937 quando
1014 4856 1265 4921 volebat.

267 4950 377 5014 Ad
392 4953 673 5033 primum
698 4971 836 5035 erqo
866 4952 1214 5027 dicendum,
1245 4952 1407 5032 quod
1432 4952 1500 5013 in
1544 4953 1753 5015 anima

274 5118 290 5153 ¹
337 5118 404 5190 3,
436 5114 499 5177 d.
538 5116 638 5189 14,
664 5120 781 5175 art.
818 5118 962 5195 1,q.
994 5116 1057 5191 2,
1086 5114 1243 5187 et3;
1277 5119 1341 5175 et
1364 5112 1537 5189 Ver„
1562 5130 1623 5193 q.
1649 5116 1755 5192 20,

199 5216 308 5269 art.
340 5212 401 5285 2,
440 5226 503 5289 q.
532 5212 593 5282 9,
628 5214 745 5270 art.
774 5211 833 5271 1.

268 5304 293 5342 ²
332 5306 409 5376 0.
446 5308 512 5378 9,
542 5308 669 5364 art.
703 5306 762 5364 1.

269 5396 291 5437 ³
334 5396 411 5471 Q.
447 5400 553 5471 10,
596 5416 656 5457 a.
686 5398 749 5458 2.

264 5494 285 5532 ⁴
330 5494 471 5555 Art.
510 5508 697 5571 praec.

1846 408 2086 475 Christi
2111 408 2236 489 fuit
2275 406 2499 489 dupleoe
2553 404 2813 489 coquitio
2829 452 2847 481 ,
2901 412 2958 472 et
3003 414 3262 493 utraque
3303 431 3411 481 suo

1840 504 2013 567 modo
2027 500 2498 583 perfectissima.
2538 500 2684 565 Una
2707 500 2948 579 quidem
2975 505 3258 571 excedens
3278 525 3411 573 mo-

1844 598 1990 661 dum
2015 600 2260 661 natura·
2287 596 2586 667 humana,
2618 610 2762 675 qua,
2793 594 3049 672 scilicet,
3081 598 3242 663 vidit
3287 602 3409 667 Dei

1843 696 2184 767 essentiam,
2215 694 2273 753 et
2301 689 2434 753 alia
2461 689 2530 752 in
2553 688 2692 771 ipsa
2707 711 2732 759 ,·
2761 692 2820 751 et
2853 690 2978 755 hoec
3013 694 3142 769 fuit
3159 698 3409 775 perfee-

1841 786 2082 849 tissima
2127 782 2514 865 simpliciter,
2547 786 2604 845 et
2644 781 2798 847 talis
2821 785 3084 865 coynitio
3121 804 3242 849 non
3275 792 3408 869 suit
3485 856 3498 867 ,

1844 879 2202 952 habitualis,
2231 880 2338 943 sed
2369 876 2636 942 actualis
2659 883 2934 959 respectu
2957 880 3244 955 omnium,
3271 902 3407 965 quoe

1842 975 1950 1039 hoc
1975 976 2149 1037 modo
2175 972 2468 1055 cognovit.
2499 970 2656 1035 Alia
2689 977 2890 1037 autem
2917 976 3176 1057 cognitio
3194 980 3324 1056 fuit
3335 979 3406 1042 in

1842 1068 2088 1131 Christo
2113 1069 2438 1132 secundum
2463 1068 2704 1129 modum
2721 1070 3254 1149 proportionatum
3283 1072 3403 1135 hu-

1836 1180 2034 1225 manoe
2059 1166 2338 1233 naturoe;
2357 1166 2570 1243 prout,
2599 1161 2853 1231 scilicet,
2877 1164 3148 1244 coynooit
3175 1182 3274 1227 res
3283 1184 3407 1247 per

1832 1257 2057 1336 species
2079 1256 2197 1319 sibi
2223 1256 2520 1319 divinitus
2543 1255 2800 1328 inditas,
2823 1257 2894 1319 de
2917 1273 3038 1337 qua
3062 1257 3403 1341 coquitione

1834 1368 1995 1414 mene
2021 1349 2339 1431 loquimur.
2374 1350 2468 1411 Ec
2497 1352 2622 1413 hoec
2653 1352 2916 1432 coynitio
2939 1368 3062 1415 non
3085 1353 3214 1429 fuit
3243 1352 3398 1415 sivi-

1828 1444 2084 1524 pliciter
2100 1444 2553 1525 perfectissima
2575 1491 2592 1517 ,
2617 1446 2724 1507 sed
2734 1444 3182 1525 perfectissima
3203 1445 3272 1507 in
3289 1460 3398 1529 ae·-

1836 1556 1976 1601 nere
2027 1540 2302 1601 humana·
2345 1538 2704 1618 coqnitionis
2715 1560 2740 1607 ;
2775 1540 2936 1601 unde
2959 1556 3078 1601 non
3131 1539 3397 1620 oportuit

1838 1633 1998 1712 quod
2017 1636 2166 1695 esset
2185 1650 2420 1712 semper
2447 1632 2516 1693 in
2543 1636 2708 1695 actu.

1916 1724 2023 1788 Ad
2047 1727 2366 1789 seeundum
2393 1726 2729 1801 dicendum,
2763 1726 2922 1805 quod
2943 1726 3187 1791 habitus
3211 1730 3399 1793 redu-

1835 1822 1998 1885 citur
2012 1822 2038 1883 i
2041 1840 2078 1882 n
2099 1826 2300 1885 actum
2315 1823 2398 1884 ad
2415 1822 2736 1901 imperium
2749 1820 3104 1895 voluntatis,
3119 1840 3266 1886 nam
3280 1825 3400 1887 ha·-

1836 1916 1994 1978 bitus
2019 1920 2127 1989 est,
2159 1932 2274 1994 quo
2299 1916 2436 1995 quis
2453 1915 2588 1997 ayit
2615 1933 2748 1979 cum
2773 1914 3050 1979 voluerit.
3096 1916 3399 1983 Voluntas

1834 2014 2036 2073 autem
2059 2010 2527 2073 indeterminate
2553 2028 2614 2073 se
2641 2012 2816 2073 habet
2847 2013 2932 2074 ad
2955 2010 3228 2088 infinita.
3259 2011 3396 2077 Nec

1834 2108 2038 2167 tamen
2064 2106 2170 2167 hoc
2193 2108 2281 2167 est
2319 2106 2586 2182 flustra,
2632 2104 2772 2168 licet
2793 2122 2912 2167 non
2940 2106 3010 2167 in
3059 2106 3260 2169 omnia
3287 2125 3396 2171 ac-

1833 2198 2092 2261 tualiter
2117 2200 2350 2272 tendat,
2385 2202 2698 2275 dummodo
2727 2201 2944 2263 tendat
2969 2200 3302 2265 actualiter
3325 2200 3394 2265 in

1832 2294 1903 2355 id
1929 2294 2086 2372 quod
2113 2294 2382 2357 convenit
2417 2293 2540 2358 loco
2569 2299 2628 2359 et
2653 2295 2934 2375 tempori,
2967 2300 3024 2357 et
3045 2295 3179 2359 ideo
3207 2297 3391 2361 etiam

1832 2388 2076 2449 habitus
2101 2404 2220 2449 non
2245 2392 2334 2450 est
2359 2390 2626 2466 frustra,
2660 2387 2800 2451 licet
2827 2406 2948 2450 non
2980 2389 3182 2451 omnia
3203 2392 3392 2454 rodu-

1832 2484 2052 2544 cantur
2079 2482 2148 2543 in
2171 2486 2396 2555 actum,
2426 2497 2565 2565 quae
2588 2482 2824 2545 habitui
2849 2481 3179 2561 subjacent,
3209 2484 3390 2547 dum—

1830 2576 2000 2636 modo
2025 2576 2356 2639 reducatur
2377 2574 2444 2637 in
2471 2580 2674 2640 actum
2706 2576 2779 2638 id
2803 2576 2963 2654 quod
2987 2575 3266 2659 conyruit
3307 2580 3393 2642 ad

1828 2670 2092 2731 debitum
2115 2670 2300 2747 finem
2313 2668 2670 2742 voluntatis,
2691 2669 3009 2737 secundum
3023 2671 3388 2752 eas-iamiam

1826 2764 2198 2843 neqotiorum
2227 2768 2285 2825 et
2307 2764 2611 2843 temporis.

1908 2855 2016 2920 Ad
2043 2858 2294 2921 tertium
2321 2858 2658 2931 dicendum,
2689 2860 2850 2937 quod
2877 2858 3110 2933 bonum,
3139 2859 3296 2923 sicut
3329 2866 3388 2923 et

1828 2968 1951 3023 ens,
1986 2950 2320 3031 dupliciter
2339 2950 2585 3017 dicitur.
2628 2952 2768 3016 Uno
2791 2952 2962 3015 modo
2983 2951 3348 3033 simpliciter
3362 2978 3388 3025 ‚-

1829 3051 1887 3108 et
1910 3046 2002 3108 sie
2041 3046 2251 3107 bonum
2297 3050 2354 3107 et
2381 3062 2484 3107 ens
2507 3046 2736 3109 dicitur
2761 3046 3128 3122 substantia,
3161 3064 3294 3126 quoe
3318 3050 3386 3109 in

1826 3156 1932 3201 suo
1944 3157 2062 3201 esse
2084 3144 2141 3201 et
2153 3138 2342 3201 insua
2359 3140 2622 3202 bonitate
2635 3128 3000 3203 subsistitsA
3010 3140 3092 3201 lio
3109 3140 3284 3203 modo
3297 3140 3388 3203 di-

1828 3235 1992 3298 citur
2010 3251 2114 3296 ens
2131 3238 2186 3295 et
2211 3234 2420 3296 bonu-m
2442 3234 2766 3296 secundum
2793 3233 2943 3313 quid
2955 3258 2980 3304 ,·
3003 3240 3062 3296 et
3090 3235 3197 3297 hoc
3215 3236 3386 3297 modo

1830 3329 2060 3391 dieitur
2087 3346 2189 3391 ens
2217 3330 2272 3390 et
2295 3330 2506 3390 bonum
2534 3329 2810 3393 accidens
2829 3374 2844 3401 ,
2867 3346 2987 3391 non
3011 3326 3158 3408 quia
3185 3330 3384 3409 ipsum

1828 3424 2046 3485 habeat
2083 3438 2202 3483 esse
2233 3426 2290 3484 et
2335 3422 2681 3496 bonitatem,
2711 3424 2818 3486 sed
2842 3424 2986 3501 quia
3016 3422 3145 3502 ejus
3186 3422 3386 3502 subie-

1828 3521 1991 3581 ctum
2021 3521 2110 3579 est
2137 3534 2238 3578 ens
2265 3522 2322 3579 et
2351 3518 2560 3581 bonum
2619 3516 2732 3583 Sic
2761 3518 2960 3599 ibitur
2985 3516 3238 3581 scientia
3266 3518 3384 3581 ha-

1830 3610 2086 3674 bitualis
2125 3628 2244 3672 non
2269 3614 2356 3672 est
2379 3610 2744 3693 simpliciter
2763 3611 2981 3675 melior
3004 3616 3114 3676 aut
3140 3612 3386 3694 diqniOr

1832 3722 2016 3787 quam
2040 3706 2248 3767 anima
2279 3704 2538 3777 Christi,
2566 3706 2674 3768 sed
2697 3708 3018 3769 secundum
3045 3706 3214 3785 quid,
3255 3722 3386 3768 eum

1832 3806 1962 3862 tota
1983 3800 2218 3862 bonitas
2234 3798 2569 3861 habitualis
2587 3800 2853 3863 scientioe
2871 3800 3042 3863 cedat
3062 3799 3129 3861 in
3152 3799 3390 3863 bonita-

1834 3902 1953 3959 tem
1981 3894 2230 3975 subjecti

2295 4082 2914 4147 COMMENTARIUS.

1916 4276 1973 4333 1.
2021 4274 2280 4334 Nomine
2311 4272 2562 4334 habitus
2590 4274 2925 4355 significari
2951 4280 3156 4355 potest
3191 4274 3390 4355 quod-

1834 4366 1985 4429 libet
2013 4367 2224 4429 lumen
2251 4368 2352 4429 vel
2381 4367 2644 4448 species„
2681 4369 2851 4449 quod
2892 4374 2987 4432 est
3016 4368 3394 4450 principium

1836 4468 2012 4523 actus
2039 4462 2318 4526 secundi.
2347 4464 2421 4525 Et
2443 4463 2564 4525 hoc
2587 4463 2776 4526 modo
2805 4482 2935 4525 non
2963 4471 3090 4526 lam
3118 4464 3394 4545 disputat

1838 4556 1909 4616 D.
1936 4556 2158 4617 Thom.
2186 4574 2374 4636 quam
2406 4556 2807 4637 supponit,in
2831 4556 2948 4620 hac
2979 4558 3240 4620 scientia
3261 4556 3398 4619 dari

1834 4648 2148 4723 habiturn,
2176 4669 2290 4711 seu
2319 4649 2554 4729 aliquid
2585 4650 2754 4729 quod
2780 4650 2860 4712 sit
2885 4651 3264 4732 principium
3295 4670 3402 4714 uc-

1834 4748 1937 4804 tus
1967 4744 2224 4805 secundi
2249 4790 2264 4817 ,
2297 4744 2376 4805 de
2403 4762 2529 4823 quo
2559 4743 2864 4824 principio
2895 4746 3097 4824 magis
3125 4744 3401 4825 disputat

1838 4842 1958 4901 art.
1999 4838 2310 4916 sequenti.
2343 4838 2567 4899 Tribus
2597 4844 2810 4900 autem
2839 4839 3044 4900 modis
3075 4844 3279 4919 potest
3306 4838 3403 4901 in-

1834 4932 2012 4993 fun'di
2043 4930 2249 5011 aliqua
2282 4930 2582 4993 scientia:
2615 4950 2744 4993 uno
2773 4932 2962 4994 modo
2992 4932 3194 4994 solum
3223 4934 3401 5014 quasi

1837 5030 2260 5098 transeunter,
2289 5026 2459 5105 quia,
2504 5026 2768 5098 scilicet,
2795 5032 3039 5089 tantum
3069 5026 3255 5090 durat
3283 5028 3404 5090 nli-

1841 5137 1968 5198 quo
1996 5118 2168 5180 brevi
2215 5124 2498 5198 tempore
2535 5137 2660 5199 quo
2692 5118 2876 5182 durat
2903 5127 3112 5198 actae,
3150 5127 3211 5184 et
3255 5128 3406 5184 lunc

1846 5230 1975 5273 non
2006 5210 2232 5272 dicitur
2259 5230 2398 5273 esse
2433 5211 2772 5274 habitualis
2793 5259 2808 5286 ‚
2853 5215 3000 5293 quia
3028 5232 3159 5277 non
3191 5214 3407 5276 infun-

1849 5304 2018 5367 ditur
2053 5311 2498 5385 permanenter
2531 5324 2645 5387 per
2673 5306 2930 5368 modum
2973 5307 3222 5369 habitus
3247 5354 3262 5383 ,
3295 5308 3408 5371 sed

1850 5419 1966 5481 per
1991 5398 2247 5461 modum
2277 5398 2724 5479 dispositionis.
2761 5400 3050 5462 Secundo
3081 5398 3270 5463 modo
3299 5418 3408 5481 po·

1856 5498 1974 5555 test
2024 5490 2267 5554 infundi
2311 5492 2596 5568 scientia,
2639 5498 2700 5554 et
2728 5492 2940 5554 lumen
2983 5492 3119 5571 ejus
3159 5508 3410 5573 permu-
