3892 6167
1334 341 1570 406 QUAEST.
1602 341 1731 396 xvi.
1767 341 1970 399 anne.
2003 343 2090 399 lx.

142 471 259 518 esse
285 449 619 532 praedicata
651 451 1099 522 creaturarum,
1131 463 1273 526 quae
1310 462 1421 524 per
1448 461 1519 506 se
1539 448 1671 507 sta-

140 549 236 610 tim
260 545 533 606 indicant
564 542 689 606 dici
728 542 807 604 de
834 541 1080 604 Christo
1104 541 1349 602 ratione
1376 539 1670 600 humanat

140 647 371 709 natum,
392 637 471 698 de
490 637 725 713 quibus
744 635 908 698 inter
926 653 1043 696 nos
1068 639 1130 695 et
1153 633 1475 696 hoeretieos
1492 631 1669 694 nulla

142 741 223 796 est
256 729 701 804 controversia,
749 733 819 792 ut
856 745 1001 790 esse
1038 727 1384 799 mortalem,
1408 725 1671 807 passibi-

138 830 255 897 lem,
282 831 392 886 etc.
422 823 565 886 Alia
588 839 742 885 vero
766 829 915 884 sunt
943 820 1302 902 praedicata,
1334 817 1415 881 de
1442 818 1669 898 quibus

141 917 367 980 dubium
388 934 537 978 esee
556 919 788 997 potest,
816 933 897 978 an
926 915 1279 976 tribuantur
1300 913 1541 975 Christo
1563 929 1671 974 ra·-

144 1013 282 1074 tione
308 1013 545 1072 naturae
566 1009 889 1085 humente,
904 1009 1007 1072 vel
1029 1008 1221 1072 etiam
1244 1008 1490 1070 ratione
1521 1023 1670 1087 sup-

140 1103 315 1185 positi,
353 1103 433 1164 de
472 1103 711 1182 quibus
742 1107 840 1164 est
884 1101 1311 1164 controversia
1360 1101 1524 1164 inter
1550 1117 1671 1163 nos

146 1205 191 1259 et
218 1197 549 1270 haeretieoS,
570 1202 645 1258 ut
673 1212 813 1258 esse
839 1195 1211 1270 mutabilem,
1238 1211 1374 1256 esse
1394 1195 1668 1271 finitum,

144 1309 255 1354 esse
276 1289 562 1352 minorem
593 1291 810 1353 Patre.
834 1289 911 1351 Et
934 1289 1091 1363 haec,
1120 1288 1263 1350 lieet
1295 1287 1360 1350 in
1389 1287 1673 1367 proprie-

144 1389 243 1446 tate
264 1389 321 1444 et
349 1382 565 1462 rigore
598 1381 721 1444 dici
752 1387 1011 1462 possent
1034 1381 1117 1442 de
1147 1380 1391 1444 Christo
1427 1381 1671 1442 ratione

144 1479 393 1537 humanae
421 1481 691 1551 naturae,
714 1474 1077 1555 simpliciter
1100 1481 1309 1536 tamen
1330 1472 1673 1536 asserenda

142 1589 245 1632 non
270 1577 405 1630 sunt
429 1569 571 1632 sine
599 1567 936 1630 sufficienti
964 1567 1509 1644 determinatione,
1532 1583 1675 1646 pro-

142 1673 255 1745 pter
270 1666 543 1725 rationes
564 1663 669 1726 fac
678 1670 793 1728 tae.

206 1759 289 1818 19..
330 1755 423 1818 Ad
458 1756 817 1818 secundam
862 1756 1175 1819 rationem
1221 1755 1669 1836 respondetur,

140 1871 255 1914 esse
281 1859 635 1915 creaturam
662 1851 860 1932 priori
888 1851 1102 1927 modo,
1130 1869 1261 1914 non
1294 1868 1435 1912 esse
1470 1850 1553 1912 de
1578 1867 1675 1912 esa

142 1945 307 2006 sentia
330 1943 611 2006 hominis
628 1987 653 2021 ,
686 1945 801 2008 sed
830 1951 1074 2008 tantum
1100 1943 1433 2024 posteriori
1458 1942 1670 2020 mode,

142 2039 257 2118 quia
274 2055 397 2099 uon
416 2045 511 2102 est
526 2039 611 2102 de
634 2039 911 2102 essentia
925 2037 1197 2101 hominis
1210 2046 1283 2100 ut
1298 2038 1375 2100 sit
1399 2055 1672 2118 persona

146 2140 335 2205 creata,
378 2132 492 2194 sed
522 2139 800 2211 tantum,
831 2138 905 2194 ut
938 2151 1053 2212 per
1076 2136 1371 2195 naturam
1396 2139 1673 2194 creatam

142 2227 531 2290 constituatur.
586 2227 693 2288 Ad
720 2227 970 2290 tertiam
995 2225 1441 2304 respondetur,
1472 2222 1668 2304 quod,

142 2323 258 2382 licet
275 2321 635 2384 humanitas
660 2321 742 2382 sit
764 2321 929 2384 facta
959 2339 1037 2384 ex
1054 2321 1249 2382 nihilo
1268 2319 1545 2382 mediate
1568 2318 1670 2381 vel

142 2415 479 2488 immediate,
514 2421 591 2477 ut
638 2433 833 2494 supra
858 2414 1096 2478 dictum
1126 2419 1263 2491 est,
1304 2419 1367 2474 et
1404 2412 1523 2474 sub
1552 2414 1673 2476 hac

148 2509 344 2570 ratione
368 2508 445 2570 sit
472 2508 543 2570 in
568 2508 685 2570 illa
712 2507 933 2570 relatio
975 2511 1277 2570 ercamrai
1312 2505 1395 2568 ad
1426 2505 1627 2568 Deum
1644 2553 1667 2584 ,

154 2602 267 2664 inde
290 2619 412 2662 non
436 2601 509 2664 fit
547 2608 627 2663 ut
653 2607 825 2664 totus
860 2600 1141 2664 Christus
1176 2617 1293 2679 per
1334 2617 1405 2661 se
1444 2600 1669 2681 primo,

152 2713 235 2758 sen
283 2697 513 2760 ratione
562 2697 763 2759 totius
818 2695 1184 2776 compositi,
1232 2693 1542 2756 referatur
1593 2693 1677 2756 ad

150 2791 311 2850 Deum
352 2791 453 2852 illa
496 2792 815 2854 relatione
832 2833 851 2864 ,
880 2789 993 2852 sed
1020 2789 1229 2850 solum
1254 2795 1325 2850 ut
1366 2789 1435 2850 in
1464 2807 1531 2850 se
1557 2788 1675 2850 ha-

148 2881 263 2946 beat
280 2891 556 2948 naturam
605 2885 677 2946 in
724 2901 853 2963 qua
893 2889 987 2946 est
1034 2882 1145 2944 illa
1172 2881 1433 2960 relatio;
1470 2887 1673 2944 totum

152 2995 265 3040 vero
289 2979 701 3058 compositum
725 2983 793 3040 ut
820 2977 909 3038 sic
933 2995 1061 3038 non
1084 2973 1354 3038 refertur
1372 2975 1455 3038 ad
1472 2977 1674 3038 Deum

152 3069 232 3130 iila
264 3071 555 3134 relatione
606 3071 873 3132 fundata
900 3072 969 3132 in
1004 3070 1345 3142 creatione,
1394 3068 1509 3132 sed
1548 3068 1673 3130 alia

150 3164 361 3226 fundata
388 3167 452 3226 in
478 3167 739 3228 actione
767 3165 1027 3234 unitiva,
1048 3183 1087 3224 a
1112 3181 1236 3242 qua
1252 3162 1535 3240 Christus
1562 3161 1672 3224 de-

151 3258 459 3320 nominatur
486 3265 786 3322 creatura
814 3257 1093 3322 secundo
1130 3255 1321 3318 modo
1348 3274 1539 3336 supra
1565 3274 1670 3318 ex-

155 3348 359 3426 plicatu.

217 3447 301 3506 13.
338 3445 436 3510 Aa
468 3447 727 3514 Verbum
747 3446 949 3530 possit
976 3444 1097 3508 dici
1124 3450 1425 3510 creatura.
1454 3475 1538 3492 --
1556 3443 1673 3504 Ar-

159 3547 407 3616 gumenta
431 3541 729 3604 secundae
768 3539 1080 3621 opinionis
1108 3538 1377 3620 probant
1400 3537 1671 3618 primam

160 3631 601 3698 conclusionem.
624 3635 689 3695 Si
709 3651 857 3696 vero
882 3639 1099 3696 contra
1121 3631 1463 3696 secundam
1490 3631 1668 3704 fiant,

163 3723 275 3784 nihil
307 3735 557 3808 urgent3
588 3727 678 3790 ad
708 3727 923 3790 Patres
966 3727 1137 3790 enim
1164 3726 1251 3787 ibi
1300 3741 1669 3806 responsum

164 3819 244 3878 est.
270 3819 349 3880 Ad
374 3829 501 3884 tres
534 3839 693 3884 vero
746 3821 1029 3884 rationes
1066 3821 1301 3900 primas
1325 3868 1339 3892 ,
1374 3837 1515 3899 quae
1541 3835 1670 3878 una

160 3918 285 3987 sunt,
312 3917 745 3994 respondetur,
794 3918 1135 3979 creaturam
1180 3912 1246 3973 in
1286 3914 1407 3974 hac
1436 3911 1669 3992 signiti-

158 4005 352 4068 catione
380 4028 505 4072 non
528 4009 863 4072 includere
884 4008 1282 4088 negationem
1313 4006 1499 4068 totius
1526 4023 1666 4068 esse

160 4095 483 4178 simpliciter,
508 4103 628 4166 sed
664 4102 869 4164 solum
900 4103 1062 4162 illius
1092 4119 1229 4164 esse
1256 4100 1375 4162 sub
1403 4117 1529 4180 quo
1560 4099 1669 4162 de-

161 4192 461 4256 nominatur
509 4201 823 4258 creatura.
881 4195 1063 4258 Unde
1086 4239 1105 4269 ,
1156 4200 1227 4256 ut
1254 4194 1533 4256 Christus
1588 4194 1667 4256 sit

163 4289 415 4362 creatura,
442 4307 570 4352 non
615 4293 864 4368 oportet
891 4295 963 4350 ut
1002 4286 1339 4368 aliquando
1368 4305 1499 4348 non
1530 4285 1670 4348 tue-

162 4373 235 4446 rit,
262 4379 357 4440 sed
386 4381 815 4460 utaliquando
840 4399 971 4444 non
1001 4381 1190 4444 fuerit
1212 4379 1489 4444 Christus
1504 4401 1523 4455 3
1561 4397 1670 4442 ne-

166 4482 259 4541 que
284 4478 345 4532 ut
368 4473 665 4555 inceperit
694 4493 833 4538 esse
862 4474 1242 4554 simpliciter,
1275 4474 1387 4536 sed
1410 4478 1481 4534 ut
1504 4473 1671 4535 ince-

164 4563 287 4634 perit
325 4583 450 4628 esse
476 4569 781 4633 Christus.
811 4569 907 4631 Ad
938 4567 1217 4630 ultimam
1244 4568 1448 4650 primo
1477 4584 1671 4646 nega-

169 4657 243 4714 tur
262 4663 509 4739 sequela,
538 4663 794 4737 scilicet,
822 4663 1099 4726 Verbum
1126 4679 1315 4742 posse
1342 4661 1465 4724 dici
1498 4678 1670 4724 crea-

168 4749 349 4814 turam.
395 4757 467 4818 Et
516 4757 605 4819 ad.
646 4757 1083 4836 probationem
1132 4759 1403 4837 negatur
1450 4773 1669 4817 conse-

174 4847 396 4925 quentia,
416 4853 557 4930 quia
580 4857 858 4914 mutatur
879 4850 1224 4930 suppositio
1246 4856 1307 4912 et
1330 4849 1665 4930 appellatio

174 4937 549 5016 terminorum3
578 4947 751 5025 quia,
788 4963 931 5006 cum
948 4943 1229 5008 Christus
1250 4945 1473 5007 dieitur
1497 4961 1668 5006 crea-

178 5026 303 5100 tura,
322 5036 651 5116 subiectum
672 5055 801 5102 non
824 5043 947 5100 stat
970 5037 1374 5102 materialiter
1389 5056 1503 5118 pro
1525 5055 1669 5116 sup·

180 5123 366 5198 posito,
407 5133 511 5194 sed
553 5133 899 5196 formaliter
944 5151 1057 5212 pro
1111 5137 1241 5193 toto
1294 5132 1662 5212 composito.

182 5211 295 5275 Cum
316 5239 447 5284 vero
480 5227 753 5290 Christus
780 5226 1009 5288 dicitur
1048 5244 1188 5288 esse
1218 5225 1525 5298 Verbum,
1557 5229 1670 5287 aut

183 5303 401 5376 Verbum
417 5327 717 5394 creatura,
740 5320 1091 5400 subiectum
1113 5320 1379 5382 sumitur
1398 5339 1511 5400 pro
1533 5321 1667 5382 solo

188 5405 464 5479 supposito,
482 5412 765 5482 Secundo
791 5412 1237 5493 respondetur,
1266 5413 1332 5474 in
1362 5411 1667 5475 catholico

190 5505 333 5556 sensu
349 5517 513 5576 posse
528 5505 649 5568 dici
673 5505 953 5568 Verbum
980 5513 1361 5582 creaturam,
1382 5525 1457 5570 eo
1480 5507 1667 5570 modo

3193 345 3311 408 247

1748 459 1877 522 quo
1902 444 2130 507 dicitur
2157 444 2348 510 homo
2371 467 2392 524 3
2419 453 2516 512 est
2541 447 2712 512 enim
2741 448 2968 526 homo,
3011 449 3163 530 quia
3191 457 3316 514 ter·

1747 537 1947 601 minat
1984 539 2478 617 humanitatem3
2515 540 2760 604 dicetur
2803 559 2956 624 ergo
2997 549 3308 620 creatura,

1750 632 1899 710 quia
1942 634 2240 698 terminat
2273 638 2566 698 naturam
2603 646 2904 700 creatam.
2945 637 3119 702 Sicut
3143 640 3311 702 enim

1750 741 1867 806 per
1902 727 2362 792 humanitatem
2399 731 2798 794 constituitur
2843 731 2912 792 in
2941 749 3082 794 esse
3113 733 3312 795 homi·

1751 819 1873 896 nis,
1899 820 1986 882 ita
2009 838 2128 903 per
2162 830 2452 886 naturam
2487 831 2763 887 creatam
2796 825 2864 886 in
2899 842 3040 888 esse
3069 833 3312 890 creatu·

1748 931 1869 988 ran
1904 915 1994 978 sic
2017 917 2189 980 enim
2223 917 2378 980 dixit
2404 917 2528 980 Leo
2565 919 2758 998 Papa,
2782 925 3132 982 creatorem
3173 919 3312 984 fieri

1751 1015 2104 1072 creaturam
2123 1011 2188 1072 in
2212 1011 2332 1075 hoc
2353 1012 2676 1092 mysterio.
2699 1013 3202 1094 Etflieronymus
3217 1014 3313 1077 di-

1750 1103 1860 1180 xit,
1879 1123 2084 1170 crcarc
2095 1105 2160 1168 in
2171 1105 2446 1186 quodum
2461 1123 2655 1169 sensu
2669 1108 2734 1170 in
2750 1107 3070 1188 Scriptura
3085 1109 3310 1172 usitato

1752 1215 1883 1260 non
1904 1199 1952 1260 si
1959 1199 2255 1280 gnificare
2265 1199 2402 1264 fleri
2419 1200 2804 1282 simpliciter,
2819 1202 2990 1281 quod
3003 1220 3132 1264 non
3151 1209 3308 1280 erat,

1754 1292 1865 1354 sed
1895 1294 2068 1372 quod
2089 1301 2247 1368 erat,
2277 1294 2414 1358 fieri
2454 1295 2604 1358 tale.
2639 1293 2966 1370 Quomodo
3005 1295 3157 1358 dixit
3181 1299 3310 1360 Au-

1754 1389 2080 1468 gustinus,
2111 1389 2194 1451 de
2221 1389 2370 1452 Fide
2413 1397 2478 1454 et
2506 1389 2831 1470 Symbola,
2861 1407 2917 1453 c.
2949 1392 2990 1451 4
3016 1404 3036 1450 ε
3067 1387 3313 1464 thando

1766 1480 2017 1548 Verbum
2057 1501 2200 1547 caro
2230 1487 2461 1560 factu-m
2479 1489 2594 1560 act,
2614 1483 2812 1548 cadem
2830 1483 3157 1564 sapientia,
3179 1501 3314 1566 qm

1754 1591 1795 1638 a
1816 1576 1939 1637 Deo
1957 1578 2164 1656 yonita
2183 1586 2297 1650 ece,
2325 1579 2584 1660 diffututa
2593 1577 2696 1655 lest
2712 1578 2780 1639 in
2796 1576 3132 1640 hominibus
3151 1595 3316 1642 orca-

1754 1665 1834 1731 rt‘.
1862 1668 1990 1730 Sed
2017 1687 2386 1750 quanquam
2425 1671 2546 1732 hoc
2573 1687 2794 1733 verum
2830 1669 2912 1731 sit
2931 1713 2951 1744 ‚
2984 1671 3116 1732 istae
3145 1670 3315 1734 locu·

1754 1760 1964 1824 tiones
2005 1762 2202 1826 multo
2246 1764 2448 1846 magis
2497 1771 2646 1826 sunt
2685 1761 2954 1826 vitandae
2981 1808 2998 1838 ,
3027 1763 3177 1842 quia
3219 1769 3316 1826 est

1754 1854 1958 1934 major
1986 1857 2420 1936 tequivocatio,
2447 1863 2510 1922 et
2533 1857 2743 1938 majus
2769 1851 3118 1938 periculum
3139 1873 3316 1918 erro-

1752 1948 1879 2027 ris3
1915 1950 2190 2012 Verbum
2209 1951 2381 2014 enim
2413 1951 2780 2032 simpliciter
2805 1957 2902 2016 est
2926 1967 3200 2032 persona
3221 1950 3318 2012 in-

1754 2048 1968 2106 creata
1989 2087 2006 2118 ,
2049 2049 2115 2106 et
2143 2042 2288 2108 ideo
2317 2046 2604 2108 absolute
2631 2044 2808 2108 nullo
2837 2044 3026 2108 modo
3058 2043 3182 2108 dici
3207 2043 3316 2110 de-

1750 2136 1860 2200 bet
1888 2142 2198 2202 creatura.

2248 2321 2670 2388 ARTICULUS
2708 2325 2812 2388 lx.

1764 2505 1987 2572 Utrum
2025 2505 2151 2574 hoec
2191 2507 2280 2572 cit
2304 2523 2448 2574 vcra
2469 2535 2492 2571 .·
2516 2509 2651 2574 Istc
2686 2509 2880 2582 homo,
2909 2509 3312 2574 demonstrato

2165 2599 2437 2682 Christo,
2459 2603 2686 2686 incepit
2715 2620 2841 2668 osec
2861 2605 2906 2664 ¹.

1838 2787 1895 2850 1.
1938 2786 2048 2852 Aa
2081 2802 2301 2850 nonum
2331 2787 2422 2852 ric
2452 2787 2823 2868 proceditur.
2869 2785 3119 2853 Videtur
3158 2785 3320 2868 quod

1752 2877 1855 2944 illc
1897 2881 2091 2957 homo,
2121 2881 2520 2947 demonstrato
2550 2879 2826 2955 Christo,
2853 2881 3147 2964 inceperit
3167 2897 3311 2944 cccc.

1754 2974 1931 3040 Dicit
1959 2976 2114 3039 cuim
2136 2975 2530 3056 Aumatium
2571 2991 2752 3056 supet·
2775 2973 2831 3038 J
2831 2991 2967 3038 can.
2986 2972 3014 3014 ¹
3033 2999 3058 3035 .·
3085 2974 3316 3038 Prius-

1752 3085 1933 3148 quam
1977 3069 2238 3133 manduc
2263 3075 2447 3146 met,
2477 3085 2582 3133 nec
2604 3087 2714 3132 noc
2748 3085 2991 3134 cramus
3006 3114 3029 3145 ,
3058 3085 3163 3131 acc
3186 3067 3318 3146 ipre

1752 3162 2049 3226 mediator
2091 3162 2206 3225 Dei
2233 3167 2292 3226 et
2333 3163 2642 3224 hominum
2657 3207 2678 3237 ,
2708 3161 2878 3225 homo
2907 3163 2960 3225 J
2963 3178 3099 3225 cruc
3133 3159 3319 3226 Cleri-
3335 3166 3360 3194 ·

1752 3260 1909 3318 stus.
1947 3253 2078 3319 Sed
2102 3255 2282 3329 illud,
2313 3255 2470 3336 quod
2491 3272 2610 3316 nou
2637 3272 2867 3337 semper
2897 3255 3024 3330 fuit
3042 3298 3065 3330 ,
3093 3255 3318 3334 incepit

1752 3366 1899 3411 csse.
1933 3349 2112 3426 Erqo
2139 3347 2245 3412 illc
2273 3348 2466 3424 homo,
2487 3349 2894 3414 dmonstrato
2918 3347 3186 3424 Christo,
3216 3347 3314 3410 in·

1753 3443 1909 3520 cepit
1939 3459 2080 3506 csse.

1832 3537 1892 3596 2.
1914 3534 2248 3608 Proetcrca,
2273 3533 2560 3600 Christus
2583 3533 2806 3614 impu
2833 3551 2955 3598 mc
2973 3533 3164 3598 homo.
3188 3529 3320 3598 Sed

1751 3645 1876 3692 cccc
1902 3629 2234 3705 hominem,
2276 3633 2369 3693 est
2406 3646 2533 3693 cccc
2575 3627 2965 3710 simpliciter.
3007 3625 3184 3710 Erqo
3209 3625 3318 3690 illc

1752 3723 1922 3787 homo
1957 3725 2184 3804 incepit
2212 3741 2338 3788 cccc
2363 3721 2746 3806 simpliciter.

1833 3818 1893 3879 3.
1926 3818 2262 3894 Proetcrca,
2294 3819 2463 3882 homo
2491 3819 2788 3896 importat
2810 3813 3182 3896 suppositum
3204 3813 3314 3878 Itu-

1750 3929 1950 3976 manoe
1987 3917 2249 3976 naturoe.
2287 3911 2422 3976 Sed
2457 3909 2738 3978 carmus
2777 3927 2896 3974 non
2934 3925 3166 3987 semper
3183 3907 3316 3986 fuit

1747 4007 2128 4090 suppositum
2167 4007 2443 4070 humanm
2477 4012 2740 4072 παίωνα.
2783 4003 2960 4085 Erqo
3005 4001 3110 4066 illc
3143 4001 3312 4066 homo

1748 4101 1972 4180 incepit
1991 4117 2135 4164 cese.

1828 4193 1963 4258 Sed
1992 4198 2202 4258 contra
2227 4193 2503 4276 estquod
2546 4189 2776 4258 dicitur
2815 4189 3010 4257 Hebr.
3054 4190 3268 4258 ultimo
3285 4215 3308 4252 .-

1748 4287 1939 4350 Jcsus
1974 4285 2256 4351 Christus
2281 4287 2415 4350 lteri
2441 4293 2497 4350 ct
2521 4285 2692 4350 hodic
2709 4331 2730 4363 ,
2759 4283 2887 4367 ipsc
2909 4290 2968 4348 ct
2991 4285 3059 4348 in
3085 4281 3304 4349 secula.

1828 4379 2170 4462 Respondet)
2201 4381 2534 4456 dicendum,
2565 4381 2724 4461 quod
2745 4396 2866 4440 non
2887 4385 2974 4442 cet
2999 4377 3312 4443 dicendum

1749 4473 2038 4554 quoditie
2062 4473 2255 4546 homo,
2287 4473 2689 4538 demonstrato
2720 4471 2982 4548 Christo,
3021 4470 3312 4552 inceperit

1752 4583 1895 4641 esse,
1928 4567 1988 4630 si
2033 4567 2196 4630 nihil
2221 4567 2518 4642 addam,
2550 4570 2606 4630 ct
2637 4565 2747 4629 Ιιοσ
2782 4563 3008 4645 duplici
3046 4563 3304 4626 ratione.

1749 4661 1968 4722 Primo
1994 4659 2253 4742 quidemn,
2274 4661 2421 4741 quia
2443 4661 2568 4724 koec
2590 4659 2815 4723 locutio
2841 4664 2930 4722 ccc
2953 4657 3310 4736 simpliciter

1748 4753 1921 4828 falsa
1942 4754 2263 4817 secundum
2281 4753 2638 4818 sententiam
2664 4751 2972 4816 catholica
2996 4751 3163 4828 fidei,
3188 4767 3311 4832 qua

1746 4847 2024 4926 ponimus
2053 4845 2122 4908 in
2151 4846 2397 4910 Christo
2422 4865 2610 4910 unum
2636 4847 3016 4927 suppositum
3043 4850 3097 4908 ct
3121 4861 3311 4908 unam

1748 4937 2150 5020 hypostasim,
2180 4941 2342 5004 sicut
2379 4945 2436 5004 ct
2462 4958 2646 5004 unam
2680 4955 3028 5022 personam.
3071 4936 3310 5002 Secun-

1748 5032 1890 5096 dum
1912 5033 2022 5096 Itoc
2041 5033 2198 5097 cuim
2221 5037 2449 5113 oportet
2469 5033 2645 5115 quod,
2666 5033 2733 5094 in
2755 5032 2864 5095 Ιιοο
2879 5030 3040 5114 quod
3057 5030 3305 5104 dicitur,

1750 5125 1879 5188 Istc
1930 5126 2121 5202 honlo,
2170 5126 2574 5190 demonstrato
2630 5123 2876 5192 Christo
2894 5167 2911 5198 ,
2963 5123 3312 5202 deciqnctm·

1751 5222 2131 5304 suppositum
2171 5226 2462 5286 oetcrnum
2481 5267 2500 5296 ,
2543 5219 2718 5301 cujm
2761 5217 3097 5286 almitati
3133 5233 3313 5297 repu-

1834 5417 1849 5452 ¹
1900 5415 1964 5488 3,
1996 5411 2202 5488 d.12,
2235 5429 2298 5492 q.
2333 5416 2394 5490 1,
2425 5420 2540 5475 art.
2569 5411 2738 5474 unic.

1832 5507 2106 5570 ²-Tract.
2135 5507 2273 5584 105,
2303 5523 2342 5566 a
2371 5501 2569 5582 med„
2590 5509 2636 5566 t.
2663 5505 2724 5568 ⁹.
