3892 6167
617 377 736 438 646

617 481 768 561 quia
793 496 940 540 cum
970 479 1156 540 homo
1194 478 1272 539 sit
1299 495 1413 558 per
1441 495 1510 538 sc
1541 481 1604 538 et
1636 481 1890 556 propter
1937 492 2004 537 se
2034 473 2183 536 ado·

616 574 857 648 rabilis,
879 572 1160 634 humano
1190 571 1464 652 quodam
1489 576 1552 634 et
1587 569 1868 632 inferiori
1909 569 2177 645 honore,

619 668 672 730 si
722 667 840 729 snb
901 665 1112 746 aliqua
1147 665 1389 728 ratione
1443 665 1753 726 coleretur
1815 662 2179 726 adoratIone

625 762 859 834 divina,
915 768 1139 840 praeter
1194 759 1618 838 suspicionem
1671 763 1735 820 ct
1785 756 2174 831 scandalum,

620 860 835 934 posset
869 851 1182 915 interdum
1225 869 1364 914 esse
1405 850 1652 913 occasio
1699 849 1798 912 vel
1833 849 2185 931 periculum

621 946 1037 1009 transferendi
1063 945 1143 1008 ad
1172 943 1490 1006 hominem
1522 961 1637 1024 per
1667 961 1736 1004 se
1777 941 2064 1003 absolute
2094 940 2185 1002 di-

621 1041 838 1102 vinum
875 1041 1204 1114 honorem,
1231 1037 1400 1116 quod
1445 1036 1842 1116 sacrilegium
1895 1041 1991 1097 est
2012 1049 2034 1112 3
2068 1033 2185 1096 hoc

624 1141 834 1198 autem
861 1135 1208 1215 periculum
1234 1137 1440 1194 cessat
1465 1132 1528 1194 in
1567 1129 1949 1212 imaginibus
1976 1129 2183 1192 inani-

623 1229 766 1290 mis·
801 1227 974 1290 Addo
991 1227 1471 1309 praeterea‚licet
1497 1227 1683 1288 homo
1719 1231 1967 1288 creatus
1988 1227 2067 1287 sit
2102 1223 2183 1286 ad

625 1322 966 1400 imaginem
988 1320 1124 1392 Dei,
1141 1327 1352 1382 tamen
1384 1338 1459 1382 ex
1482 1320 1612 1382 sola
1633 1319 1874 1382 ratione
1895 1319 2185 1400 imaginis

625 1422 690 1476 et
709 1414 984 1476 naturali
1008 1415 1563 1494 repraesentatione
1576 1433 1704 1476 non
1727 1413 1961 1476 referre
1983 1416 2185 1476 Deum

624 1515 696 1570 ut
728 1510 893 1570 Deus
921 1513 1038 1582 est,
1075 1525 1187 1569 seu
1218 1508 1430 1588 quoad
1447 1507 1748 1570 attributa
1776 1508 2027 1587 propria
2050 1507 2179 1581 Dei,

621 1602 728 1664 sed
759 1602 964 1664 solum
992 1601 1203 1681 quoad
1231 1601 1592 1664 communia
1621 1600 2025 1663 intellectuali
2073 1620 2189 1662 na-

623 1704 800 1767 turm,
828 1702 892 1756 et
918 1713 1066 1757 cum
1095 1694 1248 1757 alias
1284 1713 1416 1758 nou
1457 1695 1538 1756 sit
1573 1694 1761 1756 etiam
1789 1694 1926 1756 haec
1972 1695 2181 1774 imago

625 1790 916 1870 imposita
949 1790 1027 1853 ad
1077 1788 1659 1870 repraesentandum
1690 1788 1919 1864 Deum,
1961 1806 2183 1850 secuu-

625 1885 776 1946 dum
818 1902 895 1946 ea
923 1901 1064 1963 quae
1099 1885 1186 1946 illi
1216 1889 1364 1945 sunt
1389 1883 1660 1964 propria,
1695 1881 1836 1943 ideo
1865 1900 1993 1944 non
2014 1881 2185 1944 vide-

627 1985 729 2040 tur
757 1995 895 2039 esse
929 1977 1246 2038 sufficiens
1269 1978 1429 2062 ratio
1483 1975 1698 2038 utendi
1743 1976 1862 2036 hac
1908 1975 2181 2054 imagine

627 2071 705 2132 ad
721 2071 889 2132 hunc
902 2069 1283 2132 adorationis
1296 2068 1580 2141 modum,
1604 2069 1914 2148 quamvis,
1937 2069 2180 2130 secluso

625 2164 920 2228 scandalo
945 2169 1010 2226 et
1047 2164 1353 2244 periculo,
1385 2169 1449 2226 et
1487 2164 1552 2225 in
1583 2163 1839 2224 homine
1874 2161 2179 2243 spirituali

625 2277 700 2320 ac
716 2259 880 2319 bene
911 2258 1235 2334 instructo,
1282 2275 1410 2320 non
1437 2257 1636 2337 possit
1663 2256 2003 2318 intrinsece
2045 2275 2174 2318 ma-

626 2351 726 2412 lus
765 2349 1126 2413 existimari.

707 2446 768 2508 5.
813 2443 889 2506 Et
913 2444 1060 2506 hinc
1083 2449 1327 2506 constat
1351 2443 1503 2523 quid
1527 2441 1862 2506 dicendum
1883 2442 1962 2504 sit
1990 2441 2067 2503 de
2093 2443 2187 2503 in-

627 2537 959 2599 ferioribus
983 2538 1309 2614 creaturis,
1339 2556 1479 2618 quae
1501 2536 1698 2600 multo
1725 2537 1932 2598 minus
1954 2554 2188 2617 reprae-

629 2635 882 2692 sentant
895 2633 1096 2692 Deum
1127 2649 1316 2712 quam
1341 2631 1556 2701 homo,
1581 2636 1645 2692 et
1682 2629 1826 2692 ideo
1847 2629 2043 2692 multo
2074 2629 2187 2691 mi-

629 2741 749 2784 nus
772 2729 1034 2803 possunt
1069 2725 1157 2786 sic
1185 2723 1460 2800 adorari,
1483 2723 1633 2786 licet
1655 2722 1802 2802 quia
1827 2729 1975 2784 sunt
2002 2721 2189 2784 effec-

629 2824 734 2878 tus
758 2817 889 2890 Dei,
923 2817 992 2880 in
1027 2817 1257 2896 quibus
1284 2817 1419 2896 ipse
1475 2821 1570 2878 est
1618 2815 1836 2878 intime
1883 2833 2184 2896 proesenS,

629 2909 840 2971 inillis
867 2917 1082 2991 posset.
1105 2910 1275 2973 Dens
1307 2915 1611 2990 tanquam
1639 2909 1702 2970 in
1725 2926 1839 2970 sua
1859 2907 2011 2970 sede
2041 2907 2188 2970 ado-

631 3005 782 3080 rari,
812 3005 892 3065 ad
915 3023 1058 3067 eum
1088 3003 1350 3067 modum
1407 3001 1540 3085 quo'
1574 3002 1803 3066 dicitur
1847 3003 2065 3066 Matth.
2099 3005 2137 3065 5
2167 3022 2180 3064 :

631 3098 846 3164 Nolite
871 3099 1116 3178 jnraro,
1139 3117 1322 3180 mque
1355 3115 1466 3180 per
1494 3097 1727 3173 calum,
1769 3097 1912 3178 quia
1935 3097 2188 3162 thronus

595 3191 598 3196 ’
631 3189 752 3254 Dei
781 3195 867 3254 est
886 3214 915 3264 ,·
939 3209 1123 3274 nequo
1149 3209 1263 3272 per
1293 3197 1544 3266 terram,
1581 3191 1726 3272 quia
1751 3189 2073 3254 scabellum
2102 3195 2191 3254 esc

623 3284 846 3364 pedum
885 3285 1040 3364 esus,
1073 3290 1193 3348 etc.
1225 3284 1338 3346 Hic
1361 3289 1572 3345 tamen
1616 3283 2004 3346 adorationis
2054 3301 2190 3346 mo-

631 3375 750 3438 dus
774 3377 954 3438 valde
977 3377 1315 3458 spiritualis
1343 3384 1459 3452 est,
1479 3379 1541 3440 et
1561 3377 1823 3439 subtilis.

712 3474 771 3532 6.
824 3469 1108 3551 objectio.
1131 3503 1213 3518 -
1235 3472 1310 3534 Et
1347 3488 1424 3533 ex
1453 3469 1553 3532 his
1582 3469 1842 3534 solvitur
1860 3469 2059 3534 obiter
2084 3469 2192 3532 ob·

623 3565 817 3645 jectio
848 3581 986 3643 quae
1014 3571 1232 3628 contra
1281 3564 1748 3627 conclusionem
1777 3563 1915 3628 fieri
1957 3569 2188 3646 posset.

631 3658 822 3739 Sequi
852 3659 1022 3720 enim
1049 3677 1128 3720 ex
1155 3659 1260 3720 illa
1289 3657 1538 3720 videtur
1565 3676 1799 3739 agnum
1847 3676 2066 3720 verum
2094 3657 2191 3720 vel

636 3751 834 3814 solem
897 3750 1145 3814 adorari
1193 3769 1402 3832 posse,
1437 3751 1587 3832 quia
1632 3749 2061 3831 metaphorice
2098 3767 2192 3812 re·

635 3851 1018 3926 praesentant
1079 3845 1389 3910 Christum
1415 3893 1432 3922 ,
1488 3845 1659 3925 quod
1711 3851 1924 3909 tamen
1978 3843 2193 3906 irridet

633 3939 1046 4019 Augustinus,
1070 3958 1249 4002 conc.
1285 3941 1323 4001 3
1367 3939 1434 4001 in
1463 3939 1626 4002 Psal.
1681 3941 1821 4016 113,
1870 3955 2190 4019 exponens

632 4033 742 4094 illa
767 4034 998 4096 verba:
1032 4031 1148 4098 Sol
1173 4034 1448 4117 coynovit
1473 4051 1751 4098 oscamm
1771 4051 1971 4096 mum.
1994 4033 2193 4111 Nega-

633 4132 737 4187 tur
767 4144 916 4206 ergo
969 4127 1436 4207 consequentia,
1463 4133 1598 4188 tum
1643 4129 1903 4208 propter
1943 4127 2194 4206 pericu-

632 4218 762 4280 lum
795 4241 814 4296 3
847 4226 980 4282 tum
1011 4221 1197 4282 etiam
1232 4222 1381 4300 quia
1407 4239 1511 4283 res
1532 4221 1657 4283 illae
1702 4238 1832 4282 non
1889 4225 2035 4282 sunt
2072 4219 2193 4282 im-

631 4312 848 4392 positae
878 4313 963 4375 ad
985 4313 1562 4394 repraesentandum
1608 4314 1944 4390 Christum,
1979 4330 2187 4394 neque

635 4421 712 4466 ex
743 4413 970 4468 natura
991 4424 1104 4468 sua
1132 4407 1306 4467 illum
1335 4413 1814 4486 repraesentant.

711 4501 776 4560 ’7.
817 4499 867 4562 Α
881 4500 1113 4563 doratio
1125 4501 1384 4582 propria
1399 4499 1733 4564 nominibus
1757 4499 1952 4564 saco-is
1970 4499 2184 4564 debita.

629 4590 823 4654 -Ad
853 4593 1196 4656 secundam
1226 4591 1764 4655 confirmationem
1790 4593 1868 4654 de
1919 4593 2191 4655 nomini-

627 4687 750 4748 bus
776 4686 991 4764 sacris,
1012 4686 1269 4765 quidam
1292 4686 1648 4748 existimant
1675 4685 1794 4747 illis
1817 4703 1944 4748 nou
1974 4684 2189 4748 deberi

629 4779 824 4841 ullam
871 4779 1300 4842 adorationem
1359 4779 1700 4860 propriam,
1759 4779 1904 4859 quia
1945 4785 2189 4844 tantum

634 4873 874 4934 habent
906 4873 1274 4953 implicitam
1314 4871 1836 4953 significationem
1869 4891 1946 4936 ex
1981 4874 2189 4954 impo-

631 4966 878 5038 sitione,
913 4973 977 5028 et
1002 4967 1290 5028 instituta
1315 4985 1442 5027 non
1474 4973 1619 5028 sunt
1640 4971 1712 5028 ut
1747 4967 2080 5048 suppleant
2096 4967 2190 5028 vi-

627 5079 766 5124 cem
797 5060 887 5122 rei
917 5069 1396 5142 repraesentatas,
1429 5063 1572 5126 etin
1601 5070 1870 5143 utroque
1890 5064 2189 5128 differunt

629 5155 712 5218 ab
739 5155 1120 5234 imaginibus
1153 5175 1293 5236 quae
1326 5164 1391 5218 et
1421 5159 1777 5238 expressius
1807 5159 2183 5239 significant,
2214 5153 2239 5176 ”’

631 5254 695 5312 et
711 5267 791 5310 ex
825 5249 1214 5314 institutione
1243 5251 1454 5313 locum
1497 5257 1724 5330 gerunt
1769 5269 2185 5332 personarum

628 5361 790 5424 quas
811 5351 1281 5424 repraesentant.
1316 5347 1404 5408 lta
1433 5347 1624 5408 sentit
1663 5347 1840 5407 Dom.
1875 5347 2047 5422 Sot0,
2071 5346 2178 5410 lib.

627 5442 668 5502 2
707 5439 787 5501 de
812 5439 999 5515 Just„
1034 5457 1096 5520 q.
1129 5443 1194 5516 4,
1225 5445 1341 5502 art.
1365 5443 1443 5516 23
1476 5438 1771 5512 Cor-dub„
1803 5440 1868 5502 d.
1893 5439 2005 5504 lib.
2038 5445 2179 5521 1‚q.

630 5530 864 5608 5,dub.
892 5535 954 5610 4,
988 5532 1250 5596 articulo
1295 5537 1358 5610 2,
1407 5532 1488 5596 ad
1535 5537 1564 5596 1
1603 5531 1888 5599 confirm.
1924 5537 1960 5598 7
2004 5551 2186 5615 argu-

1825 375 2063 438 QUAEST.
2096 375 2248 430 XXV.
2282 376 2483 429 Anne.
2520 377 2605 429 lll.

2260 481 2455 538 ment.
2476 473 2729 537 Addunt
2754 478 2967 535 tamen
2996 473 3062 534 hi
3100 479 3396 552 auctoreS,
3443 481 3636 551 abusive
3656 505 3693 558 et

2261 567 2603 649 improprie
2631 566 2930 629 honorari
2974 565 3111 628 haec
3141 567 3403 647 nomina,
3439 577 3556 654 quia
3588 588 3693 648 exc-i-

2260 668 2394 725 tant
2414 661 2783 724 memoriam
2814 678 3246 742 personarum,
3269 680 3418 742 quae,
3435 669 3611 734 auditis
3624 677 3696 740 hu.

2258 756 2536 836 jusmodi
2592 755 2977 832 nominibus,
3024 756 3232 818 statim
3283 757 3621 841 honorantur,
3660 781 3698 836 et

2264 849 2387 910 hoc
2410 848 2595 911 modo
2626 847 2873 926 fideles,
2905 848 3115 911 audito
3145 850 3386 913 nomine
3410 853 3553 931 Iesu,
3576 873 3698 941 caput

2265 943 2581 1023 aperiunt,
2612 943 2785 1024 juxta
2806 942 2960 1004 illud
2980 940 3061 1004 ad
3089 941 3305 1024 Philip.
3332 947 3507 1011 2:12
3536 957 3699 1022 nomine

2264 1037 2415 1100 Jesu
2430 1053 2598 1100 omne
2622 1054 2779 1118 yona
2792 1038 3102 1117 flectatur.
3118 1037 3257 1098 Hoec
3279 1044 3469 1101 tamen
3482 1051 3700 1112 sententia

2264 1130 2415 1190 mihi
2465 1148 2593 1192 non
2626 1130 2946 1210 probatur.
2990 1131 3228 1191 Censeo
3260 1131 3453 1210 itaque
3482 1135 3700 1216 imprimis

2266 1241 2443 1286 sacra
2490 1224 2771 1301 nomina,
2796 1225 3143 1304 praesertim
3184 1241 3401 1286 nomen
3441 1227 3577 1305 Iesu,
3616 1253 3700 1298 non

2266 1323 2508 1381 tantum
2534 1318 2815 1392 abusive,
2855 1317 2968 1379 sed
3002 1317 3192 1379 etiam
3240 1320 3463 1400 proprie
3500 1330 3549 1385 et
3578 1326 3623 1386 in
3659 1349 3700 1392 se

2268 1410 2657 1474 adorandum
2691 1430 2851 1486 esse,
2888 1417 3149 1492 propter
3177 1429 3316 1474 eum
3345 1429 3508 1492 quem
3547 1418 3701 1497 signifi.

2268 1511 2390 1566 cat.
2433 1504 2737 1567 Probatur
2793 1506 3065 1585 primum
3122 1523 3198 1566 ex
3244 1505 3396 1567 dicto
3420 1507 3535 1569 loco
3572 1511 3699 1589 Pauli,

2270 1604 2329 1660 et
2356 1617 2474 1660 usu
2531 1598 2845 1676 Ecclesiae,
2898 1598 3048 1679 quia
3101 1599 3221 1660 hoc
3258 1597 3429 1661 modo
3481 1606 3700 1684 proprius,

2268 1692 2599 1772 magisque
2618 1693 2801 1772 juxta
2830 1710 3235 1754 communem
3256 1691 3507 1755 fidelium
3529 1713 3705 1760 sensum

2263 1785 2649 1866 intelligitur.
2684 1786 2863 1851 Unde
2888 1789 3084 1863 Iren.,
3112 1785 3153 1848 l.
3184 1789 3224 1847 4
3252 1791 3446 1849 contra
3465 1789 3700 1864 Haeres.,c.

2264 1879 2343 1941 36
2374 1897 2387 1939 :
2418 1879 2678 1956 Nomen,
2694 1881 2917 1960 inquit,
2947 1881 3002 1944 J
3002 1897 3111 1943 esu
3158 1897 3263 1962 per
3284 1881 3577 1944 uuiversum
3594 1901 3705 1948 muu-

2264 1973 2404 2036 dum
2431 1973 2813 2055 ylorificatur
2849 1975 2917 2037 in
2958 1973 3264 2038 Ecclesia.
3296 1973 3367 2034 Et
3391 1973 3521 2036 illud
3562 1979 3701 2039 statim

2265 2083 2410 2127 cum
2459 2066 2735 2146 imagine
2777 2073 3125 2147 comparat.
3184 2065 3457 2145 Idemque
3504 2069 3701 2131 sentit-D.

2260 2159 2508 2236 Thom.,
2533 2179 2749 2242 opusc.
2782 2164 2883 2237 60,
2913 2181 2971 2223 a.
2993 2161 3059 2238 6,
3082 2157 3190 2222 ubi
3217 2159 3399 2222 multa
3412 2159 3468 2221 in
3486 2161 3705 2224 honorem

2260 2252 2452 2332 hujus
2486 2255 2755 2318 nominis
2798 2255 3057 2338 egregie
3090 2255 3380 2336 congerit.
3400 2254 3539 2316 Idem
3560 2256 3703 2328 Abul„

2267 2345 2332 2406 in
2357 2365 2410 2408 c.
2446 2349 2527 2410 20
2558 2347 2780 2423 Exod.‚
2808 2367 2869 2428 q.
2898 2351 2935 2410 6
2962 2357 3028 2412 et
3054 2351 3115 2412 7.
3152 2345 3442 2418 Secundo,
3466 2345 3703 2409 lib.Evan-

2269 2439 2577 2518 geliorum
2633 2441 2995 2504 adorandus
3046 2442 3273 2505 dicitur
3312 2441 3373 2502 in
3398 2439 3485 2501 Vll
3509 2441 3699 2520 Synod.;

2270 2551 2421 2612 ergo
2440 2541 2503 2616 et
2526 2553 2753 2598 nomen
2776 2535 2811 2597 J
2816 2554 2924 2598 esu
2953 2537 3251 2616 scriptum
3273 2533 3595 2596 adorandum
3614 2538 3698 2608 erit,

2268 2625 2422 2688 nihil
2452 2627 2619 2690 enim
2644 2629 2751 2690 illo
2778 2629 3033 2708 dignius
3061 2635 3157 2692 est
3204 2630 3268 2692 in
3292 2635 3410 2690 toto
3446 2629 3698 2707 Evangelio-

2269 2736 2409 2780 rum
2440 2719 2641 2796 libr03
2676 2741 2827 2804 ergo
2868 2730 2933 2786 et
2972 2741 3208 2786 nomen
3244 2723 3384 2786 Jesu
3408 2739 3534 2785 voce
3568 2723 3692 2802 prola·

2268 2816 2401 2873 tum
2434 2813 2658 2876 eodem
2704 2817 2891 2878 modo
2941 2815 3329 2879 adorandum
3361 2816 3495 2889 erit;
3524 2817 3690 2876 uteuim

2270 2906 2498 2968 dicitur
2528 2909 2663 2970 VIII
2686 2908 2949 2990 Synod„
2999 2929 3141 2974 can.
3179 2914 3217 2974 3
3244 2927 3259 2972 z
3294 2898 3424 2984 Qt'cae
3450 2908 3506 2971 in
3532 2907 3697 2988 syllabis

2275 3018 2493 3074 sermo,
2524 3001 2647 3066 hoec
2684 3009 2743 3068 et
2791 3005 3107 3085 scriptura
3134 3005 3413 3088 pradicat
3436 3007 3485 3067 et
3504 3019 3699 3066 commen·

2272 3095 2401 3159 dat.
2429 3095 2661 3171 Tertio,
2690 3097 2933 3161 ratione
2962 3116 3042 3160 ex
3070 3097 3169 3158 his
3208 3095 3397 3160 verbis
3421 3093 3616 3157 canonis
3637 3093 3699 3154 de-

2272 3195 2541 3268 sumpta,
2584 3189 2733 3270 quia
2780 3191 2939 3253 ratio
2997 3191 3186 3271 hujus
3244 3189 3581 3259 adorationis
3621 3193 3701 3247 tam

2270 3295 2560 3362 respectu
2592 3285 2909 3364 scripturas
2936 3302 3131 3364 quam
3164 3285 3347 3357 vociS,
3368 3289 3451 3345 est
3470 3299 3552 3344 res
3574 3280 3699 3359 signi-

2271 3377 2453 3439 ficata
2478 3394 2498 3456 ;
2531 3378 2702 3457 quod
2730 3397 2877 3441 vero
2906 3398 3011 3441 res
3040 3380 3176 3461 ipsa
3204 3377 3518 3458 significans
3542 3375 3594 3434 sil
3624 3391 3699 3432 vox

2272 3470 2371 3532 vel
2413 3472 2741 3552 scriptura,
2775 3474 3103 3534 materiale
3150 3471 3295 3554 quid
3318 3479 3401 3533 est
3428 3488 3442 3544 ;
3475 3485 3589 3548 ergo
3616 3483 3699 3525 non

2274 3565 2534 3644 impedit
2552 3568 2857 3629 rationem
2885 3565 3282 3630 adorationis.
3308 3563 3697 3630 Etconfirmatur‚

2275 3659 2423 3738 quia
2450 3659 2569 3722 hoc
2594 3678 2826 3722 nomen
2852 3668 2945 3726 est
2971 3679 3076 3724 res
3105 3661 3373 3742 quaedam
3396 3674 3557 3732 sacra,
3580 3656 3623 3714 et
3648 3649 3697 3712 ad

2272 3770 2455 3813 usum
2492 3755 2857 3834 religiosum
2902 3755 3027 3818 suo'
3062 3756 3247 3816 modo
3293 3752 3697 3824 destinatanrgo

2274 3845 2369 3907 vel
2396 3846 2515 3908 hoc
2545 3849 2723 3911 titulo
2752 3855 2846 3911 est
2874 3849 3238 3912 adoratione
3253 3841 3697 3929 dignum.Denique

2271 3937 2673 4004 irreverentia
2699 3942 2845 4006 hnic
2875 3945 3115 4007 nomini
3143 3944 3300 4006 facta
3324 3939 3483 4019 culpa
3520 3943 3589 3996 est
3606 3933 3699 3993 reli-

2276 4036 2445 4110 gioni
2474 4054 2877 4118 repugnans3
2914 4057 3067 4120 ergo
3108 4057 3141 4102 e
3176 4034 3456 4100 contrario
3502 4025 3700 4091 haecvir-

2272 4134 2372 4190 tus
2394 4129 2653 4192 inclinat
2682 4129 2764 4194 ad
2791 4131 3096 4195 honorem
3133 4131 3391 4212 aliquem
3428 4125 3516 4188 tali
3538 4119 3699 4184 nomini

2272 4221 2717 4286 exhibendum.

2350 4315 2411 4378 8.
2456 4315 2756 4381 Adoratio
2784 4320 2981 4385 sacris
3008 4319 3337 4383 minibus
3360 4315 3524 4382 debita
3550 4323 3698 4389 respec-

2271 4411 2401 4473 tiva
2414 4409 2786 4474 esa-Addo
2807 4431 2955 4474 vero
2984 4413 3330 4495 hujusmodi
3358 4408 3693 4472 adorationem,

2268 4505 2366 4564 his
2413 4505 2775 4568 nominibus
2830 4508 3021 4570 sacris
3074 4507 3369 4584 debitam,
3410 4500 3695 4585 potissimum

2273 4617 2411 4660 esse
2440 4600 2849 4679 respectivam
2877 4601 3071 4678 illam,
3101 4609 3163 4664 et
3188 4598 3531 4664 venerariam
3549 4591 3693 4654 adora·

2268 4691 2530 4769 tionem,
2556 4711 2747 4773 quam
2773 4713 2963 4774 supra
2988 4695 3111 4757 late
3140 4692 3522 4776 explicuimus,
3546 4699 3691 4765 quam·

2271 4800 2394 4862 que
2419 4785 2528 4848 VH
2558 4793 2621 4849 et
2648 4787 2781 4850 VIII
2808 4785 3041 4868 synod.
3072 4787 3285 4852 litteris
3310 4785 3478 4846 sacris
3503 4778 3692 4842 tribuen-

2271 4877 2417 4941 dam
2434 4897 2566 4940 esse
2587 4880 2961 4944 docuerunt.
2994 4883 3102 4944 Illa
3124 4883 3279 4944 enim
3300 4880 3465 4962 prior,
3488 4891 3582 4955 qua
3597 4869 3691 4930 ado·

2268 4979 2443 5034 ratur
2468 4992 2758 5054 persona,
2801 4975 2902 5036 vix
2942 4981 3145 5056 potest
3176 4973 3265 5036 his
3304 4968 3596 5034 nominibus
3627 4977 3691 5022 ac·

2269 5066 2685 5143 commodari,
2716 5075 2849 5131 tum
2875 5071 3022 5148 quia
3042 5077 3275 5133 tantum
3296 5064 3545 5146 implicite
3565 5065 3607 5120 et
3618 5072 3688 5135 per

2268 5159 2467 5222 solam
2521 5159 2983 5242 impositionem
3038 5162 3407 5244 significant3
3451 5163 3556 5218 tum
3595 5147 3685 5250 11¹1}ss

2268 5272 2412 5317 cum
2448 5273 2681 5318 nomen
2709 5259 3057 5320 transeunti
3086 5275 3232 5320 voce
3270 5251 3578 5335 proferatur,
3613 5239 3687 5301 dlf‘

2266 5347 2427 5410 ficile
2457 5354 2663 5429 potest
2700 5351 3081 5431 apprehendi
3130 5354 3198 5411 ut
3234 5349 3569 5427 conjunctum
3594 5347 3683 5395 cum

2266 5460 2555 5521 persona,
2590 5461 2701 5504 seu
2728 5461 3002 5524 persona
3022 5445 3081 5506 in
3111 5445 3264 5524 ipso,
3287 5446 3351 5502 ut
3372 5439 3429 5500 in
3450 5435 3530 5496 illo
3553 5435 3594 5491 et
3610 5441 3682 5504 per

2265 5534 2422 5599 illud
2452 5535 2771 5613 adoretur,
2802 5537 3134 5619 ipsumque
3160 5549 3372 5598 nomen
3392 5527 3562 5594 eadem
3584 5517 3683 5582 ndo·
