3892 6167
1287 339 1608 394 mSPUTAT.
1641 337 1808 392 xux.
1841 337 2011 391 SECT.
2044 337 2129 400 114
3184 331 3303 398 183

99 459 472 546 particulam
497 457 698 528 illam,
723 452 790 514 in
817 449 1130 532 quantum,
1155 448 1225 505 ut
1255 459 1445 522 supra
1473 439 1664 520 expli·
1742 436 2250 545 mag-isinclinet'.
2280 437 2425 542 Quo
2446 436 2581 500 fere
2610 435 2796 500 modo
2836 438 3117 517 procedit
3156 440 3304 502 Sco·

99 566 298 622 catum
341 559 478 627 est,
511 557 579 614 et
621 545 972 611 docuerunt
1004 555 1297 621 expresse
1323 538 1397 599 D.
1435 535 1659 596 Thom.
1741 537 1844 594 tus
1886 531 1997 606 ibi,
2026 541 2157 592 tam
2186 531 2252 591 in
2298 530 2557 610 Scriptis
2596 547 2787 609 quam
2813 530 2879 591 in
2925 533 3301 612 Repertatis.

101 662 158 716 et
181 653 408 731 cajet„
438 649 669 726 quaest.
699 636 1011 721 sequenti,
1037 641 1154 697 art.
1182 635 1246 708 Ξ,
1275 631 1358 693 ad
1387 635 1454 703 1;
1488 635 1550 690 ει
1576 628 1663 690 fa·

102 751 208 811 cile
239 742 534 808 convinci
577 743 802 821 potest,
847 733 994 814 quia
1023 731 1325 803 Christus,
1367 731 1439 788 ut
1478 725 1662 800 Deus,

103 839 382 906 estFilius
399 831 714 897 naturalis
733 845 846 910 per
863 829 1158 888 aeternam
1172 819 1664 900 generationem,

103 941 158 998 et
181 941 422 994 naturae
449 926 884 1008 aequalitatem
905 927 967 983 et
989 919 1412 988 identitatem3
1434 919 1666 974 atvero

103 1039 164 1092 ut
204 1027 395 1089 homo
425 1039 568 1084 non
615 1019 807 1081 hahet
855 1017 1017 1077 hanc
1060 1009 1477 1090 aequalitatem
1523 1021 1668 1068 cum

105 1128 298 1197 Patre,
332 1109 452 1184 sed
477 1124 580 1180 est
601 1114 808 1176 minor
835 1109 964 1183 illo,
985 1123 1196 1185 neque
1219 1109 1288 1164 ut
1313 1103 1502 1163 homo
1525 1117 1667 1180 pro·

109 1219 260 1282 cedit
315 1233 353 1276 a
413 1215 608 1275 Patre
653 1223 770 1288 per
817 1210 1116 1266 aeternam
1167 1195 1662 1278 generationem.

107 1315 403 1376 Praeterea
433 1305 724 1370 Christus
745 1345 760 1374 ‚
794 1303 864 1360 ut
902 1298 1090 1370 DeuS‚
1137 1292 1367 1354 fruitur
1403 1289 1669 1350 beatitu-

109 1407 240 1468 dine
266 1421 380 1483 per
406 1397 778 1470 essentiam,
803 1409 931 1453 non
950 1397 1164 1452 tamen
1191 1389 1261 1447 ut
1283 1385 1500 1458 home,
1521 1381 1668 1461 quia

107 1507 169 1562 ut
196 1500 280 1560 sic
323 1514 456 1557 non
505 1493 676 1554 videt
723 1491 922 1550 Deum
965 1501 1082 1564 per
1109 1483 1452 1544 increatam
1479 1477 1668 1538 visio-

109 1611 270 1667 nem,
301 1587 416 1652 sed
451 1585 630 1648 illius
659 1577 1203 1664 participationem
1228 1575 1504 1635 creatam
1534 1587 1669 1630 sus·

111 1689 265 1766 cipit.
301 1681 596 1760 Denique
637 1678 1080 1757 argumentum
1117 1669 1350 1730 factum
1373 1666 1494 1726 hoc
1521 1679 1668 1724 con·

111 1780 308 1854 vincit,
334 1776 487 1856 qnia
529 1771 814 1836 Christus
849 1771 918 1828 ut
955 1767 1144 1826 homo
1171 1778 1300 1822 non
1336 1764 1432 1820 est
1461 1758 1662 1830 Deus;

115 1895 250 1956 ergo
273 1887 488 1952 neque
519 1865 717 1929 Filius
742 1862 849 1924 Dei
871 1861 936 1922 in
970 1861 1085 1921 hoc
1119 1873 1328 1918 sensu.
1347 1849 1671 1914 Nihilomi-

115 1989 223 2032 nus
251 1973 468 2030 tamen
493 1961 620 2024 alia
653 1959 898 2021 ratione
925 1953 1215 2018 dicimus.
1239 1949 1551 2013 Christum
1597 1951 1669 2008 ut

116 2063 422 2126 hominem
465 2075 612 2120 esse
642 2053 866 2117 Filium
897 2049 1014 2110 Dei
1041 2063 1155 2128 per
1191 2043 1458 2124 gratiam
1487 2041 1669 2101 unio·

119 2157 226 2232 nie,
245 2155 389 2236 quia
413 2149 732 2234 perillam
759 2146 1054 2208 effectum
1080 2143 1266 2202 estut
1291 2137 1430 2215 ipsa
1452 2135 1672 2196 huma-

121 2251 270 2312 nitas
295 2264 444 2309 vere
477 2263 556 2307 ac
597 2240 850 2325 proprie
887 2238 968 2299 sit
991 2231 1418 2298 substantialis
1443 2233 1672 2290 natura

121 2343 302 2424 ipsius
333 2339 474 2402 Fssii
505 2339 619 2400 Dei
667 2331 995 2402 naturalis,
1033 2335 1222 2408 atque
1247 2325 1408 2386 adeo
1427 2329 1500 2385 ut
1522 2321 1670 2384 huic

123 2437 344 2498 homini
373 2432 692 2496 debeatur
729 2431 916 2492 etiam
945 2426 1009 2486 in
1037 2441 1154 2485 sua
1172 2416 1560 2483 humanitate
1579 2415 1672 2477 di·

121 2531 253 2591 vina
277 2525 625 2590 haereditus
650 2531 713 2586 et
738 2519 1082 2594 heatitud0,
1115 2523 1176 2578 et
1211 2513 1672 2590 consequenter

128 2631 189 2686 ut
228 2623 412 2686 etiam
447 2623 518 2682 in
551 2623 862 2699 quantum
902 2615 1115 2685 homo,
1149 2610 1228 2671 sit
1259 2607 1428 2669 filius
1455 2609 1521 2666 et
1546 2605 1672 2664 hoe·

128 2737 236 2780 res.
263 2719 403 2780 Haec
429 2735 590 2796 ergo
619 2711 838 2776 relatio
865 2709 1153 2770 distincta
1183 2707 1341 2766 esta
1367 2699 1674 2763 relatione

129 2811 423 2872 filiationis
457 2815 736 2882 aeternae,
764 2802 1246 2878 distinctumque
1275 2793 1468 2856 habet
1489 2791 1676 2854 ratio-

125 2921 252 2965 nem
285 2903 627 2975 fundandi,
657 2899 891 2962 scilicet
935 2895 1202 2976 gratiam
1245 2887 1520 2964 unionis,
1551 2885 1678 2948 dis-

125 2999 496 3078 tinctumque
539 2993 915 3068 terminum,
945 2996 1016 3052 ut
1053 2989 1237 3052 latius
1267 2981 1678 3064 explicabitur

128 3094 382 3155 sectione
431 3087 754 3170 sequenti.
785 3087 858 3148 In
901 3085 1022 3145 hoc
1053 3097 1204 3162 ergo
1235 3092 1426 3140 sensu
1451 3075 1536 3136 ad
1575 3091 1679 3135 ar-

131 3194 479 3266 gumentum
544 3184 815 3266 primum
870 3183 1142 3260 negatur
1194 3169 1674 3250 consequentia,

134 3281 264 3358 quia
301 3299 425 3342 non
447 3277 722 3342 dicimus
751 3275 1059 3338 Christum
1084 3276 1155 3332 ut
1191 3267 1514 3330 hominem
1538 3277 1676 3324 esse

139 3375 337 3436 Filium
354 3377 489 3451 Dei,
515 3391 595 3436 eo
610 3371 799 3433 modo
825 3387 949 3448 quo
972 3365 1245 3429 Verbum
1267 3368 1362 3423 est
1376 3359 1544 3421 Deus
1565 3370 1680 3438 per

140 3467 475 3548 essentiam,
510 3467 629 3529 sed
661 3483 735 3528 eo
765 3461 953 3526 modo
984 3478 1108 3541 quo
1139 3459 1204 3520 in
1233 3460 1538 3537 quantum
1567 3453 1681 3514 ho·-

139 3577 229 3622 mo
265 3570 352 3626 est
395 3563 608 3624 haeres
645 3559 1084 3621 universorum
1113 3599 1130 3629 ,
1179 3551 1422 3614 ratione
1463 3547 1677 3628 gratiae

141 3656 403 3732 unionis;
437 3657 518 3720 de
552 3673 679 3736 qua
725 3671 794 3715 re
832 3653 1074 3714 dicetur
1111 3647 1234 3727 late
1263 3644 1540 3708 sectione
1585 3656 1683 3702 se-

143 3751 356 3827 quenti,
373 3756 438 3814 et
458 3749 547 3815 ibi
566 3749 752 3812 etiam
764 3751 802 3810 3
814 3750 1258 3826 argumentum
1281 3738 1676 3804 dissolvetur.

743 3942 960 4001 sssc't'to
991 3943 1055 3997 11.

147 4115 216 4173 An
241 4119 501 4194 christus,
538 4121 602 4179 in
631 4125 894 4196 quantum
921 4115 1104 4187 homo,
1137 4115 1210 4171 sit
1236 4110 1409 4170 Filius
1446 4105 1550 4166 Dei
1577 4117 1681 4161 na·

588 4206 786 4264 taralis
807 4219 880 4262 an
901 4201 1214 4275 adoptivus.

225 4387 278 4446 1.
299 4388 428 4449 Duo
449 4388 556 4450 hic
579 4391 840 4468 possunt
861 4389 925 4446 et
951 4382 1158 4446 solent
1177 4377 1436 4458 inquiri,
1455 4391 1676 4448 unum,

153 4491 224 4538 an
249 4479 524 4546 Christus
551 4480 934 4563 simpliciter,
963 4475 1162 4550 aliud,
1191 4491 1275 4536 an
1304 4489 1448 4535 cum
1478 4471 1684 4533 deter-

155 4571 495 4655 minatione,
521 4579 594 4640 iot
625 4579 918 4658 quantum
959 4572 1155 4645 λουιο,
1203 4567 1400 4648 possit
1445 4563 1568 4628 dici
1605 4562 1684 4626 fl-

154 4662 262 4726 lius
286 4670 392 4731 Dei
421 4671 769 4751 adoptivus.
817 4666 944 4730 Sed
971 4665 1142 4746 quia,
1184 4662 1438 4724 exclusa
1481 4662 1684 4740 poste-.-

1747 623 1995 685 Alensis
2042 629 2281 698 autem,
2328 625 2365 685 3
2408 641 2502 702 p.‚
2548 639 2611 702 q.
2656 626 2718 697 8,
2760 623 2995 686 memb.
3037 629 3099 700 3,
3134 643 3193 688 a.
3238 629 3303 699 4,

1748 717 2074 792 concedit,
2110 718 2425 779 Christum
2451 722 2522 778 ut
2554 716 2875 779 hominem
2920 735 3060 779 esse
3109 717 3310 781 filium

1747 811 1864 873 Dei
1893 829 2011 890 per
2034 811 2419 872 creationem
2444 815 2507 872 et
2532 829 2649 890 per
2674 811 2939 890 gratiam
2954 825 2975 888 3
3000 817 3193 891 negat
3218 818 3311 874 ta—

1747 913 1898 966 men
1929 921 2069 965 esse
2098 904 2297 965 fllium
2327 904 2711 983 adoptivum.
2744 903 2869 966 Sed
2899 904 2977 965 de
3008 903 3312 968 filiatione

1749 997 2011 1059 omnino
2064 998 2493 1077 metaphorica
2522 1041 2544 1075 ,
2598 1017 2740 1077 quae
2794 1004 2892 1060 est
2945 1015 3061 1078 per
3112 1000 3312 1062 solam

1747 1091 2157 1167 creationem,
2184 1091 2339 1154 nihil
2364 1098 2461 1153 est
2495 1091 2667 1172 quod
2694 1091 3001 1166 dicamus,
3027 1091 3177 1169 quia
3204 1091 3315 1153 ina

1749 1185 2045 1247 coincidit
2090 1203 2235 1246 cum
2278 1184 2583 1248 relatione
2624 1190 2948 1259 creaturae,
2996 1201 3137 1264 quae
3186 1198 3314 1246 nou

1750 1286 1844 1341 est
1875 1281 2129 1358 proprie
2158 1279 2375 1342 filiatio
2394 1301 2413 1356 3
2446 1285 2509 1342 et
2554 1297 2633 1341 eo
2660 1279 2850 1340 modo
2892 1296 3019 1358 quo
3050 1283 3147 1340 est
3194 1295 3311 1340 seu

1749 1371 2106 1453 appellatur
2152 1371 2392 1448 filiatio,
2437 1378 2681 1435 constat
2726 1391 2857 1434 non
2890 1389 3029 1434 esse
3072 1371 3315 1452 adopti-

1747 1485 1928 1542 vam,
1959 1466 2073 1530 sed
2100 1467 2575 1529 connaturalem
2605 1466 2995 1528 humanitati.
3046 1465 3315 1538 Quaestio

1751 1577 1902 1640 ergo
1936 1565 2032 1622 est
2072 1559 2153 1622 de
2181 1559 2479 1622 filiatione
2508 1577 2623 1640 per
2663 1559 2962 1640 gratiam,
2994 1559 3165 1621 etde
3194 1560 3314 1620 hac

1750 1653 2029 1734 loquitur
2081 1655 2359 1716 Durand.
2416 1655 2605 1734 Cujus
2653 1653 3137 1716 fundamentum
3184 1660 3315 1729 est,

1751 1749 1900 1828 quia
1929 1749 2131 1828 gratia
2158 1747 2381 1812 Christi
2422 1753 2517 1811 est
2553 1748 2841 1828 ejusdem
2885 1747 3143 1809 rationis
3170 1761 3317 1808 cum

1752 1847 2007 1922 nostraj
2054 1842 2168 1903 sed
2200 1860 2317 1902 nos
2346 1859 2564 1902 eumue
2610 1840 2724 1902 filii
2754 1841 3031 1920 adoptivi
3072 1841 3317 1902 ratione

1751 1935 1942 2016 hujus
1993 1936 2235 2014 gratian
2282 1953 2433 2016 ergo
2476 1941 2541 1999 et
2582 1936 2859 1997 Christus
2896 1935 2961 1996 in
3006 1925 3313 2015 quantum

1751 2029 1965 2090 homo.
1997 2029 2073 2090 Et
2100 2027 2507 2090 confirmatur
2550 2028 2654 2090 illo
2701 2034 3075 2107 argumento
3104 2029 3313 2106 tertio,

1749 2122 1969 2185 relicto
2004 2122 2068 2183 in
2098 2122 2373 2184 sectione
2400 2121 2801 2202 praecedenti,
2833 2122 2980 2200 quia
3008 2121 3314 2199 Christus,

1751 2216 1816 2278 in
1859 2223 2169 2295 quantum
2208 2216 2423 2291 homo,
2454 2232 2583 2277 non
2612 2221 2709 2277 est
2748 2215 2939 2276 Filius
2986 2216 3314 2292 naturalis,

1751 2311 1902 2390 quia
1950 2315 2021 2374 ut
2066 2309 2153 2372 sic
2199 2327 2328 2372 non
2378 2315 2477 2372 est
2510 2309 2595 2372 ab
2618 2315 2853 2372 esterno
2884 2309 3173 2390 genitus3
3202 2311 3321 2374 erit

1755 2423 1909 2485 ergo
1937 2404 2293 2484 adoptivus.

1833 2501 1895 2560 2.
1927 2498 2216 2562 Christus
2240 2498 2311 2560 in
2330 2503 2623 2579 quantum
2641 2497 2809 2561 homo
2834 2513 2955 2560 non
2970 2501 3172 2579 potest
3194 2498 3321 2562 dict·

1749 2595 1949 2672 fiilius
1979 2594 2095 2656 Dei
2118 2593 2459 2672 adoptivus.
2483 2625 2563 2640 υ-
2586 2592 2928 2654 Dicendum
2954 2597 3169 2653 tamen
3196 2597 3316 2666 est,

1755 2687 2069 2749 Christum
2116 2686 2483 2763 Dominum,
2531 2686 2595 2746 in
2645 2690 2953 2765 quantum
2998 2685 3321 2748 hominem

1756 2799 1887 2845 non
1912 2799 2097 2862 posse
2126 2780 2247 2842 dici
2272 2779 2471 2842 filium
2504 2779 2891 2859 adoptivum,
2921 2779 3033 2841 sed
3058 2786 3323 2840 natura-

1756 2874 1884 2937 lem
1928 2874 2060 2936 Dei.
2110 2875 2201 2936 lta
2238 2872 2425 2936 docet
2455 2875 2529 2935 D.
2558 2874 2831 2935 Thomas
2860 2873 2993 2946 hic,
3026 2879 3089 2935 et
3126 2873 3322 2951 infra,

1757 2987 1822 3048 q.
1853 2971 1957 3042 33,
1988 2968 2167 3030 artic.
2196 2968 2261 3040 3,
2293 2975 2359 3031 et
2397 2984 2461 3047 q.
2492 2969 2610 3040 43,
2640 2985 2702 3030 a.
2747 2970 2779 3030 1
2800 3009 2821 3043 ,
2854 2967 2989 3030 etl.
3018 2969 3061 3028 4
3106 2969 3323 3029 contra

1756 3063 1966 3135 Ceut„
1998 3081 2056 3124 c.
2085 3065 2157 3137 43
2188 3059 2461 3141 Magist„
2494 3061 2559 3122 in
2596 3061 2661 3135 3,
2694 3061 2757 3123 d.
2788 3063 2854 3134 4,
2892 3066 2957 3123 et
2980 3059 3043 3121 d.
3077 3062 3179 3134 10,
3209 3059 3325 3122 ubi

1757 3156 1942 3238 plura
1986 3155 2180 3218 refert
2235 3156 2609 3218 Sanctorum
2658 3155 3057 3227 testimonia3
3107 3154 3322 3234 ibique

1759 3250 1971 3314 caeteri
2016 3249 2382 3313 scholastici
2428 3249 2605 3310 illum
2652 3255 3024 3328 sequuntur.
3058 3249 3323 3325 Bonam,

1760 3345 2269 3420 Albert.,'1'hom.
2316 3341 2396 3405 de
2442 3343 2728 3423 Argent.,
2754 3341 3180 3420 Gab.,Major,
3214 3342 3327 3403 Pa·

1759 3437 1890 3502 lud.
1917 3481 1934 3513 ‚
1966 3437 2032 3499 d.
2062 3439 2102 3499 4
2120 3483 2139 3514 ,
2169 3455 2228 3498 a.
2264 3439 2340 3512 3,
2380 3436 2648 3508 ibidem;
2680 3434 2991 3514 Capreol.,
3022 3453 3085 3514 q.
3118 3436 3325 3513 unic.,

1763 3551 1821 3596 a.
1853 3535 1917 3607 3,
1941 3531 2025 3594 ad
2056 3549 2191 3610 arg.
2218 3535 2389 3592 cont.
2432 3533 2469 3592 3
2500 3528 2701 3591 concl.
2736 3529 3043 3590 Probatur
3068 3545 3145 3590 ex
3170 3529 3331 3591 Scri·

1761 3633 1972 3708 ptura,
2030 3631 2095 3687 et
2138 3623 2463 3700 Patribus,
2510 3635 2783 3701 quorum
2832 3623 3193 3684 testimonia
3248 3639 3328 3684 ex

1763 3725 1940 3800 parte
1972 3719 2243 3781 citantur
2268 3718 2333 3779 in
2356 3718 2525 3779 dicto
2546 3715 2847 3792 Concilio,
2872 3715 2985 3776 ubi
3010 3716 3175 3776 inter
3202 3715 3326 3776 alia

1761 3812 2099 3874 adducitur
2134 3811 2291 3873 illud
2337 3811 2556 3873 Matth.
2602 3813 2681 3872 16
2720 3823 2739 3871 t
2774 3809 2873 3874 st
2898 3826 2962 3872 es
3020 3805 3323 3882 oleo-tetus,

1762 3905 1968 3971 Filius
1995 3907 2113 3970 Dei
2132 3907 2297 3977 αἰνὴ·
2322 3911 2387 3968 et
2412 3904 2570 3966 illud
2594 3903 2781 3966 Joan.
2807 3905 2926 3965 20:
2950 3901 3225 3966 Ascendo
3248 3901 3330 3964 ad

1760 3999 2017 4064 Patrem
2046 4015 2262 4072 meum,
2292 4005 2347 4062 et
2372 3998 2622 4062 Pomm
2648 4003 2939 4061 aarum.
2965 3995 3081 4056 Ubi
3108 3993 3197 4076 (ut
3221 4009 3325 4056 su-

1760 4111 1875 4175 pra
1905 4093 2381 4171 adnotavimus)
2416 4091 2691 4171 loquitur
2720 4089 2999 4154 Christus
3032 4088 3101 4150 in
3128 4105 3325 4166 quan·-

1761 4194 1896 4250 tum
1943 4187 2175 4262 hom03
2209 4186 2621 4248 nihilominus
2676 4201 2803 4246 non
2848 4187 3033 4245 vocat
3079 4181 3323 4244 Patrem

1759 4287 2069 4356 nostrum,
2117 4280 2232 4342 sed
2284 4279 2635 4360 distinguit,
2683 4279 2935 4342 Patrem
2990 4292 3207 4352 mem,
3258 4283 3317 4340 et

1760 4378 2017 4442 Patrem
2040 4381 2329 4450 sermm,
2349 4381 2420 4437 ut
2444 4374 2679 4436 indicet
2705 4389 2775 4434 se
2798 4389 2928 4433 non
2952 4389 3095 4434 esse
3116 4361 3317 4432 filiuni

1761 4471 2147 4552 adoptivum,
2172 4471 2326 4532 sicut
2354 4485 2495 4530 nos.
2510 4469 2585 4530 Et
2602 4472 2827 4529 castere
2846 4466 3227 4539 testimonia,
3254 4463 3319 4526 in

1760 4563 2069 4646 principio
2122 4561 2561 4644 disputationis
2612 4561 2820 4632 citata,
2854 4560 3079 4621 eodem
3130 4557 3322 4622 modo

1763 4656 2225 4720 accommodari
2279 4660 2541 4736 possunt
2570 4697 2588 4730 ,
2641 4653 2983 4734 prasertim
3030 4653 3187 4714 illud
3242 4647 3325 4714 ad

157 4757 288 4820 riori
309 4761 643 4840 locutione,
671 4780 710 4823 a
736 4759 976 4822 fortiori
1003 4756 1372 4822 excludetur
1399 4752 1592 4834 prior,
1623 4757 1690 4812 et
1767 4751 1958 4814 Hehr.
1993 4754 2025 4814 1
2057 4767 2071 4812 :
2102 4749 2299 4813 Tanto
2320 4749 2535 4814 molior
2558 4747 2817 4830 Amyclis
2842 4749 3116 4828 effoetus,
3138 4761 3329 4827 quan-

157 4852 290 4926 quin
309 4854 376 4916 id
397 4861 492 4920 est
511 4863 776 4929 certum,
797 4860 870 4915 ut
887 4851 1092 4914 dicam
1117 4849 1396 4912 sectione
1421 4861 1689 4925 sequen-

159 4943 218 5014 ti,
247 4953 304 5007 et
331 4949 663 5029 specialem
687 4945 1120 5010 difficultatem
1143 4961 1274 5004 non
1304 4941 1518 5015 habet,
1542 4935 1688 5002 ideo

162 5039 294 5100 satta
339 5043 458 5106 erit
493 5043 824 5126 posteriori
853 5037 1046 5103 modo
1087 5035 1502 5118 quaestionem
1529 5039 1692 5095 trac·

1771 4849 1830 4908 to
1873 4844 2260 4924 differentius
2304 4859 2441 4922 pm
2482 4839 2617 4904 illis
2662 4855 2874 4903 nomen
2920 4839 3321 4902 meditavit.

1770 4937 1888 5002 Ubi
1919 4933 2198 5015 loquitur
2226 4934 2305 4996 de
2332 4931 2606 5010 Christo,
2634 4941 2765 4994 neu
2798 4938 3042 4994 tantum
3070 4937 3145 4992 ut
3172 4929 3327 5007 Dec,

1769 5027 1886 5094 sed
1911 5030 2101 5093 etiam
2132 5029 2501 5104 athemius,
2532 5033 2597 5089 et
2618 5025 2701 5088 de
2726 5025 2981 5089 nomine
3006 5023 3156 5098 fflflg
3182 5035 3330 5086 cum

165 5133 302 5195 tare.
343 5135 413 5197 In-
441 5151 564 5218 qua
599 5135 898 5209 Durand„
931 5133 998 5195 in
1023 5132 1104 5208 8,
1145 5131 1289 5193 diat.
1318 5129 1398 5205 4,
1429 5123 1492 5208 q.
1525 5128 1558 5187 1
1579 5169 1596 5201 ,
1631 5129 1696 5186 et
1773 5135 1926 5205 ergo
1956 5121 2183 5204 Angeli
2232 5121 2356 5185 sint
2400 5117 2511 5183 filii
2554 5117 2832 5197 adoptivi
2848 5163 2868 5195 ,
2897 5119 3105 5182 altiori
3142 5115 3333 5178 modo

165 5217 413 5292 Bassolin
441 5231 523 5294 ihi
539 5274 556 5306 ,
585 5231 763 5293 artie.
791 5234 858 5306 ἲ,
905 5225 1270 5308 simpliciter
1315 5219 1690 5293 concedunt,

169 5311 458 5387 Chri-stum
477 5329 548 5387 ut
573 5323 898 5388 hominem
925 5337 1067 5384 ease
1091 5318 1296 5381 filium
1323 5316 1430 5378 Dei
1458 5311 1698 5394 adopti-

1773 5217 2055 5281 Christus
2113 5221 2185 5279 ut
2245 5213 2437 5276 homo
2496 5211 2725 5274 dieitur
2776 5209 2967 5276 fitius.
3028 5211 3333 5273 Proeterea

1777 5310 2124 5390 chrysost„
2158 5325 2272 5371 seu
2320 5313 2539 5370 auctor
2572 5305 2925 5386 imperfecti
2980 5304 3045 5366 in
3084 5299 3331 5376 matth„

169 5423 326 5490 vum,
351 5435 612 5501 eamque
640 5416 1014 5482 sententiam
1041 5407 1702 5492 censuitprohahilcm
1779 5403 1954 5466 hom.
1978 5407 2083 5479 to,
2114 5401 2437 5484 explicans
2462 5400 2723 5462 verbum
2752 5397 2945 5460 illud:
2974 5395 3343 5462 Ram-m

175 5501 466 5591 Richard,
496 5515 638 5578 dist.
681 5517 774 5590 10,
810 5529 869 5592 q.
923 5515 990 5584 1,
1023 5509 1168 5571 licet
1215 5507 1280 5568 in
1323 5501 1700 5567 contrariam
1783 5505 1890 5564 tur
1933 5495 2169 5562 Filium
2212 5511 2439 5567 mmm,
2488 5491 2949 5568 animadvortit,
2998 5486 3343 5569 Prophetas
