3892 6167
493 346 610 411 152

1717 337 1963 404 Qus-w:
1988 336 2116 391 xui.
2150 338 2354 394 Anne.
2392 339 2473 391 W.

487 455 660 533 pium
715 446 1216 521 instrumentale,
1247 445 1438 509 etiam
1491 446 1804 524 quatenus
1839 439 2047 503 vitalis
2128 458 2256 501 non
2288 438 2522 522 pendet
2573 437 2989 503 essentialiter
3015 457 3053 503 a
3076 440 3381 522 principio
3409 440 3713 505 intrinse-

489 553 606 622 est,
639 564 748 609 seu
763 547 954 608 talem
977 539 1552 603 denominationem
1567 536 1784 615 recipit
1811 552 1848 595 a
1873 534 2049 614 prin-
2128 552 2225 607 co,
2252 540 2335 607 et,
2366 536 2485 595 hoc
2508 535 2777 609 secluso,
2800 534 3052 597 aliunde
3078 552 3205 595 non
3226 542 3323 596 est
3342 553 3714 615 regugnan-

491 641 652 719 cipio
681 660 717 699 a
743 658 866 719 quo
888 636 1026 698 fluit
1045 635 1184 696 etin
1209 650 1338 711 quo
1359 632 1676 711 recipitur,
1703 627 2045 690 dummodo
2129 629 2238 689 tia.
2271 630 2347 691 Et
2384 630 2516 691 haec
2568 629 2695 691 sint
2735 628 2883 691 satis
2933 630 3012 692 de
3050 629 3244 708 priori
3276 628 3713 693 fflimitatione

493 733 868 813 principium
896 730 1046 791 illud
1087 726 1274 787 vitale
1311 726 1392 786 sit
1417 724 1760 786 intrinseca
1781 720 2049 783 facultas

494 826 710 887 formae
735 824 938 885 vitalis
967 828 1036 883 ut
1081 820 1190 881 sic.
1233 819 1345 880 Hic
1371 835 1521 879 vero
1569 816 1834 878 ulterius
1859 814 2057 894 quan-i

493 925 704 998 potest
744 936 826 979 an
855 915 1232 997 principium
1287 910 1734 985 extrinsecum,
1769 914 1832 971 et
1875 908 1956 969 de
1985 926 2055 975 se

495 1030 624 1074 non
655 1012 864 1086 vitale,
891 1009 1088 1090 possit
1139 1024 1280 1068 esse
1317 1002 1918 1067 instrumentum-ad
1950 1002 2055 1063 eli-

497 1104 791 1166 ciendum
829 1110 1038 1165 actum
1064 1099 1358 1174 vitalem,
1391 1101 1482 1171 ut,
1509 1095 1690 1159 verbi
1715 1096 1942 1175 gratia,
1972 1112 2055 1157 an

496 1197 776 1262 Christus
797 1214 910 1277 per
935 1194 1340 1257 humanitate·
1339 1212 1390 1255 n
1413 1210 1592 1259 snam
1599 1200 1916 1271 nuquam
1942 1206 2059 1271 per

497 1292 980 1353 instrumentum
1020 1289 1218 1368 possit
1261 1286 1546 1363 in-nssns
1585 1284 1836 1347 efficere
1877 1289 2057 1345 actus

498 1403 610 1445 seu
643 1384 956 1447 motiones
981 1381 1223 1443 vitales.
1251 1383 1342 1443 Ile
1361 1396 1493 1457 qua
1519 1397 1590 1441 re
1621 1382 1876 1459 possent
1895 1376 2057 1437 mul-

496 1486 560 1541 ta
583 1479 726 1548 dici,
756 1477 870 1539 sed
917 1476 1070 1557 quia
1097 1477 1162 1537 in
1203 1474 1341 1535 aliis
1389 1473 1544 1534 locis
1595 1478 1963 1551 tanguntur,
1996 1475 2059 1531 et

495 1572 800 1635 dubitatio
835 1570 970 1631 haec
1017 1569 1282 1629 nimium
1333 1565 1714 1645 amplificata
1769 1554 1888 1640 es't,
1917 1563 2057 1625 dico

495 1666 792 1737 breviter,
819 1682 896 1727 eo
923 1664 1136 1738 mode,
1163 1680 1288 1742 quo
1327 1662 1498 1723 Deus
1545 1660 1612 1721 iu
1641 1658 1826 1721 nobis
1873 1657 2060 1720 efficit

495 1760 614 1821 hos
643 1764 822 1819 actus
858 1757 1108 1831 vitales,
1137 1772 1322 1835 posse
1352 1754 1492 1815 illos
1529 1754 1778 1815 efficere
1823 1769 1938 1831 per
1963 1752 2059 1811 in-

497 1860 841 1915 strumenta
889 1860 1100 1913 creata
1145 1850 1495 1911 extrinseca
1525 1894 1540 1921 ,
1589 1847 1931 1909 inanimata
1983 1860 2059 1907 ac

497 1947 880 2017 materialia;
916 1963 1042 2005 non
1067 1960 1250 2023 posse
1283 1948 1491 2003 autem
1517 1942 1714 2001 Deum
1735 1941 1821 2001 itu
1852 1939 2060 2000 effice·

497 2060 566 2103 re
591 2042 708 2101 hos
728 2044 904 2101 nctus
927 2040 992 2099 in
1021 2038 1226 2111 nohis,
1263 2042 1330 2097 ut
1358 2053 1434 2096 ex
1461 2037 1520 2096 vi
1550 2035 1742 2095 solius
1783 2034 2059 2095 influxus

500 2134 690 2195 divini
725 2140 904 2194 actus
933 2132 1150 2193 vitales
1177 2130 1394 2191 sintin
1431 2129 1614 2189 nobis
1657 2128 1792 2189 sine
1818 2128 2059 2187 influxu

498 2234 738 2301 nostro,
771 2244 912 2288 cum
949 2226 1080 2285 haec
1107 2223 1532 2285 denominatio
1564 2222 1644 2282 ab
1673 2222 1792 2282 hoc
1819 2220 2061 2281 influxu

497 2319 846 2381 formaliter
875 2324 1180 2388 sumatur,
1203 2316 1306 2377 vel
1329 2315 1411 2376 ad
1437 2314 1606 2375 illam
1643 2312 2061 2375 essentialiter

505 2413 862 2490 requiratur
886 2457 906 2486 ,
959 2418 1028 2471 ut
1088 2428 1256 2471 nunc
1277 2458 1284 2465 .
1307 2424 1618 2488 suppono.
1673 2405 1796 2469 Sed
1857 2408 2065 2483 potest

501 2508 670 2566 Deus
706 2505 946 2565 influxu
990 2522 1104 2564 suo
1133 2503 1464 2563 nobiscum
1511 2500 1759 2561 efficere
1789 2498 1852 2559 in
1882 2496 2062 2557 nobis

502 2599 620 2659 hos
650 2604 842 2671 aetus,
877 2596 976 2658 rel
998 2597 1186 2658 etiam
1201 2596 1497 2669 excitare,
1513 2600 1624 2655 aut
1649 2592 1860 2653 facere
1883 2596 1955 2651 ut
1976 2588 2065 2651 fa·

505 2695 743 2755 ciamus
765 2708 784 2769 ;
819 2691 1027 2767 quoad
1049 2690 1170 2753 hoc
1197 2708 1347 2768 ergo
1396 2688 1564 2768 quod
1598 2688 1734 2766 ipse
1761 2684 1934 2757 facit,
1954 2701 2061 2763 po·

503 2792 622 2847 test
649 2792 934 2847 creatura
975 2785 1063 2845 uti
1093 2791 1164 2845 ut
1187 2784 1631 2856 instrumento,
1661 2780 1810 2859 quia
1837 2795 2061 2839 secun·

502 2881 652 2942 dnm
681 2895 824 2940 eam
848 2879 1156 2939 rationem
1188 2894 1316 2937 non
1351 2875 1687 2935 involvitur
1705 2888 2062 2950 repugnane

497 2975 607 3047 tiu,
646 2990 788 3033 cum
827 2971 930 3032 ille
955 2971 1034 3031 sit
1075 2969 1342 3030 influxus
1371 2967 1614 3047 agentis
1645 2964 1993 3035 extrinseci,
2023 2980 2060 3025 u

504 3084 632 3145 qno
663 3084 788 3127 non
827 3064 1018 3125 sumit
1045 3070 1222 3125 actus
1249 3060 1596 3124 founaliter
1646 3059 1816 3139 qnod
1855 3056 2061 3119 vitalis

501 3160 602 3235 sit,
638 3159 750 3219 sed
777 3158 1058 3221 effective
1093 3160 1334 3217 tantum
1372 3174 1388 3227 ;
1417 3155 1488 3215 in
1525 3170 1648 3232 quo
1677 3167 1914 3231 genere
1943 3166 2063 3228 po-

503 3259 623 3315 test
655 3254 817 3313 Deus
842 3270 956 3331 per
999 3256 1352 3311 creaturam
1383 3248 1590 3309 fucere
1630 3244 1800 3325 quod
1827 3260 1899 3305 se
1925 3242 2061 3303 solo

497 3349 666 3409 facit.
709 3348 784 3409 Et
829 3346 1048 3408 eadem
1099 3344 1340 3407 ratione
1394 3348 1598 3423 potest
1637 3342 1804 3403 Deus
1832 3356 1946 3418 per
1984 3353 2061 3401 se

503 3440 797 3519 supplere
827 3441 890 3501 in
914 3447 1058 3501 actu
1088 3437 1258 3500 vitali
1285 3452 1654 3499 concursum
1699 3431 1938 3513 speciei
1962 3432 2064 3491 in-

503 3534 861 3614 telligibilis,
887 3534 984 3595 vel
1026 3533 1298 3606 habitus,
1323 3530 1473 3609 quia
1501 3535 1680 3591 actus
1707 3545 1836 3589 non
1871 3526 2065 3589 habet

501 3631 650 3691 inde
705 3628 1052 3690 formaliter
1079 3627 1250 3707 quod
1285 3626 1491 3687 vitalis
1519 3625 1617 3686 sit.
1650 3622 1828 3687 Unde
1856 3624 2066 3701 potest

505 3724 692 3784 etiam
724 3722 902 3783 illum
951 3738 1332 3783 concursum
1379 3718 1674 3798 supplere
1717 3734 1834 3796 per
1876 3714 2066 3777 aliam

503 3824 858 3877 creaturam
901 3822 970 3877 ut
997 3832 1109 3894 per
1133 3814 1656 3883 instrumentum;
1689 3826 1840 3889 ergo
1868 3814 1932 3869 et
1977 3808 2069 3867 in-

503 3909 766 3981 fluxum,
797 3926 986 3987 quem
1025 3908 1162 3987 ipse
1207 3906 1511 3981 adhibet,
1551 3910 1757 3985 potest
1789 3919 2069 3965 commu·

503 4002 718 4063 nicare
763 4020 904 4061 cum
947 4003 1260 4075 creatura,
1289 3999 1522 4063 utendo
1564 3998 1668 4061 illa
1717 4001 1788 4056 ut
1832 3995 2069 4055 instru-

507 4102 744 4157 mento.
777 4094 1036 4174 Oportet
1085 4114 1237 4174 ergo
1289 4095 1676 4174 distinguere
1703 4091 1770 4153 in
1795 4096 1940 4153 actu
1974 4089 2071 4151 vi-

509 4190 618 4251 tali
653 4206 1032 4251 concursum
1059 4189 1235 4250 illum
1267 4189 1622 4269 praecisum,
1661 4184 1833 4247 unde
1877 4183 2071 4245 hahet

511 4284 682 4363 quod
725 4290 900 4343 actus
953 4282 1152 4343 vitalis
1205 4282 1328 4357 sit,
1379 4301 1492 4345 seu
1524 4284 1632 4357 (ut
1688 4281 1774 4343 ita
1821 4279 2069 4355 dicam)

509 4383 582 4439 ut
607 4377 686 4438 sit
735 4375 1100 4437 exercitium
1125 4374 1268 4435 vitm
1300 4374 1664 4446 formaliter,
1693 4380 1756 4436 et
1783 4373 1864 4436 ad
1901 4374 2075 4438 huno

507 4488 636 4531 non
687 4476 890 4549 potest
931 4468 1216 4530 adhiberi
1263 4469 1682 4531 extrinsecum
1719 4468 1824 4529 'vel
1865 4468 2073 4529 inani-

506 4580 612 4624 me
660 4562 1186 4634 instrumentum;
1231 4568 1445 4625 tamen
1457 4608 1482 4640 ‚
1524 4579 1600 4621 ea
1655 4562 1896 4623 ratione
1945 4579 2071 4640 qua

509 4661 685 4719 actus
728 4655 932 4716 vitalis
971 4656 1233 4735 requirit
1271 4655 1374 4717 vel
1413 4653 1680 4716 admittit
1723 4654 1879 4716 aiios
1917 4674 2075 4717 con·-

509 4766 728 4811 cnrsus
781 4750 1186 4824 extrinsecos,
1217 4750 1324 4828 qui
1353 4748 1476 4810 dici
1519 4754 1785 4829 possunt
1829 4766 1959 4810 non
1986 4750 2075 4809 vi-

511 4843 691 4913 tales,
729 4842 883 4903 nihil
921 4848 1233 4923 repugnat
1261 4842 1432 4923 quod
1472 4842 1553 4904 ad
1591 4842 1772 4903 illum
1805 4842 2076 4904 efficien-

512 4938 664 4997 dum
695 4936 1068 4999 adhibeatur
1089 4937 1512 4998 extrinsecum
1557 4935 2070 5011 instrumentum,

509 5030 700 5093 etiam
717 5030 1017 5091 inanime.
1055 5031 1131 5091 Et
1155 5030 1386 5091 eadem
1413 5030 1676 5105 ratione,
1717 5048 2075 5110 supponen-

513 5123 596 5184 do
625 5142 812 5201 posse
839 5126 1042 5185 Deum
1065 5143 1133 5185 se
1165 5124 1298 5185 solo
1323 5124 1670 5203 producere
1691 5131 1887 5186 totam
1917 5123 2077 5184 enti-

504 5222 702 5276 tatem
741 5223 918 5278 actus
956 5218 1116 5290 vitae,
1149 5217 1370 5278 saltem
1413 5223 1588 5279 extra
1625 5217 1977 5297 subjectum
2008 5217 2073 5277 in

510 5327 634 5387 quo
651 5314 794 5369 actu
825 5315 1112 5371 exerceat
1131 5328 1360 5371 munus
1387 5310 1603 5371 formae
1629 5311 1858 5385 vitalis,
1885 5310 2075 5371 etiam

511 5403 746 5483 poterit
771 5410 918 5465 tunc
940 5404 1084 5465 talis
1113 5410 1288 5467 actus
1323 5404 1462 5465 fieri
1497 5422 1610 5484 per
1631 5420 2075 5483 quamcunque

509 5502 860 5559 creaturam
887 5503 958 5559 ut
982 5497 1470 5563 instrumentum
1493 5498 1633 5575 Dei,
1659 5499 1834 5578 quia,
1863 5504 1933 5559 ut
1962 5498 2075 5573 sic,

2138 722 2246 801 huj
2256 742 2329 783 us
2356 722 2647 801 potentiae
2670 720 3123 785 obedientialis,

2220 818 2359 877 111.
2408 814 2497 877 De
2526 814 2852 893 posteriori
2894 821 3107 877 autem
3138 835 3239 878 res
3268 822 3367 878 est
3404 814 3715 878 facillima

2139 927 2217 973 ex
2242 909 2449 983 dictis,
2476 926 2625 971 nam
2654 907 2787 971 hoc
2814 910 3093 988 potentia
3116 909 3275 973 nihil
3301 909 3483 973 addit
3512 926 3717 987 snpra

2138 1004 2633 1083 uniuscuiusque
2659 1003 2751 1064 rei
2778 1004 3103 1067 entitatem
3115 1026 3136 1079 3
3162 1022 3314 1085 ergo
3338 1022 3473 1065 non
3496 1008 3719 1083 potest

2138 1116 2277 1161 esse
2320 1097 2627 1161 intensive
2669 1101 2780 1157 aut
2823 1097 3147 1159 entitative
3182 1097 3386 1178 magis
3430 1096 3713 1171 infinita,

2136 1192 2263 1253 imo
2294 1210 2411 1253 nec
2439 1189 2641 1271 magis
2669 1190 2946 1269 perfecta
2991 1208 3185 1270 quarn
3214 1190 3295 1253 sit
3324 1191 3586 1265 entitas»,
3616 1192 3717 1251 cui

2138 1286 2473 1350 convenire
2504 1286 2750 1349 dicitur.
2784 1286 3001 1365 Neque
3026 1285 3148 1347 hoo
3176 1286 3495 1365 posterius
3526 1302 3715 1363 repu-

2139 1386 2292 1459 gnat
2315 1378 2403 1441 illi
2434 1379 2623 1457 priori
2654 1378 3079 1451 illimitationi,
3106 1379 3257 1457 quia
3280 1378 3389 1441 ille
3414 1396 3557 1441 non
3586 1384 3715 1439 tam

2141 1475 2336 1537 oritur
2380 1491 2457 1537 ex
2484 1473 2867 1553 perfeetione
2902 1473 3200 1544 entitatis,
3234 1490 3377 1553 quae
3406 1473 3580 1535 hanc
3606 1490 3719 1552 po-
3837 1517 3843 1528 .

2138 1568 2403 1631 tentiam
2438 1566 2921 1631 obedientialem
2962 1566 3175 1641 habet,
3208 1584 3405 1647 quam
3452 1584 3537 1627 ex
3576 1585 3715 1645 per·
3833 1571 3843 1606 ²

2140 1660 2303 1723 fecta
2330 1660 2717 1740 subjectione
2744 1676 2937 1739 quam
2962 1659 3259 1723 habetati
3286 1662 3526 1735 Deum,
3550 1666 3617 1721 et
3640 1676 3717 1721 ex
3831 1677 3843 1716 ;

2138 1753 2381 1817 infinito
2414 1754 2691 1817 dominio
2724 1761 2789 1817 et
2828 1758 3133 1833 potestate
3162 1754 3293 1817 Dei.
3328 1755 3422 1817 Eo
3452 1753 3559 1817 vel
3583 1770 3714 1815 ma·
3825 1781 3852 1820 ,u

2138 1849 2305 1911 xime
2334 1849 2503 1927 quod
2536 1848 2739 1909 omnis
2778 1866 3151 1921 consuram,
3184 1866 3379 1927 quem
3418 1856 3713 1909 creatura
3823 1843 3853 1913 -ῗτ

2140 1944 2205 2006 in
2249 1942 2371 2005 hoc
2404 1942 2593 2005 modo
2636 1940 2951 2005 efficiendi
2988 1947 3195 2020 potest
3236 1941 3581 2015 adhibere,
3624 1944 3717 2003 esi
3825 1945 3835 2008 ἓ

2140 2038 2375 2125 finitus·
2397 2043 2461 2099 et
2486 2036 2913 2115 imperfectus,
2947 2035 3117 2097 unde
3146 2052 3273 2097 non
3300 2050 3715 2097 commensu-

2138 2138 2315 2193 ratur
2346 2129 2711 2210 perfectioni
2754 2129 3034 2203 effectus,
3066 2128 3178 2191 sed
3222 2128 3415 2191 modo
3446 2144 3717 2189 conmu-

2140 2224 2324 2285 rendi
2342 2224 2539 2303 ipsius
2571 2221 2995 2297 instrumenti,
3018 2222 3124 2301 qui
3146 2228 3241 2283 est
3270 2240 3389 2301 per
3410 2220 3715 2282 elevatio-
3825 2214 3838 2256 ²

2142 2334 2288 2379 nem
2312 2324 2377 2381 et
2394 2317 2849 2396 subjectionem
2871 2316 2955 2377 ad
2976 2314 3290 2377 infinitam
3314 2313 3629 2375 virtutem
3654 2318 3719 2375 ut
3833 2317 3835 2335 l

2142 2412 2456 2493 praecipue
2518 2416 2905 2489 operantem.
2966 2409 3043 2471 Et
3102 2414 3361 2489 propter
3414 2406 3714 2469 eamdem
3823 2428 3852 2477 ι,

2144 2522 2399 2567 causam
2437 2521 2565 2563 non
2594 2508 2691 2563 est
2728 2502 3177 2565 inconveniens
3200 2499 3393 2579 -quod
3438 2500 3589 2561 h'aec
3614 2516 3715 2577 po-
3823 2524 3853 2587 ς)

2142 2597 2337 2659 tentia
2360 2596 2653 2659 omnibus
2676 2595 2903 2658 creatis
2921 2594 3171 2659 entibus
3188 2594 3565 2668 conveniat,-
3588 2592 3713 2653 sive
3827 2627 3837 2638 -

2142 2690 2441 2773 perfecta,
2464 2691 2595 2752 sive
2622 2688 2989 2769 imperfecta
3012 2689 3139 2753 sint
3153 2708 3174 2762 ,;-
3198 2688 3351 2767 quia
3370 2704 3512 2751 non
3538 2702 3711 2747 com-

2140 2789 2541 2847 mensuratur
2586 2782 2953 2862 perfectioni
2982 2800 3227 2853 eorum,
3258 2798 3380 2843 nee
3418 2779 3715 2843 convenit

2140 2876 2284 2952 illis,
2324 2877 2449 2939 nisi
2486 2882 2799 2957 quatenus
2838 2876 3011 2937 entia
3052 2881 3263 2939 creata
3305 2880 3485 2950 sunt,
3510 2874 3709 2955 prime

2144 2972 2355 3053 agenti
2410 2969 2839 3043 subordinate,
2890 2986 3095 3049 neque
3128 2970 3314 3031 aliam
3354 2967 3711 3049 proportio-

2142 3082 2289 3127 nem
2336 3070 2447 3127 aut
2490 3062 2929 3128 habitudinem
2976 3062 3235 3143 requirit
3272 3080 3421 3125 eum
3452 3062 3709 3125 effectu.

2141 3160 2235 3221 Ex
2262 3157 2485 3223 cadem
2510 3161 2728 3217 autem
2760 3156 2968 3225 radice
2995 3156 3305 3236 provenit,
3334 3161 3407 3217 ut
3434 3155 3579 3217 haec
3606 3173 3709 3234 po-

2141 3252 2337 3313 tentia
2392 3248 2849 3325 obedientialis,
2890 3268 3007 3311 seu
3044 3250 3145 3313 hio
3192 3248 3421 3311 modus
3482 3248 3717 3328 agendi

2143 3344 2659 3415 instrumentalis»,
2690 3360 2821 3405 non
2852 3342 3229 3409 extendatur
3255 3342 3345 3405 ud
3372 3342 3629 3405 divinas
3659 3347 3717 3405 et

2144 3440 2455 3501 increatas
2486 3438 2846 3513 relati-ones,
2877 3437 3026 3517 quia
3054 3436 3349 3516 supponit
3378 3435 3717 3515 imperfec-

2144 3533 2383 3595 tionem
2426 3548 2569 3611 quas
2601 3531 2721 3593 illis
2747 3530 3089 3595 convenire
3114 3548 3245 3594 non
3272 3536 3483 3608 potest
3499 3574 3520 3603 ‚
3550 3533 3629 3589 ut
3656 3528 3717 3589 iu

2146 3630 2185 3689 3
2216 3634 2410 3695 tomo,
2446 3625 2771 3686 tractando
2818 3625 2896 3686 de
2926 3624 3259 3686 efficientia
3288 3630 3719 3685 sacramento-

2149 3737 2289 3793 rum
2310 3764 2326 3792 ,
2356 3718 2585 3781 iterum
2616 3718 2843 3781 dicam.
2873 3719 3156 3797 Denique
3186 3734 3261 3781 ex
3290 3717 3521 3779 eodem
3552 3716 3718 3797 pn'n-

2148 3813 2311 3893 cipio
2340 3812 2555 3889 oritur,
2586 3819 2655 3875 ut
2682 3814 2815 3875 haec
2836 3813 3119 3892 potentia
3154 3810 3622 3874 determinetur
3637 3809 3719 3871 ad

2150 3907 2466 3987 agendum
2504 3907 2683 3985 juxta
2710 3923 3089 3969 concursum
3132 3904 3495 3985 principalis
3522 3920 3717 3983 agen·

2152 4004 2265 4076 tis,
2297 4020 2335 4061 a
2379 4001 2561 4079 cujus
2600 4000 2919 4063 voluntate
2950 4005 3011 4061 et
3041 3998 3269 4061 auxilio
3320 3998 3714 4077 potissimum

2150 4094 2385 4175 pendet
2422 4096 2487 4155 iu
2514 4093 2785 4173 agenda
2822 4096 3041 4174 Neque
3068 4094 3189 4156 hoc
3220 4098 3318 4155 est
3350 4098 3575 4156 contra
3620 4108 3713 4153 ra·

2151 4187 2387 4250 tionem
2414 4189 2709 4269 potentiae
2732 4188 2973 4261 activae,
2997 4204 3139 4267 quoe
3166 4186 3479 4267 superiori
3508 4183 3712 4264 agenti

2155 4281 2633 4358 subordinatur,
2666 4288 2735 4343 ut
2760 4286 2933 4363 patet
2961 4282 3147 4343 etiam
3178 4280 3243 4343 in
3287 4278 3711 4351 naturalibus,

2152 4394 2301 4437 nam
2328 4374 2609 4454 potentia
2626 4374 3043 4454 progressiva,
3068 4374 3241 4436 verbi
3266 4374 3493 4453 gratia,
3518 4371 3713 4435 activa

2154 4475 2271 4543 est,
2301 4476 2363 4529 et
2393 4468 2471 4529 de
2500 4486 2569 4529 se
2599 4468 2963 4531 indifferens
2990 4466 3073 4529 ad
3100 4466 3484 4530 movendum
3512 4466 3627 4529 hac
3654 4469 3715 4527 et

2152 4561 2321 4639 illac,
2350 4567 2461 4623 aut
2488 4579 2739 4623 sursum
2780 4562 2881 4623 vel
2912 4561 3244 4631 deorsum;
3275 4578 3391 4639 per
3438 4560 3713 4621 volunta-

2153 4662 2285 4719 tem
2330 4662 2543 4717 autem
2568 4655 2670 4716 vel
2716 4656 3093 4735 appetitum,
3120 4654 3205 4717 ad
3252 4654 3423 4717 hune
3461 4652 3713 4717 modum

2156 4750 2363 4831 potius
2386 4766 2579 4829 quam
2606 4748 2687 4809 ad
2716 4748 2909 4809 alium
2938 4746 3425 4821 determinatum
3448 4746 3530 4809 ad
3554 4748 3713 4807 huno

2158 4858 2311 4922 ergo
2338 4842 2599 4904 modum
2642 4840 2905 4921 intelligi
2937 4847 3141 4921 potest
3170 4841 3235 4902 in
3270 4840 3389 4904 hac
3414 4839 3709 4919 potentia,

2156 4937 2441 5016 quamvis
2470 4954 2599 4997 non
2628 4941 2917 5015 oporteat
2954 4934 3019 4995 in
3050 4934 3342 4995 omnibus
3388 4951 3529 4997 esse
3556 4930 3735 4991 simi·-

2154 5029 2509 5101 litudinem,
2554 5030 2703 5108 quia
2754 5046 3097 5091 concursus
3144 5026 3395 5091 divinus
3438 5043 3583 5091 cum
3616 5022 3709 5085 his

2156 5122 2586 5191 instrumentis
2633 5121 2891 5185 alterins
2932 5122 3197 5185 rationis
3238 5126 3355 5194 est,
3384 5119 3603 5198 etipse
3642 5130 3709 5177 se

2157 5215 2589 5277 accommodat
2618 5215 2713 5276 his
2744 5215 3175 5277 instrumentis
3212 5214 3389 5292 juxta
3431 5212 3709 5276 uniuscu-

2148 5312 2381 5389 jusque
2438 5311 2746 5373 ratio-nem
2803 5316 2893 5371 et:
2916 5308 3324 5387 exigentiam,
3376 5304 3707 5369 secundnm

2156 5401 2817 5479 divinae-providentias
2846 5400 3217 5482 sapientiam
3234 5444 3256 5476 ,
3284 5399 3704 5475 infinitamque

2156 5495 2524 5576 potentiam.
