3892 6167
576 308 692 371 114

572 412 737 475 dieta
794 413 979 485 sunt;
1034 410 1266 490 quibus
1316 426 1448 473 non
1509 411 1736 485 obstat,
1796 410 2138 490 quominus

574 506 741 568 Deus
766 502 1158 583 frequentius
1190 509 1429 581 utatur,
1459 510 1569 567 aut
1612 504 1893 584 requirat
1918 504 2138 584 hujus-

570 598 747 665 modi
764 604 1002 660 motum
1020 604 1081 660 et
1096 598 1526 679 operationem
1550 598 1971 673 instrumenti,
1992 598 2140 677 quia

573 693 677 756 hic
707 698 803 755 est
832 692 1083 755 suavior
1102 693 1329 755 modus
1358 692 1579 755 utendi
1606 700 1892 755 creatura
1940 699 2012 755 ut
2045 692 2140 753 in-

576 792 949 867 strumento,
978 792 1039 849 et
1074 786 1363 851 elevandi
1402 788 1573 850 illam
1618 788 1697 850 ad
1744 788 2136 868 superiorem

575 881 907 954 actionem,
931 880 1185 960 quando
1216 882 1544 945 commode
1565 880 1703 943 fieri
1717 884 1959 961 potest;
1991 882 2138 961 quia

574 981 674 1039 est
692 976 896 1055 magis
917 975 1429 1040 accommodatus
1451 976 1765 1038 ordinario
1785 975 1974 1038 modo
1991 993 2140 1057 ope-

574 1070 756 1133 randi
798 1070 1380 1135 instrumentorum.
1438 1070 1851 1133 Nihilominus
1902 1077 2135 1145 tamen,

574 1184 721 1228 cum
748 1164 851 1227 hic
900 1166 1129 1228 modus
1176 1165 1575 1228 instrumenti
1625 1184 1757 1229 non
1806 1172 2141 1229 censeatur

570 1258 965 1321 necessarius
995 1259 1360 1340 simpliciter
1396 1260 1478 1323 ad
1500 1260 1666 1323 hanc
1694 1260 2141 1323 instrumenta-

572 1354 731 1415 riam
760 1353 1114 1431 actionem,
1146 1355 1404 1433 quando
1450 1354 1555 1417 ille
1598 1372 1728 1417 non
1778 1354 2136 1429 adhibetur,

569 1446 1017 1527 inquirendum
1042 1449 1399 1512 necessario
1428 1456 1523 1511 est
1549 1448 1789 1531 aliquid
1812 1448 1984 1511 aliud
2011 1466 2138 1531 quo

571 1543 1063 1605 instrumentum
1094 1544 1511 1607 constituatur
1552 1544 1619 1606 iu
1652 1550 1795 1605 actu
1826 1544 2028 1625 primo
2060 1543 2142 1606 ad

575 1636 770 1699 talem
798 1637 1136 1699 actionem.
1164 1640 1296 1699 Imo
1327 1638 1540 1713 etiam,
1567 1637 1820 1719 quando
1854 1639 1992 1701 talis
2011 1656 2144 1700 mo-

571 1736 674 1792 tus
704 1730 1063 1805 adhibetur,
1094 1750 1223 1794 non
1252 1738 1459 1813 potest
1488 1732 1589 1794 ille
1616 1732 1966 1795 secundum
2001 1750 2143 1813 pro-

568 1826 741 1906 prias
764 1825 930 1888 vires
958 1827 1279 1888 naturales
1302 1826 1730 1888 consideratus
1757 1826 2141 1889 constituere

574 1920 855 1981 divinum
880 1920 1371 1983 instrumentum
1398 1920 1461 1982 in
1491 1926 1635 1984 actu
1663 1924 1867 2002 primo
1916 1921 2001 1983 ad
2043 1940 2142 1983 su-

568 2012 973 2094 pernaturale
1020 2032 1180 2095 opus
1224 2014 1663 2089 efficiendum;
1716 2016 1865 2095 quia
1912 2014 2140 2095 imper-

567 2102 789 2168 fectior
818 2113 913 2168 est
940 2107 1083 2168 talis
1112 2112 1343 2179 motus,
1366 2126 1559 2189 quam
1588 2126 1691 2171 res
1711 2125 1849 2187 quae
1876 2108 1984 2170 illo
2010 2108 2144 2170 affl-

570 2200 732 2263 citur
757 2219 871 2262 seu
898 2206 1184 2263 movetur
1206 2220 1222 2277 ;
1242 2221 1393 2283 ergo
1415 2220 1623 2283 neque
1648 2202 1753 2265 ille
1767 2208 1975 2283 potest
2003 2220 2141 2264 esse

569 2292 767 2355 virtus
796 2294 995 2355 activa
1025 2296 1328 2357 naturalis
1364 2296 1445 2357 ad
1474 2297 1665 2358 talem
1708 2295 2022 2358 actionem
2073 2300 2142 2375 ⁴et

572 2388 891 2459 effectum,
915 2406 1125 2469 neque
1154 2392 1379 2452 entitas
1402 2390 1599 2473 ipsius
1623 2390 2050 2465 instrumenti,
2071 2394 2142 2451 ut

571 2480 752 2543 verbi
796 2482 1024 2563 gratia,
1065 2482 1472 2547 humanitatis
1502 2491 1611 2547 aut
1658 2486 1833 2548 vocis
1888 2484 2136 2555 Christi,

571 2582 641 2637 ut
671 2574 760 2637 sic
788 2580 981 2652 mota,
1012 2596 1129 2641 seu
1152 2584 1222 2640 ut
1272 2578 1493 2641 affecta
1538 2579 1649 2641 tali
1682 2584 1882 2650 motu,
1934 2581 2142 2658 potest

574 2687 710 2732 esse
737 2670 933 2731 virtus
958 2670 1158 2733 activa
1184 2671 1491 2733 naturalis
1509 2672 1591 2733 ad
1612 2669 1803 2735 talem
1827 2672 2139 2734 actionem

572 2763 674 2827 vel
705 2762 1021 2825 effectum.
1046 2764 1354 2827 Probatur
1378 2784 1452 2829 ac
1476 2766 1833 2829 declaratur
1852 2784 1927 2827 ex
1957 2784 2024 2827 re
2047 2762 2142 2846 ip-

573 2875 667 2933 sa,
700 2856 1061 2919 inductione
1108 2858 1295 2934 facta,
1346 2877 1497 2921 nam
1534 2858 1638 2921 hic
1677 2865 1909 2932 motus,
1953 2864 2023 2919 ut
2062 2860 2138 2919 D.

572 2950 847 3013 Thomas
878 2956 1095 3031 aperte
1125 2948 1424 3028 declarat,
1447 2970 1576 3015 non
1602 2958 1697 3015 est
1722 2952 1843 3014 nisi
1866 2956 1979 3015 aut
1999 2969 2144 3013 con-

572 3050 777 3106 tactus
805 3062 919 3125 per
948 3062 1198 3119 manus,
1229 3045 1511 3123 salivam,
1539 3052 1868 3109 autvestes
1891 3046 2139 3122 Christi,

572 3136 675 3199 vel
705 3136 945 3217 aliquid
968 3136 1331 3219 hujusmodi
1359 3159 1375 3213 ;
1406 3140 1506 3202 vel
1534 3158 1655 3202 vox
1682 3139 1911 3204 Christi
1950 3142 2143 3220 impe-

574 3230 771 3292 rantis
801 3237 863 3293 et
885 3230 1202 3311 loquentis
1220 3250 1235 3306 ;
1265 3232 1366 3294 vel
1394 3232 1475 3295 ad
1492 3252 1810 3295 summum
1828 3233 1945 3296 erit
1966 3240 2142 3297 actus

575 3322 929 3387 intellectus
964 3330 1073 3386 aut
1100 3324 1476 3403 voluntatis,
1524 3344 1651 3408 quo
1679 3324 1987 3408 imperat,
2034 3345 2144 3389 seu

576 3416 711 3478 vult
737 3416 930 3478 talem
956 3418 1249 3481 effectum
1278 3419 1454 3496 fieri3
1495 3421 1709 3483 omnia
1758 3426 1970 3485 autem
2013 3422 2144 3483 haec

576 3516 726 3572 sunt
756 3530 831 3573 ex
862 3529 999 3575 sese
1028 3512 1471 3576 insufficientia
1520 3515 1606 3577 ad
1647 3514 1813 3577 hanc
1853 3514 2146 3577 virtutem

578 3604 867 3683 activam,
900 3623 1038 3686 quae
1070 3626 1149 3669 ex
1176 3611 1404 3670 natura
1431 3627 1545 3670 sua
1573 3609 1651 3671 sit
1687 3609 1885 3671 virtus
1915 3608 2144 3671 instru-

578 3698 867 3761 mentalis
896 3699 977 3761 ad
1004 3701 1197 3776 talem
1229 3702 1523 3764 effectum
1548 3718 1568 3779 ;
1600 3702 1772 3782 quia,
1816 3703 1865 3763 si
1894 3702 1973 3764 sit
2000 3720 2150 3763 con-

576 3798 782 3857 tactus
812 3811 1174 3875 corporeae,
1206 3794 1311 3857 ille
1339 3796 1441 3857 vel
1467 3796 1622 3857 nihil
1658 3796 1833 3857 addit
1860 3796 2150 3859 intrinse-

581 3905 725 3948 cum
756 3894 818 3949 et
848 3888 1019 3949 reale
1052 3889 1167 3949 uni
1210 3889 1477 3971 corpori,
1508 3894 1735 3969 praeter
1776 3889 2148 3951 relationem

575 3980 676 4041 vel
711 3980 1289 4045 denominationem
1320 3983 1401 4044 ab
1432 3984 1555 4044 alio
1600 4000 1863 4063 corpore
1892 3984 2152 4064 propin-

580 4089 730 4151 quo,
761 4072 863 4134 vel
896 4072 978 4134 ad
1010 4092 1328 4137 summum
1371 4074 1545 4137 addit
1586 4084 1828 4139 motum
1856 4076 2146 4154 localem,

580 4172 644 4227 et
685 4164 943 4247 aliquod
984 4186 1217 4230 novum
1246 4168 1381 4246 ubi,
1414 4176 1475 4232 et
1526 4188 1672 4232 cum
1716 4190 1791 4233 eo
1848 4171 2150 4251 conjungi

579 4264 789 4339 potest
841 4260 1055 4341 aliqua
1104 4262 1391 4325 alteratio
1445 4264 1809 4346 corporalis,
1864 4266 2152 4345 quamvis

579 4354 719 4417 haec
748 4353 1169 4417 accidentaria
1198 4356 1315 4429 sit;
1349 4358 1563 4421 omnia
1590 4364 1803 4421 autem
1829 4358 1965 4421 haec
2007 4366 2153 4424 sunt

581 4448 948 4530 imperfecta
980 4456 1043 4512 et
1071 4468 1149 4512 ex
1179 4470 1247 4513 se
1295 4450 1858 4533 improportionata
1899 4454 1982 4517 ad
2019 4473 2154 4517 om-

582 4560 730 4603 nem
760 4545 1307 4623 supernaturalem
1331 4546 1655 4622 effectum3
1682 4554 1744 4610 et
1767 4547 1936 4609 idem
1959 4554 2056 4610 est
2073 4548 2154 4611 de

584 4654 743 4699 sono
762 4636 931 4699 vocis
961 4640 1324 4719 corporalis»,
1357 4640 1529 4719 quod
1557 4640 1779 4703 attinet
1806 4640 1887 4703 ad
1914 4642 2153 4705 realem

588 4730 914 4793 entitatem
962 4730 1139 4813 ejus;
1174 4751 1327 4795 nam
1356 4732 1436 4795 de
1472 4734 1925 4815 significatione
1960 4754 2156 4816 quam

581 4824 777 4886 habet
804 4822 885 4885 ad
902 4822 1222 4903 placitum,
1235 4827 1372 4906 jam
1396 4828 1547 4889 satis
1565 4834 1887 4890 ostensum
1909 4837 2152 4892 estnon

581 4934 765 4996 posse
795 4935 933 4979 esse
981 4918 1357 4999 principium
1384 4921 1486 4983 vel
1521 4922 1833 4983 rationem
1870 4922 2152 5003 physicae

584 5010 961 5088 efficientiae,
988 5030 1131 5075 cum
1156 5012 1313 5074 nihil
1342 5015 1420 5077 sit
1446 5019 1669 5095 praeter
1694 5014 2156 5079 denominatio-

583 5120 732 5165 nem
758 5105 1173 5168 extrinsecam
1190 5113 1298 5169 aut
1323 5126 1437 5169 ens
1458 5109 1741 5171 rationis,
1762 5111 1849 5171 Ae
1870 5109 2146 5191 denique

580 5196 755 5261 idem
785 5208 878 5263 est
906 5200 985 5263 de
1019 5201 1263 5265 actibus
1288 5203 1775 5266 immanentibus
1800 5205 2153 5268 intellectus

583 5298 648 5356 ct
674 5293 1035 5374 voluntatis,
1068 5298 1240 5377 quia,
1274 5296 1325 5357 si
1354 5298 1475 5359 sint
1500 5299 1845 5375 naturales,
1886 5317 2016 5361 non
2051 5317 2151 5362 so-

581 5384 715 5449 lum
746 5408 824 5453 ex
852 5408 920 5451 se
967 5409 1093 5453 non
1138 5396 1285 5453 sunt
1321 5392 1507 5455 activi
1535 5391 1755 5456 talium
1784 5392 2148 5472 effectuum,

582 5478 697 5544 sed
726 5482 915 5547 etiam
940 5490 1087 5549 sunt
1113 5485 1424 5550 inferioris
1454 5485 1687 5551 ordinis
1725 5504 1799 5549 ac
1843 5486 2144 5565 rationis;

1803 306 2041 373 QUAEsT.
2075 306 2204 363 xm.
2233 308 2438 362 Amic.
2471 308 2558 363 tv.

2219 410 2448 473 sivero
2477 410 2602 473 sint
2633 405 3162 489 supernaturales,
3197 404 3422 469 saltem
3448 424 3516 471 ex
3537 418 3698 482 natusa

2221 524 2336 568 sua
2362 523 2494 568 non
2521 510 2670 567 sunt
2693 504 2910 566 fermae
2937 502 3152 565 aetivae
3179 500 3419 581 gratioe,
3439 507 3588 567 verbi
3609 528 3700 589 gra.

2217 600 2329 675 tia,
2366 600 2431 663 in
2456 600 2604 675 alie,
2642 605 2754 660 aut
2779 595 3260 659 resurrectionis
3289 596 3622 673 mortui,vel
3654 608 3702 669 εξ.

2221 693 2465 755 milium
2513 710 2798 773 operum.
2851 690 3140 768 Denique
3195 688 3501 765 rationes,
3541 697 3702 772 quibu,-

2223 788 2564 871 probamus
2579 786 2944 867 qualitatem
2961 782 3434 865 superadditam
3451 802 3562 845 non
3579 806 3704 867 posse

2223 900 2362 945 esse
2390 882 2876 944 instrumentum
2905 882 3131 939 natura
3159 896 3279 939 sua
3307 878 3627 943 ordinatum
3654 888 3704 947 ad

2221 976 2339 1039 has
2365 977 2665 1052 actiones,
2713 980 2775 1037 et
2801 973 3045 1036 habens
3071 972 3372 1035 virtutem
3413 981 3704 1040 connatura-

2221 1069 2348 1131 lem
2398 1070 2586 1132 etiam
2633 1066 3212 1130 instrumentariam
3255 1065 3341 1129 ad
3395 1066 3541 1141 illas,
3567 1088 3598 1131 a
3627 1072 3704 1134 ior-

2221 1164 2363 1225 tiori
2391 1162 2663 1245 probant
2685 1162 2856 1225 hunc
2883 1167 3148 1234 motum,
3177 1160 3286 1223 vel
3313 1165 3513 1221 actum
3530 1207 3544 1236 ,
3563 1165 3644 1242 qui
3663 1166 3704 1228 fit

2222 1258 2388 1323 circa
2429 1258 2913 1321 instrumentum
2935 1256 3069 1328 Dei,
3097 1272 3230 1317 non
3261 1270 3402 1317 esse
3431 1261 3620 1318 natura
3633 1278 3702 1323 sua

2220 1352 2347 1415 vim
2389 1353 2652 1415 activam
2682 1348 3264 1413 instrumentariam
3295 1348 3380 1409 ad
3406 1347 3550 1410 tales
3582 1352 3704 1415 effee-

2221 1450 2345 1522 tus,
2378 1452 2441 1511 et
2469 1452 2934 1526 consequenter
2961 1462 3092 1506 non
3114 1442 3496 1505 constituere
3511 1442 3704 1509 formali-

2219 1545 2319 1605 ter
2336 1542 2462 1605 tale
2485 1540 2974 1603 instrumentum
2989 1538 3054 1600 in
3077 1542 3226 1601 actu
3245 1536 3453 1617 primo
3476 1538 3534 1598 in
3557 1540 3704 1602 ordine

2223 1634 2306 1698 ad
2329 1633 2522 1697 talem
2553 1634 2887 1697 actionem.

2305 1729 2401 1791 18.
2451 1728 2630 1801 Quod
2685 1730 2738 1791 si
2785 1728 2945 1792 forte
2979 1728 3254 1805 dicatur,
3288 1726 3407 1790 etsi
3445 1724 3706 1792 formaliter

2221 1838 2350 1883 non
2382 1822 2712 1885 constituat
2759 1822 3254 1887 instrumentum
3299 1821 3367 1883 in
3393 1826 3528 1885 actu
3546 1824 3698 1901 primo.

2221 1922 2434 1979 tamen
2482 1932 2559 1977 ex
2612 1916 2824 1978 divina
2876 1916 3276 1981 ordinatione
3307 1926 3442 1977 esse
3481 1916 3704 1977 conditio-

2223 2028 2372 2072 nem
2409 2012 2832 2073 neeessariam
2863 2018 2934 2073 ut
2978 2012 3104 2073 tale
3151 2012 3612 2073 instrumentum
3632 2028 3701 2089 per

2224 2104 2500 2166 divinam
2527 2104 2821 2167 virtutem
2843 2104 2910 2166 in
2937 2112 3082 2167 actu
3111 2104 3321 2186 primo
3351 2103 3698 2178 constituatur,

2223 2198 2406 2261 facile
2437 2198 2558 2261 hoc
2613 2204 2816 2261 totum
2851 2199 3280 2263 concedemus
3311 2214 3426 2261 seu
3471 2198 3702 2277 permitte·

2223 2312 2362 2356 mus
2379 2317 2398 2371 ;
2435 2292 2884 2375 inquirendum
2935 2300 3146 2357 tamen
3204 2310 3284 2355 ac
3341 2290 3701 2355 declarandum

2223 2395 2532 2468 superest,
2562 2388 2715 2469 quid
2747 2390 2825 2451 sit
2870 2388 3026 2451 illud
3073 2406 3200 2467 quo
3253 2386 3581 2449 formaliter
3599 2404 3700 2446 con-

2223 2482 2496 2545 stituitur
2515 2482 2637 2547 tale
2673 2484 3162 2546 instrumentum
3191 2482 3260 2543 in
3301 2486 3443 2543 actu
3469 2480 3632 2559 primo
3652 2478 3698 2539 ad

2222 2576 2571 2657 agendum;
2618 2577 2682 2637 in
2713 2578 2832 2639 hoc
2863 2577 3031 2639 enim
3061 2576 3252 2639 cardo
3280 2575 3464 2637 totius
3497 2573 3697 2653 quaestio-

2220 2670 2319 2733 nis
2341 2678 2648 2733 versatur.
2681 2672 2863 2747 Nam,
2885 2671 3031 2734 lieet
3053 2674 3232 2733 actus
3263 2668 3516 2749 primns,
3539 2666 3600 2727 de
3621 2684 3695 2745 quo

2223 2764 2287 2826 in
2313 2764 2610 2845 praesenti
2641 2765 2908 2847 agimus,
2943 2768 3352 2845 comparetur
3375 2760 3456 2823 ad
3493 2758 3696 2821 effectum

2224 2874 2334 2920 seu
2359 2858 2670 2921 actionem
2693 2858 2764 2921 in
2793 2864 2936 2920 actu
2963 2856 3246 2921 secundo
3281 2856 3347 2917 in
3390 2854 3602 2917 ratione
3619 2852 3698 2912 effi·

2227 2952 2470 3027 cientis,
2494 2959 2730 3029 tamen,
2755 2958 3156 3033 comparatus
3175 2950 3256 3013 ad
3281 2951 3479 3031 ipsam
3501 2960 3695 3008 causam.

2221 3046 2323 3108 vel
2373 3046 2807 3127 principalem,
2830 3046 2931 3108 vel
2961 3044 3524 3116 instrumentalem,
3550 3040 3700 3100 forma·

2221 3138 2366 3201 liter
2389 3158 2502 3202 seu
2531 3158 2647 3221 per
2692 3140 2954 3202 modum
2993 3140 3212 3202 formae
3251 3134 3638 3203 constituentis
3654 3130 3700 3189 ad

2222 3232 2396 3295 illam
2436 3241 2858 3315 comparatur,
2891 3234 2994 3296 vel
3043 3232 3397 3297 secundum
3439 3248 3578 3301 rem,
3599 3226 3636 3287 si
3657 3224 3700 3285 sit

2224 3327 2497 3407 qualitas
2535 3334 2646 3389 aut
2692 3328 2895 3389 forma
2937 3328 3250 3403 distincta,
3305 3324 3405 3387 vel
3441 3318 3698 3384 secundum

2223 3422 2556 3499 rationem,
2593 3422 2645 3483 si
2676 3422 2756 3483 sit
2787 3440 2902 3502 per
2920 3422 3318 3483 identitatem
3343 3418 3578 3490 realem,
3602 3430 3702 3491 quo-

2225 3516 2414 3579 modo
2443 3517 2607 3577 Deus
2656 3523 2753 3578 est
2783 3515 3129 3579 formaliter
3177 3514 3420 3576 activus
3445 3528 3548 3591 per
3575 3503 3704 3567 omni·

2227 3609 2570 3691 potentiam
2597 3628 2801 3683 suam,
2841 3615 2904 3672 et
2929 3608 3098 3672 calor
3129 3614 3224 3671 est
3269 3608 3502 3670 activus
3526 3618 3616 3664 sua
3638 3616 3702 3657 na·

2227 3704 2412 3766 tur-ali
2442 3704 2690 3767 virtute.
2733 3704 2936 3779 Unde,
2985 3704 3176 3766 etiam
3227 3703 3282 3763 si
3337 3700 3562 3763 dicatur
3593 3688 3704 3771 quod

2229 3798 2334 3860 ille
2380 3804 2590 3860 motus
2647 3796 2873 3861 divinis
2932 3795 3370 3859 instrumentis
3421 3795 3700 3870 impressus,

2230 3892 2328 3955 vel
2363 3892 2667 3953 naturalis
2697 3892 2978 3972 operatio
3007 3890 3090 3953 ab
3119 3891 3208 3953 eis
3247 3903 3528 3960 manans,
3554 3894 3704 3979 quan-

2230 3986 2325 4049 vis
2360 3985 2709 4048 secundum
2747 4002 2844 4063 se,
2877 3992 2939 4047 et
2985 3992 3213 4047 natura
3265 4002 3402 4059 sua,
3431 3974 3626 4042 nonsit
3647 3986 3701 4027 us

2232 4080 2432 4143 activa
2452 4086 2514 4142 et
2542 4078 3053 4141 instrumentaria
3081 4078 3164 4140 ad
3203 4070 3544 4158 hujusmodi
3581 4064 3702 4129 effec-

2231 4180 2334 4236 tus
2363 4172 2794 4249 miraculosus,
2821 4178 3143 4245 tamen,ut
3170 4176 3264 4233 est
3292 4190 3331 4233 a
3355 4170 3474 4231 Deo
3493 4160 3700 4225 movente

2233 4266 2411 4347 quasi
2441 4267 2778 4329 artificiose
2827 4285 2942 4329 seu
2967 4266 3366 4341 miraculose,
3395 4259 3598 4325 habere
3623 4248 3704 4311 suf-

2233 4360 2550 4424 ficientem
2579 4361 2889 4423 rationem
2912 4360 3157 4421 virtutis
3180 4356 3701 4421 aetivaeinstrumen·

2234 4454 2426 4531 tariae,
2469 4456 2616 4535 quia
2639 4454 2773 4535 jam
2803 4472 2930 4516 non
2963 4459 3283 4534 spectatur
3313 4450 3416 4513 ille
3454 4449 3704 4544 motasse-

2237 4548 2514 4611 cundum
2561 4566 2628 4611 se
2659 4554 2923 4624 tantum,
2953 4549 3055 4610 vel
3097 4546 3438 4609 secundum
3463 4544 3702 4637 praecisam·
3762 4580 3765 4661 Ι

2235 4648 2528 4705 naturam
2558 4662 2762 4717 suam,
2797 4642 2908 4705 sed
2941 4646 3008 4703 ut
3049 4640 3331 4703 elevatur
3379 4656 3416 4698 a
3459 4618 3702 4715 priuopah
3763 4662 3768 4685 ·.

2237 4743 2494 4816 agente3
2523 4737 2669 4798 licet
2720 4736 2843 4799 hoe
2899 4735 3207 4815 (inquam)
3235 4734 3486 4802 dicatur,
3514 4730 3700 4822 nonte-

2235 4829 2675 4911 pugnahimuS,
2705 4829 3050 4891 dummodo
3102 4828 3472 4891 sufficienter
3509 4811 3702 4893 explice-

2236 4930 2336 4984 tur
2365 4923 2515 5003 quid
2543 4924 2620 4985 sit
2667 4929 2910 4985 motum
2957 4921 3132 4986 illum
3163 4919 3390 4985 elevari
3415 4935 3449 4977 a
3471 4913 3600 4980 Deo,
3620 4914 3700 5007 §Q

2236 5032 2374 5079 esse
2423 5016 2854 5093 artificiosum,
2885 5023 2956 5078 ut
3011 5016 3227 5079 subest
3266 5012 3478 5075 divina)
3515 5002 3700 5064 monum

2237 5116 2344 5174 aut
2390 5112 2626 5187 virtuti,
2679 5111 2850 5191 quod
2895 5110 2975 5173 ad
3027 5107 3318 5171 eamdem
3363 5094 3695 5187 difficultatem

2241 5202 2596 5280 revolvitur,
2631 5204 2698 5265 in
2727 5223 2852 5284 qua
2879 5204 3150 5266 diximus
3186 5220 3321 5264 esse
3355 5190 3698 5261 controverstae

2242 5298 2588 5372 cardinem,
2611 5316 2930 5377 quamque
2960 5298 3024 5359 in
3048 5302 3352 5375 sequente
3378 5288 3574 5372 puncto
3595 5283 3697 5339 trac·

2237 5393 2532 5455 tabimus.
2567 5392 2731 5455 Nihil
2761 5392 2930 5455 enim
2983 5380 3248 5455 interest
3279 5385 3438 5469 quod
3477 5382 3583 5443 111³&ss
3615 5364 3696 5427 0¹²·

2236 5486 2426 5563 vatio,
2459 5504 2573 5549 seu
2593 5484 3021 5549 subordinatio
3049 5482 3134 5547 ad
3161 5482 3426 5549 divinam
3461 5467 3688 5537 virtutem,
