3892 6167
1294 357 1303 368 ·
1358 326 1677 380 ulerunt.
1710 323 1878 380 XLIV.
1910 325 2082 380 sect.
2117 329 2156 380 Ι.

130 435 325 498 Pater
380 431 603 515 igitur
648 427 767 494 eibi
816 427 921 494 ica.
974 432 1043 494 ut
1121 427 1459 494 hunanitas
1514 426 1710 492 Potor

130 533 239 602 est,
270 531 334 590 et
380 526 567 593 Deae
617 523 733 588 eibi
786 523 883 588 ita
918 529 988 588 ιιι
1018 523 1209 589 emis
1246 523 1411 586 Deus
1458 525 1568 586 eet.
1618 521 1711 584 Et

132 631 265 684 oum
312 619 449 682 hmo
500 617 709 683 omnia
759 616 842 682 ad
876 613 1141 681 homiues
1190 631 1391 680 servos
1422 615 1593 678 homo
1638 615 1709 678 in

130 711 293 776 servi
346 714 578 788 forma
623 711 812 774 Jecur
872 708 1161 774 Christus
1215 709 1533 790 loquaturl,
1586 723 1709 770 nos

132 805 479 882 ambivitur
510 803 661 885 quin
680 803 877 868 Pater
898 803 1023 866 sibi
1052 807 1125 866 ιιι
1150 803 1386 868 ooetom
1430 803 1617 870 sltem
1638 819 1709 866 ea

128 903 303 976 porto
329 913 461 976 qna
492 897 665 958 homo
698 899 811 970 ast,
832 901 891 962 et
916 897 1079 960 Dm
1104 895 1221 960 eibi
1242 900 1313 960 ut
1364 895 1595 958 cunctis
1620 897 1710 958 sit

134 1008 204 1053 ιω
230 1007 301 1054 ea
318 995 593 1064 natura,
610 1005 731 1070 qua
744 1005 954 1052 corvus
976 995 1083 1052 oct.
1104 990 1251 1063 Quae
1276 988 1497 1050 ultima
1516 987 1707 1058 verba

134 1081 406 1145 nimium.
432 1081 708 1146 fortasse
732 1080 1003 1160 probare
1024 1081 1425 1154 videbuntur,
1454 1085 1709 1160 propter

137 1175 197 1236 id
248 1174 431 1253 quod
484 1175 771 1239 insinuat
820 1175 901 1240 de
942 1175 1367 1256 (paternitatffi
1416 1174 1529 1238 sed
1578 1191 1719 1244 non,

137 1274 381 1344 oportet
396 1269 679 1348 intelligi
694 1268 1039 1338 seeundum
1056 1268 1485 1334 omnimodam
1500 1285 1711 1346 sequa-

136 1362 369 1422 litatem
393 1367 463 1427 et
486 1361 849 1442 specificam
866 1363 1201 1440 rationem,
1222 1363 1335 1424 sed
1358 1361 1709 1422 secundum

134 1455 612 1534 proportionem
676 1462 743 1518 et
794 1456 1105 1520 rationem
1157 1471 1581 1531 communem,
1639 1460 1709 1516 ut

134 1548 315 1622 intra,
346 1557 591 1628 quoest.
618 1553 721 1623 23,
752 1550 939 1614 latius
968 1550 1312 1631 explicabo.

214 1646 311 1706 12.
342 1643 540 1714 Quod
568 1644 625 1704 si
646 1644 801 1719 haec,
828 1661 969 1723 quae
992 1644 1267 1706 diximus
1294 1643 1375 1706 de
1402 1644 1708 1722 interpre-

140 1739 369 1806 tatione
396 1737 641 1803 horum
670 1739 1007 1802 verborum
1030 1737 1277 1813 Christi,
1307 1738 1459 1800 satis
1483 1736 1710 1800 fundae·

138 1841 197 1894 ta
230 1839 413 1909 sunt,
442 1849 529 1894 ex
566 1833 662 1894 eis
690 1831 953 1896 ulterius
1000 1832 1295 1913 colligere
1340 1832 1507 1906 licet,
1534 1831 1711 1892 Chri·-

140 1935 298 1990 stum
346 1933 419 1990 ut
466 1927 795 1991 hominem
830 1928 897 1990 in
936 1933 1138 1990 morte
1176 1945 1293 1990 sua
1330 1943 1457 1990 non
1507 1925 1711 1988 solum

142 2021 333 2082 Deum
362 2025 437 2082 ut
466 2019 743 2092 Patrem,
782 2018 892 2085 sed
920 2019 1112 2082 etiam
1143 2025 1215 2080 ut
1260 2017 1585 2081 dominum
1620 2017 1714 2078 in-

140 2129 428 2190 vocasse,
482 2113 612 2176 illis
656 2113 949 2182 nimirum
1001 2113 1211 2176 verbis
1242 2129 1259 2176 t
1310 2113 1476 2178 Dm
1518 2127 1708 2186 mm,

145 2209 302 2273 Deus
322 2226 529 2283 mous,
554 2212 629 2272 vt
650 2208 801 2287 quid
822 2206 1199 2288 dereliquisti
1220 2209 1356 2272 me?
1378 2209 1713 2270 Ostensum

145 2305 233 2360 cst
258 2299 428 2365 enim
464 2299 737 2380 perinde
772 2317 913 2362 esse
937 2299 1223 2364 confiteri
1265 2304 1374 2362 aut
1418 2298 1713 2360 invocare

150 2395 338 2454 Deum
391 2409 593 2456 snum
619 2435 636 2466 ,
694 2390 864 2471 quod
926 2390 1250 2454 dominum
1308 2408 1519 2454 suum.
1576 2391 1713 2454 Non

150 2486 367 2563 ignoro
390 2485 687 2551 divinum
718 2503 975 2560 nomen,
1000 2484 1142 2561 Eli,
1170 2503 1297 2565 quo
1326 2485 1412 2548 ihi
1442 2502 1597 2546 usus
1622 2491 1717 2549 est

154 2578 361 2654 David,
388 2578 562 2640 Psal.
588 2581 693 2653 21,
718 2579 901 2658 cujus
924 2578 1116 2642 verba
1144 2578 1427 2643 Christus
1453 2595 1719 2657 usurpa·

154 2672 255 2744 vit,
276 2673 459 2748 juxta
486 2672 949 2752 proprietatem
978 2672 1359 2747 hebraicam,
1394 2677 1714 2750 sumptum

161 2781 285 2826 esse
310 2784 387 2826 ex
413 2765 717 2828 attributo
745 2764 1130 2828 fortitudinis
1150 2765 1409 2838 divinae;
1442 2771 1511 2826 ut
1544 2764 1720 2828 idem.

159 2857 331 2920 fuerit
362 2857 611 2921 Christo
648 2857 894 2934 dicere,-
922 2859 1062 2935 Eli,
1093 2859 1231 2934 Eli,
1262 2877 1335 2922 ac
1364 2859 1419 2920 si
1447 2857 1711 2933 diceret,

163 2951 365 3014 Fortis
382 2969 583 3024 ms,
604 2951 815 3014 Fortis
837 2969 1025 3026 mous,
1048 2970 1185 3026 seu,
1208 2953 1535 3018 Fortitudo
1562 2969 1711 3014 mea.

163 3043 281 3104 Hoc
300 3050 515 3106 tamen
548 3044 709 3106 nihil
736 3044 979 3119 obstan
998 3044 1150 3124 quin
1171 3045 1383 3126 potius
1397 3045 1715 3108 deservire

162 3143 349 3215 potest
368 3137 451 3209 ad
468 3137 917 3200 declarandam
936 3155 1073 3200 rem
1095 3138 1177 3200 de
1196 3157 1321 3218 qua
1343 3143 1712 3212 tractamus;

164 3247 320 3303 nam,
344 3231 495 3294 lieet
522 3230 787 3294 nomina
813 3230 1027 3293 divina
1054 3249 1132 3292 ex
1161 3231 1420 3294 diversis
1450 3231 1719 3294 attribu·-

166 3323 235 3382 tis
258 3325 377 3384 sint
398 3325 765 3403 desumpta,
792 3330 863 3385 ut
890 3324 1008 3386 sub
1046 3343 1123 3386 ea
1152 3325 1395 3387 ratione
1436 3326 1717 3386 nomine-

167 3420 259 3474 tur
280 3416 373 3478 vel
397 3417 731 3480 invocetur
756 3436 795 3477 a
824 3417 1029 3494 nobiS,
1050 3435 1187 3498 quae
1220 3435 1333 3498 pro
1358 3418 1597 3498 negotii
1618 3415 1721 3480 vel

172 3509 505 3574 occasionis
550 3511 1017 3590 opportunitate
1046 3511 1319 3572 maxime
1346 3509 1591 3574 videtur
1614 3527 1720 3572 ac-

171 3604 581 3679 commodata,
620 3610 687 3666 ut
726 3603 1005 3670 Christus
1046 3605 1113 3666 in
1152 3605 1469 3684 praedictis
1512 3604 1720 3668 verbis

171 3711 307 3754 usus
334 3706 429 3758 est
453 3699 717 3762 nomine
744 3698 1145 3771 fortitudinis,
1174 3699 1325 3778 quia
1352 3715 1467 3777 pro
1499 3698 1721 3758 huma-

174 3787 367 3850 nitatis
388 3791 839 3868 imbecillitate,
862 3810 939 3854 ea
956 3799 1107 3856 tunc
1134 3793 1405 3856 maxime
1427 3791 1717 3872 indigere

172 3879 483 3949 videbatur
498 3929 517 3958 ,
542 3885 948 3948 nihilominus
977 3889 1191 3948 tamen
1214 3904 1331 3966 per
1356 3884 1716 3966 huiusmodi

175 3975 625 4041 contessionem
647 3979 745 4042 vel
766 3979 1229 4042 invocationem
1251 3979 1721 4058 recognoscitur

176 4064 323 4129 Deus
350 4071 431 4132 ab
468 4073 751 4147 homine,
786 4079 858 4134 ut
885 4091 1251 4154 supremum
1280 4073 1653 4153 principium
1682 4092 1721 4136 a

177 4174 289 4235 qno
329 4165 595 4242 pendet,
634 4173 697 4229 et
747 4169 927 4247 cujus
977 4173 1073 4230 est
1116 4168 1269 4230 dare
1312 4167 1613 4230 auxilium
1660 4172 1724 4230 et

178 4249 609 4332 fortitudinem,
629 4266 693 4322 et
712 4269 938 4324 caetera
958 4261 1155 4334 hona;
1177 4260 1297 4323 hoc
1318 4266 1531 4322 autem
1552 4259 1723 4322 idem

182 4353 264 4406 est
302 4353 469 4429 quod
514 4371 969 4434 recognoscere
998 4355 1197 4416 Deum
1242 4359 1313 4416 ut
1354 4371 1723 4434 supremum

182 4437 511 4524 dominum,
546 4445 737 4508 etiam
785 4448 835 4508 si
866 4465 995 4510 non
1044 4448 1373 4511 invocetur
1401 4448 1655 4510 nomine
1684 4466 1721 4510 a

184 4529 437 4601 dominio
472 4547 749 4619 sumpto,
768 4541 870 4604 vel
898 4541 1245 4604 dominium
1271 4541 1617 4604 formaliter
1645 4541 1725 4602 si-

184 4627 539 4706 gnificante;
570 4652 723 4714 ergo
748 4634 1009 4714 perinde
1035 4635 1155 4697 fuit
1178 4634 1429 4699 Christo
1459 4633 1667 4696 dicere
1702 4655 1719 4695 ε

185 4719 306 4796 Eli,
356 4727 496 4802 Eli,
548 4745 622 4790 ac
670 4729 723 4788 si
776 4727 1013 4790 diceret
1046 4747 1063 4791 ι
1098 4730 1378 4805 Domino,
1425 4728 1725 4807 fortitudo

184 4831 319 4892 mea,
348 4829 469 4887 osto
502 4824 659 4886 mike·
686 4823 756 4886 in,
780 4825 975 4888 Deum
1000 4829 1419 4904 protectorem,
1444 4825 1729 4904 quoniam

186 4911 459 4984 fortitudo
480 4935 613 4982 mea
630 4922 687 4980 et
704 4919 1021 4999 refuyiim
1040 4935 1235 4982 meum
1262 4933 1325 4982 ee
1346 4923 1438 4992 tu,
1461 4915 1623 4980 Psal.
1650 4919 1725 4976 17

190 5005 367 5074 ct30.

262 5103 349 5166 ¹3.
370 5107 649 5170 Tandem
672 5105 1019 5185 adjungere
1044 5106 1147 5168 hic
1168 5123 1507 5186 possumus
1532 5103 1727 5166 verba

190 5189 305 5270 illa,
325 5215 459 5275 quie
484 5201 761 5264 Christus
788 5199 1060 5262 daemoni
1090 5199 1359 5262 tentanti
1378 5197 1723 5278 respondit,

193 5282 385 5354 Matth.
412 5298 453 5358 ὁ
484 5315 501 5358 z
534 5295 856 5376 Domuum
884 5295 1081 5358 Deum
1104 5300 1277 5358 tuum
1308 5294 1625 5368 adorabis,
1668 5297 1728 5356 et

193 5378 285 5441 illi
306 5387 415 5448 coli
438 5387 693 5462 πνείει,-
727 5391 789 5450 et
823 5386 981 5450 illud
1014 5405 1029 5448 ι
1061 5387 1207 5452 Non
1242 5387 1499 5450 tentabis
1522 5386 1727 5449 Domi·

196 5487 319 5538 mem
344 5479 529 5548 Deum
558 5487 728 5546 cuum
743 5505 767 5552 ;
784 5497 1146 5562 quanquam
1173 5481 1339 5544 enim
1369 5481 1507 5542 haec
1533 5497 1725 5559 gene-

1788 429 1976 490 ratim
1997 427 2079 490 de
2107 427 2398 492 omnibus
2421 429 2652 510 scripta
2675 426 2820 506 sint,
2845 429 3027 493 Dent.
3051 431 3112 508 6,
3135 435 3348 495 tamen

1788 538 1827 580 a
1854 520 2094 584 Christo
2123 529 2272 586 suut
2296 529 2618 604 usurpata.
2641 528 2714 584 ut
2740 523 2822 584 ad
2845 521 2915 586 se
2946 523 3134 587 etiam
3162 527 3350 606 perti-

1787 614 2006 677 nentia
2019 637 2038 691 ;
2063 634 2214 696 ergo
2244 617 2310 678 in
2328 617 2454 680 illis
2481 617 2806 679 confessus
2829 622 2922 679 est
2945 635 3074 680 non
3097 623 3348 681 tantum

1787 709 2022 782 Deum,
2061 710 2174 772 sed
2209 710 2399 772 etiam
2449 711 2778 772 dominum
2817 729 3023 773 suum.
3069 714 3196 774 Nec
3227 712 3354 774 dici·

1786 805 1996 882 potest
2025 802 2342 866 Christum
2373 805 2484 866 illa
2521 805 2715 868 verba
2749 805 3065 882 attulisse,
3095 823 3236 885 quoe
3267 807 3348 868 de

1787 895 1964 975 puris
1989 897 2347 958 hominihus
2375 897 2544 959 dicta
2565 905 2730 972 sunt,
2754 898 2904 978 quia
2921 897 3166 960 daemon
3191 898 3348 958 nihil

1790 989 2060 1069 amplius
2085 989 2168 1052 de
2193 990 2304 1052 illo
2330 1007 2522 1071 quam
2546 990 2630 1052 de
2655 1009 2819 1071 puro
2835 992 3092 1053 homine
3120 991 3352 1053 sentie-

1788 1080 1918 1144 bat.
1967 1083 2152 1158 Nam,
2185 1089 2254 1145 ut
2301 1085 2722 1164 Hieronymus
2763 1084 2851 1145 ibi
2897 1084 3005 1160 ait,
3033 1083 3241 1159 falsas
3279 1085 3350 1148 de

1790 1175 2148 1256 Soa-iptms
2187 1177 2414 1242 diaboli
2451 1176 2744 1258 sagittas,
2773 1178 2936 1240 veris
2985 1176 3348 1256 Scriptura-

1786 1287 1927 1332 νυνι
1951 1271 2200 1350 franqit
2225 1272 2472 1352 clypeis,
2497 1273 2634 1333 Non
2661 1289 2812 1350 ergo
2841 1271 3047 1333 attulit
3067 1271 3154 1332 ibi
3179 1269 3350 1334 Chri-

1791 1367 1923 1424 stus
1941 1363 2304 1426 testimonia
2327 1365 2682 1444 Scriptum,
2703 1383 2844 1444 quae
2865 1365 3213 1428 seeundum
3235 1365 3350 1426 fal·

1792 1473 1927 1518 sam
1982 1463 2226 1520 tantum
2277 1457 2584 1521 doemonis
2637 1460 3179 1532 existimationem,
3235 1460 3348 1521 sed

1791 1569 1937 1614 vere
2002 1569 2077 1613 ac
2135 1553 2390 1632 proprie
2443 1553 2656 1632 ipsum
2713 1555 3342 1633 comprehenderent.

1790 1643 1972 1708 Unde
1999 1650 2168 1708 recte
2191 1645 2280 1706 ibi
2304 1646 2680 1720 Ismenius,
2713 1663 2851 1725 cap.
2883 1649 2960 1708 14
2990 1644 3294 1709 Concord.
3329 1661 3348 1705 ι

1794 1737 2195 1818 Smipturam
2223 1737 2478 1819 (inquit)
2503 1739 2662 1804 male
2685 1738 2938 1802 citatam
2956 1781 2980 1816 ,
3007 1739 3138 1802 alia
3169 1737 3352 1802 Sori-

1786 1835 1979 1913 pbura
2004 1836 2160 1896 recto
2188 1833 2444 1896 adducta
2458 1877 2480 1908 ‚
2512 1849 2615 1896 seu
2647 1832 2882 1896 olavum
2909 1831 3076 1896 clavo
3101 1829 3348 1896 retudit.

1793 1923 1871 1984 Et
1916 1925 2206 2004 quamvis
2253 1924 2540 1986 nonnulli
2597 1925 2839 2000 Patres,
2874 1929 2940 1986 ut
2987 1923 3260 1985 Hilarius
3291 1928 3354 1984 et

1792 2017 2238 2097 Hieronymus,
2273 2017 2482 2080 dicant
2529 2017 2838 2082 Christum
2884 2017 2984 2078 his
3027 2016 3236 2080 verbis
3284 2033 3352 2076 se

1791 2110 2102 2174 indicasse
2129 2109 2456 2172 dominum
2496 2129 2571 2172 ac
2602 2112 2800 2172 Deum
2821 2156 2838 2185 ,
2881 2127 3072 2190 quem
3105 2110 3352 2172 daemon

1792 2205 2056 2266 adorare
2075 2205 2282 2284 potius
2299 2222 2494 2282 quam
2511 2207 2757 2266 tentare
2779 2203 3118 2273 debuisset,
3135 2207 3351 2264 tamen

1794 2297 2021 2378 planus
2045 2302 2111 2360 et
2136 2297 2416 2360 litteralis
2445 2315 2668 2360 sensus
2691 2303 2812 2370 est,
2839 2295 3145 2360 Christum
3170 2313 3354 2376 repu-

1792 2389 1937 2452 lisse
1969 2389 2408 2466 tentationem,
2439 2390 2875 2452 ostendentem
2905 2408 2982 2451 ex
3009 2388 3350 2468 Scriptura,

1798 2500 1874 2546 ea
1913 2499 2054 2562 quoe
2099 2483 2342 2546 daemon
2379 2483 2675 2564 petebat,
2705 2489 2928 2546 contra
2953 2483 3168 2544 divina
3213 2499 3355 2544 esse

1795 2582 2132 2658 proecepta,
2173 2579 2333 2658 quod
2359 2597 2398 2640 a
2442 2577 2648 2659 quovis
2679 2579 2784 2658 pio
2824 2577 3062 2640 laomim
3105 2595 3352 2658 respon-

1795 2672 1925 2735 deri
1955 2676 2219 2752 poterat,
2247 2677 2316 2733 ut
2341 2672 2682 2734 Jansenius
2711 2673 2817 2736 ait.
2845 2672 3154 2751 Denique,
3179 2689 3258 2732 ex
3285 2687 3354 2732 re

1796 2764 1935 2844 ipsa
1967 2781 2106 2842 quae
2146 2765 2245 2826 his
2281 2765 2490 2828 verbis
2519 2766 2909 2840 continetur,
2949 2771 3156 2844 potest
3191 2763 3354 2825 sumi

1796 2875 1926 2920 non
1956 2857 2248 2920 inefficax
2276 2865 2752 2938 argumentum3
2781 2877 2934 2921 nam
2980 2861 3220 2920 certum
3261 2864 3360 2920 est

1798 2952 2112 3014 Christum
2151 2958 2222 3015 ut
2250 2953 2572 3015 hominem
2601 2952 2898 3015 debuisse
2925 2952 3197 3015 tribuere
3224 2952 3358 3012 Deo

1797 3045 1952 3108 illud
1983 3063 2184 3126 genus
2205 3045 2594 3110 adorationis
2615 3053 2678 3108 et
2701 3046 2926 3121 cultus,
2949 3046 3120 3124 quod
3146 3044 3356 3106 verbis

1796 3139 1918 3203 illis
1955 3141 2248 3203 omnihus
2291 3141 2714 3220 priescrihitur
2746 3159 2760 3202 ι
2795 3142 3122 3205 Dominum
3164 3141 3358 3204 Deum

1796 3241 1974 3299 tuum
1999 3234 2282 3298 adorabis
2297 3258 2324 3305 ,·
2349 3235 2452 3296 ille
2493 3237 2708 3296 autem
2733 3235 2940 3296 cultus
2965 3251 3095 3296 non
3139 3230 3359 3296 tribui-

1798 3335 1903 3392 tur
1946 3333 2192 3391 tantum
2222 3330 2352 3388 Deo
2398 3333 2467 3390 ut
2514 3329 2668 3403 Deo,
2703 3329 2818 3390 sed
2844 3335 2914 3390 ιιι
2955 3327 3244 3400 domino,
3289 3331 3360 3386 ut

1798 3419 1992 3483 verba
2023 3422 2158 3500 ipsa
2189 3439 2318 3500 prae
2363 3439 2432 3482 se
2457 3420 2704 3494 ferunt3
2733 3422 2862 3484 imo
2889 3422 2954 3482 iu
2983 3419 3358 3500 recognitio·-

1799 3533 1881 3576 ne
1908 3513 2190 3594 supremi
2217 3533 2292 3576 ac
2317 3513 2514 3576 divini
2541 3515 2800 3575 dominii
2831 3514 2930 3575 hic
2953 3512 3200 3575 divinus
3227 3505 3358 3574 cul-

1801 3615 1903 3671 tus
1934 3626 2170 3688 magna
2219 3626 2298 3669 ex
2332 3613 2508 3689 parte
2551 3608 2860 3680 consistit;
2887 3625 3041 3688 ergo
3077 3605 3359 3670 Christus

1798 3708 1871 3765 ut
1924 3700 2118 3762 homo
2172 3703 2372 3763 Deum
2423 3707 2494 3763 ut
2543 3701 2868 3762 dominum
2916 3699 3247 3762 confitetur
3295 3705 3360 3760 et

1798 3797 2042 3859 adorat.

1883 3894 1984 3952 14.
2029 3890 2468 3971 Epiphouema.
2498 3889 2683 3948 —Ex
2726 3885 2826 3948 his
2870 3905 3022 3967 ergo
3070 3886 3362 3948 omnihus

1798 3984 2049 4046 videtur
2083 3985 2217 4046 hoec
2252 3981 2474 4046 Christi
2507 3981 2776 4043 servitus
2820 3997 2897 4041 ex
2939 3982 3114 4042 Novo
3145 3981 3360 4042 Testa-

1800 4081 2016 4141 mento
2043 4076 2426 4139 sufficienter
2447 4075 2726 4156 probari,
2751 4081 2812 4136 et
2831 4093 2960 4136 non
2986 4074 3120 4136 sine
3137 4072 3362 4136 funda-

1802 4178 2018 4234 mento
2064 4171 2292 4232 dixisse
2337 4169 2536 4232 Eliam
2565 4167 2920 4232 Cretensem
2939 4213 2962 4245 ,
3005 4168 3070 4228 in
3109 4166 3360 4228 scholiis

1804 4265 1887 4326 ad
1901 4264 2086 4344 Greg.
2116 4265 2290 4337 Naz„
2316 4269 2473 4324 orat.
2496 4266 2555 4337 l,
2577 4280 2795 4324 versus
2821 4261 3037 4337 finem,
3069 4261 3232 4322 circa
3257 4259 3362 4320 illa

1802 4357 2025 4420 verba:
2047 4359 2258 4430 Pacis,
2275 4357 2568 4436 justitior,
2585 4356 3115 4433 sanctificationis,
3127 4355 3360 4418 redom-

1798 4453 2056 4532 ptionis,
2073 4451 2342 4513 hominis
2359 4451 2542 4525 servi,
2565 4450 2796 4510 dixisse
2827 4449 3166 4528 (inquam)=
3197 4445 3368 4520 Quod

1804 4550 2004 4608 autem
2029 4560 2240 4607 servus
2267 4542 2446 4608 etiem
2480 4549 2540 4606 ot
2565 4543 2738 4606 homo
2766 4546 2967 4621 factus
3011 4543 3128 4614 sit,
3173 4545 3365 4603 totam

1804 4637 2146 4717 Evaaqelii
2181 4643 2237 4702 et
2275 4637 2746 4720 apostolicarum
2779 4634 3170 4716 epistolarum
3202 4632 3366 4694 volu-

1805 4749 1937 4794 men
1958 4730 2202 4812 plenum
2223 4735 2336 4805 ost,
2358 4729 2468 4790 uhi
2493 4729 2628 4810 ipse
2652 4727 2906 4789 adducit
2935 4725 3364 4788 testimonium

1809 4823 1982 4886 aliud
2013 4824 2078 4886 in
2120 4825 2242 4886 hac
2267 4823 2531 4886 materia
2560 4821 2860 4902 vulgare,
2899 4820 2982 4881 ad
3019 4818 3240 4898 Philip.
3269 4822 3308 4880 2
3345 4835 3360 4880 ε

1806 4918 2103 4981 Formam
2127 4917 2290 4981 servi
2325 4916 2644 4998 accipiens,
2679 4915 2747 4978 in
2771 4911 3239 4976 similitudinem
3261 4911 3366 4973 ko·

1806 5008 2038 5074 minem
2057 5013 2288 5086 factus,
2308 5013 2456 5081 etc„
2485 5009 2591 5070 uhi
2617 5026 2732 5087 per
2752 5007 3026 5069 fonnem
3041 5004 3208 5068 servi
3231 5005 3366 5066 sine

1810 5103 2000 5166 dubio
2043 5102 2333 5182 iutelligit
2371 5101 2604 5162 Paulus
2641 5107 2932 5162 naturam
2977 5098 3322 5160 humanam
3347 5140 3366 5171 ,

1808 5203 1879 5258 ut
1906 5197 1972 5258 in
1999 5196 2430 5276 superioribus
2444 5214 2482 5256 a
2501 5195 2686 5256 nohis
2706 5192 3079 5273 explicatum
3101 5197 3217 5252 est.
3241 5189 3368 5252 Sed

1808 5290 2222 5352 nihilomiuus
2262 5289 2364 5351 hic
2400 5289 2576 5351 locus
2619 5286 2930 5366 aliquibus
2959 5302 3086 5346 non
3121 5282 3370 5344 videtur

1808 5385 2216 5459 convincere,
2247 5383 2394 5460 quia
2426 5401 2504 5444 ex
2531 5399 2606 5442 eo
2637 5380 2844 5448 solum
2875 5379 3167 5452 habetur,
3195 5375 3369 5439 Chri-

1808 5484 1976 5540 stum
2003 5476 2418 5560 assumpsisse
2447 5475 2712 5538 formam
2741 5490 2884 5555 quae
2913 5472 2992 5532 dc
3017 5488 3090 5531 se
3119 5474 3213 5531 est
3244 5487 3372 5533 ser·
