3892 6167
1325 359 1647 418 mertum.
1681 362 1803 418 Lw.
1838 365 2009 420 SECT.
2040 366 2123 422 IV.
3200 367 3323 430 61¹9

59 466 430 548 imaginis.
467 463 697 542 Primo,
733 462 1064 544 dirigendo
1091 465 1289 526 totam
1315 465 1550 528 mentis
1585 465 1678 528 in-

59 563 463 624 tentionem
511 560 592 622 ad
635 559 956 639 exemplar
1005 559 1072 620 iu
1117 559 1393 640 imagine
1438 577 1678 641 repres-

59 663 434 721 sentatum
461 661 764 737 tanquam
810 655 894 717 ad
939 653 1258 734 objectum
1283 657 1536 736 proprie
1561 673 1676 736 per

59 770 150 814 se
194 756 270 814 et
315 769 402 814 ex
441 749 634 812 corde
667 747 1019 823 adoratum,
1052 751 1116 811 et
1149 765 1278 810 non
1335 747 1418 810 ad
1458 749 1676 830 imagi·-

59 863 278 907 nem.
319 842 644 919 Secundo,
687 841 1018 922 dirigendo
1047 840 1505 917 adorationem,
1542 845 1674 906 tam

59 939 176 1001 ad
212 937 552 1019 exemplar
568 940 1116 1016 repraesentatum,
1136 953 1328 1015 quam
1351 934 1433 998 ad
1453 935 1676 1017 imagi-

59 1051 257 1096 nem
287 1034 357 1093 in
381 1048 518 1112 qua·
538 1035 1042 1110 repraesentatur,
1069 1047 1145 1092 ex
1163 1032 1434 1110 utroque
1459 1034 1674 1092 mente

61 1133 158 1188 et
205 1126 436 1186 animo
485 1121 876 1186 conficiendo
912 1139 1114 1184 unum
1143 1122 1460 1202 objectum
1509 1122 1674 1185 adsa-

64 1225 405 1297 quatum,
457 1217 540 1279 ad
585 1215 756 1295 quod
783 1234 899 1296 per
939 1233 1008 1277 se
1052 1215 1450 1290 terminetur,
1491 1221 1556 1278 et
1596 1216 1676 1279 sit

61 1312 442 1390 adaequata
473 1309 738 1372 materia
766 1309 930 1372 circa
970 1327 1160 1391 quam
1207 1317 1494 1372 versetur
1521 1309 1676 1372 ado-

64 1405 268 1468 ratio
289 1423 372 1467 ex
388 1403 744 1466 intentione
771 1403 1116 1466 adorantis.
1144 1403 1377 1480 Tertio,
1399 1401 1674 1484 dirigen-

71 1500 186 1562 do
213 1497 660 1560 adorationem
681 1496 763 1558 ad
791 1496 988 1558 solam
1012 1497 1352 1576 imaginem
1372 1502 1674 1577 tanquam

73 1593 184 1654 ad
229 1592 572 1654 materiam
615 1607 730 1652 seu
773 1607 911 1652 rem
943 1608 1058 1671 per
1092 1609 1162 1653 se
1208 1590 1559 1680 adoratam,
1591 1590 1674 1652 ad

75 1685 438 1766 exemplar
461 1703 612 1748 vero
635 1729 653 1760 ‚
701 1684 908 1746 solum
947 1690 1018 1748 ut
1063 1685 1144 1747 ad
1179 1685 1490 1747 rationem
1519 1683 1673 1747 ado-

77 1779 294 1842 randi
315 1798 332 1852 3
367 1778 544 1842 aliud
565 1785 662 1841 est
689 1777 859 1840 euim
888 1777 1135 1840 adorari
1163 1795 1278 1858 per
1303 1795 1395 1855 se,
1417 1783 1480 1840 et
1497 1777 1672 1840 aliud

85 1873 364 1934 adorari
399 1877 654 1953 propter
677 1889 746 1934 se
763 1916 780 1946 ,
821 1872 982 1935 sieut
1007 1878 1071 1935 et
1097 1873 1296 1934 amari
1307 1887 1330 1951 3
1359 1889 1512 1934 nam
1537 1889 1674 1934 me-

90 1969 284 2030 dium
315 1985 437 2048 per
463 1985 554 2044 se,
587 1985 702 2030 seu
727 1967 793 2028 in
817 1985 886 2029 se
916 1973 1184 2043 amatur,
1221 1967 1510 2047 quamvis
1538 1985 1671 2030 non

93 2065 376 2142 propter
393 2079 488 2138 se,
507 2061 623 2123 sed
645 2067 901 2142 propter
926 2059 1118 2124 finem
1139 2080 1156 2134 ;
1187 2065 1250 2124 et
1277 2061 1344 2122 in
1365 2061 1674 2140 superiori

97 2155 394 2218 sectione
419 2155 827 2232 ostendimus,
842 2155 1184 2236 imaginem
1211 2173 1326 2236 per
1347 2173 1416 2218 se
1445 2159 1509 2218 et
1533 2173 1674 2235 pro-

99 2249 245 2328 prie
277 2248 532 2311 adorari
558 2293 582 2324 ,
627 2249 912 2330 quamvis
939 2251 1290 2331 respective
1331 2255 1394 2312 et
1415 2255 1676 2330 propter

101 2342 470 2422 exemplat-3
495 2348 560 2406 et
583 2342 650 2404 in
679 2344 798 2406 hac
825 2344 1010 2406 tertia
1031 2342 1534 2406 consideratione
1547 2343 1670 2406 hoc

99 2435 378 2516 praeeiso
419 2435 610 2498 modo
637 2436 886 2508 adorari
926 2436 1312 2517 intelligitur.
1344 2437 1432 2498 De
1465 2435 1668 2516 primo

105 2547 264 2608 ergo
296 2529 603 2592 adorandi
631 2529 822 2592 modo
866 2530 1042 2592 nulla
1077 2530 1502 2593 controversia
1547 2535 1664 2605 est,

110 2622 264 2701 quin
287 2623 368 2685 sit
397 2623 745 2703 possibilis;
783 2624 928 2704 quis
955 2624 1125 2686 enim
1153 2623 1441 2686 dubitare
1459 2629 1668 2705 potest

105 2717 288 2794 quin,
331 2723 708 2796 praesentata
755 2716 1036 2797 imagine
1058 2717 1382 2794 Crucifixi,
1426 2719 1664 2798 possim

103 2828 230 2890 ego
258 2828 546 2891 personae
567 2812 792 2875 Christi
818 2811 1159 2888 recordari,
1183 2812 1345 2875 etad
1365 2829 1516 2874 eum
1531 2816 1666 2875 tota

103 2905 346 2966 mentis
369 2905 718 2968 intentione
745 2923 1097 2984 recurrere,
1137 2905 1464 2988 dirigendo
1491 2907 1558 2968 in
1587 2906 1666 2969 il-

101 2998 247 3059 lum
279 2997 732 3078 subjectionem
763 3005 828 3062 et
853 2999 1162 3062 actionem
1187 3015 1416 3076 meam,
1447 3007 1512 3062 et
1533 3017 1662 3062 non

105 3092 200 3154 ad
233 3093 598 3174 imaginem,
631 3092 745 3155 sed
785 3098 1032 3155 tantum
1082 3093 1172 3154 uti
1219 3093 1326 3154 illa
1360 3099 1666 3174 tanquam

101 3186 349 3262 medio,
377 3192 437 3248 et
463 3185 796 3248 occasione
825 3187 1132 3249 excitante
1155 3185 1238 3248 ad
1271 3186 1664 3249 adorandum

103 3279 466 3343 Christum?
493 3281 646 3342 Cum
675 3297 826 3361 ergo
847 3280 950 3342 hic
975 3280 1204 3343 modus
1230 3298 1360 3343 non
1391 3281 1666 3343 involvat

102 3374 588 3453 repugnantiam
613 3391 822 3455 neque
843 3373 1267 3437 indecentiam
1286 3419 1308 3450 ,
1337 3379 1401 3437 et
1427 3373 1665 3456 alioqui

102 3469 303 3528 homo
333 3467 410 3530 sit
456 3467 650 3545 liber,
699 3485 830 3530 non
865 3475 962 3530 est
987 3467 1250 3530 dubium
1290 3469 1445 3547 quin
1471 3469 1666 3549 possit

101 3563 282 3624 hune
305 3560 560 3623 modum
585 3560 971 3624 adorationis
998 3578 1314 3639 exercere,
1361 3568 1427 3626 et
1465 3561 1656 3638 facto,

107 3663 176 3718 et
209 3657 369 3735 jure.
396 3655 610 3717 Solum
635 3661 844 3736 petest
879 3656 1046 3718 cirea
1072 3655 1242 3718 hunc
1268 3654 1529 3719 modum
1551 3657 1662 3717 du·

107 3750 323 3826 hitari,
351 3767 432 3810 an
462 3749 606 3812 talis
633 3749 915 3813 adoratio
956 3767 1108 3814 vere
1141 3767 1218 3811 ac
1261 3751 1512 3831 proprie
1541 3745 1664 3812 dici

107 3842 314 3924 possit
353 3842 644 3924 imaginis
687 3842 971 3905 adoratio
993 3887 1010 3918 ,
1053 3860 1296 3919 necne,
1329 3843 1444 3906 sed
1471 3843 1664 3906 solius

107 3936 445 4018 prototypi.
479 3936 607 3998 Sed
645 3935 770 3999 hoc
798 3937 914 4014 (ut
947 3937 1210 4017 opinor)
1235 3937 1385 3998 satis
1417 3935 1664 3999 discus·-

109 4050 256 4093 sum
285 4035 378 4093 est
397 4031 674 4093 sectione
695 4031 1096 4113 praecedenti,
1117 4031 1225 4094 uhi
1249 4031 1658 4107 ostendimus,

103 4125 302 4189 talem
326 4123 756 4188 adorationem
780 4141 901 4188 nec
927 4124 1292 4206 simpliciter
1317 4143 1529 4206 neque
1555 4144 1663 4188 ve-

103 4239 182 4283 re
217 4219 334 4282 dici
361 4237 542 4298 posse
579 4218 873 4300 imaginis
909 4219 1365 4283 adorationem.
1399 4222 1490 4283 De
1521 4220 1658 4282 aliis

105 4320 318 4376 autem
355 4312 604 4376 duobus
629 4313 836 4376 modis
870 4317 1112 4376 certum
1155 4320 1280 4391 est,
1309 4314 1364 4376 si
1389 4314 1480 4376 illi
1507 4319 1656 4376 suut

104 4408 450 4492 possibiles,
475 4408 594 4470 illis
614 4424 762 4470 vere
787 4426 864 4470 ac
887 4408 1140 4490 proprie
1164 4407 1412 4470 adorari
1440 4408 1656 4488 imagi-

103 4522 265 4577 nes3
291 4521 370 4565 an
391 4519 540 4564 vero
571 4502 898 4582 possibiles
927 4503 1073 4578 sint,
1110 4502 1265 4565 illud
1297 4503 1480 4566 estin
1507 4521 1658 4566 con-

106 4596 440 4673 troversia3
475 4601 540 4658 et
563 4595 698 4659 haec
720 4601 818 4658 est
845 4613 986 4676 quse
1017 4613 1056 4658 a
1079 4596 1266 4659 nobis
1292 4615 1464 4659 nunc
1495 4603 1658 4659 trac-

107 4698 308 4764 tatum
347 4689 504 4753 etin
545 4690 665 4752 hac
695 4689 972 4752 sectione
1003 4690 1248 4772 agimus
1276 4689 1356 4752 de
1379 4689 1658 4754 secundo

107 4782 320 4856 modo,
349 4782 413 4843 in
441 4782 732 4861 sequenti
752 4799 904 4844 vero
933 4781 1214 4845 dicemus
1244 4783 1324 4844 de
1347 4783 1556 4846 tertio.

192 4881 252 4940 2.
293 4875 510 4940 Prima
535 4875 754 4957 opinio.
771 4910 854 4922 —-·
874 4876 1186 4958 Principio
1219 4877 1412 4958 igitur
1437 4895 1658 4940 omnes

107 4977 407 5044 auctoreS,
441 4970 550 5050 qui
591 4969 950 5033 existimant
981 4971 1290 5050 imagines
1335 4989 1467 5033 non
1511 4989 1652 5033 esse

105 5065 350 5145 proprie
377 5069 440 5126 et
459 5081 578 5144 per
598 5081 668 5126 se
691 5062 1072 5141 adorabiles,
1105 5081 1316 5145 neque
1355 5071 1428 5128 ut
1453 5071 1654 5128 totam

107 5156 428 5220 materiam
455 5155 860 5234 adorationis,
891 5175 1102 5240 neque
1125 5164 1194 5221 ut
1211 5164 1454 5240 partem
1487 5160 1649 5240 ejus,

109 5253 222 5317 sed
269 5251 463 5314 solum
499 5251 757 5316 abusive
786 5258 850 5315 et
874 5253 1214 5334 improprie
1237 5299 1253 5324 ,
1287 5271 1403 5315 seu
1449 5252 1654 5316 solum

113 5345 514 5424 specietenus,
540 5351 1004 5426 consequenter
1025 5353 1285 5428 negant,
1315 5347 1656 5426 imaginem

112 5437 326 5499 Christi
350 5439 598 5519 proprie
619 5439 870 5502 adorari
893 5439 1118 5503 eadem
1141 5440 1506 5502 adoratione
1525 5457 1654 5520 qua

112 5531 429 5610 Christum,
459 5531 642 5599 etsie
669 5531 750 5598 de
778 5533 1043 5613 coeteris,
1073 5534 1361 5614 quamvis
1387 5533 1650 5598 abusive

1759 469 1822 528 et
1845 467 2185 548 improprie
2214 468 2279 532 id
2311 468 2433 532 dici
2454 470 2683 548 possit;
2713 477 2776 533 et
2800 471 2939 534 hice
2964 471 3085 534 fuit
3108 474 3321 553 opinio

1758 561 2012 638 Holkot,
2042 563 2319 626 Duraudi
2348 568 2409 626 et
2433 563 2851 628 Mirandulani
2871 610 2891 640 ,
2938 572 3001 627 et
3026 566 3316 644 aliorum,

1757 669 1918 732 quos
1946 657 2227 719 sectione
2254 657 2635 737 praecedenti
2662 659 3027 733 citavimus;
3053 665 3118 721 et
3136 659 3319 723 multi

1759 763 1836 810 ex
1865 749 1961 809 his
1992 768 2153 830 quos
2174 749 2543 824 referemus,
2571 753 2917 830 praesertim
2940 753 3315 829 Bonavent„

1755 841 1991 904 Mai-sil.
2030 849 2093 906 et
2116 844 2341 924 Major,
2394 843 2603 906 eidem
2648 845 2927 924 opinioni
2972 845 3209 909 favent.
3240 849 3317 910 Et

1754 935 1822 996 in
1861 937 2085 1000 eadem
2118 938 2430 1000 sententia
2475 943 2643 1014 sunt,
2688 938 2903 1014 velint,
2956 939 3156 1002 nolint
3172 985 3194 1017 ,
3224 940 3315 1003 illi

1753 1030 2043 1092 moderni
2072 1033 2179 1111 qui
2218 1032 2417 1094 solam
2448 1031 2763 1096 actionem
2809 1039 3156 1108 externam,
3183 1051 3315 1097 non

1755 1129 1969 1186 autem
2026 1124 2443 1187 intentionem
2502 1125 2807 1189 adorandi
2861 1126 3077 1189 dicunt
3144 1128 3313 1190 cirea

1754 1217 2097 1297 imaginem
2142 1219 2415 1292 versari;
2447 1220 2851 1298 quantumvis
2878 1222 3050 1282 enim
3102 1220 3313 1284 verbis

1753 1310 2143 1393 proclament
2185 1331 2254 1374 se
2284 1312 2467 1392 sequi
2512 1314 2578 1375 D.
2628 1312 2961 1388 Thomam,
2998 1313 3313 1376 dicentem

1753 1404 2097 1484 imaginem
2126 1403 2350 1466 eadem
2396 1405 2762 1468 adoratione
2804 1405 2923 1468 coli
2952 1423 3077 1486 qua
3106 1412 3315 1486 proto-

1753 1503 1975 1578 typon,
2022 1504 2235 1560 tamen
2264 1517 2484 1561 revera
2528 1498 2620 1560 illi
2664 1500 3123 1574 contradicunt,
3154 1500 3311 1562 etin

1752 1593 1963 1672 rigore
2012 1598 2251 1673 negant
2302 1593 2641 1673 imaginem
2676 1592 2900 1655 eadem
2944 1592 3311 1655 adoratione

1753 1684 2027 1762 adorari,
2050 1701 2195 1748 cum
2222 1686 2289 1747 in
2310 1685 2518 1766 rigore
2539 1689 2603 1748 et
2616 1685 2879 1748 veritate
2896 1693 3134 1767 negent
3161 1686 3313 1748 ado-

1751 1777 1909 1852 rari3
1960 1779 2111 1858 quia
2131 1825 2153 1857 ,
2204 1779 2256 1840 si
2300 1795 2434 1840 non
2468 1778 2788 1856 adoratur,
2832 1795 3045 1859 neque
3088 1778 3311 1841 eadem

1751 1871 2119 1936 adoratione
2165 1872 2505 1950 adoratur3
2536 1872 2649 1934 sed
2690 1872 2899 1935 solum
2927 1872 3137 1936 dicere
3162 1889 3313 1952 pos·-

1751 1972 1898 2028 sunt
1931 1984 2062 2028 non
2090 1966 2341 2028 adorari
2368 1966 2493 2028 alia
2518 1965 2910 2041 adoratione,
2926 1971 2991 2028 et
3018 1965 3148 2041 illa,
3183 1983 3317 2044 qua⁴

1755 2060 2053 2124 adoratur
2076 2066 2459 2142 prototypon
2481 2105 2498 2134 ,
2531 2059 2728 2122 videri
2776 2058 3059 2135 adorari,
3109 2077 3179 2120 re
3224 2065 3316 2122 ta-

1751 2173 1901 2218 men
1943 2173 2095 2218 vera
2140 2172 2271 2216 non
2318 2154 2603 2231 adorari,
2638 2154 2789 2234 quia
2838 2153 3003 2216 actio
3048 2159 3311 2215 externa

1751 2269 1883 2326 non
1906 2258 2003 2314 est
2034 2251 2345 2328 adoratio,
2383 2250 2503 2312 nisi
2532 2256 2603 2312 ut
2630 2249 3011 2311 informatur
3033 2249 3309 2326 interna,

1752 2363 1866 2409 seu
1889 2345 2243 2408 intentione
2270 2343 2601 2419 adorandi,
2622 2350 2899 2424 utsupra
2926 2342 3055 2404 late
3082 2341 3313 2405 deduc-

1749 2446 1888 2502 tum
1935 2447 2052 2516 est,
2104 2443 2169 2502 et
2200 2440 2265 2501 in
2312 2437 2723 2520 sequentihus
2756 2455 2927 2519 saepe
2968 2435 3311 2500 inculcabi-

1746 2539 1870 2599 tur.

1829 2632 1888 2692 3.
1935 2628 2057 2690 Alii
2102 2645 2253 2690 vero
2298 2630 2621 2704 auctores,
2662 2627 2947 2708 quamvis
2990 2626 3310 2688 fateantur

1743 2723 2056 2802 imagines
2082 2737 2269 2800 posse
2309 2721 2563 2802 proprie
2594 2727 2657 2782 et
2680 2739 2797 2800 per
2816 2738 2885 2783 se
2900 2719 3173 2791 adorari,
3194 2735 3309 2780 ne-

1746 2822 1900 2897 gant
1923 2822 2139 2878 tamen
2166 2832 2351 2895 posse
2388 2814 2641 2877 adorari
2676 2813 2903 2877 eadem
2938 2812 3306 2876 adoratione

1745 2929 1872 2991 qua
1911 2915 2316 2991 prototypon,
2348 2909 2497 2989 quia
2521 2913 2747 2988 putant
2766 2925 2897 2969 non
2936 2923 3120 2989 posse
3150 2903 3309 2966 ado-

1744 3005 1870 3068 rari
1911 3001 2193 3066 secundo
2226 3001 2417 3064 modo
2446 3019 2639 3083 supra
2666 3001 3008 3077 declarato,
3042 2999 3157 3062 sed
3172 3004 3311 3062 tan-

1745 3107 1882 3163 tum
1907 3097 2116 3172 tertie,
2150 3097 2259 3177 qui
2298 3095 2629 3159 distinctus
2656 3101 2753 3158 est
2780 3113 2819 3158 a
2844 3095 3075 3176 primo,
3112 3098 3179 3155 et
3204 3110 3309 3156 ac-

1745 3193 1985 3256 tionem
2004 3208 2121 3253 seu
2140 3189 2576 3253 adorationem
2596 3188 2903 3253 distinctis
2920 3187 3183 3252 rationis
3206 3203 3307 3248 re·

1746 3287 1967 3367 quirit3
2004 3301 2153 3346 nam
2178 3283 2461 3346 adoratio
2498 3282 2681 3364 primi
2714 3282 2889 3344 modi
2934 3289 3031 3344 est
3058 3283 3306 3344 tantum

1745 3379 2057 3455 absoluta,
2088 3383 2153 3439 et
2182 3377 2249 3438 in
2280 3377 2485 3441 solum
2512 3376 2833 3455 exemplar
2844 3391 2960 3455 per
2986 3393 3055 3436 se
3074 3379 3139 3436 et
3160 3390 3305 3453 pro-

1743 3478 1884 3552 pter
1909 3489 1979 3533 se
2014 3470 2425 3542 terminatum
2460 3487 2534 3530 ac
2572 3468 2849 3548 denique
2870 3485 3003 3531 non
3032 3470 3128 3528 est
3152 3483 3305 3528 vera

1743 3565 2029 3628 adoratio
2064 3562 2391 3644 imaginis;
2428 3567 2495 3624 at
2516 3579 2667 3624 vero
2688 3561 2973 3623 adoratio
3002 3555 3305 3639 postremi

1743 3658 1916 3722 modi
1964 3665 2063 3720 est
2100 3673 2249 3720 vere
2282 3674 2357 3718 ac
2386 3653 2641 3735 proprie
2678 3653 2959 3716 adoratio
2988 3650 3301 3730 imaginis,

1743 3771 1872 3816 nou
1890 3758 2107 3814 tamen
2126 3755 2389 3830 propter
2402 3767 2494 3825 se,
2524 3747 2639 3810 sed
2664 3753 2923 3828 propter
2946 3743 3299 3824 exemplat-3

1742 3845 1912 3908 unde
1941 3849 2039 3906 est
2082 3843 2365 3905 adoratio
2394 3859 2569 3905 mere
2594 3841 2969 3922 respectiva,
2998 3855 3129 3918 qua
3170 3853 3303 3898 non

1743 3941 1999 4022 proprie
2026 3957 2103 4000 ac
2142 3938 2491 4001 formaliter
2526 3937 2823 4000 adoratur
2870 3932 3195 4014 exemplar
3228 3937 3302 3995 ut

1743 4034 1935 4113 quod,
1970 4033 2083 4096 sed
2110 4039 2356 4095 tantum
2397 4037 2469 4094 ut
2498 4049 2625 4111 quo
2644 4053 2663 4106 3
2694 4034 2845 4092 sunt
2888 4045 3039 4108 ergo
3074 4025 3303 4088 adora-

1739 4129 1945 4191 tiones
1974 4126 2303 4200 distinctas,
2340 4130 2531 4204 atque
2574 4125 2661 4186 ita
2705 4121 2805 4200 fit,
2844 4121 3187 4203 imaginem
3236 4124 3301 4181 et

1741 4221 2066 4302 exemplar
2092 4236 2421 4298 nunquam
2448 4217 2697 4280 adorari
2720 4234 2869 4280 vere
2919 4233 2991 4278 ac
3048 4211 3299 4296 proprie

1738 4315 1961 4379 eadem
1990 4313 2379 4377 adoratione.
2412 4309 2589 4376 Hanc
2604 4311 2965 4392 opinionem
2992 4309 3082 4374 sic
3112 4325 3301 4388 expo·-

1738 4411 1920 4472 sitam
1952 4408 2205 4471 videtur
2257 4406 2411 4469 mihi
2464 4407 2752 4470 docuisse
2808 4405 3081 4480 Gabriel,
3130 4405 3195 4465 in
3232 4406 3299 4477 3,

1737 4503 1884 4566 dict.
1906 4506 1970 4581 9,
1992 4509 2055 4566 et
2070 4519 2261 4582 super
2275 4500 2617 4579 Canonem,
2636 4502 2783 4564 lect.
2810 4504 2917 4576 49,
2934 4515 3301 4582 quanquam

1737 4615 1868 4660 non
1896 4600 2259 4658 constanter
2284 4596 2603 4676 loquatur,
2636 4600 2701 4660 et
2718 4594 2871 4658 velit
2896 4594 2961 4656 in
2990 4593 3180 4656 modo
3207 4591 3300 4652 lo-

1738 4691 1975 4770 quendi
1990 4689 2444 4752 cumomnihus
2464 4690 2824 4754 convenire.
2840 4689 3119 4752 Primum
3129 4686 3299 4747 enim

1738 4784 2101 4864 simpliciter
2146 4784 2391 4860 asserit,
2416 4784 2759 4866 imaginem
2786 4781 3037 4846 adorari
3074 4778 3299 4843 eadem

1739 4878 2107 4940 adoratione
2136 4896 2263 4958 qua
2296 4884 2678 4960 prototypon
2692 4899 2712 4953 3
2765 4883 2985 4958 postea
3020 4891 3171 4937 vero
3199 4871 3299 4936 di-

1731 4970 1818 5032 cit
1845 4970 1968 5033 hoc
1998 4989 2131 5033 esse
2167 4970 2645 5051 intelligendum
2682 4969 2762 5031 de
2804 4968 3031 5032 eadem
3076 4967 3300 5032 adora-

1731 5064 1902 5129 tione
1933 5068 2215 5139 externa,
2252 5083 2383 5126 non
2416 5064 2497 5127 de
2543 5065 2821 5138 interna3
2856 5063 3082 5127 eadem
3126 5062 3299 5124 enim

1733 5159 2173 5239 genuflexione
2204 5159 2431 5222 colitur
2466 5156 2770 5231 Christus,
2802 5163 2867 5220 et
2894 5157 3033 5236 ejus
3056 5157 3294 5235 imago,

1734 5270 1865 5314 non
1913 5259 2128 5316 tamen
2176 5271 2255 5316 ex
2302 5252 2527 5315 eadem
2578 5250 3065 5340 existimatione3
3124 5249 3299 5312 aliud

1735 5346 1904 5408 enim
1937 5345 2293 5428 significare
2318 5345 2613 5408 volumus
2641 5361 2757 5426 per
2776 5343 2883 5406 illa
2902 5344 3216 5407 actionem
3230 5342 3297 5404 in

1731 5440 2031 5520 imagine,
2064 5441 2234 5503 aliud
2274 5442 2343 5503 in
2368 5438 2637 5503 Christe.
2666 5439 2799 5501 Hoc
2830 5455 2981 5501 vero
3016 5455 3147 5500 non
3192 5455 3294 5498 sa-

1731 5536 1812 5600 tis
1839 5545 1956 5616 est,
1988 5536 2161 5617 quia,
2196 5540 2285 5599 ut*
2310 5534 2461 5614 dixi,
2490 5534 2655 5598 actio
2684 5539 2945 5598 externa
2986 5548 3105 5614 per
3148 5547 3290 5595 sese
