3892 6167
1332 391 1660 448 nlsrurm.
1688 391 1911 449 xxxm.
1944 393 2114 449 SECT.
2148 395 2214 450 11.

138 492 395 572 proprio
428 493 769 576 supposito
796 535 813 568 ,
840 498 1099 574 peccato
1138 491 1455 573 subjecta,
1486 495 1635 574 quia
1662 494 1729 556 in

140 587 282 664 ipso
338 587 620 649 instanti
668 587 1119 667 assumptionis
1162 591 1369 666 potest
1418 589 1505 649 ita
1554 587 1729 647 illam

138 679 489 754 mundare,
520 685 597 742 ut
622 679 783 741 nihil
804 681 1063 741 omniuo
1090 681 1285 759 culpas
1312 679 1722 758 relinquatur.

142 771 329 845 Quod
355 781 586 836 autem
608 773 784 854 prius
810 775 877 834 in
906 773 1175 853 peccatis
1198 773 1406 849 fuerit,
1430 774 1573 834 licet
1598 789 1726 834 non

144 869 225 929 sit
262 867 625 929 admodum
672 869 905 930 decens
930 912 947 942 ‚
1001 885 1209 947 neque
1254 883 1603 946 congruum
1650 865 1733 928 ad

144 962 321 1022 hanc
348 961 683 1034 unionem,
726 969 792 1022 et
832 959 983 1022 ideo
1010 979 1132 1022 nec
1178 960 1411 1022 factum
1452 961 1567 1034 sit,
1614 975 1733 1021 nee

150 1056 523 1118 secundum
550 1054 935 1116 ordinariam
980 1055 1321 1135 potentiam
1370 1053 1507 1116 fieri
1544 1069 1735 1132 expe-

156 1151 333 1226 diat,
377 1157 599 1212 tamen
642 1165 853 1230 neque
905 1154 1003 1211 est
1052 1149 1139 1211 ita
1184 1149 1523 1222 indecem,
1554 1153 1666 1208 aut
1692 1165 1731 1208 a

156 1245 375 1306 divina
414 1244 708 1306 bonitate
734 1245 1011 1305 alienum
1034 1287 1057 1319 ‚
1082 1249 1159 1303 nt
1194 1242 1340 1304 fieri
1394 1247 1727 1322 repugnet,

154 1341 309 1419 quia
326 1355 545 1417 neque
568 1338 719 1398 inde
748 1336 823 1399 fit
846 1343 917 1398 ut
938 1337 1109 1397 Deus
1136 1335 1255 1396 sibi
1279 1336 1531 1415 culpam
1562 1351 1735 1396 assu-

150 1439 313 1504 mat,
346 1433 467 1494 sed
510 1435 721 1513 potius
766 1437 841 1492 ut
884 1449 999 1511 per
1027 1447 1209 1492 suam
1232 1431 1535 1492 unionem
1560 1429 1733 1490 illam

156 1529 465 1608 expellat3
490 1543 703 1606 neque
724 1527 791 1587 in
820 1543 897 1587 eo
920 1543 1111 1606 opere
1134 1524 1369 1604 aliquid
1392 1525 1729 1600 invenitur,

154 1621 333 1702 qnod
358 1622 443 1682 sit
470 1627 693 1682 contra
720 1619 1014 1680 virtutem
1038 1619 1317 1697 aliquam
1358 1635 1473 1678 seu
1506 1619 1731 1678 hones·

154 1721 401 1788 tatem:
434 1714 591 1793 quin
616 1714 829 1794 potius
854 1719 1067 1792 posset
1110 1712 1191 1773 ad
1236 1711 1731 1774 misericordiam

156 1811 511 1893 pertinere,
532 1815 847 1890 quatenus
865 1808 1161 1869 bonitatis
1176 1807 1401 1869 divinae
1423 1813 1519 1868 est
1534 1805 1734 1867 homi-

162 1923 323 1966 num
350 1909 763 1983 peccatorum
794 1901 1101 1974 misereri,
1130 1915 1369 1980 eosque
1398 1917 1439 1960 a
1462 1900 1735 1979 peccatis

159 1995 541 2060 mundando
565 2039 583 2070 ,
631 1994 1057 2076 spiritualibus
1106 1995 1290 2056 bonis
1334 1995 1607 2055 afficere.
1640 1993 1737 2054 Di-

170 2111 273 2154 ces
302 2110 317 2152 :
352 2090 505 2152 inde
530 2090 717 2151 fieret
736 2105 960 2150 verum
984 2105 1125 2150 esse
1146 2087 1379 2154 dicere.
1406 2089 1605 2148 Deum
1630 2086 1737 2148 ali-

172 2183 428 2265 quando
476 2183 839 2265 peccavisse
864 2227 881 2256 ‚
930 2201 1043 2246 seu
1086 2181 1281 2243 fuisse
1316 2183 1383 2242 in
1432 2185 1688 2261 peccato
1714 2223 1735 2255 ,

168 2281 321 2360 quia
348 2281 455 2340 hic
490 2281 683 2340 homo
710 2277 1051 2358 aliquando
1084 2278 1151 2338 in
1178 2283 1435 2357 peccato
1458 2277 1577 2336 fuit
1598 2323 1615 2350 ,
1650 2277 1737 2336 si-

166 2381 277 2436 cat
326 2391 501 2435 nunc
547 2387 769 2434 verum
818 2379 909 2434 est
958 2372 1164 2433 dicere
1210 2371 1381 2431 hunc
1421 2371 1741 2430 bominem

170 2469 489 2531 Christum
532 2483 775 2527 creasse
812 2463 1141 2526 mundum.
1174 2463 1611 2542 Respondetur
1650 2467 1742 2522 ta—

170 2579 319 2625 men
368 2561 667 2642 negando
718 2559 1045 2639 sequelam
1060 2575 1082 2637 3
1128 2575 1337 2638 neque
1386 2555 1744 2636 exemplum

178 2665 273 2720 est
300 2657 535 2730 simile,
560 2654 713 2735 quia
740 2654 1011 2716 Christus
1038 2661 1131 2715 est
1154 2651 1325 2713 idem
1352 2651 1743 2731 suppositum

178 2749 349 2830 quod
385 2748 699 2810 mundum
749 2749 1013 2825 creavit3
1060 2753 1126 2808 at
1152 2763 1303 2807 vero
1340 2745 1407 2806 in
1442 2746 1547 2806 illo
1597 2733 1748 2806 casu

178 2845 601 2926 suppositum,
630 2843 804 2922 quod
824 2841 1102 2922 peccavit
1134 2842 1198 2901 iu
1226 2839 1331 2901 illa
1360 2847 1609 2915 natura,
1630 2837 1749 2900 fuit

180 2941 502 3000 diversum
530 2937 613 2998 ab
641 2937 753 3022 illo
778 2937 950 3015 quod
982 2939 1125 3015 post
1158 2935 1648 3013 assumptionem
1680 2933 1747 2993 in

176 3033 287 3093 illa
314 3029 632 3104 subsistit3
662 3029 833 3092 unde
852 3029 1035 3090 multi
1060 3028 1251 3090 etiam
1276 3033 1583 3106 negarent
1610 3041 1747 3088 esse

184 3125 485 3188 eumdem
504 3123 852 3197 hominem,
874 3123 1025 3201 quia
1046 3139 1179 3183 non
1208 3125 1305 3182 est
1326 3121 1495 3182 idem
1516 3137 1747 3201 suppo-

180 3221 402 3292 βίω-ως
449 3218 569 3279 sed
596 3217 903 3297 quidquid
936 3214 1013 3278 de
1044 3215 1168 3277 hoc
1206 3216 1323 3292 sit,
1369 3219 1611 3276 certum
1646 3220 1749 3274 ta·-

180 3331 331 3375 men
354 3315 481 3384 est,
509 3312 675 3372 inter
696 3312 1021 3390 supposita
1042 3307 1325 3389 ejusdem
1352 3312 1593 3370 naturas
1618 3323 1748 3368 non

184 3425 319 3469 esse
361 3403 741 3466 idiomatum
786 3403 1417 3466 communicationem
1432 3447 1453 3478 ,
1486 3417 1755 3482 proeser-

184 3501 295 3562 tim
338 3498 561 3578 quoad
586 3497 1013 3577 operationem
1042 3511 1183 3576 quse
1210 3493 1467 3556 omnino
1491 3493 1757 3574 requirit

187 3593 333 3655 talis
376 3590 683 3671 suppositi
724 3590 1206 3672 proprietatem3
1252 3587 1415 3650 sicut
1451 3605 1577 3648 non
1610 3585 1757 3648 dici-

188 3695 291 3748 tur
316 3686 515 3748 Filius
542 3701 873 3766 generare,
899 3686 1089 3746 etiam
1108 3682 1167 3743 si
1195 3683 1261 3743 in
1283 3681 1505 3745 eadem
1530 3686 1757 3742 natura

196 3781 524 3855 subsistat,
554 3787 623 3842 et
648 3781 727 3841 sit
764 3779 939 3840 idem
970 3781 1137 3840 Deus
1163 3795 1309 3840 cum
1340 3779 1553 3849 Patre;
1584 3793 1759 3837 com-

200 3873 539 3938 municatio
586 3889 739 3954 ergo
780 3873 1154 3934 idiomatum
1196 3870 1450 3951 propria
1494 3875 1587 3931 est
1637 3887 1760 3932 res-

192 3975 379 4049 pectu
412 3967 695 4048 ejusdem
724 3965 1031 4048 suppositi
1071 3963 1435 4028 subsistenti
1470 3963 1537 4024 in
1564 3962 1769 4045 pluri·.

190 4065 309 4127 bus
338 4065 608 4138 naturis,
636 4069 707 4125 ut
731 4067 953 4143 quaest.
988 4063 1065 4124 16
1088 4059 1351 4124 dicetur.

270 4161 376 4220 19.
425 4160 518 4221 De
554 4161 733 4221 nam
775 4171 986 4239 poeuoe.
1020 4189 1079 4200 --—
1116 4153 1243 4216 Sed
1278 4152 1513 4233 inquiri
1562 4149 1759 4216 obiter

188 4255 403 4336 potest
422 4269 509 4314 an
536 4251 603 4312 in
628 4267 707 4312 eo
724 4267 877 4312 casu
900 4256 1121 4330 posset
1134 4249 1413 4311 Verbum
1440 4265 1757 4310 assumere

190 4353 491 4408 naturam
509 4389 527 4420 ‚
572 4343 821 4425 culpam
851 4341 1109 4424 quidem
1138 4345 1472 4423 expellens,
1504 4359 1633 4405 non
1662 4349 1761 4404 ta·-

192 4457 345 4502 men
398 4453 661 4501 onmem
720 4443 967 4500 reatum
1026 4453 1258 4519 poenae.
1326 4435 1765 4518 Respondetur

192 4535 440 4597 nnllam
470 4534 539 4595 in
577 4535 699 4594 hoc
740 4549 877 4594 esse
904 4531 1396 4612 implicationem
1420 4529 1763 4592 contradic-

190 4628 406 4705 tionis,
436 4627 590 4707 quia
632 4631 843 4688 reatus
872 4641 1075 4706 poenae
1104 4641 1234 4686 non
1280 4629 1374 4685 est
1402 4623 1617 4704 culpa,
1650 4641 1763 4684 ne-

194 4741 324 4803 que
344 4721 599 4784 macula
620 4765 637 4794 ,
686 4719 799 4783 sed
828 4719 911 4780 ad
934 4717 1173 4780 malum
1205 4733 1411 4798 ptenae
1452 4716 1758 4797 pertinet:

193 4831 565 4896 quanquam
618 4831 771 4895 ergo
824 4830 955 4875 non
1004 4813 1279 4893 potuerit
1331 4811 1607 4872 Verbum
1650 4827 1767 4891 per

194 4929 347 4971 suas
372 4909 659 4970 actiones
686 4908 1055 4969 contrahere
1095 4908 1267 4968 hunc
1310 4912 1575 4978 reatum,
1616 4905 1765 4984 quia

194 5003 323 5064 hcc
356 5001 552 5063 modo
578 5001 999 5063 essentialiter
1024 5000 1323 5080 supponit
1348 4999 1660 5060 actionem
1688 4999 1765 5060 il-

198 5097 350 5175 lam,
373 5112 491 5177 per
520 5113 717 5176 qnam
744 5093 1155 5171 contrahitur,
1188 5109 1323 5156 esse
1350 5091 1723 5172 culpabilem
1746 5137 1763 5168 ,

198 5197 433 5252 tamen·
453 5195 799 5270 postquam
842 5188 1219 5269 supponitur
1238 5189 1373 5268 jam
1414 5190 1768 5249 contractus

198 5303 317 5364 per
344 5283 628 5346 actiones
658 5283 847 5363 hujus
874 5289 1119 5344 naturae
1148 5279 1213 5342 in
1248 5279 1376 5343 alio
1416 5279 1765 5362 supposito,

1810 511 1939 556 non
1989 493 2254 576 pendet3
2289 494 2456 557 unde
2483 493 2554 556 fit
2586 493 2708 557 hoc
2735 495 2988 576 proprie
3017 497 3375 581 intelligen-

1810 589 1962 649 dum
1995 605 2132 650 esse
2181 589 2260 650 de
2306 596 2483 650 reatu
2512 605 2718 670 poenae
2763 593 3131 671 temporalis
3157 638 3173 669 ‚
3223 613 3378 657 nam

1806 685 2023 744 reatus
2049 699 2246 762 poenae
2273 692 2519 745 eeternae
2543 684 2728 744 simul
2763 703 2906 746 cum
2940 684 3127 766 culpa
3160 688 3378 750 remit·-

1812 775 1992 849 titur,
2033 795 2152 838 nec
2180 783 2384 856 potest
2415 777 2666 857 proprie
2695 778 2829 840 sine
2867 779 2974 838 illa
3003 797 3284 855 manere,
3313 787 3377 844 et

1812 871 2156 950 praesertim
2203 872 2270 931 in
2316 887 2585 951 persona
2635 871 2846 944 Verbi,
2879 873 2946 933 iu
2987 891 3111 952 qua
3165 875 3373 938 omnis

1814 981 2006 1044 poena
2035 970 2380 1045 assumpta,
2417 965 2603 1028 etiam
2652 964 2906 1028 minimo
2947 971 3232 1046 tempore
3261 968 3378 1030 (lu-

1812 1075 1992 1132 rum,
2035 1059 2386 1120 necessario
2415 1063 2512 1120 est
2537 1057 3057 1120 sufficientissima
3087 1061 3168 1122 ad
3198 1063 3382 1123 satis-

1808 1151 2170 1213 faciendum
2223 1168 2339 1231 pro
2373 1167 2752 1230 quacunque
2793 1151 3012 1232 culpa,
3046 1171 3158 1216 seu
3199 1160 3382 1218 reatu

1812 1263 1891 1306 ex
1919 1245 2026 1308 illa
2065 1245 2307 1307 relicte.
2357 1245 2444 1306 Ex
2475 1245 2708 1324 quibus
2737 1247 3001 1308 ulterius
3051 1247 3274 1324 infero,
3325 1247 3380 1310 si

1812 1345 2026 1401 reatus
2055 1339 2332 1400 involvat
2361 1347 2714 1420 respectum
2755 1339 2837 1401 ad
2885 1341 3136 1420 propria
3187 1359 3382 1422 opera

1812 1433 2012 1512 ipsius
2042 1431 2368 1508 debitoris,
2397 1431 2462 1493 id
2501 1438 2619 1509 est,
2667 1433 2720 1494 si
2763 1433 3074 1511 significet
3100 1433 3380 1497 debitum

1810 1543 2018 1607 poenae
2047 1527 2362 1588 resultans
2388 1545 2464 1588 ex
2495 1527 2792 1606 operibus
2828 1527 3026 1608 ipsius
3054 1527 3380 1606 debitoris,

1812 1621 1902 1682 sie
1926 1621 2180 1700 proprie
2209 1619 2365 1681 illud
2393 1619 2705 1694 debitum,
2733 1620 2904 1700 quod
2931 1619 3385 1701 intelligeretur

1810 1733 2070 1777 manere
2119 1715 2180 1776 in
2224 1714 2490 1789 Christo,
2526 1721 2812 1794 respectu
2854 1715 3022 1776 illius
3063 1733 3193 1778 non
3239 1733 3378 1779 esse

1812 1816 2094 1884 reatum3
2131 1811 2292 1871 sicut
2343 1810 2498 1871 illud
2543 1809 2860 1887 debitum,
2909 1809 3080 1890 quod
3111 1809 3190 1872 de
3217 1810 3382 1873 iacto

1814 1904 2156 1984 assumpsit
2185 1903 2610 1964 satisfaciendi
2659 1921 2774 1982 pro
2820 1904 3182 1966 hominihus
3205 1949 3221 1979 ‚
3253 1923 3384 1966 non

1818 2005 1915 2058 est
1963 1999 2216 2077 proprie
2261 2003 2514 2070 reatuS,
2557 1997 2672 2058 sed
2720 1995 2996 2058 debitum
3025 1998 3382 2060 voluntarie

1818 2098 2210 2170 assumptum
2237 2114 2254 2166 3
2289 2109 2650 2170 quanquam
2681 2097 2968 2170 respectu
2997 2098 3240 2154 naturae
3279 2111 3386 2153 as-

1818 2192 2110 2262 sumptae,
2137 2185 2205 2244 in
2229 2203 2378 2245 casu
2401 2183 2480 2246 de
2505 2201 2630 2262 quo
2655 2183 2992 2266 loquimur,
3011 2185 3208 2247 habet
3229 2185 3386 2247 illud

1820 2279 2102 2340 debitum
2145 2278 2453 2340 rationem
2499 2283 2709 2340 reatus
2737 2323 2753 2353 ,
2799 2280 2947 2358 quia
2989 2285 3384 2341 contractum

1822 2377 1921 2435 est
1963 2389 2076 2451 per
2119 2389 2314 2452 opera
2349 2371 2634 2452 ejusdem
2673 2378 2914 2434 naturae
2963 2373 3028 2434 in
3069 2371 3192 2434 ali-o
3239 2391 3390 2453 sup-

1820 2468 2048 2549 posito.

1902 2564 2006 2623 20.
2059 2559 2346 2640 objectio.
2375 2559 2572 2623 —De
2617 2557 2919 2622 habitibus
2967 2559 3278 2624 vitiorum.
3309 2591 3390 2608 --

1824 2653 2394 2736 Responde-Sed
2422 2660 2574 2716 tunc
2600 2653 2877 2715 nascitur
2906 2651 3076 2715 aliud
3101 2653 3387 2728 dubium,

1828 2767 1978 2812 nam
2028 2767 2105 2810 ex
2151 2749 2271 2810 hoc
2309 2747 2448 2809 fieri
2487 2747 2736 2809 videtur
2763 2761 2954 2824 posse
2981 2746 3182 2808 Deum
3219 2765 3390 2808 assu-

1826 2861 2003 2906 mere
2031 2844 2098 2904 in
2124 2842 2404 2904 humana
2431 2845 2662 2903 natura
2695 2840 2950 2901 habitus
2977 2842 3293 2918 vitiorum,
3322 2848 3394 2904 ut

1828 2939 1879 2999 si
1922 2953 2352 3017 supponamus
2385 2934 2526 2997 illos
2567 2940 2755 2996 antea
2787 2935 2982 2996 fuisse
3024 2935 3091 2996 in
3139 2935 3252 2996 tali
3281 2953 3397 2996 na-

1828 3037 1991 3094 tura.
2037 3032 2308 3112 Sequela
2344 3035 2538 3111 patet,
2571 3029 2717 3110 quia
2768 3030 2958 3090 etiam
2999 3029 3102 3090 isti
3141 3029 3396 3090 habitus

1827 3143 1956 3187 non
1975 3125 2214 3186 habent
2235 3125 2546 3186 rationem
2567 3122 2719 3184 mali
2739 3121 2966 3202 culpae3
2989 3121 3198 3183 ablata
3223 3123 3393 3184 enim

1829 3219 2002 3282 omni
2031 3219 2215 3300 culpa
2236 3264 2252 3294 ,
2285 3219 2410 3281 imo
2459 3221 2523 3280 et
2552 3217 2725 3279 omni
2774 3221 2954 3278 reatu
2983 3231 3213 3296 poenae,
3245 3231 3394 3294 pos·

1832 3321 1982 3376 sunt
2013 3329 2268 3375 manere
2299 3315 2364 3374 hi
2403 3313 2689 3390 habitus,
2729 3318 2799 3373 ut
2825 3316 3000 3392 patet
3025 3313 3091 3372 in
3119 3311 3398 3390 baptiza-

1832 3407 1939 3484 tis,
1967 3407 2196 3487 quibus
2225 3407 2432 3469 omnis
2467 3407 2651 3486 culpa
2675 3411 2740 3467 et
2767 3421 2958 3484 poena
2987 3404 3266 3484 perfecte
3302 3421 3401 3466 re-

1834 3501 2122 3574 mittitur,
2155 3507 2217 3562 et
2242 3507 2480 3575 tamen,
2513 3499 2566 3560 si
2596 3495 2918 3560 habebant
2938 3504 3123 3561 antea
3148 3496 3402 3559 habitus

1838 3595 2132 3655 vitiorum
2161 3643 2173 3668 ,
2209 3611 2336 3654 non
2365 3599 2700 3672 propterea
2742 3607 2855 3670 per
2881 3589 3265 3669 baptismum
3295 3607 3404 3651 au-

1837 3687 2146 3750 feruntur.
2193 3687 2456 3760 Quidam
2505 3702 2634 3748 non
2684 3689 2911 3764 putant
2955 3683 3403 3746 inconveniens

1836 3786 2038 3845 totum
2072 3783 2192 3843 hoc
2221 3781 2590 3855 concedere,
2637 3784 2700 3840 et
2741 3795 2963 3840 revera
3006 3777 3074 3837 in
3123 3777 3246 3838 hoc
3271 3795 3402 3840 non

1841 3881 2103 3956 apparet
2145 3881 2274 3936 tam
2313 3879 2531 3953 aperta
2573 3871 2915 3952 implicatio
2957 3869 3404 3932 contradictio-

1838 3968 1960 4030 nis,
1997 3967 2411 4029 Nihilominus
2437 3971 2651 4028 tamen
2679 3963 2836 4025 mibi
2863 3981 2991 4024 non
3018 3963 3246 4043 placet,
3273 3981 3404 4025 non

1841 4064 2013 4124 enim
2041 4061 2294 4123 videtur
2324 4059 2551 4121 divinae
2585 4057 2848 4120 bonitati
2878 4061 3402 4133 consentaneum,

1840 4161 1909 4217 ut
1934 4155 2223 4216 vitiosam
2267 4159 2560 4215 naturam
2590 4167 2769 4213 suam
2805 4150 3034 4226 faciat,
3080 4155 3142 4211 et
3177 4149 3408 4212 nihilo-

1840 4249 2050 4310 minus
2073 4265 2215 4310 eam
2237 4247 2526 4308 vitiosam
2551 4243 2882 4324 relinquat.
2899 4243 3078 4318 Item,
3097 4243 3249 4322 quia
3269 4241 3405 4306 haec

1840 4343 1989 4406 vitia
2041 4339 2244 4422 magis
2292 4339 2662 4403 detestanda
2730 4343 2876 4400 sunt
2935 4343 2999 4399 et
3051 4337 3353 4419 fugienda
3383 4384 3402 4413 ,

1840 4453 2032 4516 quam
2075 4435 2280 4496 omnis
2329 4453 2506 4496 error
2545 4433 2648 4495 vel
2691 4431 2967 4506 falsita53
3017 4432 3408 4493 ostendimus

1842 4537 2056 4592 autem
2085 4547 2299 4608 supra,
2329 4547 2459 4590 non
2487 4543 2674 4608 posse
2715 4529 2919 4588 Deum
2957 4541 3278 4587 assumere
3309 4539 3408 4586 er-

1843 4641 2054 4686 rorem
2082 4623 2182 4684 vel
2213 4623 2549 4684 falsitatem
2566 4637 2587 4699 3
2617 4621 2816 4682 multo
2846 4636 2998 4700 ergo
3033 4619 3244 4680 minus
3269 4615 3408 4678 haee

1844 4720 2015 4782 vitia.
2051 4719 2358 4780 Praeterea
2380 4763 2401 4792 ,
2435 4717 2582 4795 quia
2614 4715 2877 4794 quilibet
2903 4713 3184 4794 prudens
3222 4711 3412 4774 debet

1846 4813 2044 4875 vitare
2073 4812 2212 4874 haeo
2257 4811 2405 4870 vitia
2431 4809 2496 4868 in
2539 4825 2658 4870 sua
2685 4813 2935 4875 natura,
2968 4809 3276 4884 quantum
3305 4821 3413 4885 po·

1846 4912 1991 4979 test,
2023 4905 2170 4984 quia
2193 4919 2310 4964 nec
2337 4919 2454 4982 per
2478 4919 2543 4962 se
2567 4899 2864 4962 amabilia
2892 4905 3057 4972 sunt,
3089 4916 3296 4978 neque
3327 4896 3408 4958 ad

1844 4999 2184 5061 honestum
2210 4995 2403 5057 finem
2434 4999 2697 5074 possunt
2725 5007 2840 5072 per
2859 5009 2926 5053 se
2955 4991 3261 5054 conferre.
3288 4989 3412 5052 De-

1844 5093 2040 5170 nique
2067 5088 2327 5169 indigna
2359 5093 2504 5149 sunt
2543 5101 2680 5164 quae
2709 5101 2826 5164 per
2853 5085 3154 5146 unionem
3177 5079 3412 5164 hypos-

1842 5186 2101 5249 taticam
2131 5182 2524 5257 deificentur,
2550 5179 2710 5242 sicut
2733 5195 2924 5258 supra
2955 5177 3037 5240 de
3061 5177 3247 5257 culpa
3273 5179 3413 5257 ipsa

1850 5279 2239 5341 dicebamus.
2273 5277 2554 5356 Negatur
2603 5289 2757 5353 ergo
2812 5271 3068 5350 sequela
3095 5317 3110 5345 ‚
3147 5287 3277 5331 non
3321 5275 3418 5332 est

200 5379 378 5444 nulla
416 5377 847 5456 repugnantia
882 5383 977 5439 est
1000 5375 1171 5458 quod
1192 5375 1393 5455 possit
1416 5393 1673 5436 manere
1704 5376 1772 5436 in
1852 5373 2022 5435 enim
2047 5371 2273 5434 eadem
2301 5369 2459 5432 ratio
2491 5367 2571 5430 de
2600 5363 2700 5429 bis
2729 5371 2793 5428 et
2819 5371 2996 5426 reatu
3017 5377 3244 5445 poenae‚
3267 5363 3416 5444 quia

206 5473 435 5536 eadem
458 5477 687 5534 name
714 5477 1034 5552 assumpta
1059 5489 1101 5534 a
1123 5467 1329 5532 Verbo
1354 5514 1371 5544 ,
1408 5467 1617 5530 ablata
1644 5470 1773 5531 cul-

1850 5473 2068 5532 reatus
2101 5479 2308 5546 poenas
2332 5509 2354 5541 ,
2405 5461 2694 5544 quamvis
2722 5461 2787 5522 in
2815 5477 2927 5522 sua
2957 5472 3149 5521 causa
3185 5473 3418 5540 suppo-

208 5585 317 5649 pa,
350 5585 393 5629 a
420 5579 553 5646 qua
580 5565 691 5628 ille
737 5567 951 5628 reatus
980 5564 1050 5628 in
1092 5579 1227 5627 esse
1255 5577 1377 5626 seu
1414 5561 1775 5626 conservari
1854 5567 1966 5627 nat
1991 5558 2557 5636 deordinatlonem,
2591 5562 2803 5620 tamen
2839 5555 2908 5616 in
2950 5567 3042 5631 se,
3079 5556 3415 5632 postquam
