3892 6167
591 313 714 378 634

593 425 660 484 et
685 425 754 484 ut
781 416 974 500 quod,
1000 416 1111 480 sed
1141 416 1207 482 in
1235 417 1494 497 obliquo
1529 421 1774 480 tantum
1803 421 1868 477 et
1891 418 1961 479 ut
1988 431 2149 494 qu03

595 529 772 594 ergo,
801 513 961 576 sicut
986 511 1092 574 illa
1121 511 1402 574 adoratio
1429 529 1469 572 a
1511 511 1694 573 nobis
1735 516 1952 572 mente
1992 526 2157 590 prae-

593 606 926 680 scinditur‚
956 612 1019 669 et
1062 606 1412 686 concipitur
1435 613 1506 668 ut
1536 604 1815 681 inferior,
1847 605 1932 666 ita
1962 602 2155 666 etiam

593 705 800 781 potest
827 701 1057 780 reipsa
1087 701 1362 762 exerceri
1390 699 1548 774 sola,
1586 705 1649 760 et
1675 697 1812 760 sine
1840 695 2155 758 concomi-

595 793 792 858 tantia
830 792 932 856 vel
971 793 1298 857 identitate
1330 791 1716 873 perfectioris
1744 791 2149 866 adorationis,

539 921 546 932 ·
597 903 740 967 quoe
769 887 850 949 ad
877 887 1196 967 exemplar
1223 885 1292 948 in
1317 891 1514 962 recto,
1539 892 1604 948 et
1628 892 1696 948 ut
1720 884 1914 965 quod,
1945 884 2153 946 termi-

595 989 800 1044 netur.
822 983 964 1046 Haec
983 981 1200 1044 ultima
1221 981 1669 1062 consequentia
1696 981 1962 1060 (reliqua
1982 978 2153 1040 enim

597 1077 806 1138 omnia
838 1076 1006 1139 clara
1034 1077 1200 1153 sunt)
1228 1073 1514 1155 probata,
1546 1079 1618 1136 ut
1647 1074 1959 1150 existimo,
1984 1074 2154 1134 suffi-

595 1171 832 1236 cienter
877 1176 995 1243 est,
1029 1169 1148 1230 illis
1193 1169 1543 1232 rationibus
1587 1169 1818 1248 quibus
1872 1166 2155 1230 ostendi-

595 1279 757 1335 mus,
780 1260 949 1324 hunc
974 1261 1234 1324 modum
1259 1260 1638 1326 adorationis
1664 1261 2003 1336 inferioris,
2022 1278 2153 1324 non

595 1356 800 1420 solum
828 1357 1230 1438 cogitatione,
1257 1357 1372 1420 sed
1399 1357 1589 1420 etiam
1612 1375 1680 1420 re
1709 1357 1864 1437 ipsa,
1891 1356 2152 1437 praecise

595 1469 634 1513 a
683 1451 1014 1530 superlati,
1045 1456 1108 1514 et
1151 1469 1292 1512 esse
1335 1450 1702 1531 possibilem
1722 1496 1738 1525 ‚
1773 1457 1836 1513 et
1864 1467 2004 1512 esse
2044 1451 2155 1510 ho-

595 1551 868 1609 nestum.
915 1546 992 1607 Et
1039 1563 1118 1608 ex
1165 1545 1584 1608 solutionibus
1637 1551 2157 1625 argumentorum

595 1639 922 1702 contrariae
967 1640 1293 1702 sententiae
1319 1638 1388 1702 id
1425 1639 1617 1702 etiam
1661 1638 1984 1702 evidenter
2012 1656 2159 1709 con·

597 1733 804 1795 stabit.
836 1733 914 1796 Et
951 1731 1359 1796 confirmatur
1389 1751 1466 1794 ex
1499 1730 1706 1794 verbis
1735 1732 1803 1795 D.
1835 1731 2058 1794 Thom.
2092 1733 2155 1792 2.

593 1831 658 1902 2,
682 1846 744 1907 q.
773 1830 876 1904 99,
908 1833 1025 1889 art.
1059 1831 1120 1904 1,
1145 1827 1450 1890 dicentis:
1479 1825 1590 1892 Em
1615 1826 1720 1890 Ῑιοσ
1744 1827 1900 1906 quod
1923 1825 2163 1908 aliquid

595 1921 920 2004 deputatur
963 1919 1048 1986 ad
1087 1919 1313 1984 cultum
1361 1921 1502 1996 Dei,
1538 1918 1820 1997 efficitur
1861 1919 2157 2000 quoddam

593 2016 866 2080 divinum
885 2062 902 2088 ,
931 2019 990 2080 ot
1015 2014 1106 2080 sio
1131 2013 1184 2078 ei
1205 2015 1483 2096 ‘quoedam
1513 2013 1850 2078 reverentia
1873 2013 2114 2078 debem-
2133 2057 2154 2088 ‚

595 2124 730 2188 quoe
754 2111 1020 2186 refertur
1045 2107 1116 2168 in
1145 2107 1360 2170 Deum.
1398 2109 1474 2168 Et
1503 2105 1802 2184 inferius,
1831 2112 1953 2168 art.
1986 2108 2025 2168 3
2046 2151 2062 2179 ,
2092 2105 2158 2168 in

595 2201 716 2262 hoc
749 2201 966 2262 ordine
995 2199 1174 2282 ponit
1203 2199 1514 2280 imagines
1543 2206 1608 2262 et
1642 2218 1862 2262 earum
1889 2217 2160 2262 venera-

591 2292 856 2358 tionem.
887 2293 1052 2358 Satis
1091 2299 1303 2356 autem
1349 2292 1657 2374 significat
1684 2296 1758 2356 D.
1789 2291 2063 2354 Thomas
2090 2292 2158 2354 in

593 2385 906 2468 praedictis
931 2386 1172 2460 verbis,
1204 2387 1378 2450 illam
1405 2387 1824 2450 reverentiam
1843 2431 1860 2462 ,
1893 2403 2035 2466 quae
2065 2385 2161 2448 his

591 2481 784 2544 rebus
804 2480 997 2544 sacris
1019 2481 1309 2558 debetur,
1327 2480 1548 2544 referri
1569 2481 1824 2561 quidem
1842 2480 1908 2542 in
1928 2482 2155 2555 Deum,

591 2591 726 2635 non
741 2580 960 2637 tamen
979 2591 1120 2636 esse
1139 2574 1452 2650 eamdem,
1467 2592 1677 2654 neque
1697 2580 1940 2637 tantam
1960 2593 2160 2654 quan-

589 2670 660 2728 ta
689 2673 784 2730 est
807 2666 913 2730 illa
955 2685 1098 2748 qnae
1144 2668 1262 2748 ipsi
1307 2670 1436 2731 Deo
1473 2675 1732 2750 propter
1765 2685 1834 2730 se
1867 2667 2155 2730 debetur.

591 2759 774 2826 Unde
803 2761 1110 2842 particula
1139 2761 1244 2824 illa
1278 2763 1548 2844 quadam
1572 2762 1908 2826 reverentia
1927 2809 1942 2838 ‚
1978 2761 2159 2823 dimi-

593 2871 801 2916 nuens
830 2871 970 2918 esse
997 2855 1277 2930 videtur,
1309 2872 1422 2916 seu
1453 2855 1848 2936 distinguens
1871 2855 2038 2916 banc
2063 2871 2161 2918 re-

591 2949 942 3012 verentiam
977 2949 1056 3012 ab
1090 2949 1197 3012 illa
1225 2965 1368 3028 quae
1399 2949 1518 3030 ipsi
1551 2951 1680 3013 D‘eo
1711 2949 2058 3012 secundum
2088 2967 2156 3012 se

594 3041 891 3114 debetur3
919 3048 982 3104 et
1008 3041 1299 3104 eamdem
1324 3042 1453 3106 vim
1479 3041 1674 3105 habet
1697 3042 1802 3106 illa
1825 3043 2155 3123 particula,

593 3153 730 3216 μω
759 3138 1026 3214 remim·
1047 3133 1114 3198 in
1141 3135 1358 3208 Deum,
1383 3141 1448 3198 et
1477 3135 1610 3212 illa,
1641 3153 1781 3218 quae
1817 3137 2003 3198 estin
2034 3143 2153 3198 art.

595 3231 669 3306 3,·
689 3229 948 3306 scilicet,
978 3231 1046 3294 iu
1081 3229 1298 3314 quibus
1337 3229 1566 3308 (rebus
1606 3231 1898 3294 videlicet
1937 3233 2154 3304 sacris,

593 3322 694 3384 vel
723 3322 1023 3404 reliquiis)
1039 3340 1312 3404 personae
1337 3323 1708 3389 Sanctorum
1735 3325 2158 3408 quodammodo

591 3424 974 3495 onerantur,
1006 3418 1072 3481 id
1121 3423 1234 3493 est,
1283 3423 1355 3480 ut
1398 3419 1558 3480 ratio
1605 3419 1953 3484 venerandi
1998 3419 2157 3482 tales

592 3527 716 3573 res,
745 3511 823 3572 Et
867 3511 1304 3588 confirmatur,
1335 3529 1485 3572 nam
1511 3519 1776 3592 propter
1819 3513 1942 3576 hoc
1982 3513 2047 3574 in
2088 3513 2153 3576 d.

593 3612 711 3668 art.
742 3608 780 3669 3
810 3604 1135 3688 distinguit
1161 3607 1562 3686 sacrilegium
1609 3608 1780 3688 quod
1823 3607 1893 3670 fit
1920 3609 2158 3672 irreve-

591 3707 806 3764 renter
831 3701 1158 3764 tractando
1191 3719 1338 3778 vasa
1369 3719 1544 3764 sacra
1577 3708 1687 3766 aut
1715 3695 2050 3784 imagineS,
2074 3703 2157 3765 ab

591 3793 698 3856 illo
729 3794 900 3876 quod
933 3795 1004 3857 fit
1031 3801 1250 3858 contra
1281 3795 1452 3877 ipsas
1479 3811 1784 3875 personas
1827 3813 2061 3869 sacras,
2096 3799 2158 3858 et

593 3887 742 3952 dicit
761 3887 920 3950 illud
943 3889 1118 3970 prius
1143 3907 1284 3952 esse
1316 3889 1528 3952 minus
1553 3907 1744 3970 grave
1763 3911 1783 3967 3
1805 3907 1959 3969 ergo
1986 3888 2159 3952 simi-

589 3981 733 4044 liter
759 3984 950 4046 sentit
979 3983 1399 4048 reverentiam
1425 3983 1597 4048 illam
1631 4000 1769 4044 esse
1797 3981 2157 4046 distinctam

593 4082 656 4140 et
680 4076 1069 4141 inferiorem.

673 4171 774 4232 20.
820 4169 994 4232 Dicet
1023 4169 1293 4232 fortasse
1318 4169 1568 4248 aliquis,
1597 4169 1694 4230 his
1721 4170 2069 4232 rationibus
2090 4176 2153 4233 et

589 4263 973 4326 testimoniis
1017 4269 1188 4327 recte
1241 4265 1520 4344 probari,
1561 4282 1748 4344 posse
1777 4263 2155 4344 imaginibus

593 4357 874 4435 aliquam
899 4357 1319 4421 reverentiam
1339 4403 1354 4430 ‚
1378 4357 1478 4418 vel
1497 4359 1963 4420 venerationem
1985 4359 2156 4422 exhi-

591 4449 753 4525 heri,
786 4449 980 4511 etiam
1026 4449 1080 4512 si
1109 4449 1217 4511 tali
1265 4455 1412 4512 actu
1450 4449 1774 4530 exemplar
1805 4449 2066 4529 directe,
2093 4458 2157 4515 et

591 4549 665 4604 ut
693 4542 1030 4624 quod,non
1057 4543 1380 4621 adoretur3
1412 4543 1584 4604 illam
1611 4546 1824 4605 tamen
1852 4561 2148 4608 reveren·

591 4637 743 4700 tiam
775 4635 1070 4716 imaginis
1116 4653 1248 4698 non
1296 4653 1434 4699 esse
1475 4635 1926 4700 adorationem.
1972 4638 2152 4698 Hunc

589 4728 852 4790 modum
881 4727 1133 4792 dicendi
1154 4729 1434 4792 insinuat
1453 4730 1802 4802 Bonaven„
1828 4729 1894 4790 in
1923 4731 1987 4807 3,
2003 4729 2146 4792 dist.

593 4825 658 4897 9,
686 4827 804 4884 art.
829 4823 892 4896 2,
925 4837 989 4900 q.
1017 4823 1080 4898 4,
1110 4822 1220 4884 ubi
1245 4821 1570 4904 distinguit
1596 4823 1912 4904 duplicem
1949 4823 2149 4887 hono·

589 4931 758 4992 rem,
787 4932 986 4976 unum
1013 4916 1468 4994 venerationis,
1499 4916 1694 4978 alium
1721 4915 2145 4978 adorationis:

1795 316 2034 382 QUAEST.
2068 317 2219 374 XXV.
2256 319 2459 374 Alme.
2494 319 2578 376 ui.

2236 417 2387 498 quia
2418 417 2619 480 solum
2643 414 2970 484 exhibetur
2996 415 3059 478 in
3102 416 3343 498 signum
3366 422 3584 509 alicujus
3600 451 3685 496 no.

2234 509 2493 574 bilitatis
2533 509 2633 574 vel
2682 509 3023 590 dignitatis,
3049 527 3190 590 quae
3229 530 3350 575 non
3386 522 3597 596 requirit
3616 545 3687 589 oo-

2234 605 2619 686 gnitionem:
2648 609 2839 684 negat
2858 609 3070 666 tamen
3116 603 3282 668 hunc
3306 607 3569 676 honorem
3590 637 3687 684 esse

2234 697 2705 776 adorationem3
2731 703 2792 760 et
2818 697 3095 778 loquitur
3137 695 3215 762 de
3252 699 3572 770 adoratione
3594 716 3689 775 reli-

2234 791 2547 872 quiarum,
2574 793 2670 854 vel
2703 791 2971 853 aliarum
2995 809 3211 854 rerum
3238 811 3548 874 sacrarum
3584 823 3686 870 nam

2234 885 2631 966 imaginihus,
2650 886 2839 950 etiam
2864 887 3033 948 hunc
3045 883 3348 949 honorem
3364 899 3691 964 venerationis

2233 995 2471 1060 negare
2499 979 2747 1043 videtur
2760 995 2783 1059 3
2806 978 2920 1042 sed
2943 978 3145 1042 solam
3181 979 3299 1042 illis
3324 987 3569 1051 concedit
3592 993 3693 1056 ado-

2233 1074 2571 1149 rationem,
2601 1092 2741 1154 quae
2770 1074 2835 1136 in
2858 1071 3183 1154 exemplar
3195 1072 3416 1138 directe
3442 1081 3692 1168 reseratum

2234 1173 2449 1229 tamen
2503 1168 2685 1248 Juxta
2734 1167 3083 1231 doctrinam
3134 1169 3412 1249 superius
3456 1175 3692 1259 traditam,

2236 1277 2381 1324 cum
2409 1261 2719 1344 imagines
2747 1261 2913 1326 inter
2935 1279 3039 1324 res
3082 1280 3293 1324 sacras
3325 1276 3696 1350 computentur,

2236 1353 2288 1416 si
2314 1354 2628 1419 distinctio
2650 1355 2755 1418 illa
2776 1354 2946 1418 bona
2984 1361 3103 1430 est,
3134 1356 3319 1418 etiam
3352 1359 3411 1417 in
3432 1359 3570 1422 cultu
3594 1365 3701 1428 ima·

2236 1449 2459 1528 ginum
2491 1449 2704 1512 locum
2736 1447 3017 1511 habebit.
3042 1449 3473 1512 Verumtamen
3513 1455 3594 1516 illa
3612 1459 3699 1520 ‹lis-

2237 1541 2451 1604 tinctio
2469 1544 2744 1624 primum
2764 1541 2901 1608 sine
2922 1541 3336 1604 fundamento
3352 1543 3481 1606 data
3498 1554 3698 1630 estquis

2238 1635 2415 1698 nulla
2458 1643 2555 1702 est
2580 1637 2741 1702 ratio
2770 1655 2885 1700 cur
2910 1636 3197 1700 adoratio
3229 1639 3424 1702 omnis
3455 1641 3523 1702 ad
3562 1645 3701 1707 solam

2240 1730 2725 1794 intellectualem
2754 1736 3045 1794 naturam
3099 1730 3317 1794 referri
3343 1734 3534 1812 possit,
3558 1739 3701 1815 magis

2238 1841 2430 1906 quam
2442 1825 2785 1898 venei-atim
2801 1817 3012 1904 neque
3026 1830 3125 1888 est
3146 1844 3357 1888 verum
3376 1845 3587 1889 omnem
3599 1833 3703 1894 ado-

2238 1918 2547 1980 rationem
2564 1935 2699 1980 esse
2717 1917 3091 1993 orationem;
3106 1936 3281 1993 nam,
3299 1920 3565 2002 quidquid
3578 1923 3635 1984 sit
3647 1925 3700 1987 de

2241 2011 2623 2091 etymologia
2646 2011 2817 2074 vocis
2847 2011 3151 2089 adoratio,
3182 2030 3364 2092 quam
3391 2013 3484 2075 alii
3508 2033 3539 2075 a
3560 2019 3696 2080 verbo

2240 2103 2488 2181 orandi,
2520 2103 2624 2166 alii
2649 2123 2687 2166 a
2710 2105 2968 2168 nomine
2998 2107 3175 2182 ador,
3197 2105 3361 2186 quod
3403 2106 3697 2172 frumentum

2241 2196 2558 2262 sacrificiis
2614 2198 2995 2260 destinatum
3050 2198 3377 2279 significat,
3424 2200 3697 2278 desumunt,

2239 2296 2453 2354 tamen
2476 2291 2793 2372 impositio
2821 2293 2992 2356 vocis
3022 2310 3160 2355 non
3188 2296 3282 2355 est
3306 2292 3455 2354 facta
3487 2294 3553 2355 ad
3570 2298 3700 2378 signi-

2239 2385 2553 2448 ficandam
2578 2385 2927 2448 orationem
2954 2393 3025 2447 ut
3054 2387 3171 2462 sic,
3202 2403 3314 2448 seu
3332 2388 3638 2449 sacrificium
3656 2396 3702 2453 ut

2240 2478 2365 2542 tale
2394 2483 2510 2552 est,
2533 2477 2645 2542 sed
2659 2479 2743 2540 ad
2770 2477 3256 2558 significandum
3274 2479 3337 2540 in
3356 2497 3552 2560 genere
3568 2483 3699 2561 quod·

2240 2573 2397 2634 libet
2470 2572 2722 2652 signum
2776 2574 3146 2636 reverentiae
3164 2619 3186 2650 ‚
3232 2573 3329 2635 vel
3368 2573 3699 2636 submissionis

2244 2666 2434 2730 alicui
2462 2669 2553 2728 rei
2582 2665 2871 2730 exhibitae
2882 2681 2905 2745 3
2930 2683 3112 2748 εει-30,
3140 2667 3284 2729 licet
3304 2665 3503 2742 orati0,
3526 2675 3580 2730 ut
3605 2687 3697 2731 ora·

2238 2761 2353 2836 tio,
2368 2762 2565 2842 possit
2586 2761 2790 2824 solum
2823 2761 2905 2824 ad
2930 2768 3232 2826 naturam
3256 2762 3579 2824 rationalem
3599 2763 3692 2824 diri·

2239 2856 2327 2936 gi,
2356 2856 2641 2918 adoratio
2665 2863 2893 2942 tamen·
2928 2855 3122 2920 latius
3164 2861 3356 2939 patet,
3386 2861 3445 2918 et
3464 2875 3607 2936 aeque
3624 2875 3693 2918 ex·
3775 2889 3776 2892 π

2238 2950 2411 3012 tendi
2442 2969 2555 3012 scu
2588 2949 3039 3014 communicari
3094 2955 3301 3032 potest
3336 2969 3405 3014 ac
3439 2953 3693 3025 veneratio,

2238 3061 2353 3108 seu
2388 3043 2762 3106 reverentia.
2805 3044 3087 3120 Accedit,
3134 3063 3209 3107 ac
3265 3043 3509 3106 maxime
3553 3050 3695 3126 urget,

2238 3137 2411 3220 quod
2442 3137 2552 3198 illa
2584 3135 2897 3200 distinctio
2926 3155 3228 3218 expresse
3250 3139 3548 3219 reprobata
3572 3139 3694 3199 estin

2238 3231 2347 3292 vn
2368 3230 2633 3314 Synod.,
2662 3232 2897 3293 namin
2921 3237 3045 3294 act.
3075 3233 3143 3306 4,
3166 3249 3309 3294 cum
3334 3231 3565 3294 relatum
3584 3237 3696 3292 esset

2239 3325 2475 3386 dictum
2511 3324 2845 3400 Anastasii,
2872 3325 3164 3406 Episcopi
3186 3325 3543 3406 'theopoleos
3559 3342 3572 3386 :
3590 3324 3696 3398 Quid

2240 3419 2416 3482 aliud
2458 3424 2568 3496 est,
2600 3436 2782 3500 quam
2810 3419 3059 3483 lionoris
3090 3419 3279 3484 alicui
3304 3419 3536 3484 canitici
3568 3418 3700 3480 veluti

2238 3511 2563 3594 emphasis,
2588 3513 2906 3577 adoratio?
2936 3531 3013 3577 ex
3036 3515 3161 3578 hac
3190 3514 3479 3576 sententia
3498 3512 3566 3572 ita
3583 3510 3697 3573 colli-
3775 3533 3776 3544 ¹

2238 3605 2328 3687 git
2352 3605 2691 3668 Therasiae
2720 3624 2736 3667 t
2766 3603 2983 3672 Omnes
3011 3608 3235 3690 iqitur,
3264 3605 3363 3688 qui
3401 3623 3574 3671 sacras
3588 3608 3695 3667 ima-

2234 3701 2409 3784 ,eines
2436 3699 2710 3764 venerari
2736 3701 3119 3780 confitentur,
3151 3701 3526 3766 adorationem
3558 3704 3695 3762 autem

2238 3798 2542 3868 remorant,
2568 3810 2608 3856 a
2652 3798 2861 3858 saneto
2898 3793 3096 3860 Patre
3142 3797 3418 3876 tanquam
3448 3790 3695 3873 hypocrita
3775 3793 3776 3812 l

2237 3885 2713 3966 rodaryutmtur.
2742 3887 2808 3950 Si
2836 3905 2988 3968 ergo
3009 3889 3285 3950 rationes
3300 3886 3462 3949 factoe
3478 3883 3692 3964 probant,

2236 3981 2655 4044 reverentiam
2704 3988 2766 4044 et
2809 3981 3279 4044 venerationem
3308 3981 3548 4060 aliquam
3580 3975 3697 4036 exhi·

2234 4074 2373 4138 beri
2402 4093 2587 4155 posse
2611 4072 3013 4156 imaginibus,
3046 4076 3238 4138 etiam
3267 4074 3408 4137 dum
3432 4073 3487 4134 in
3521 4071 3590 4132 eis
3609 4085 3695 4128 non
3775 4147 3776 4154 ἵ

2236 4169 2461 4232 colitur
2504 4167 2739 4232 directe
2778 4169 3102 4248 exemplar
3143 4175 3430 4247 tanquam
3464 4164 3695 4242 objectum
3775 4183 3776 4194 *

2240 4263 2432 4346 quod,
2484 4262 2673 4324 etiam
2726 4262 2997 4344 probant
3060 4261 3243 4324 simili
3296 4257 3466 4321 modo
3513 4253 3692 4318 adorari

2235 4375 2421 4438 posse
2449 4356 2781 4438 imagines,

2314 4455 2413 4515 21.
2467 4449 3024 4516 Consectarium.--
3040 4451 3244 4530 Atque
3272 4449 3406 4510 binc
3431 4445 3593 4508 infero
3609 4441 3690 4522 pri·

2234 4563 2361 4632 mo,
2392 4543 2561 4606 hunc
2630 4545 2863 4619 actum,
2894 4561 3019 4624 quo
3066 4541 3359 4604 adoratur
3402 4541 3574 4620 imago
3606 4538 3687 4598 isto

2232 4636 2445 4714 modo,
2474 4635 2836 4698 distinctum
2862 4653 3000 4698 esse
3031 4635 3240 4698 abillo
3264 4641 3395 4697 actu
3417 4649 3523 4714 quo
3542 4632 3687 4709 imago

2232 4729 2609 4792 coadoratur
2637 4735 2993 4811 prototypo,
3022 4727 3189 4816 quod
3212 4747 3323 4809 per
3351 4745 3412 4790 se
3436 4727 3598 4808 primo
3620 4741 3687 4783 eo·

2231 4823 2377 4886 dem
2408 4829 2553 4884 actu
2591 4823 2910 4885 adoratur.
2948 4823 3253 4885 Probatur
3277 4821 3445 4884 facile
3472 4837 3533 4882 ex
3561 4817 3685 4878 diffe-

2232 4917 2435 4979 rentia
2463 4917 2886 4996 objectorum3
2920 4934 3068 4978 nam
3104 4922 3278 4978 actus
3315 4915 3576 4977 habentes
3614 4909 3686 4969 ob-

589 5007 762 5070 hunc
809 5007 1220 5086 posteriorem
1247 5008 1398 5072 dicit
1451 5015 1695 5072 tantum
1745 5027 1931 5090 posse
1963 5007 2151 5070 tribui
2228 5009 2397 5090 jecta
2448 5009 2717 5086 diversa,
2777 5009 3097 5072 distinctos
3151 5027 3287 5072 esse
3338 5021 3557 5070 necesse
3605 5005 3680 5072 est,

593 5101 686 5164 rei
713 5099 1206 5176 rationali‚sicut
1237 5107 1300 5166 et
1327 5101 1713 5175 orationem3
1745 5120 1896 5164 nam
1927 5101 2154 5164 adora-

588 5193 678 5256 tio
700 5192 943 5274 (inquit)
966 5195 1254 5275 quaedam
1285 5198 1482 5260 oratio
1511 5202 1610 5258 est
1639 5195 1719 5258 ad
1747 5196 2025 5275 aliquem
2056 5213 2152 5257 or-

589 5287 836 5366 dina.ta;
867 5305 1018 5350 nam
1045 5287 1310 5351 adorare
1340 5288 1509 5350 idem
1539 5293 1634 5350 est
1659 5288 1830 5367 quod
1856 5287 1938 5349 ad
1980 5287 2152 5350 aliud

591 5397 770 5442 orare
793 5381 1116 5461 ;'priorem
1153 5388 1363 5444 autem
1397 5383 1658 5445 modum
1692 5383 2003 5446 venerarii
2032 5381 2150 5445 ho·

592 5473 766 5535 noris
793 5473 942 5536 dicit
983 5492 1167 5555 posse
1195 5475 1386 5537 tribui
1438 5481 1744 5538 creaturae
1774 5477 2144 5553 irrationali,

2234 5101 2705 5184 distinguuntur
2752 5104 2921 5166 enim
2963 5121 3039 5164 ex
3091 5103 3370 5184 objectls3
3414 5115 3555 5170 nam,
3581 5109 3677 5156 cum

2231 5197 2394 5258 ratio
2418 5198 2642 5259 talium
2678 5203 2931 5259 actuum
2957 5197 3251 5259 consistat
3294 5193 3356 5256 in
3394 5187 3671 5254 habitudine
3775 5235 3776 5276 3

2232 5289 2315 5351 ad
2338 5289 2603 5370 objecta,
2622 5309 2747 5353 non
2766 5297 2972 5370 potest
2989 5288 3279 5352 habitudo
3302 5305 3423 5351 esse
3443 5283 3629 5353 eadem,
3644 5278 3675 5338 si

2233 5383 2577 5464 objectum,
2594 5385 2675 5447 ad
2705 5385 2876 5464 quod
2902 5384 3291 5460 terminatur,
3312 5379 3577 5444 diversum
3598 5373 3652 5436 sit
3661 5387 3675 5448 ;
3775 5383 3776 5448 ᾖ

2230 5495 2438 5558 neque
2450 5483 2626 5540 actus
2636 5485 2842 5558 potest
2859 5496 2997 5541 esse
3018 5477 3203 5558 idem,
3224 5477 3275 5539 si
3286 5473 3585 5538 distinctam
3604 5467 3674 5526 ha·
3775 5503 3776 5518 i
