3892 6167
1287 323 1606 378 unsruur.
1640 323 1696 380 1..
1741 323 1912 379 SECT.
1945 323 2009 380 11.

112 429 444 494 manituti.
478 428 551 490 Et
583 423 1014 502 confirmatur,
1062 439 1212 490 nam
1237 422 1490 506 proprie
1520 421 1614 484 di·

117 545 210 588 ur
232 524 510 588 Verbum
537 521 775 584 factum
807 519 1039 595 hom03
1073 537 1226 602 ergo
1259 523 1321 584 et
1343 515 1613 599 prandes-

109 625 316 682 natum
343 624 414 681 ut
441 617 522 680 sit
545 615 765 678 homo.

171 711 525 794 .0bjeeti0.
563 743 642 756 --
681 707 1038 818 Responsio.
1078 739 1160 758 —
1199 705 1326 772 Sed
1365 711 1607 782 eontra,

113 901 453 974 stiuatum,
484 915 624 960 esse
647 895 1004 960 ordinatum
1034 895 1114 958 ad
1144 895 1400 976 aliquod
1422 895 1612 958 bene

111 993 256 1054 ium
280 1037 296 1066 ‚
341 991 442 1055 vel
475 990 745 1072 gratiam
783 987 1283 1070 suscipiendam·
1266 1034 1283 1061 ‚
1317 991 1612 1068 respectu

108 1091 258 1148 tem
281 1084 478 1146 Verbi
496 1127 520 1160 ,
555 1101 684 1146 non
711 1087 810 1146 est
829 1081 1210 1146 beneficium
1244 1088 1356 1144 aut
1385 1081 1609 1162 gratia,

108 1178 216 1240 {od
241 1177 355 1240 fiat
381 1177 597 1240 homo.
641 1178 902 1257 Propter
931 1175 1051 1240 hoo
1079 1174 1412 1238 Dttrandus
1435 1173 1610 1246 dixit,

105 1291 214 1334 am
255 1271 640 1334 locutionem
683 1269 753 1332 in
801 1270 1008 1350 rigore
1051 1285 1190 1332 esse
1231 1268 1499 1346 falsam3
1537 1269 1607 1330 1).

105 1385 264 1426 nom.
293 1383 446 1426 vero
473 1365 678 1426 solum
701 1363 855 1426 dixit
875 1380 1016 1427 esse
1039 1362 1248 1426 minus
1267 1360 1608 1442 propriam.

105 1460 224 1520 ide
257 1459 703 1538 respondetur,
735 1456 800 1518 in
827 1456 1038 1536 rigore
1069 1454 1152 1518 ad
1178 1454 1507 1518 veritatem
1535 1452 1612 1514 il·-

105 1571 158 1612 is
187 1550 559 1628 locutionis,
587 1569 713 1612 non
744 1568 884 1612 esse
910 1549 1344 1612 necessarium
1371 1552 1443 1610 ut
1472 1564 1612 1627 gra-

103 1665 118 1706 ί
149 1646 266 1707 flat
289 1646 348 1708 ei
371 1644 482 1724 qui
505 1643 950 1706 denominatur
969 1642 1467 1723 praedestinatus,
1498 1639 1612 1702 sed

103 1739 194 1800 tis
231 1756 376 1800 esse
413 1745 484 1799 ut
510 1755 588 1800 ex
627 1735 870 1818 gratia,
919 1753 1064 1815 quse
1101 1733 1286 1798 alteri
1319 1732 1614 1796 facienda

103 1831 548 1902 indemnatum
601 1831 762 1891 alius
799 1828 978 1909 quasi
1013 1845 1130 1910 per
1163 1817 1614 1890 denominatio-

101 1946 192 1990 ιιι]
221 1927 637 1991 extrinsecam
665 1925 1142 2006 proedestinatus
1171 1924 1251 1987 ad
1277 1925 1469 1988 talem
1493 1930 1612 1988 tor-

103 2021 288 2082 iuum
315 2020 584 2084 dicatur.
617 2018 801 2092 Quod
828 2019 1114 2099 exemplo
1143 2015 1612 2082 accommodate

101 2115 427 2190 iclaratur,
455 2129 606 2175 nam
633 2113 909 2176 Verbum
933 2113 1163 2175 dicitur
1183 2111 1418 2174 factum
1439 2129 1610 2188 caro,

101 2227 168 2269 m
218 2226 340 2288 per
389 2207 802 2270 mutationem
861 2207 928 2268 in
973 2205 1114 2286 ipso
1171 2203 1398 2268 factam
1421 2251 1442 2283 ‚
1499 2204 1612 2267 sed

99 2323 156 2366 er
209 2303 626 2366 mutationem
675 2301 1085 2362 humanitatis
1122 2345 1142 2375 ,
1211 2318 1288 2362 ex
1335 2317 1462 2380 qua
1511 2317 1614 2360 re-

99 2397 230 2460 tltat
269 2398 338 2458 in
372 2395 580 2460 Verbo
609 2395 754 2458 talis
793 2393 1263 2469 denominatim
1296 2394 1384 2455 sic
1422 2393 1610 2474 igitur

99 2491 274 2553 >terit
317 2490 598 2552 Verbum
645 2487 768 2552 dici
821 2487 1340 2568 praedestinatum
1387 2491 1458 2548 ut
1502 2486 1612 2550 flat

99 2603 260 2662 mo,
289 2601 422 2646 non
449 2583 598 2666 quia
627 2601 704 2646 ex
731 2583 792 2645 vi
821 2580 1392 2663 praedestinationis
1417 2582 1499 2643 sit
1519 2581 1608 2642 illi

99 2679 256 2758 iqua
290 2679 484 2758 gratia
511 2675 922 2750 conferenda,
949 2674 1059 2737 sed
1082 2675 1484 2752 humanitati,
1514 2674 1613 2736 vel

97 2773 184 2834 xic
231 2770 511 2846 homini,
561 2777 876 2850 quatenus
921 2769 1240 2849 objectum
1286 2775 1382 2832 est
1425 2768 1612 2848 hujus

97 2863 613 2928 mdestinationis
635 2909 656 2938 ,
701 2868 774 2925 ut
817 2863 954 2943 jam
1007 2861 1478 2942 explicabimus.
1536 2861 1612 2922 Et

99 2977 178 3022 eo
203 2957 436 3022 merito
465 2955 619 3019 dixit
645 2957 718 3018 D.
747 2956 999 3029 Thom„
1025 2954 1198 3016 illam
1225 2955 1608 3018 locutionem

96 3071 172 3114 εει».
223 3051 442 3114 miuus
491 3049 810 3130 propriam
836 3094 854 3122 ,
905 3049 1054 3128 quia
1097 3047 1162 3110 in
1203 3047 1314 3110 illa
1355 3049 1612 3129 ponitur

95 3147 344 3220 erbum,
371 3148 440 3206 ut
462 3143 778 3223 objectum
802 3140 992 3221 hujus
1010 3141 1604 3221 praedestinationiS‚

95 3259 173 3300 im
222 3245 444 3300 tamen
485 3255 616 3298 non
647 3233 926 3298 Verbum
969 3235 1313 3297 secundum
1359 3253 1451 3309 se,
1495 3235 1609 3298 sed

95 3353 102 3393 ;
131 3341 230 3396 est
257 3332 537 3396 Christus
557 3375 579 3407 ,
618 3347 732 3394 seu
757 3329 861 3392 hic
887 3328 1080 3391 homo
1099 3375 1120 3406 ,
1159 3328 1396 3391 habeat
1419 3329 1604 3391 ratio-

95 3447 178 3489 em
205 3426 354 3489 talis
379 3424 608 3504 objecti
631 3470 653 3501 ,
693 3423 850 3487 utin
881 3423 1172 3502 sequenti
1199 3423 1482 3486 sectione
1510 3424 1607 3485 di-

95 3527 232 3583 itur.

655 3695 874 3752 sueno
914 3695 974 3749 u.

95 3843 106 3880 ι
143 3823 266 3881 dici
297 3824 476 3898 possit
500 3821 752 3880 Christus
779 3821 1199 3897 praedestinatus
1227 3829 1288 3879 ut
1326 3823 1399 3878 sit
1427 3823 1601 3880 Filius

611 3907 715 3965 Dei
744 3909 1038 3966 naturalis.

111 4079 164 4138 1.
215 4079 418 4142 Locus
443 4077 639 4144 Pauli
665 4079 942 4144 adRom.
971 4080 1029 4141 1.
1072 4109 1153 4124 —
1202 4075 1598 4140 Fundamen-

103 4188 160 4230 m
189 4169 390 4250 hujus
411 4171 776 4248 quaestionis
805 4174 1126 4252 sumptum
1151 4175 1248 4234 est
1271 4189 1308 4232 a
1334 4171 1599 4234 Theolo-

96 4283 122 4324 s
143 4281 228 4326 ex
259 4263 469 4328 verbis
499 4265 672 4328 Pauli
699 4283 738 4328 a
765 4268 920 4328 Rom
955 4269 978 4328 1
1023 4283 1039 4327 t
1085 4263 1326 4328 Paulus
1344 4311 1359 4338 ‚
1391 4281 1602 4328 servus

95 4373 178 4420 uu
210 4356 478 4433 Christi,
504 4363 753 4424 vocasse
776 4357 1130 4442 Apostolus,
1161 4361 1514 4438 seyraeqatus
1531 4360 1600 4420 in

97 4451 444 4530 ramalium
486 4452 602 4518 Dei
625 4498 644 4528 ,
691 4453 852 4535 quod
889 4455 1032 4516 anto
1072 4451 1447 4526 promiserat
1488 4467 1602 4535 per

95 4545 378 4623 rophetas
404 4563 548 4610 euos
580 4547 652 4610 in
692 4545 1053 4629 Soripttm‘r
1078 4547 1316 4610 sanctie
1341 4546 1412 4608 do
1433 4543 1600 4610 Filio

95 4655 159 4708 ἕο,
185 4639 300 4718 qui
321 4640 520 4714 (acm
539 4645 627 4704 m
646 4639 702 4705 ei
724 4657 800 4704 m
816 4639 1038 4704 semine
1059 4639 1266 4704 David
1281 4640 1603 4702 seeundum

95 4745 274 4790 :ruem
299 4751 329 4800 ,·
369 4732 474 4810 qui
502 4733 978 4810 praeducimus
1011 4736 1102 4796 ost
1143 4731 1359 4796 Filius
1389 4731 1508 4796 Dei
1533 4731 1604 4794 ιἰι

99 4827 262 4886 rcnto
291 4823 606 4890 eoo-andum
639 4822 954 4904 Spiritum
986 4824 1503 4899 sanctificationis
1529 4841 1604 4888 σω

95 4913 473 4980 surr-accione
493 4920 870 4982 mortuorum
890 4915 1044 4986 lm
1079 4915 1318 4986 chricti
1351 4917 1604 4980 Domini

95 5011 232 5074 istri
249 5031 282 5082 ,·
313 5009 376 5073 et
399 5005 544 5074 ideo
561 5007 700 5076 baee
724 5007 916 5078 verba
943 5009 1118 5076 Pauli
1139 5010 1316 5090 prius
1337 5007 1603 5088 diligen·

99 5117 129 5162 r
173 5095 553 5178 explicanda
597 5107 748 5171 sunt
769 5149 786 5176 ‚
834 5107 898 5170 et
947 5099 1180 5172 deind·
1229 5099 1604 5172 scholastica

95 5191 463 5262 mirovei-sis
485 5193 906 5262 terminanda.

117 5289 174 5348 Ω.
222 5284 450 5352 Prinna
495 5291 814 5372 moenio.
875 5319 960 5342 -··
1011 5289 1120 5357 Est
1167 5289 1360 5374 igitur
1403 5288 1608 5372 prima

95 5385 413 5449 auctorum
451 5382 812 5456 armorum
839 5383 1185 5474 expositio,
1231 5384 1338 5470 qui
1368 5401 1498 5454 non
1525 5381 1606 5448 de

95 5472 260 5538 bristi
293 5471 860 5554 predestinatione,
907 5478 1014 5545 sed
1045 5478 1124 5544 do
1149 5477 1286 5558 ejus
1311 5477 1608 5545 munitos·

3136 327 3249 390 53¹

1693 422 1930 486 tatione
1956 424 2127 486 huuc
2153 424 2363 488 locum
2389 423 2777 506 intenigunt3
2813 447 2943 492 non
2970 431 3139 494 enim
3166 429 3258 494 le·

1693 522 1872 598 gunt,
1901 515 2023 592 Qut
2038 517 2515 600 predestinatus
2537 525 2648 593 est,
2680 519 2816 598 ssd,
2846 521 2971 600 Qui
2990 524 3259 590 declara·

1692 613 1794 672 tus
1825 614 1936 674 ert.
1975 608 2193 674 Graeca
2234 609 2403 674 enim
2444 612 2821 694 exemplaria
2856 633 2987 676 uon
3018 617 3256 680 hahent

1693 700 1812 766 hoc
1858 702 1999 766 loeo
2046 705 2313 766 verbum
2356 713 2613 780 προορίζω,
2659 723 2785 785 quo
2824 708 2985 772 solet
3028 709 3257 773 Paulus

1691 794 2173 874 praedestinandi
2213 803 2430 860 actmn
2477 798 2857 880 siguificare,
2904 807 2976 865 ut
3011 807 3258 866 constat

1693 887 1776 952 ad
1801 891 2067 954 Roman.
2097 893 2161 968 8,
2195 895 2260 956 et
2286 893 2319 954 1
2352 891 2437 954 ad
2462 889 2601 956 Cor.
2632 893 2695 968 2,
2730 894 2809 956 ad
2838 895 2997 976 Eph.
3032 898 3109 972 1;
3142 897 3259 960 sed

1691 982 1884 1048 habet
1929 985 2195 1048 verbum
2240 995 2401 1061 ὁρίζω,
2456 986 2629 1066 quod
2684 1005 2799 1066 per
2852 989 3116 1052 verbum
3154 990 3262 1054 de-

1695 1076 1975 1140 clarandi
2004 1079 2239 1160 optime
2266 1080 2421 1142 verti
2444 1086 2653 1160 potest
2666 1095 2689 1159 3
2720 1081 2787 1144 id
2808 1082 2979 1144 enim
3006 1083 3259 1164 proprie

1693 1170 2027 1250 siguificat,
2086 1179 2150 1235 et
2196 1171 2430 1254 optime
2481 1175 2751 1254 quadrat
2800 1176 3145 1252 contextui,
3194 1182 3261 1240 et

1691 1263 1900 1326 reddit
1936 1263 2186 1329 facilem
2213 1285 2288 1330 ac
2323 1266 2685 1347 expeditum
2716 1276 3012 1347 sensum,'
3039 1270 3261 1334 videli-

1695 1363 1816 1435 cet,
1859 1358 2008 1422 licet
2048 1358 2331 1424 Christus
2369 1360 2447 1423 sit
2486 1361 2687 1424 factus
2726 1364 3075 1427 secundum
3120 1383 3265 1428 car-

1692 1469 1865 1527 nem,
1893 1458 2109 1516 tamen
2132 1454 2523 1518 declaratum
2548 1473 2690 1520 esse
2707 1457 2931 1520 Filium
2954 1459 3107 1534 Dei,
3132 1459 3259 1541 pri·

1691 1563 1796 1608 mo
1845 1547 1914 1608 iu
1963 1547 2191 1611 virtute
2233 1550 2529 1631 patrandi
2564 1550 2909 1626 miraeum
2954 1553 3257 1628 secundo,

1693 1640 1759 1702 iu
1805 1640 2025 1721 spiritu
2071 1642 2502 1706 sanctificandi
2542 1643 2835 1708 homines
2871 1663 2988 1727 per
3027 1645 3261 1710 doctri-

1693 1751 1876 1807 nam,
1920 1753 2035 1814 per
2062 1737 2398 1817 imperium
2426 1737 2685 1814 efficax,
2732 1739 2845 1820 pei·
2872 1740 3167 1804 meritum
3198 1747 3263 1805 et

1695 1827 2177 1891 satisfactionem
2224 1848 2445 1906 suam,
2486 1830 2760 1914 denique
2806 1850 2923 1914 per
2964 1835 3262 1897 virtutem

1693 1918 1980 1982 mittendi
2011 1921 2308 2002 Spiritum
2338 1924 2672 2000 Sanctum3
2705 1927 2911 2002 tertio,
2941 1943 3058 2007 per
3081 1946 3263 1990 suam

1695 2012 2221 2078 resurrectionem
2250 2035 2329 2078 ex
2356 2018 2643 2080 mortuis.
2686 2019 2777 2081 tta
2816 2019 3039 2098 legunt
3066 2026 3129 2082 et
3158 2039 3266 2085 ex-

1694 2111 1938 2185 ponunt
1964 2107 2225 2189 Chrys„
2266 2109 2615 2194 Theophyl.
2656 2117 2721 2174 et
2746 2112 3019 2189 Theod„
3068 2121 3133 2176 ot
3156 2115 3263 2178 alii

1691 2197 1888 2262 Graeci
1917 2201 2341 2281 expositores,
2371 2203 2457 2266 ad
2482 2206 2663 2266 Rom.
2698 2207 2774 2282 {3
2806 2205 3036 2287 Cyru,
3080 2207 3191 2270 lib.
3227 2212 3257 2271 1

1693 2292 1772 2354 de
1808 2293 1962 2356 Fide
1991 2295 2075 2356 ad
2097 2296 2355 2376 Regin.·
2340 2341 2355 2370 ‚
2387 2299 2677 2361 Damaso.
2700 2344 2722 2375 ,
2756 2299 2866 2362 lib.
2892 2303 2933 2362 4
2959 2301 3040 2363 de
3069 2300 3221 2365 Fide
3243 2345 3259 2376 ‚

1691 2404 1748 2448 o.
1779 2389 1876 2450 19.
1907 2387 2059 2463 Quae
2084 2407 2240 2452 sane
2264 2390 2573 2470 expositio
2598 2391 2749 2454 satis
2774 2393 3116 2474 probabitis
3140 2399 3255 2471 est,

1693 2481 2017 2560 supposita
2044 2484 2391 2562 praesertim
2418 2484 2527 2546 illa
2555 2485 2846 2562 lectione,
2878 2505 2993 2549 seu
3022 2487 3264 2570 signifi-

1692 2572 1940 2636 catione
1964 2575 2157 2638 vocis.
2184 2578 2323 2640 Non
2346 2583 2561 2641 tamen
2586 2579 2767 2642 nobis
2789 2586 2885 2643 est
2905 2580 3263 2662 relinquen·

1694 2664 1776 2728 da
1803 2667 2059 2748 vulgata
2084 2669 2293 2745 lectio,
2318 2671 2433 2732 sed
2462 2673 2721 2734 omnino
2747 2673 3101 2737 retinenda.
3136 2675 3264 2738 Pri-

1693 2775 1798 2821 mo
1821 2805 1841 2835 ,
1893 2767 2154 2842 propter
2202 2761 2371 2826 illius
2424 2765 2885 2830 auctoritatem.
2943 2767 3259 2846 Secundo,

1692 2853 1848 2932 quia·
1880 2855 2124 2934 antiqui
2172 2855 2388 2919 Patres
2425 2858 2625 2920 Latini
2658 2859 2745 2922 ita
2786 2860 3031 2942 legunt,
3076 2869 3139 2925 et
3180 2862 3261 2925 de

1691 2947 1950 3027 propria
1981 2947 2538 3028 praedestinatione
2576 2953 2843 3017 verbum
2880 2952 3039 3016 illud
3069 2955 3263 3019 inter-

1689 3045 2041 3119 pretantur.
2099 3043 2414 3118 Ambros„
2466 3044 2759 3119 Hieron..
2801 3045 3084 3110 Auselm.
3126 3049 3258 3126 ibi3

1690 3135 1984 3212 August..
2014 3133 2123 3197 lib.
2160 3138 2237 3198 12
2259 3135 2339 3200 de
2364 3139 2693 3215 Trinitate,
2724 3159 2779 3204 c.
2812 3141 2875 3215 6,
2908 3141 3075 3205 etde
3098 3143 3261 3205 Ρω-

1688 3226 1849 3290 dest.
1899 3229 2138 3303 sanct„
2192 3248 2247 3292 c.
2298 3233 2398 3302 15,
2444 3231 2525 3294 de
2574 3235 2748 3295 Bono
2799 3243 3257 3315 perseverant„

1691 3338 1746 3382 c.
1780 3319 1924 3396 ult„
1972 3327 2039 3384 et
2078 3326 2261 3384 tract.
2304 3326 2421 3386 ⁴05
2458 3323 2523 3386 in
2550 3326 2734 3389 Joan.
2764 3343 2780 3399 ;
2826 3327 3047 3405 Hilar„
3079 3330 3185 3394 lib.
3220 3335 3259 3393 7

1689 3413 1768 3477 dc
1793 3413 2014 3476 Trinit.
2044 3433 2060 3488 ;
2094 3417 2315 3478 Irenae.
2350 3417 2425 3496 (si
2452 3417 2617 3480 inter
2641 3419 2897 3482 Latinos
2918 3439 3260 3486 numeran-

1688 3507 1806 3568 dus
1835 3509 1953 3588 est)
1974 3553 1995 3583 ,
2033 3508 2143 3569 lib.
2178 3511 2217 3569 3
2246 3516 2463 3572 contra
2492 3511 2711 3574 haeres.
2738 3556 2755 3586 ,
2784 3531 2924 3594 cap.
2960 3517 3039 3578 18
3065 3523 3127 3581 et
3154 3519 3250 3581 32.

1685 3601 1918 3677 Terti0,
1952 3600 2101 3679 quia
2128 3601 2389 3664 verbum
2418 3611 2578 3678 ὁρίζω,
2611 3607 3038 3686 propriissime
3064 3609 3256 3692 signi·

1685 3692 1831 3754 ficat
1867 3696 2073 3756 animo
2110 3700 2403 3772 statura,
2428 3713 2784 3778 proponere,
2828 3717 2941 3762 seu
2970 3702 3209 3782 definire
3230 3732 3253 3778 ,-

1687 3789 1754 3847 ut
1779 3787 1988 3849 Actor.
2017 3792 2081 3862 2,
2112 3788 2217 3849 ubi
2248 3789 2339 3850 ait
2374 3789 2611 3866 Petrus,
2653 3793 2813 3857 huno
2847 3795 3086 3873 definito
3112 3815 3252 3862 oon-

1681 3880 1848 3952 silio,
1877 3885 2027 3952 etc..
2074 3881 2287 3943 Groeca
2329 3881 2519 3944 lectio
2560 3884 2752 3947 habet
2796 3897 3025 3960 ὁρωμένη
3062 3897 3250 3962 βούιη,

1683 3977 1746 4034 et
1769 3991 1822 4034 c.
1853 3977 1952 4042 17.
1972 3975 2255 4053 definiens
2273 3981 2513 4039 statuta
2532 3981 2824 4058 tempora,
2846 3997 3045 4060 graece
3064 3991 3253 4054 ὁρίσας.

1680 4066 1858 4128 Unde
1889 4069 2152 4140 Termi..
2199 4074 2417 4130 eontra
2462 4068 2785 4144 praxeam,
2835 4073 2989 4154 legit
3027 4075 3092 4134 in
3131 4075 3252 4138 hoc

1679 4157 1820 4220 loco
1869 4161 2043 4222 Pauli
2089 4160 2171 4222 ad
2212 4165 2391 4222 Rom.
2426 4164 2456 4225 1
2494 4179 2509 4222 z
2558 4163 2675 4236 Qui
2705 4165 2992 4243 definitus
3020 4173 3133 4233 est.
3180 4169 3254 4230 Et

1683 4253 1906 4314 eodem
1941 4253 2129 4316 modo
2162 4253 2411 4318 videtur
2436 4255 2689 4338 legisse,
2720 4265 2785 4320 et
2807 4259 3251 4342 interpretatus

1681 4363 1817 4409 esse
1849 4347 2129 4428 origen„
2160 4347 2271 4411 lib.
2308 4352 2335 4409 1
2370 4367 2563 4430 super
2586 4350 2669 4412 ad
2695 4353 2985 4430 Roman„
3018 4355 3151 4429 ubi,
3176 4355 3251 4420 li-

1681 4446 1782 4503 cet
1807 4440 2229 4505 differentiam
2260 4444 2601 4508 constituat
2632 4447 2799 4510 inter
2826 4449 3087 4511 verbum
3117 4451 3251 4516 dos·-

1683 4533 1812 4597 τίνω
1852 4541 1914 4597 et
1951 4537 2311 4615 pra-destino
2324 4579 2349 4613 ,
2388 4543 2627 4617 tamen,
2674 4539 2873 4604 relata
2918 4543 2998 4606 ad
3041 4549 3252 4608 actum

1681 4629 1911 4692 mentis
1935 4628 2188 4705 divino,
2220 4629 2389 4694 idem
2416 4649 2677 4712 prorsus
2698 4633 3076 4718 significant,
3103 4641 3253 4720 quia

1684 4740 1782 4796 ea.
1823 4737 1967 4801 qum
1998 4722 2169 4785 Deus
2194 4722 2335 4786 fleri
2364 4723 2606 4801 defluit,
2652 4725 2845 4789 etiam
2876 4729 3246 4809 praedeflnit.

1683 4833 1828 4878 cum
1885 4815 2027 4894 ejus
2078 4815 2359 4880 definitio
2409 4835 2661 4900 semper
2719 4823 3094 4896 antecedat;
3153 4832 3252 4886 est

1685 4909 1854 4972 enim
1893 4914 2131 4970 aeterna
2156 4957 2170 4983 ,
2214 4927 2319 4978 res
2346 4917 2558 4974 autem
2586 4912 2839 4975 definita
2870 4913 2937 4976 in
2964 4921 3249 4997 tempore

1683 5000 1774 5066 flt.
1823 5001 1999 5070 Unde
2027 5001 2310 5083 Dionys„
2342 5021 2400 5068 o.
2434 5005 2475 5068 Β
2502 5003 2582 5070 de
2612 5003 2815 5069 Divin.
2846 5023 3048 5083 nom..
3082 5010 3249 5073 eirca

1683 5092 1916 5160 finem:
1939 5093 2231 5172 Divinae,
2251 5097 2478 5178 inquit,
2508 5099 2867 5177 volemum,
2892 5119 3095 5166 eorum
3119 5121 3255 5186 quoe

1686 5193 1833 5252 sunt
1885 5187 2257 5268 definitivas,
2306 5191 2872 5276 pradestinatiom
2930 5195 3253 5279 Phaloria

1686 5287 1877 5350 vovat-

1771 5381 1829 5442 3.
1878 5377 2161 5451 Socanda
2187 5378 2500 5464 expositio.
2514 5383 2867 5450 -Rotenta
2894 5386 3086 5470 igitur
3110 5387 3251 5452 vul-

1691 5475 1836 5555 gata
1863 5472 2157 5552 lectione,
2186 5479 2283 5540 ost
2310 5475 2589 5543 secunda
2619 5477 2803 5544 lectio
2833 5485 2895 5543 et
2924 5479 3248 5560 expositio,
