3892 6167
525 315 645 380 832³.

523 429 653 488 tem
680 423 750 486 in
774 428 996 486 morte.
1026 423 1104 484 Et
1127 419 1328 484 simile
1353 419 1566 483 videre
1595 421 1768 482 estin
1784 417 2086 500 parabola

525 517 605 580 de
647 518 850 579 villico
895 516 1270 596 iniquitatis,
1317 515 1465 577 Luc.
1507 516 1601 590 16,
1643 520 1712 576 ut
1754 514 1842 576 ibi
1881 513 2089 574 Theo-

523 611 728 690 phyl„
757 616 824 671 et
861 610 1186 688 Euthym„
1214 627 1327 669 suo
1375 626 1513 688 cap.
1551 610 1650 684 58,
1690 607 2081 679 indicarunt:

524 704 674 769 hinc
691 705 880 767 etiam
905 703 1104 778 Paul„
1127 707 1166 765 2
1187 703 1268 764 ad
1287 701 1565 764 Corinth.
1585 705 1645 776 ὃ,
1665 718 2087 782 unumquem-

525 812 650 876 que
677 797 766 858 sit
789 813 928 858 esse
952 795 1388 875 judicandum,
1419 801 1603 875 prout
1638 797 1830 876 possit
1853 795 1926 856 in
1953 811 2086 858 cor-

517 909 696 972 pore,
728 897 798 954 ut
843 893 1105 969 August.
1151 891 1412 966 notavit,
1449 890 1559 952 lib.
1604 890 1683 952 de
1711 887 2079 952 Praedestin.

523 985 756 1061 Sanc-t„
787 1005 844 1048 c.
877 989 991 1059 123
1022 989 1085 1047 et
1111 984 1253 1046 ideo
1275 990 1526 1060 monet,
1555 984 1636 1046 ad
1663 984 1864 1046 Galat.
1891 984 1957 1060 6,
1984 989 2076 1058 ut,

521 1080 664 1142 aum
691 1084 924 1158 tempus
959 1079 1258 1152 habmus,
1295 1095 1602 1158 operemur
1631 1079 1868 1153 bonum,
1909 1078 2079 1156 quia,

519 1179 590 1235 nt
615 1174 701 1235 ibi
730 1171 1124 1252 praedixerat,
1167 1191 1300 1253 quoe
1326 1171 1707 1236 seminaverit
1740 1173 1931 1246 homo,
1960 1173 2084 1236 Ῑιιεο

518 1272 576 1331 ot
601 1271 798 1338 metet,
832 1273 900 1328 ut
929 1273 1098 1328 recte
1127 1266 1490 1345 Hieronym.
1523 1265 1817 1339 adver-tin
1849 1271 1912 1326 et
1937 1280 2085 1346 pro-

517 1366 657 1439 pter
683 1360 848 1421 hano
875 1359 1144 1422 fortasse
1175 1375 1430 1420 causam
1464 1359 1706 1420 vocavit
1745 1358 2011 1432 Paulus»,
2043 1361 2074 1419 1

517 1451 600 1514 sd
627 1452 902 1514 Corinth.
933 1455 997 1526 6,
1029 1459 1280 1532 tempus
1309 1453 1450 1526 hoc,
1485 1459 1716 1530 tempus
1745 1452 2083 1532 acceptabi-

513 1545 591 1620 le,
623 1552 681 1610 ct
715 1547 870 1610 diem
909 1547 1161 1622 salutis,
1197 1548 1379 1626 quia,
1411 1550 1481 1607 ut
1524 1546 1942 1624 Hieronymus
1982 1545 2083 1604 in-

514 1639 671 1719 quit,
703 1645 931 1719 tempus
961 1641 1240 1704 sementis
1285 1646 1376 1703 est
1415 1657 1686 1722 proesem
1724 1643 1855 1702 vita
1902 1655 2081 1718 quam

515 1733 853 1804 summan
893 1749 1026 1796 cum
1059 1735 1188 1798 ista
1215 1735 1344 1796 vita
1374 1733 1728 1808 transierit,
1769 1733 2078 1812 operandi,

517 1824 584 1886 id
638 1831 753 1898 cst,
789 1827 1109 1902 merendi,
1141 1834 1371 1909 tempus
1417 1828 1724 1904 aufertur.
1773 1825 1882 1886 Est
1929 1842 2081 1904 ergo

521 1918 660 1980 sine
703 1918 898 1980 dubio
941 1919 1072 1984 haec
1113 1919 1423 2000 generalis
1451 1921 1554 1982 lex
1583 1939 1620 1980 a
1668 1921 1794 1982 Deo
1825 1925 2078 1990 statuta,

516 2015 588 2069 ut
612 2009 900 2072 homines
932 2013 1170 2092 possint
1193 2015 1258 2076 in
1282 2015 1402 2076 hac
1427 2015 1558 2075 vita
1584 2012 1837 2086 mereri,
1859 2019 1925 2074 et
1954 2029 2081 2072 non

517 2103 810 2182 amplius,
837 2113 904 2168 ut
929 2123 1004 2167 ex
1029 2107 1322 2169 omnibns
1339 2106 1540 2170 citatis
1565 2107 1898 2187 Scripturas
1927 2106 2083 2168 locis

517 2197 732 2259 Patres
757 2199 928 2262 illam
959 2208 1346 2279 exponentes
1379 2202 1748 2265 docuerunt.

596 2290 656 2352 6.
711 2290 962 2356 Boario.
989 2325 1074 2342 --
1101 2295 1376 2373 Objoctio.
1395 2327 1478 2342 —
1505 2295 1851 2376 Responsio.
1871 2329 1955 2342 --
1974 2294 2077 2356 Di-

517 2389 621 2444 cet
645 2399 794 2446 vero
823 2386 1088 2448 fortusse
1116 2389 1362 2467 aliquis,
1395 2391 1560 2450 hanc
1583 2390 1869 2468 regulam
1899 2397 1965 2452 et
1990 2389 2077 2449 le·

515 2493 660 2556 gem
689 2479 957 2558 positam
989 2499 1128 2544 esse
1171 2501 1284 2561 pro
1317 2484 1492 2562 puris
1524 2484 1912 2558 hominibus,
1943 2499 2075 2544 non

515 2575 730 2634 tamen
759 2575 1314 2654 comprehendisse
1335 2578 1668 2651 Christum,
1687 2579 1798 2657 qui
1817 2583 2079 2658 propter

520 2663 952 2730 excellentiam
993 2687 1276 2748 personas
1327 2689 1456 2732 suae
1501 2672 1750 2733 videtur
1789 2672 1856 2734 in
1901 2673 2075 2734 omni

516 2763 684 2818 statu
712 2777 898 2838 posse
927 2766 1178 2826 mereri.
1211 2765 1336 2826 Sed
1360 2765 1490 2826 hoec
1519 2765 1804 2844 exceptio
1829 2765 1969 2844 plus
1988 2765 2077 2826 vi-

515 2851 701 2914 detur
731 2871 874 2918 esse
899 2873 1088 2935 quum
1135 2859 1488 2933 temeraria,
1533 2859 1680 2937 quia
1725 2865 1819 2920 est
1855 2865 2069 2922 con-tra

515 2949 861 3009 torrentem
889 2949 1350 3029 'theologorum
1397 2953 1700 3024 omnium,
1757 2957 1822 3014 et
1853 2959 2073 3014 contra

515 3040 879 3117 generalem
903 3061 1212 3106 canonem
1239 3046 1589 3125 Scripturas,
1633 3045 1770 3107 sine
1802 3046 1929 3108 ulla
1958 3048 2077 3108 Ec-

514 3130 724 3192 clesiae
757 3134 858 3198 vel
901 3135 1154 3198 Petrum
1205 3141 1600 3201 auctoritate.
1659 3140 1820 3211 Quin
1863 3139 2072 3218 potius

513 3226 799 3288 nonnulli
825 3227 1059 3305 Patres,
1095 3239 1482 3310 exponentes
1525 3233 1606 3294 ad
1637 3234 1755 3294 hoc
1787 3234 2075 3313 proposi-

512 3323 648 3380 tum
678 3321 869 3384 verba
923 3324 1030 3385 illa
1083 3326 1328 3396 Christi,
1358 3327 1541 3389 Joan.
1591 3331 1670 3389 9:
1703 3328 1808 3389 Me
1839 3333 2073 3406 oportet

513 3417 755 3492 operari
795 3433 978 3498 opera
1029 3419 1185 3497 ejus,
1222 3422 1330 3501 qui
1354 3421 1526 3484 misit
1565 3438 1680 3496 me,
1724 3422 1901 3484 donoc
1941 3422 2069 3484 dios

511 3513 620 3582 est,
679 3509 840 3572 venit
885 3527 1028 3587 socc,
1057 3515 1292 3594 quando
1337 3531 1506 3578 nemo
1539 3519 1734 3594 potest
1785 3515 2062 3594 operari,

508 3608 1172 3682 pernoctem‚mortcm
1186 3607 1701 3686 interpretantur,
1729 3613 2066 3686 postquam

507 3709 698 3756 nemo
727 3697 1044 3761 meritorie
1065 3701 1312 3780 operari
1330 3705 1574 3780 potest3
1609 3706 1839 3762 etcum
1867 3698 2069 3762 Chris-

507 3790 612 3849 tus
627 3788 996 3868 loqueretur
1023 3793 1102 3855 de
1141 3795 1369 3874 seipso,
1411 3794 1689 3874 seipsum
1721 3795 1840 3855 sub
1869 3811 2067 3874 nega-

505 3881 680 3944 tione
711 3886 1046 3949 universali
1093 3889 1588 3968 comprehendit.
1623 3891 1771 3964 Quae
1819 3889 2065 3967 exposi-

505 3976 592 4038 tio
636 3979 946 4060 colligitur
991 4001 1072 4044 ex
1124 3985 1589 4063 chrysostomo,
1642 3986 1812 4045 hom.
1873 3986 1953 4045 55
1994 3983 2062 4044 in

504 4071 688 4134 Joan.
717 4093 732 4146 ;
770 4078 956 4154 Aug„
988 4083 1165 4139 tract.
1203 4081 1280 4140 44
1305 4078 1372 4140 in
1410 4079 1593 4140 Joan.
1611 4093 1632 4156 3
1664 4078 2057 4156 Hieronym„

506 4183 646 4246 sup.
667 4169 831 4231 Eccl.
859 4173 923 4245 9,
955 4176 1020 4233 et
1047 4172 1128 4234 ad
1145 4173 1342 4235 Galat.
1371 4176 1411 4235 6
1427 4189 1448 4250 3
1467 4173 1682 4251 Greg„
1714 4171 1824 4233 lib.
1851 4173 1891 4232 4
1915 4171 2061 4232 Dia-

503 4259 660 4338 log„
697 4280 752 4326 c.
785 4265 864 4325 39
887 4285 904 4339 ;
929 4265 1121 4343 Orig.,
1153 4266 1365 4328 homil.
1418 4267 1456 4328 3
1487 4267 1550 4326 in
1603 4265 1764 4328 Psal.
1815 4265 1916 4337 36,
1950 4265 2059 4326 ubi

503 4353 586 4415 ud
615 4354 736 4418 hoc
760 4357 932 4417 varia
975 4357 1310 4438 Scripturae
1355 4359 1710 4421 testimonia
1759 4359 1828 4420 in
1873 4375 2061 4420 sensu

501 4447 766 4527 mystico
791 4451 1242 4514 accommodat.
1268 4452 1462 4514 Aliter
1483 4451 1607 4514 dici
1639 4457 1867 4532 potest,
1893 4451 2059 4514 hanc

502 4539 732 4619 legem,
765 4543 935 4620 quod
964 4548 1160 4606 status
1181 4546 1464 4609 merendi
1492 4546 1696 4608 solum
1733 4546 1915 4608 duret
1939 4565 2057 4625 pro

503 4639 786 4713 tempore
827 4637 1018 4716 huJ'us
1061 4638 1223 4714 vites,
1273 4638 1748 4720 intelligendam
1789 4657 1955 4715 esse,-
1992 4645 2061 4702 ut

501 4728 642 4807 quis
661 4731 860 4808 possit
889 4730 1002 4792 sibi
1033 4734 1284 4806 mereri,
1312 4751 1441 4794 non
1466 4751 1615 4796 vero
1633 4734 2059 4814 utpossitme-

499 4822 625 4882 reri
665 4822 834 4899 aliis;
869 4826 1047 4905 cujus
1069 4825 1224 4888 ratio
1257 4827 1432 4888 reddi
1461 4831 1686 4907 potest,
1737 4826 1887 4904 quia
1915 4831 2059 4905 post

499 4914 664 4978 hanc
687 4916 875 4977 vitam
900 4918 1091 4980 homo
1124 4920 1348 4999 recipit
1373 4919 1699 4998 praemium
1727 4919 1842 4980 sibi
1873 4917 2057 4981 debi-

497 5013 656 5082 tum,
689 5015 752 5070 et
777 5009 918 5072 ideo
935 5029 1065 5074 non
1083 5019 1287 5092 potest
1305 5012 1468 5076 ultra
1495 5012 1614 5074 sihi
1629 5013 1880 5087 mereri,
1909 5029 2055 5073 cum

497 5100 579 5163 sit
613 5103 988 5165 constitutus
1028 5106 1094 5166 in
1127 5106 1416 5168 termino.
1473 5107 1606 5167 Hoc
1655 5111 1865 5168 autem
1906 5123 2053 5166 non

496 5195 704 5258 obstat
734 5196 884 5276 quin
905 5197 1108 5276 possit
1143 5199 1373 5261 mereri
1424 5199 1582 5274 aliie,
1631 5199 1738 5278 qui
1769 5197 2053 5260 nondum

493 5289 560 5350 in
573 5290 844 5351 termino
867 5291 1186 5352 constituti
1215 5297 1362 5353 sunt
1392 5292 1654 5372 ;poterit
1681 5309 1834 5372 ergo
1853 5291 2055 5352 Chris-

492 5388 596 5444 tus
623 5382 815 5444 etiam
847 5402 1018 5446 nunc
1059 5387 1289 5446 mereri
1314 5385 1537 5447 saltem
1585 5385 1726 5448 aliis
1755 5401 1776 5463 3
1809 5401 1961 5444 nam
1992 5387 2055 5446 et

490 5477 778 5541 nonnulli
837 5477 1138 5558 Theologi
1189 5479 1539 5546 docuerunt
1593 5497 1779 5566 posse
1831 5475 2053 5541 beatos

1701 329 1706 336 '
1749 317 1985 384 QUAEST.
2018 312 2150 370 xlx.
2182 319 2386 376 Arme.
2420 321 2504 374 ut.

2166 421 2395 482 mereri
2425 419 2649 483 saltem
2672 419 2749 482 de
2778 437 3083 499 congruo,
3107 440 3237 502 quo
3289 425 3470 488 modo
3510 428 3667 491 inter-

2166 511 2319 574 dum
2338 514 2583 576 locutus
2612 519 2709 576 est
2744 514 2812 574 D.
2838 515 3133 590 Thomas,
3162 518 3231 578 in
3258 519 3321 591 4,
3342 519 3479 582 dist.
3506 525 3594 598 21,
3616 541 3663 602 q.

2170 611 2228 682 1,
2260 614 2375 670 art.
2409 612 2469 682 3,
2503 609 2584 670 ad
2604 611 2667 683 4,
2710 609 2819 669 ubi
2862 609 2943 670 de
2994 611 3329 673 animabus
3374 621 3665 695 purgatorii

2164 701 2463 780 loquitur.
2488 702 2549 764 Si
2571 719 2725 782 ergo
2740 703 3029 764 allibesti
3054 707 3418 783 possunt-de
3439 727 3668 788 congruo

2164 797 2417 868 mereri,
2436 797 2663 876 poterit
2686 797 2967 858 Christus
2980 797 3061 859 de
3082 799 3416 879 condigno.
3439 803 3555 864 >Sed
3572 805 3670 865 haec

2164 889 2377 950 evasio
2404 907 2533 951 non
2558 896 2657 952 est
2674 891 2876 969 magis
2902 891 3243 971 probabilis
3280 910 3467 972 quam
3484 910 3672 976 praece-

2161 982 2339 1056 dens,
2372 983 2519 1060 quia
2546 983 2865 1064 Scriptura
2894 985 3179 1047 absolute
3200 993 3269 1048 et
3308 988 3439 1048 sine
3466 988 3673 1051 distine-

2165 1075 2337 1138 tione
2366 1075 2643 1154 loquitur
2675 1076 2754 1138 de
2788 1076 3035 1150 merito,
3070 1085 3133 1140 ct
3179 1080 3395 1142 Sancti
3424 1083 3673 1144 achieo-

2164 1169 2290 1248 logi
2310 1170 2395 1231 ita
2432 1170 2597 1230 illem
2618 1170 3133 1250 interpretantur,
3159 1174 3501 1252 praesertim
3524 1193 3673 1254 agen·

2166 1267 2261 1324 tes
2284 1262 2367 1324 de
2392 1263 2648 1342 proprio
2672 1263 2899 1325 merito
2924 1263 3005 1326 de
3042 1267 3357 1344 condigno
3384 1269 3541 1329 etde
3574 1270 3673 1347 jus·

2164 1354 2321 1416 titia.
2352 1355 2413 1418 Si
2438 1363 2655 1418 autem
2680 1355 2993 1418 distinctio
3020 1357 3169 1420 data
3211 1359 3580 1422 admittenda
3600 1379 3673 1421 cs·

2164 1456 2281 1521 set,
2312 1466 2439 1509 non
2466 1449 2667 1510 solum
2696 1449 2777 1512 de
2810 1448 3073 1524 Christe,
3106 1452 3219 1513 sed
3251 1455 3439 1514 etiam
3474 1454 3547 1514 de
3588 1473 3674 1516 οε-

2163 1542 2311 1602 teris
2340 1541 2539 1604 beatis
2560 1543 3031 1606 concedendum
3064 1551 3257 1621 esset,
3278 1562 3421 1607 esse
3450 1563 3599 1609 nunc
3626 1551 3672 1609 in

2164 1639 2329 1694 statu
2358 1636 2423 1695 in
2450 1653 2576 1713 quo
2610 1643 2875 1714 possunt
2920 1639 3150 1699 mereri
3204 1639 3366 1712 aliis,
3406 1657 3477 1701 eo
3524 1643 3675 1702 modo

2164 1745 2289 1808 quo
2319 1730 2382 1788 in
2412 1729 2509 1790 via
2540 1737 2829 1809 poterant
2857 1752 2876 1806 3
2911 1747 3063 1811 ergo
3112 1733 3255 1812 pari
3288 1734 3523 1794 ratione
3566 1753 3675 1813 pos-

2164 1829 2305 1885 sent
2328 1823 2443 1884 sibi
2474 1824 2704 1886 mereri
2740 1823 2822 1886 de
2880 1824 3193 1905 condigno
3250 1825 3559 1906 quidquid·
3580 1827 3677 1888 illis

2164 1918 2449 1994 deesset3
2480 1935 2628 1979 nam
2654 1925 2857 1980 status
2902 1920 3311 1982 beatitudinis
3362 1928 3425 1982 et
3466 1922 3675 1983 termini

2165 2011 2369 2072 solum
2398 2017 2611 2091 posset
2624 2011 2929 2092 impedire
2952 2015 3251 2075 meritum
3273 2015 3481 2093 quoad
3504 2015 3679 2095 ipsam

2162 2106 2523 2178 tenuinum,
2552 2123 2665 2166 seu
2690 2106 2901 2185 quoad
2927 2106 3386 2170 beatitudinem
3424 2108 3676 2169 essentia·

2162 2199 2311 2275 lem,
2338 2217 2465 2260 non
2480 2215 2631 2260 vero
2654 2200 2865 2279 quoad
2888 2201 3275 2264 accidentale
3296 2201 3679 2282 complemen-

2160 2298 2294 2354 tum
2330 2279 2612 2354 nondum
2650 2301 3102 2372 compar-atum.
3136 2295 3521 2374 sequeretur
3552 2310 3675 2374 ergo

2156 2385 2358 2466 primo
2362 2430 2383 2462 ,
2396 2387 2517 2448 adh
2526 2403 2602 2448 uc
2620 2403 2807 2466 posse
2829 2387 3138 2450 Christum
3158 2389 3283 2450 sihi
3304 2389 3528 2452 mereri
3542 2389 3677 2450 exal·

2157 2481 2458 2542 tationem
2516 2487 2583 2542 et
2622 2481 3192 2544 manifestationem
3254 2483 3355 2544 sui
3406 2481 3669 2556 nominis,

2158 2591 2347 2654 quam
2360 2575 2754 2654 nondum-est
2766 2575 2953 2655 plene
2966 2583 3318 2638 assecutus.
3338 2577 3674 2655 Sequeretur

2158 2667 2454 2740 secundo,
2463 2685 2647 2747 posse
2661 2669 2905 2730 animas
2924 2669 3147 2732 beatas
3162 2669 3400 2732 mereri
3413 2669 3487 2731 de
3500 2667 3673 2729 condi·

2157 2779 2281 2842 gno
2308 2762 2570 2841 gloriam
2605 2763 3051 2826 accidentalem
3066 2769 3131 2825 et
3154 2763 3669 2834 resurrectionem,

2156 2861 2217 2917 et
2246 2855 2508 2934 gloriam
2536 2873 2793 2918 suorum
2823 2873 3179 2935 corporum,
3208 2857 3311 2918 his
3340 2857 3505 2920 enim
3526 2854 3672 2915 bonis

2155 2947 2363 3010 adhuc
2410 2955 2647 3024 carent,
2694 2955 2759 3011 et
2798 2965 2875 3012 ea
2922 2957 3146 3030 petunt
3194 2969 3278 3014 ac
3328 2949 3667 3012 desiderant.

2154 3043 2535 3120 sequeretur
2574 3043 2757 3104 tertio
2778 3089 2793 3116 ,
2826 3043 3071 3105 animas
3098 3045 3441 3108 existentes
3464 3045 3525 3104 in
3552 3060 3669 3122 pur-

2154 3135 2395 3215 gatorio
2420 3153 2605 3215 posse
2622 3153 2739 3214 per
2766 3136 3023 3198 modum
3044 3138 3256 3199 meriti
3279 3138 3567 3214 consequi
3592 3153 3669 3196 re·

2152 3228 2512 3292 missi-onem
2539 3247 2869 3308 poenarum
2892 3250 2907 3304 ς
2946 3249 3089 3310 quse
3113 3233 3336 3292 omnia
3364 3231 3512 3292 falsa
3532 3235 3667 3298 sunt,

2152 3327 2216 3382 et
2248 3325 2464 3383 contra
2494 3339 2711 3384 omues
2738 3323 3121 3404 TheologoS.
3149 3325 3261 3385 Illa
3306 3330 3511 3387 autem
3536 3324 3673 3383 locu·

2148 3416 2233 3478 lio
2261 3416 2343 3477 de
2366 3417 2583 3478 merito
2612 3416 2693 3479 de
2738 3434 3042 3498 congrue,
3090 3419 3439 3498 impropria
3464 3425 3579 3490 est;
3598 3418 3673 3476 in·

2149 3508 2391 3572 terdum
2424 3510 2594 3570 enim
2624 3511 2829 3572 omnis
2867 3511 3237 3592 impetrati0‚
3274 3513 3559 3574 meritum
3606 3510 3669 3570 de

2147 3619 2426 3682 congruo
2470 3604 2840 3684 appellatur,
2876 3606 3127 3686 proprie
3164 3611 3385 3668 lamen
3415 3606 3669 3666 meritum

2146 3713 2272 3758 non
2305 3703 2417 3760 est.
2474 3699 2549 3760 Et
2576 3700 2663 3760 ita
2704 3699 2776 3764 D.
2805 3699 3107 3777 ThomaS,
3142 3704 3163 3761 l
3200 3719 3295 3781 p.‚
3350 3720 3415 3780 q.
3450 3701 3545 3773 62,
3572 3704 3666 3759 art.

2146 3795 2203 3865 9,
2231 3791 2311 3853 ad
2338 3795 2401 3868 3,
2446 3792 2813 3872 simpliciter
2842 3800 3035 3874 negat
3072 3799 3263 3857 omne
3294 3795 3576 3859 meritum
3619 3792 3669 3851 in

2146 3883 2369 3960 beatis,
2405 3887 2722 3948 eteoclem
2748 3887 2937 3949 modo
2966 3889 3349 3968 loquitur·de
3380 3887 3667 3950 animabus

2142 3980 2509 4057 purgatorii,
2558 3996 2621 4056 q.
2675 3985 2711 4042 7
2740 3981 2819 4042 de
2847 3981 3053 4057 Male,
3101 3989 3219 4044 art.
3264 3986 3335 4044 Η
3365 4006 3383 4058 ;
3439 3983 3665 4054 Bonav.‚

2143 4073 2337 4147 Scot.‚
2370 4078 2436 4135 et
2462 4074 2571 4136 alii
2592 4075 2915 4156 Theologi,
2938 4076 3002 4136 in
3031 4081 3093 4154 4,
3118 4077 3261 4139 dist.
3300 4081 3401 4141 21.

2222 4170 2283 4226 7.
2324 4167 2640 4242 Secundo,
2672 4175 2882 4248 potest
2925 4171 3057 4232 haec
3102 4172 3265 4232 ratio
3326 4171 3579 4252 amplius
3616 4167 3665 4228 in

2144 4259 2384 4321 Christo
2414 4261 2735 4340 explicari,
2794 4263 2943 4341 quia
2984 4269 3056 4324 ut
3090 4281 3282 4343 supra
3312 4265 3661 4333 dicebamus,

2142 4371 2205 4432 q.
2242 4357 2301 4427 1,
2336 4371 2395 4414 a.
2428 4357 2489 4429 2,
2520 4371 2667 4418 cum
2696 4357 2773 4416 D.
2801 4356 3039 4420 Thema
3060 4402 3081 4432 ,
3114 4357 3408 4429 Quodlib.
3448 4359 3505 4429 2,
3534 4375 3583 4416 a.
3612 4357 3660 4427 2,

2140 4447 2286 4510 licet
2304 4445 2629 4526 quodlibet
2657 4449 2877 4511 Christi
2904 4469 3064 4530 opus
3106 4469 3225 4532 per
3264 4469 3335 4512 se
3386 4449 3662 4513 sufficiens

2142 4546 2309 4602 esset
2335 4539 2417 4602 ad
2444 4557 2635 4604 omne
2664 4543 2994 4621 praemium
3020 4544 3454 4619 obtinendum,
3482 4549 3660 4602 tamen

2141 4651 2217 4696 cx
2250 4633 2457 4696 divino
2486 4640 2669 4714 pacto
2702 4641 2763 4696 et
2782 4636 3181 4698 ordinatione
3210 4638 3442 4700 factum
3470 4641 3571 4711 est,
3606 4637 3660 4692 ut

2140 4733 2272 4788 tota
2300 4726 2523 4788 Christi
2553 4728 2674 4788 vita
2710 4728 3109 4792 ordinaretur
3138 4730 3215 4792 ad
3250 4732 3552 4810 integrum
3574 4729 3659 4804 jus

2140 4819 2575 4897 obtinendum,
2604 4823 2783 4901 quasi
2817 4841 2931 4904 per
2962 4824 3221 4886 modum
3276 4825 3461 4886 unius
3486 4817 3655 4882 meriti

2138 4914 2205 4976 in
2231 4919 2433 4976 morte
2474 4913 2699 4978 Christi
2744 4917 3248 4980 consummandi.
3290 4918 3465 4980 Unde
3500 4916 3562 4976 fit
3606 4913 3653 4971 in

2136 5007 2275 5088 ipsa
2299 5013 2499 5070 morte
2526 5007 2873 5072 obtinuisse
2909 5012 3173 5090 plenum
3192 5012 3298 5090 jus
3342 5017 3405 5074 et
3454 5007 3657 5090 perfee-

2136 5107 2269 5164 tum
2302 5101 2383 5162 ad
2404 5101 2617 5162 omnia
2644 5105 2921 5182 praemia,
2950 5121 3091 5182 quae
3112 5105 3457 5167 secundum
3483 5103 3652 5180 legem

2136 5195 2521 5259 ordinariam
2544 5197 2773 5258 mereri
2797 5203 3077 5276 poterat3
3110 5205 3174 5260 et
3196 5198 3337 5260 ideo
3362 5215 3485 5260 non
3500 5209 3653 5274 opor·

2137 5287 2273 5351 tuit
2304 5294 2371 5350 ut
2422 5295 2642 5369 postea
2698 5298 3048 5353 mereretur
3073 5309 3089 5366 ς
3134 5309 3307 5366 nam,
3351 5294 3647 5371 postquam

2136 5384 2277 5464 quis
2309 5384 2637 5462 acquisivit
2682 5384 3025 5465 perfectum
3082 5392 3145 5448 et
3196 5385 3537 5448 absolutum
3567 5381 3649 5458 jus

2138 5477 2215 5538 ad
2244 5477 2594 5557 praemium,
2616 5497 2741 5540 non
2758 5480 3035 5566 estquod
3058 5481 3326 5568 amplius
3346 5479 3641 5548 mereatur,
