3892 6167
1353 338 1676 397 niseuwr.
1710 339 1884 395 xm·
1918 342 2091 397 SEGT.
2128 344 2213 399 vl.

172 455 264 501 mo
307 437 390 501 ad
431 436 802 501 efficiendas
831 436 953 499 has
980 437 1494 518 supernaturales
1536 437 1730 501 actio-

169 550 292 593 nes·
319 531 447 594 Sed
478 532 600 595 hoc
626 530 782 593 nihil
811 531 1054 607 obstat,
1094 531 1264 613 quia,
1308 538 1377 593 ut
1411 548 1601 613 supra
1631 550 1730 593 os·

169 633 404 689 tensum
427 630 550 699 est,
571 626 723 687 unio
745 625 1139 706 hypostatica
1163 624 1508 689 formaliter
1533 632 1596 689 et
1613 644 1730 706 per

170 738 232 783 se
255 721 462 799 ipsam
491 738 622 781 non
651 720 974 783 constituit
1001 720 1458 783 humanitatem
1486 722 1554 781 in
1583 727 1726 784 actu

166 813 364 893 primo
407 814 496 877 ad
533 814 776 895 aliquid
827 814 1308 893 supernaturale
1353 815 1674 893 agendum
1705 835 1722 895 ;

167 910 306 990 qnia
341 908 452 971 illa
505 909 658 971 unio
685 926 816 971 non
847 912 946 971 est
983 908 1328 973 formaliter
1375 909 1460 971 ad
1507 928 1722 990 agere,

171 1004 268 1067 sed
293 1004 380 1067 ad
409 1021 558 1067 esse
585 1010 650 1067 et
677 1003 1040 1067 subsistere.
1083 1004 1264 1067 Unde
1313 1004 1610 1082 Verbum,
1654 1012 1726 1069 ut

171 1098 532 1161 humanitati
562 1098 836 1174 unitum,
863 1117 992 1159 non
1015 1104 1109 1162 est
1135 1098 1221 1159 illi
1251 1099 1530 1161 formalis
1557 1100 1718 1161 ratio

169 1193 462 1275 operandi
481 1193 744 1274 aliquid,
761 1194 878 1255 sed
903 1192 1304 1267 subsistendi,
1327 1196 1614 1274 quamvis
1641 1195 1724 1258 sit

163 1288 332 1351 radix
371 1288 460 1351 ob
495 1305 692 1367 quam
717 1288 902 1351 datur
929 1288 1306 1351 humanitati
1337 1289 1534 1351 virtus
1561 1307 1722 1369 ope-

163 1380 332 1443 randi
359 1381 692 1445 miracula.
727 1381 908 1456 Quod
933 1380 1128 1445 etiam
1154 1386 1350 1460 patet,
1377 1382 1526 1461 quia
1565 1382 1720 1445 unio

163 1483 388 1547 creata,
427 1492 574 1555 quie
610 1482 702 1537 est
741 1476 808 1535 in
853 1475 1242 1539 humanitate
1291 1476 1370 1537 ad
1411 1476 1716 1554 Verbum,

157 1570 502 1631 formaliter
529 1576 592 1631 et
617 1575 846 1633 natura
871 1588 990 1631 sua
1019 1588 1150 1632 non
1177 1576 1272 1633 est
1307 1571 1533 1646 activa,
1567 1572 1718 1649 quia

155 1664 350 1727 solum
394 1669 496 1727 est
521 1664 752 1725 modus
779 1663 1040 1742 quidam
1069 1664 1318 1727 unionis
1353 1665 1434 1727 ad
1483 1665 1716 1727 subsis-

149 1757 446 1829 tendum;
473 1758 880 1833 subsistentia
899 1759 1051 1823 item
1069 1758 1280 1831 Verbi,
1303 1764 1374 1823 ut
1395 1759 1574 1821 unita
1601 1759 1716 1821 hu·

149 1851 456 1925 manituti,
481 1868 612 1915 non
635 1860 730 1917 est
755 1853 960 1917 activa
985 1852 1068 1915 ad
1099 1859 1296 1930 extra,
1323 1854 1472 1933 quia
1498 1854 1712 1917 unitur

147 1952 212 2007 ut
241 1952 340 2009 est
363 1946 624 2026 propria
647 1946 784 2009 Filii
807 1965 826 2021 ;
853 1946 1144 2010 divinitas
1173 1954 1386 2011 autem
1411 1966 1542 2011 non
1569 1949 1714 2011 uni-

144 2048 240 2103 tur
263 2041 676 2116 humanitati,
699 2042 820 2105 nisi
843 2042 1090 2105 ratione
1119 2041 1558 2117 subsistentia,
1577 2062 1710 2107 non

143 2154 284 2197 vero
313 2136 382 2196 in
409 2137 664 2199 ratione
685 2136 904 2199 formai
935 2137 1188 2217 agendi.

215 2232 317 2295 28.
345 2230 512 2304 Imo,
537 2230 592 2291 si
619 2232 736 2293 hac
753 2231 996 2293 ratione
1017 2232 1324 2308 uniretur,
1339 2234 1512 2313 quod
1531 2252 1569 2297 a
1597 2234 1704 2297 tali

137 2326 360 2387 virtute
387 2324 916 2389 denominaretur
937 2344 1154 2405 agens,
1177 2344 1308 2389 non
1337 2334 1552 2406 posset
1579 2327 1704 2391 dici

137 2420 630 2483 instrumentum
653 2464 672 2493 ,
703 2419 816 2481 sed
841 2420 1050 2500 potius
1085 2439 1284 2501 agens
1329 2422 1702 2501 principale,

141 2516 348 2577 saltem
375 2514 878 2591 denominative,
897 2514 1046 2593 quia
1072 2532 1202 2577 non
1231 2521 1450 2593 ageret
1467 2516 1702 2595 princi·-

141 2610 278 2689 pale
301 2626 504 2687 agens
531 2624 652 2687 per
673 2608 902 2687 ipsum,
931 2609 1044 2670 sed
1071 2609 1278 2688 potius
1305 2608 1514 2689 ipsum
1551 2626 1704 2688 age·

147 2708 226 2765 ret
251 2721 366 2783 per
393 2703 706 2767 virtutem
741 2702 1102 2783 principalis
1136 2704 1382 2783 agentis
1419 2702 1534 2767 sibi
1563 2704 1706 2767 uni·-

151 2802 289 2871 tam;
331 2797 498 2859 sient
527 2814 700 2876 aqua
725 2814 926 2877 agens
955 2814 1072 2877 per
1105 2797 1384 2859 calorem
1419 2815 1552 2859 non
1591 2814 1706 2876 po·

149 2896 244 2953 toet
267 2890 398 2953 dici
417 2892 916 2955 instrumentum
945 2892 1196 2966 calori&
1227 2892 1342 2955 sed
1367 2892 1576 2970 potius
1595 2890 1704 2953 de-

145 2986 496 3048 nominatur
527 3003 730 3065 agens
754 2992 824 3048 ut
843 2986 1012 3065 quod
1045 2992 1108 3049 et
1129 2985 1474 3066 principale
1503 2985 1702 3049 deno-

141 3080 452 3155 minative,
479 3085 794 3160 quantum
817 3080 900 3142 ad
923 3098 1064 3143 eam
1081 3080 1416 3154 actionem,
1440 3098 1582 3160 quae
1605 3086 1704 3143 est

137 3192 159 3235 a
181 3176 426 3252 calme,
461 3180 534 3235 ut
561 3192 602 3235 a
627 3174 956 3255 principali
977 3175 1286 3255 principio
1313 3174 1568 3253 agendi.
1596 3176 1698 3249 Et,

135 3272 168 3330 si
193 3270 603 3350 fingeremus
641 3268 816 3331 illam
857 3269 1152 3331 virtutem
1183 3268 1528 3331 increatam
1563 3269 1696 3345 Dei,

134 3383 246 3426 uon
275 3368 542 3427 tantum
564 3364 938 3440 assistendo,
961 3363 1076 3427 sed
1097 3364 1288 3426 etiam
1309 3363 1700 3439 inhaerendO,

131 3460 430 3539 conjungi
475 3465 806 3531 creatur-ie,
859 3464 924 3520 et
971 3474 1112 3520 esse
1159 3461 1358 3519 totam
1385 3456 1700 3519 rationem

128 3553 350 3633 agendi
377 3596 400 3628 ,
441 3570 576 3613 non
605 3551 1096 3631 intelligeremus
1123 3550 1314 3615 talem
1343 3558 1702 3613 creaturam

131 3664 258 3708 esse
309 3648 838 3721 instrumentum,
893 3646 1004 3708 sed
1059 3644 1456 3707 denominari
1505 3662 1704 3725 agens

131 3741 474 3820 principale
505 3740 694 3819 quasi
715 3740 1144 3816 materialiter,
1169 3740 1330 3801 sicut
1351 3738 1587 3801 dictum
1607 3744 1704 3803 est

135 3834 212 3895 de
245 3854 408 3914 aqna
437 3834 650 3896 calida
679 3834 1116 3907 calefaciente3
1149 3850 1302 3912 ergo
1337 3834 1536 3895 multo
1567 3850 1702 3894 ma-

129 3928 242 4006 gis,
273 3930 326 3989 si
357 3929 702 4001 daremus,
735 3947 772 3989 a
801 3944 1176 4007 quacunque
1207 3926 1440 3989 unione
1467 3927 1570 3989 vel
1599 3944 1702 3989 as·

127 4022 412 4084 sistentia
425 4022 574 4084 talis
591 4022 862 4094 virtutis,
893 4038 1082 4101 posse
1109 4019 1503 4083 denominari
1531 4038 1702 4083 crea-

125 4122 332 4177 turam
357 4122 689 4196 agentem,
721 4134 798 4177 ea
825 4115 1068 4177 ratione
1095 4130 1226 4175 non
1253 4120 1421 4175 esset
1465 4114 1704 4176 instru-

126 4218 443 4283 mentum,
473 4209 590 4271 sed
615 4207 882 4271 haberet
906 4208 1096 4269 aliam
1123 4206 1700 4271 denominationem

127 4305 375 4383 agentis
399 4304 596 4365 veluti
627 4302 1040 4375 materialem,
1073 4316 1218 4380 qum
1247 4300 1702 4380 inexplicabilis

129 4404 240 4471 est,
267 4398 398 4459 nisi
439 4398 510 4457 in
539 4397 1056 4459 denominatione
1087 4394 1452 4474 suppositali
1485 4394 1574 4477 (ut
1611 4396 1702 4457 sie

136 4491 396 4570 dicam),
430 4508 576 4571 quse
603 4498 700 4552 est
729 4489 796 4551 in
827 4489 1068 4551 Christo
1099 4487 1364 4551 Domino
1391 4504 1508 4568 per
1534 4506 1704 4551 eom-

128 4584 633 4646 municationem
663 4583 1034 4648 idiomatum
1058 4628 1078 4659 ,
1115 4587 1429 4660 quatenus
1459 4582 1704 4644 ratione

133 4682 390 4743 unionis
433 4680 848 4760 hypostatica]
879 4677 1326 4740 denominatur
1366 4676 1470 4737 hic
1516 4676 1706 4739 homo

137 4792 410 4854 operans
441 4772 674 4835 virtute
705 4772 942 4847 divina,
972 4788 1218 4844 creans,
1251 4776 1398 4842 ete.;
1425 4770 1514 4831 sic
1535 4769 1708 4831 enim

139 4888 260 4930 non
297 4874 402 4929 est
441 4868 953 4940 instrumentum,
1005 4864 1120 4927 sed
1159 4863 1506 4944 principale
1557 4882 1710 4943 ope-

143 4982 304 5023 rans.
327 4962 530 5042 Igitur
545 4960 756 5022 divina
769 4960 968 5022 virtus
993 4959 1276 5021 increata
1302 4975 1432 5019 non
1457 4958 1542 5020 ita
1561 4976 1708 5019 con-

143 5056 420 5136 jungitur
437 5056 876 5117 instrumentis
905 5055 1058 5129 suis,
1075 5054 1250 5133 prius
1269 5058 1496 5114 natura
1517 5070 1708 5132 quam

152 5168 254 5227 per
278 5150 390 5211 illa
423 5154 749 5229 operatur,
782 5156 854 5211 ut
877 5166 992 5229 per
1016 5166 1084 5209 se
1115 5147 1314 5227 ipsam
1344 5146 1450 5207 illa
1477 5146 1712 5209 forma-

153 5240 282 5303 liter
305 5243 648 5305 constituat
675 5244 742 5303 in
773 5249 918 5304 actu
945 5242 1152 5321 primo
1181 5239 1264 5303 ad
1281 5240 1670 5319 operandum
1683 5262 1704 5316 3

167 5338 336 5417 igitur
377 5358 498 5419 per
547 5340 914 5418 hujusmodi
954 5340 1152 5401 solam
1195 5338 1498 5399 unionem
1547 5339 1710 5416 (quae

1810 438 1878 501 in
1911 446 2059 505 actu
2084 441 2325 522 primo,
2360 444 2481 509 nisi
2519 446 2585 509 in
2618 447 2711 511 eis
2745 459 3139 531 supponatur
3164 456 3380 539 aliqua

1809 533 1904 595 vis
1917 536 2150 615 agendi
2178 537 2540 617 intrinseca,
2558 541 2643 605 ita
2668 548 2735 605 ut
2766 545 2905 607 talis
2933 550 3285 614 constitutio
3310 554 3376 619 in

1810 633 1955 689 actu
1984 628 2189 707 primo
2220 631 2301 695 sit
2330 634 2513 713 quasi
2540 635 2621 697 ad
2648 638 3091 717 complendam
3114 644 3377 709 inchoa·-

1809 725 1938 783 tam
1973 723 2305 803 virtutem,
2346 745 2477 789 non
2506 728 2587 791 ad
2614 730 3062 797 conferendam
3094 737 3372 803 formali-

1806 818 1903 877 ter
1929 821 2124 881 totam
2152 818 2345 894 illam,
2372 822 2551 900 juxta
2583 842 2660 885 ea
2688 842 2833 904 quae
2862 828 3167 906 explicata
3198 839 3367 895 sunt.

1883 910 1985 971 29.
2032 912 2237 991 Atque
2266 913 2689 979 hinctaudem
2719 918 3133 996 concluditur,
3168 925 3371 991 solam

1805 1002 2421 1086 subordinationem,
2456 1010 2593 1074 sine
2634 1012 2845 1095 aliqua
2894 1015 3121 1079 virtute
3154 1018 3373 1081 intrin-

1801 1116 1949 1161 seca
1970 1117 2047 1161 ex
2062 1108 2243 1181 parte
2260 1104 2688 1181 instrumenti,
2717 1126 2844 1170 non
2862 1126 3053 1188 posse
3082 1113 3369 1179 sufficere

1801 1192 1882 1253 ad
1909 1192 2075 1255 hanc
2094 1195 2419 1275 physicam
2438 1199 2877 1279 efficientiam3
2894 1203 3021 1265 imo
3048 1222 3167 1268 nec
3186 1226 3369 1286 posse

1800 1284 2067 1367 intelligi
2093 1305 2313 1351 veram
2353 1291 2939 1359 subordinationem
2968 1296 3367 1363 instrumenti

1801 1382 1864 1439 et
1890 1380 2257 1461 principalis
2284 1384 2563 1463 agentis,
2594 1386 2715 1449 nisi
2744 1388 2811 1449 in
2838 1389 3255 1454 instrumento
3278 1398 3369 1455 ta-

1796 1469 1874 1533 lis
1923 1473 2121 1535 virtus
2149 1476 2249 1537 vel
2294 1487 2854 1561 praesupponatur,
2910 1482 3013 1543 vel
3068 1484 3363 1549 addatur.

1797 1566 2102 1629 Probatur
2126 1569 2355 1649 primo,
2383 1573 2531 1651 quia
2558 1574 2701 1635 talis
2720 1574 3179 1653 subordinatio‚
3206 1596 3369 1658 prae·

1795 1664 1892 1723 ter
1919 1678 2173 1725 omnem
2218 1666 2542 1729 entitatem
2592 1685 2733 1747 quaa
2779 1668 3119 1733 intrinsece
3150 1672 3365 1735 existit

1793 1752 1860 1815 in
1887 1754 1994 1815 illa
2016 1774 2087 1819 re
2112 1774 2281 1836 quas,
2314 1762 2381 1821 ut
2422 1758 2935 1838 instrumentum,
2984 1764 3209 1829 dicitur
3250 1784 3359 1829 su·

1791 1844 2111 1911 bordinari
2141 1850 2299 1927 Deo,
2324 1870 2454 1915 non
2480 1854 2649 1917 addit
2678 1856 2799 1918 nisi
2828 1856 3029 1919 solam
3058 1860 3363 1925 extrinse-

1791 1960 1932 2007 cam
1962 1945 2545 2011 denominationem
2568 1994 2587 2023 ,
2616 1951 2763 2031 quia
2786 1952 2951 2017 inter
2972 1953 3363 2019 additionem

1789 2036 2197 2103 intrinsecam
2232 2047 2295 2105 et
2322 2042 2901 2109 denominationem
2942 2048 3363 2113 extrinsecam

1789 2150 1916 2194 non
1935 2140 2143 2213 potest
2167 2135 2445 2197 medium
2472 2140 2848 2219 excogitari3
2870 2140 2975 2203 hic
2994 2148 3205 2204 autem
3228 2162 3361 2207 non

1787 2226 1858 2289 fit
1883 2226 2117 2289 additio
2166 2228 2531 2309 intrinseca,
2576 2240 2649 2295 ut
2696 2235 3108 2315 supponitur;
3146 2236 3353 2299 solum

1788 2338 1938 2402 ergo
1972 2320 2349 2401 relinquitur
2372 2324 2799 2389 denominatio
2838 2331 3223 2409 extrinseca;
3260 2350 3355 2393 er·

1785 2432 1868 2495 go
1895 2432 2025 2477 non
2060 2418 2289 2479 sufficit
2314 2418 2395 2479 ad
2426 2420 2937 2483 constituendum
2960 2423 3027 2485 in
3056 2430 3205 2485 actu
3227 2425 3357 2504 pri-

1783 2528 1914 2585 mo,
1945 2511 2157 2574 dando
2193 2512 2541 2577 formaliter
2578 2520 2781 2577 totum
2808 2522 3019 2579 aetum
3054 2520 3353 2597 primum,

1784 2622 1902 2667 seu
1925 2611 2123 2669 totam
2154 2606 2447 2669 virtutem
2490 2608 2752 2689 agendi,
2784 2612 2899 2673 sed
2934 2611 3139 2673 solum
3180 2630 3355 2676 com·

1782 2698 2017 2779 plendo
2044 2700 2341 2763 virtutem
2385 2701 2785 2778 inchoatam;
2838 2722 2993 2785 ergo
3029 2705 3195 2769 hanc
3238 2724 3357 2769 ne·

1783 2810 1961 2857 cesse
1992 2800 2091 2857 est
2134 2796 2539 2875 praesuppont
2584 2816 2665 2859 ex
2694 2804 2875 2878 parte
2922 2800 3353 2867 instrumenti.

1783 2888 2099 2965 Secundo,
2126 2890 2277 2969 quia
2308 2891 2517 2953 omnis
2552 2893 2717 2955 actio
2746 2894 3269 2971 instrumentalis,
3298 2897 3353 2959 si

1782 2984 2037 3064 propria
2064 2984 2142 3046 sit
2166 3003 2241 3047 ac
2268 3002 2387 3065 per
2426 3004 2495 3051 se
2538 2986 2821 3069 physice,
2850 2995 2946 3053 est
2984 2989 3355 3053 immediate

1783 3077 1864 3139 ah
1891 3077 2347 3152 instrumento;
2380 3099 2557 3161 ergo,
2590 3086 2817 3162 praeter
2843 3083 3137 3145 virtutem
3162 3102 3355 3163 agen-

1782 3171 1860 3234 tis
1889 3172 2279 3251 principalis,
2305 3173 2495 3237 debet
2524 3192 2665 3237 esse
2694 3177 2759 3237 in
2781 3176 3207 3239 instrumento
3236 3178 3351 3239 ali-

1784 3283 1912 3346 qua
1935 3267 2137 3329 virtus
2160 3268 2525 3343 intrinseca,
2551 3288 2589 3331 a
2636 3288 2767 3351 qua
2812 3271 3115 3351 procedat
3158 3272 3347 3351 actio,

1781 3365 1854 3423 ut
1881 3360 1967 3423 ab
1992 3361 2101 3422 illo
2118 3368 2248 3435 est;
2286 3361 2401 3425 sed
2428 3362 2565 3427 haec
2596 3382 2727 3427 non
2772 3364 2959 3428 datur
3002 3364 3351 3429 formaliter

1779 3472 1896 3536 per
1923 3454 2087 3517 hane
2132 3455 2737 3536 subordinationem,
2772 3465 2843 3521 ut
2866 3464 3191 3521 ostensum
3226 3464 3345 3535 est,

1782 3548 1931 3627 quia
1950 3548 2155 3611 solum
2172 3556 2267 3613 est
2292 3550 2443 3631 quid
2462 3552 2887 3615 extrinsecum
2898 3568 2919 3630 3
2936 3570 3145 3633 neque
3160 3554 3349 3617 etiam

1787 3642 2093 3716 effective,
2126 3645 2275 3722 quia
2310 3643 2469 3707 nihil
2498 3646 2676 3727 ponit
2708 3648 2777 3707 in
2802 3646 3247 3720 instrumentO,
3278 3651 3349 3709 ut

1784 3734 1973 3797 etiam
2012 3734 2345 3814 probatum
2374 3745 2505 3815 est3
2556 3758 2729 3821 ergo·
2756 3739 2945 3803 debet
2990 3739 3347 3803 necessario

1780 3830 2203 3909 praesupponi.
2260 3832 2661 3895 Antecedens
2708 3839 2915 3912 patet,
2950 3834 3099 3913 quia
3150 3850 3351 3913 agens

1781 3922 2125 4003 principale
2138 3930 2437 4004 operatur
2450 3944 2563 4003 per
2574 3928 3063 3989 instrumentum
3076 3948 3095 4003 3
3124 3936 3187 3989 et
3205 3926 3349 3990 ideo

1781 4034 2042 4079 necesse
2090 4024 2185 4081 est
2229 4024 2303 4081 ut
2344 4020 2507 4083 actio
2550 4020 2913 4090 immediate
2953 4020 3109 4083 fluat
3140 4022 3223 4083 ab
3248 4022 3355 4083 in-

1783 4113 2131 4173 strumento
2158 4156 2174 4186 ‚
2248 4118 2313 4177 et
2378 4113 2847 4193 quodammodo
2928 4114 3353 4177 immediatius

1784 4222 1975 4283 quam
2004 4223 2045 4267 a
2070 4206 2403 4287 principali
2430 4214 2695 4287 agente;
2730 4208 2881 4287 quia
2916 4208 3063 4271 licet
3090 4209 3155 4271 in
3184 4215 3355 4271 utro-

1782 4316 1908 4378 que
1935 4298 2017 4360 sit
2042 4298 2403 4365 immediate
2432 4302 2497 4363 in
2526 4320 2643 4365 suo
2672 4318 2909 4383 genere
2934 4346 2949 4377 ,
2984 4308 3199 4365 tamen
3225 4303 3355 4365 vir·

1782 4400 1884 4457 tus
1911 4392 2271 4472 principalis
2322 4396 2569 4475 agentis
2614 4395 3087 4476 quodammodo
3136 4414 3205 4459 se
3246 4414 3353 4459 ac-

1784 4488 2145 4549 commodat
2190 4489 2645 4565 instrnment03
2698 4494 2761 4553 et
2810 4488 2955 4551 ideo
2984 4490 3213 4553 dicitur
3240 4508 3357 4569 per

1787 4581 1942 4643 illud
1982 4581 2389 4645 determinari
2436 4584 2519 4647 ad
2562 4583 2755 4645 talem
2794 4582 3025 4663 agendi
3066 4582 3350 4643 modum.

1788 4676 2153 4738 Necessaria
2198 4695 2351 4756 ergo
2403 4684 2501 4739 est
2548 4677 2614 4739 in
2646 4677 3061 4739 instrumento
3098 4675 3355 4756 propria

1787 4770 2278 4832 instrumentalis
2306 4771 2524 4844 virtuS,
2554 4788 2695 4848 quse
2717 4772 2783 4832 in
2826 4769 2965 4850 ipso
3008 4769 3355 4831 intrinsece

1789 4868 1852 4926 et
1875 4863 2221 4927 formaliter
2241 4866 2323 4927 sit
2342 4865 2632 4927 distincta
2658 4884 2697 4926 a
2722 4864 2974 4938 virtute,
2997 4880 3139 4943 quae
3170 4868 3265 4925 est
3288 4862 3359 4923 in

1789 4958 2119 5039 principali
2149 4967 2415 5039 agente3
2459 4979 2607 5022 nam
2651 4960 2807 5021 alias
2854 4977 2987 5020 non
3014 4957 3357 5038 principale

1791 5070 1989 5133 agens
2014 5072 2129 5132 per
2153 5054 2669 5131 instrumentum,
2706 5054 2819 5115 sed
2864 5054 3365 5115 instrumentum·

1791 5165 1906 5227 per
1931 5147 2223 5211 virtutem
2253 5146 2615 5229 principalis
2656 5148 2903 5228 agentis
2930 5152 3221 5209 causaret
3244 5190 3261 5219 ‚
3294 5150 3361 5205 et

1792 5242 1876 5303 ita
1902 5244 2065 5305 aetio
2094 5246 2297 5307 solum
2340 5252 2501 5308 esset
2531 5264 2568 5307 a
2602 5245 2829 5307 virtute
2862 5242 3105 5322 agentis
3128 5239 3359 5319 princi-

1791 5337 1951 5417 palis
1976 5344 2047 5399 ut
2074 5358 2113 5399 a
2136 5340 2443 5420 principio
2474 5358 2623 5420 quc,
2658 5345 2720 5401 et
2742 5338 2825 5399 ab
2849 5338 3264 5398 instrumento
3292 5338 3360 5393 ut

173 5448 284 5492 non
311 5438 694 5513 potestesse
721 5433 846 5493 nisi
871 5432 1256 5507 extrinseca,
1292 5439 1362 5493 ut
1390 5436 1714 5493 ostensum
1795 5449 1832 5492 a
1884 5434 2191 5514 principio
2239 5434 2443 5515 quod3
2487 5434 2613 5496 hoc
2660 5439 2873 5495 autem
2902 5426 3361 5507 inintelligibile

177 5528 292 5603 est)
335 5544 462 5587 non
505 5532 772 5607 possunt
819 5528 954 5589 haec
985 5526 1396 5589 instrumenta
1425 5525 1714 5587 constitui
1795 5532 1914 5601 est,
1943 5532 2005 5589 et
2036 5534 2255 5591 contra
2284 5546 2540 5591 omnem
2572 5544 2781 5591 veram
2804 5524 3113 5587 rationem
3126 5522 3363 5585 instru-
