3892 6167
1369 346 1722 439 'Discunt
1754 385 1922 440 xcvi.
1956 389 2127 443 ssc‘r.
2163 391 2247 444 111.

191 485 512 548 sectionis
527 485 758 566 posita,
776 483 1120 547 asseruisse
1139 483 1450 550 Christum
1469 486 1780 550 electione

189 579 605 646 sacerdotem
648 582 845 645 fnisse
884 582 1294 646 constitutum
1339 583 1504 646 inter
1533 583 1778 646 Levites

185 677 275 738 in
297 678 502 758 gradu
526 683 592 740 et
612 675 834 739 ordine
861 677 1190 739 lectorum.
1221 677 1346 739 Sed
1365 677 1503 740 haec
1525 683 1780 740 seuten-

181 770 293 832 tia
323 770 469 851 plus
495 787 690 852 quem
716 770 872 832 falsa
893 776 962 832 et
985 769 1286 851 Apostolo
1314 773 1508 835 Paulo
1533 777 1778 834 contra·

187 865 304 925 rin
333 865 490 926 mihi
513 866 802 938 videtui-3
837 872 904 929 et
922 863 1184 928 historia
1206 865 1310 926 illa
1335 865 1542 928 Suidoe
1561 865 1776 927 fabula

185 959 418 1039 ponus
459 961 757 1031 Jndsicu,
811 976 1003 1039 quam
1047 958 1310 1021 historin
1360 959 1772 1022 existimanda

187 1059 332 1129 est,
376 1055 526 1134 quin
561 1054 842 1116 Christus
881 1054 1184 1116 Dominus
1221 1071 1432 1134 neque
1471 1071 1548 1114 ex
1585 1052 1772 1132 stirpe

185 1149 448 1224 Aaron,
492 1163 704 1226 neque
752 1163 830 1209 ex
866 1153 997 1210 tota
1031 1145 1201 1211 tribu
1241 1147 1384 1208 Levi
1427 1145 1774 1208 secundum

185 1247 540 1321 paternum
589 1242 825 1304 lineam
873 1240 1222 1316 descendit,
1275 1245 1364 1302 ut'
1393 1240 1772 1320 explicatum

185 1341 326 1398 est.
355 1336 432 1396 Et
455 1334 602 1398 ideo
628 1349 838 1414 neque
865 1333 948 1396 ad
977 1334 1424 1409 sacerdotium,
1449 1351 1660 1413 neque
1689 1333 1774 1396 nd

179 1429 406 1490 ullum
431 1429 699 1510 gmdum
724 1429 1080 1490 Levitarum
1109 1427 1260 1508 eligi
1293 1429 1514 1508 potuit.
1553 1428 1773 1505 Neque

182 1541 278 1584 ex
297 1539 382 1585 eo
401 1523 572 1603 quod
589 1522 871 1584 Christus
891 1521 958 1582 in
971 1523 1312 1602 synagoga
1336 1521 1560 1583 Esaiam
1581 1521 1774 1584 iuter-

177 1622 492 1696 pretatus
531 1623 627 1678 est
649 1661 666 1688 ‚
703 1620 1146 1695 argumentum
1191 1614 1454 1694 aliquod
1493 1613 1576 1676 ed
1605 1614 1771 1676 hcnc

179 1727 344 1770 rem
369 1709 534 1772 sumi
561 1714 810 1790 potest3
839 1707 1139 1770 Actorum
1169 1708 1340 1770 enim
1367 1710 1446 1770 ¹3
1469 1707 1770 1786 quiddam

181 1803 412 1865 simile
437 1803 704 1884 legimus
729 1801 952 1864 fecisse
971 1800 1254 1875 Paulum,
1289 1802 1396 1879 qui
1419 1818 1540 1862 nec
1563 1819 1770 1864 sacer-

181 1897 320 1958 dos
363 1896 521 1972 fuit,
567 1911 688 1958 nec
715 1895 796 1957 de
825 1893 996 1957 tribu
1027 1894 1209 1966 Levi,
1251 1893 1366 1956 sed
1394 1893 1718 1974 Beniamin
1748 1913 1764 1968 ς

181 1989 462 2070 sig-num
483 2007 635 2070 ergo
656 1995 754 2051 est
773 1987 837 2051 id
855 1989 1105 2051 licuisse
1121 1987 1270 2050 viris
1293 1987 1494 2049 doctis
1511 1986 1576 2048 in
1599 1987 1766 2067 lege.

181 2087 395 2148 etiem
426 2085 480 2146 si
518 2085 748 2148 Levitoe
773 2101 902 2146 nou
931 2087 1166 2144 essent.
1215 2081 1396 2154 Quod
1423 2099 1575 2144 vero
1599 2081 1762 2144 Chri·

183 2185 339 2242 stus
377 2178 568 2259 ejecit
591 2178 939 2241 vendentes
961 2183 1034 2239 et
1061 2183 1348 2238 ementes
1373 2175 1458 2238 de
1483 2176 1720 2256 templo
1749 2221 1764 2248 ‚

181 2291 334 2334 non
361 2273 430 2335 id
455 2273 605 2336 feeit
641 2278 713 2335 ut
741 2271 1038 2334 sacerdos
1072 2269 1294 2349 legalis
1325 2319 1340 2344 ‚
1391 2270 1504 2332 sed
1531 2276 1602 2331 ut
1627 2269 1770 2332 Pro·-

181 2369 396 2447 phetn
417 2412 434 2440 ,
467 2367 674 2429 zelum
699 2365 814 2428 Dei
842 2365 1082 2426 habens
1104 2409 1126 2439 ,
1169 2370 1234 2425 et
1257 2362 1766 2426 excellentiorem

181 2465 605 2539 potestatem.
649 2461 728 2521 Et
748 2459 890 2521 ideo
919 2457 1138 2520 Metth.
1176 2460 1277 2530 21,
1321 2463 1386 2518 et
1411 2457 1596 2518 Joan.
1625 2459 1690 2530 2,
1727 2473 1766 2516 a

183 2554 536 2616 pharisaeis
575 2553 1080 2632 interrogabatur
1115 2551 1182 2613 in
1210 2569 1336 2630 qua
1362 2554 1672 2632 potestate
1701 2549 1768 2610 id

181 2645 462 2709 faceret.

243 2740 343 2802 o.
387 2739 575 2815 Quale
595 2739 788 2817 merit
813 2738 1218 2802 mea-antima
1246 2739 1316 2800 in
1343 2737 1470 2817 leffe
1495 2742 1762 2800 natum.

181 2863 284 2880 ·——
308 2831 734 2898 Sacerdotium
764 2831 1002 2896 Christi
1019 2831 1406 2894 eoeoeumtius
1433 2830 1766 2895 sacerdotio

181 2924 354 3006 ἱερὴ
379 2925 880 2989 murm—Dico
907 2925 1122 2986 tertio:
1155 2923 1574 2986 sacerdotium
1597 2923 1768 2986 Chri-

183 3021 240 3084 ti
273 3027 414 3080 nori
433 3018 554 3080 fuit
581 3019 843 3081 omnino
869 3017 1156 3098 ejusdem
1187 3017 1448 3080 rationis
1487 3035 1631 3080 cum
1669 3035 1768 3079 sa·

183 3112 482 3176 cerdotio
518 3111 678 3192 leg-is
723 3117 964 3174 naturae
986 3157 1008 3188 ,
1047 3111 1164 3174 sed
1207 3111 1404 3174 multo
1433 3110 1677 3174 altioris
1703 3117 1770 3174 et

179 3205 614 3287 perfectioris.
665 3204 1136 3268 Advertendum
1166 3209 1262 3266 est
1281 3251 1302 3281 ,
1345 3205 1506 3266 sicut
1531 3205 1596 3266 in
1623 3204 1768 3284 lege

185 3305 446 3362 netum
469 3299 592 3362 fuit
618 3295 874 3378 aliquod
895 3298 1346 3362 sacrificiorum
1372 3317 1598 3377 genus,
1637 3315 1764 3378 quo

187 3393 326 3456 ritu
363 3391 621 3472 publico
657 3399 722 3456 el
767 3392 1034 3454 solemni
1065 3391 1391 3454 colebatur
1437 3393 1624 3468 Deus,
1677 3393 1762 3454 ita

187 3488 394 3550 etiem
427 3486 634 3550 fuisse
671 3485 924 3567 aliquod
965 3503 1170 3566 genus
1208 3484 1567 3560 sacerdotii,
1614 3485 1766 3565 quia

191 3581 299 3659 (ut
325 3578 617 3660 diximus)
644 3581 778 3641 haec
803 3579 932 3641 duo
959 3578 1152 3641 veluti
1183 3576 1554 3641 correlative
1581 3583 1756 3652 sunt,

185 3673 494 3739 sacerdos
518 3679 585 3736 et
607 3672 984 3736 sacrificium
1011 3692 1028 3747 ;
1078 3678 1290 3736 tumen
1309 3716 1330 3747 ,
1373 3672 1534 3734 sicut
1561 3671 1626 3734 in
1653 3673 1761 3736 illo

183 3772 362 3829 stet-u
391 3783 518 3828 nou
543 3765 802 3828 fuerunt
832 3771 1224 3834 sacramenta
1259 3809 1276 3839 ,
1321 3769 1434 3826 aut
1459 3762 1764 3828 sacrificiu

188 3860 278 3922 ab
307 3861 448 3940 ipso
469 3861 608 3922 Deo
637 3859 1052 3924 determinata
1075 3905 1100 3936 ,
1141 3859 1254 3921 sed
1287 3860 1568 3920 humano
1599 3858 1766 3920 arbi-

185 3956 318 4018 trio
342 3953 926 4018 ‹ieter-minabantur
939 3999 964 4032 ,
988 3954 1075 4016 ita
1099 3971 1220 4016 nec
1241 3953 1472 4016 modus
1489 3958 1600 4016 aut
1619 3971 1765 4016 con-

188 4047 470 4112 secratio
500 4045 898 4110 secerdotum
927 4052 1068 4110 erat
1097 4065 1135 4108 a
1165 4047 1294 4110 Deo
1324 4045 1762 4127 praescriptus,

191 4141 316 4204 sed
336 4138 542 4204 solum
568 4159 646 4203 ex
673 4141 1002 4203 hominum
1027 4139 1335 4203 electione
1363 4146 1476 4202 aut
1496 4139 1766 4220 depute-

187 4237 372 4298 tione
417 4233 612 4314 aliqui
661 4235 1181 4310 assumebantur,
1233 4232 1318 4295 ad
1366 4233 1764 4298 offerendum

189 4331 330 4392 Deo
357 4325 684 4403 sacrificia,
721 4334 786 4392 et
806 4326 1326 4391 intercedendum
1351 4345 1468 4409 pro
1493 4327 1756 4410 populo.

192 4425 295 4498 Et,
325 4420 710 4503 Hieronymo
727 4427 908 4497 teste,
933 4440 1008 4483 uc
1025 4423 1330 4500 liuperto,
1363 4427 1426 4482 et
1445 4419 1582 4482 aliis
1603 4438 1762 4500 quos

192 4518 407 4581 stetim
432 4517 498 4578 in
525 4517 814 4597 sequenti
838 4514 1122 4578 sectione
1153 4515 1508 4590 citabimus,
1539 4532 1762 4580 omues

189 4611 600 4693 primogeniti
627 4626 709 4672 ex
729 4609 922 4689 stirpe
945 4601 1076 4672 Noe
1099 4608 1539 4688 procedentes,
1562 4609 1764 4691 depu-

190 4704 308 4767 tati
337 4710 514 4768 erem
537 4717 618 4764 eo
635 4707 948 4784 tempore,
978 4709 1050 4766 ut
1071 4699 1472 4764 secerdotum
1497 4720 1760 4766 munere

187 4796 658 4875 magnetum-3
697 4797 884 4858 et-itu
928 4793 1408 4874 intelligendum
1449 4803 1546 4856 est
1587 4793 1765 4875 quod

187 4888 350 4950 dixit
369 4888 647 4950 Aucelet.
682 4889 862 4968 Pap„
895 4888 1076 4968 epist.
1111 4890 1150 4950 2
1177 4887 1518 4963 Deci-etei„
1549 4903 1764 4950 sacer-

191 4980 434 5043 dotium
483 4979 826 5061 sumpsisse
869 4980 1112 5043 initium
1158 4980 1238 5042 ab
1277 4980 1486 5042 Aaron
1516 4994 1533 5039 t
1579 4980 1758 5056 Quia,

193 5073 334 5138 licet
363 5072 584 5156 aliqui,
617 5072 844 5151 inquit,
873 5075 1055 5153 prius
1077 5073 1362 5152 loquutur
1388 5071 1764 5151 sacrificium

193 5163 506 5240 ductim,
531 5169 610 5230 ut
627 5165 1082 5240 Melchisedech,
1121 5170 1178 5229 et
1203 5164 1547 5242 Abraham,
1575 5165 1640 5230 Ia·
1665 5173 1765 5232 ta-

191 5262 328 5322 m'en
351 5265 686 5340 :meamea
711 5259 1022 5324 eduntote
1035 5305 1058 5336 ,
1091 5276 1210 5322 m
1249 5265 1452 5322 tamen
1487 5261 1764 5324 sacerdo·

195 5351 316 5415 tau
361 5352 726 5416 mmo
780 5352 890 5416 hoc
932 5356 1221 5431 focerunt.
1279 5351 1762 5430 Intelligendum

191 5444 363 5507 euim
403 5443 527 5506 hoc
554 5450 650 5507 est
679 5444 760 5508 de
789 5443 1140 5508 sacerdotio
1181 5443 1537 5524 specialiter
1560 5461 1603 5508 a
1629 5448 1765 5509 Deo

197 5537 476 5610 instituto
505 5585 530 5618 ,
581 5538 750 5623 quod
809 5537 1066 5626 speciali
1126 5537 1334 5627 aliqua
1375 5539 1758 5626 pceremonic

3305 392 3425 456 4553

1859 504 1896 548 a
1950 488 2077 552 Deo
2126 489 2536 556 determinata
2602 493 2919 558 confertur
2946 539 2963 566 ,
3019 501 3209 576 atque
3261 496 3421 562 adeo

1857 579 1940 644 de
1997 584 2295 662 peculiari
2342 588 2708 650 auctoritate
2757 595 2819 652 et
2864 594 3171 668 potestate
3214 611 3253 654 a
3288 591 3421 658 Deo

1857 673 1995 754 ipso
2030 676 2297 745 collata:
2342 677 2464 741 hoc
2494 681 2667 743 enim
2706 682 3034 744 sacerdotii
3070 701 3277 762 genus
3314 704 3421 750 ve·

1857 787 1997 832 rum
2029 779 2125 833 est
2154 773 2235 835 ab
2265 775 2473 836 Aaron
2504 776 2837 854 incepisse.
2884 777 3295 840 Nihilominus
3328 783 3421 842 ta·

1855 880 2003 924 men
2028 871 2265 928 certum
2300 873 2392 928 est
2420 875 2605 930 antea
2632 869 2827 932 fuisse
2854 869 3233 945 sacerdoteS,
3267 889 3421 951 qua-

1853 955 1949 1016 les
1992 958 2455 1037 explicuimus;
2504 979 2653 1025 nam
2700 963 2779 1024 de
2828 961 3291 1027 Melchisedech
3332 965 3417 1028 ait

1856 1049 2081 1113 Paulus
2108 1053 2188 1114 ed
2218 1053 2405 1116 Hebr.
2441 1058 2476 1117 7
2500 1101 2521 1130 ,
2548 1055 2747 1118 fuisse
2770 1058 3139 1122 sacerdotem
3169 1058 3285 1124 Dei
3324 1058 3419 1123 al·-

1853 1143 2107 1208 tiseimi.
2172 1145 2287 1218 Qui
2338 1151 2555 1210 tamen
2608 1150 2807 1212 multo
2864 1156 3147 1230 tempore
3208 1152 3419 1214 Aaron

1851 1238 2193 1318 praecessit.
2228 1238 2407 1311 Quod
2432 1243 2785 1305 necessario
2814 1242 3290 1322 intelligendum
3322 1251 3419 1306 est

1851 1327 1932 1390 de
1969 1330 2077 1392 illo
2114 1333 2483 1409 sacerdotio,
2524 1335 2695 1412 quod
2724 1336 2788 1396 in
2814 1355 2939 1398 usu
2966 1342 3102 1398 erat
3129 1343 3415 1416 tempore

1855 1422 2011 1502 legis
2034 1430 2303 1501 naturae,
2336 1432 2404 1490 ut
2430 1427 2726 1491 indicavit
2752 1430 3069 1504 Ambros„
3095 1430 3276 1508 epist.
3309 1431 3413 1502 82,

1853 1523 2001 1578 ante
2032 1519 2312 1582 medium
2337 1537 2359 1599 ;
2404 1528 2467 1584 et
2494 1521 2743 1604 Chrys„
2778 1524 2947 1588 hom.
2983 1526 3060 1587 35
3092 1525 3159 1586 in
3183 1523 3409 1588 Genes.

1849 1611 1940 1670 Ex
1967 1611 2061 1674 his
2088 1631 2239 1692 ergo
2260 1615 2585 1679 evidenter
2608 1617 2999 1680 concluditur
3022 1619 3283 1681 assertio
3309 1634 3414 1696 po-

1853 1703 1995 1781 sita,
2026 1707 2175 1786 quia
2205 1709 2620 1773 sacerdotium
2654 1709 2877 1772 Christi
2906 1710 3144 1772 altioris
3178 1708 3415 1772 ordinis

1852 1802 1969 1870 est,
1996 1806 2062 1861 et
2088 1801 2375 1864 altiorem
2408 1802 2599 1866 habet
2624 1803 2958 1882 originem,
2989 1821 3181 1883 quum
3208 1821 3416 1869 sacer·

1850 1893 2093 1954 dotium
2136 1894 2633 1971 Melchisedech;
2678 1897 3035 1960 ordinatum
3082 1896 3273 1960 etiam
3320 1902 3417 1961 est

1850 1985 1931 2047 ad
1958 1987 2346 2048 offerendum
2372 1987 2747 2050 sacrificium
2772 1990 2967 2050 multo
2989 1989 3231 2052 altioris
3250 1988 3413 2052 ordi·

1851 2080 1951 2140 nis
1990 2087 2057 2142 et
2098 2081 2389 2156 rationis3
2440 2083 2628 2144 habet
2668 2083 2855 2144 etiam
2896 2088 3270 2162 potestatem
3310 2097 3419 2144 ex-

1850 2173 2301 2246 cellentiorem,
2346 2179 2411 2236 et
2448 2175 2709 2238 effectus
2752 2181 2959 2256 potest
2991 2175 3259 2250 efficere,
3298 2175 3413 2256 qui

1848 2266 2021 2328 nullo
2048 2266 2239 2329 modo
2264 2274 2555 2346 poterent
2582 2270 2809 2334 cadere
2833 2269 2953 2332 sub
2972 2269 3325 2332 sacerdotio
3348 2269 3415 2332 in

1847 2361 1991 2439 lege
2032 2367 2305 2434 πίοι-τες
2348 2381 2503 2442 ergo
2546 2363 2969 2427 sacerdotium
3008 2361 3229 2428 Christi
3273 2362 3415 2426 infi-

1848 2453 1979 2516 nita
2018 2452 2295 2532 quadem
2334 2457 2579 2521 ratione
2618 2457 2935 2537 superavit
2970 2457 3127 2536 legis
3165 2463 3411 2521 naturae

1847 2545 2283 2612 secerdotium.
2346 2551 2419 2612 Et
2460 2548 2893 2624 confirmatur,
2936 2550 3083 2630 quia
3120 2549 3413 2612 sacerdo-

1847 2642 2001 2705 tium
2048 2641 2209 2722 legis
2250 2661 2427 2706 novae
2468 2642 2665 2708 multo
2706 2644 3043 2724 perfectius
3086 2649 3180 2706 est
3216 2661 3411 2724 quem

1848 2734 2265 2798 sacerdotium
2294 2735 2453 2816 legis
2482 2742 2741 2810 naturre,
2766 2736 2917 2814 quie
2944 2736 3319 2800 sacrificium
3346 2743 3411 2803 et

1847 2833 2129 2908 potestas
2158 2828 2296 2909 ejus
2332 2829 2531 2892 multo
2560 2829 2939 2909 perfectiora
2964 2838 3109 2892 sunit
3130 2877 3151 2906 ,
3194 2834 3265 2894 ut
3294 2847 3411 2910 per

1849 2939 1918 2986 se
1947 2929 2227 2996 coustct3
2260 2929 2565 2986 ettamen
2592 2925 2716 2988 hoc
2738 2925 3161 2988 sacerdotium
3192 2931 3287 2990 est
3314 2925 3411 2988 in·-

1847 3015 2043 3081 ferius
2070 3016 2421 3080 sacerdotio
2450 3018 2699 3095 Christi,
2731 3026 2797 3080 et
2818 3018 3207 3100 participatio
3232 3019 3405 3097 ejus;

1847 3126 2000 3189 ergo
2018 3110 2217 3174 multo
2236 3111 2441 3190 magis
2458 3113 2705 3176 excedit
2722 3113 3137 3177 sacerdotium
3158 3111 3409 3186 Christi,

1847 3203 2267 3266 sacerdotium
2294 3205 2454 3284 legis
2482 3211 2744 3268 unturae.

1929 3301 1989 3358 7.
2038 3295 2417 3379 comparatio
2447 3300 2773 3364 sacerdotii
2802 3299 3031 3364 Clu-icti
3052 3317 3185 3362 cum
3214 3317 3409 3364 cacer-

1843 3391 2004 3453 dotio
2026 3391 2179 3472 legis
2204 3397 2467 3459 natm-os.
2507 3393 2725 3454 oeteo-is
2750 3399 2807 3454 et
2838 3411 3021 3461 nocte,
3052 3399 3105 3455 el
3136 3393 3409 3472 ipsorum

1842 3485 2003 3547 inter
2025 3501 2107 3548 r«.
2131 3484 2321 3545 -Ex
2346 3483 2579 3563 quibus
2605 3484 2917 3564 colligitur
2946 3485 3175 3565 prime,
3202 3501 3409 3548 sucer-

1843 3575 2083 3637 dotium
2130 3575 2357 3640 Christi
2408 3595 2547 3640 esse
2598 3577 2929 3656 cujusdam
2976 3578 3409 3642 eminentioris

1845 3673 1913 3730 et
1937 3667 2175 3730 altioris
2202 3668 2469 3745 ordinis,
2498 3669 2740 3733 hahens
2765 3671 2832 3732 iu
2864 3669 2966 3731 illo
2995 3689 3227 3750 genere
3258 3670 3407 3734 infi-

1843 3759 2041 3824 nitam
2064 3761 2407 3840 quamdam
2428 3761 2800 3844 dignitatem
2825 3763 3067 3826 ratione
3092 3779 3403 3844 perscuae3

1845 3855 2017 3918 unde
2044 3855 2337 3935 possibile
2362 3875 2491 3920 uon
2517 3862 2612 3919 est
2630 3901 2647 3930 ,
2691 3858 2813 3920 tale
2839 3875 3041 3938 genus
3070 3857 3403 3920 sacerdotii

1847 3948 2073 4012 eodem
2101 3949 2287 4012 modo
2313 3956 2539 4013 etcum
2566 3951 2789 4013 eadem
2815 3950 3199 4031 perfectione
3221 3950 3405 4012 alicui

1847 4063 2019 4124 purae
2042 4050 2345 4108 creaturis
2364 4045 2836 4118 communicari,
2864 4044 3027 4106 sicut
3044 4043 3109 4106 iu
3128 4043 3407 4123 superio·

1844 4138 2019 4202 ribus
2048 4139 2129 4203 de
2154 4140 2455 4220 dignitate
2490 4139 2711 4220 capitis
2744 4138 3016 4202 diximus
3044 4158 3061 4210 ;
3106 4145 3205 4200 est
3234 4138 3405 4202 enim

1846 4232 2069 4296 eadem
2096 4233 2277 4296 ratio.
2310 4235 2400 4296 Ex
2428 4251 2553 4313 quo
2582 4233 2773 4295 etium
2799 4237 3047 4296 constat
3073 4230 3301 4312 triplex
3330 4230 3409 4292 il·-

1840 4326 1955 4388 lud
1986 4345 2187 4408 genus
2210 4326 2566 4400 sacerdotii,
2586 4327 2747 4408 leg-is
2774 4333 3017 4389 naturoe
3034 4369 3052 4400 ‚
3086 4325 3321 4389 veteris
3344 4329 3409 4388 ct

1843 4438 2048 4496 novae,
2085 4420 2257 4501 quod
2284 4421 2457 4502 puris
2488 4421 2853 4483 hominibus
2877 4418 3403 4490 communicetur,

1844 4513 2155 4576 inferioris
2200 4515 2435 4576 ordinis
2482 4533 2621 4578 esse
2663 4535 2701 4576 n
2752 4513 3103 4577 sacerdotio
3138 4510 3404 4586 Christi3

1843 4607 2131 4686 quamvis
2156 4609 2371 4669 omnia
2398 4609 2505 4670 illa
2528 4609 2612 4671 ad
2636 4609 2949 4671 Christum
2978 4607 3188 4685 aliquo
3216 4604 3405 4666 modo

1844 4700 2196 4762 referuntur·
2223 4745 2239 4774 ,
2294 4707 2358 4762 et
2414 4701 2689 4782 aliquam
2738 4699 3208 4762 similitudinem
3260 4713 3407 4760 cum

1845 4792 2013 4855 illius
2064 4793 2367 4856 sacrificio
2414 4795 2691 4858 habeant
2738 4815 2757 4856 z
2814 4793 3188 4856 sacrificium
3239 4791 3407 4852 euim

1844 4888 2003 4968 legis
2054 4893 2299 4950 naturis
2356 4888 2423 4950 in
2480 4891 2601 4951 hoc
2662 4888 2883 4950 hebuit
2935 4885 3407 4968 proportionem

1845 4979 2185 5060 quemdum
2222 4999 2366 5041 cum
2411 4980 2761 5042 sacerdotio
2788 4980 3035 5055 Christi,
3076 4977 3247 5058 quod
3282 4977 3409 5057 pri-

1843 5073 2175 5154 mogcuitis
2226 5073 2689 5136 concedebatur
2708 5119 2729 5150 ,
2784 5072 2889 5152 qui
2944 5073 3261 5135 Christum
3306 5089 3409 5132 re·-

1843 5165 2307 5247 proeseutnbent
2330 5211 2351 5244 ,
2406 5167 2516 5248 qui
2560 5167 3019 5248 primogenitus
3062 5172 3160 5229 est
3198 5164 3405 5228 omnis

1843 5266 2147 5323 creatum
2184 5279 2203 5334 ;
2263 5261 2665 5323 obtinebatur
2730 5261 2897 5322 enim
2954 5261 3091 5320 sine
3149 5262 3409 5320 externa

1841 5353 2163 5428 unctione,
2202 5362 2311 5416 aut
2336 5353 2565 5416 visibili
2602 5354 3001 5426 caeremonia,
3048 5353 3204 5414 sicut
3232 5350 3407 5412 Chri-

1842 5453 1977 5511 stus
2025 5447 2177 5510 illud
2233 5448 2539 5521 obtinuit;
2576 5447 2891 5510 interdum
2942 5448 3131 5509 etium
3180 5445 3254 5506 in.
3298 5460 3405 5504 ex-

1841 5544 2018 5608 terna
2064 5541 2272 5624 specie
2310 5540 2401 5603 rei
2442 5542 2664 5606 oblatae
2692 5540 2755 5604 in
2787 5539 3155 5609 sacrificium
3189 5535 3401 5608 Simili·
