3892 6167
1331 386 1566 449 QUAEST.
1601 384 1728 439 XVI.
1765 384 1908 437 ΛΒΤ.
1943 384 2026 437 Vl.

153 490 430 547 tractatum
467 486 592 553 est,
625 486 687 543 et
713 479 810 543 hie
845 482 916 543 D.
947 482 1198 559 Thom„
1229 484 1294 545 in
1335 485 1524 547 solut.
1555 485 1638 547 ad

149 578 464 650 secundum,
499 575 758 655 explicat
791 576 1076 655 exemplo
1115 579 1542 653 relativorum,
1571 580 1637 639 in

147 672 332 749 quibus
355 669 565 729 dicitur
589 668 810 747 aliquis
835 668 1036 731 factus
1063 670 1304 747 dexter,
1327 678 1438 734 aut
1465 672 1638 733 simi-

145 768 233 839 lia,
257 766 374 823 sine
407 762 742 823 mutatione
769 764 896 840 sui,
927 782 1042 845 per
1086 766 1342 827 alterius
1371 766 1636 828 extremi

145 856 518 919 mutationem.
567 856 746 927 Quod
793 858 1146 937 exemplum
1189 860 1494 939 optimum
1546 864 1641 921 est

143 952 205 1013 ad
221 950 618 1029 explicandam
641 952 958 1030 propriam
985 953 1134 1028 vim,
1157 959 1222 1015 et
1245 953 1642 1033 significatio·

141 1062 254 1105 nem
291 1044 436 1103 illius
461 1043 660 1117 verbi,
685 1048 944 1122 factum,
977 1046 1150 1125 quod
1179 1066 1256 1107 ex
1287 1049 1342 1109 vi
1373 1067 1486 1109 sua
1513 1066 1640 1109 non

141 1140 382 1215 importat
419 1138 827 1199 mutationem
875 1140 944 1199 in
993 1140 1274 1219 subjecto
1321 1142 1423 1203 eui
1471 1140 1641 1203 attri-

143 1232 323 1291 buitur.
350 1230 534 1290 Tenet
567 1230 758 1291 etiam
803 1232 958 1293 illud
987 1235 1346 1313 exemplum
1387 1234 1454 1295 in
1485 1234 1602 1295 hoc
1617 1280 1638 1311 ,

141 1322 268 1403 quod
305 1340 408 1400 per
439 1322 558 1383 hoc
603 1327 970 1403 mysterium
1015 1327 1172 1387 nihil
1213 1328 1498 1389 additum
1543 1334 1643 1387 est

141 1422 236 1477 Deo
259 1415 550 1477 inhaerens
577 1415 724 1496 ipsi,
751 1436 866 1497 per
894 1420 1064 1499 quod
1085 1420 1313 1482 mutari
1339 1420 1632 1501 potuerit,

137 1511 250 1590 qaia
275 1509 472 1569 relatio
490 1510 745 1573 unionis
773 1513 838 1573 in
869 1531 944 1574 eo
967 1520 1212 1575 tantum
1233 1520 1328 1576 est
1355 1513 1632 1577 rationis.

139 1605 306 1677 Quoad
347 1604 460 1665 alia
507 1624 658 1668 vero
709 1626 840 1669 non
893 1616 1134 1689 oportet
1181 1611 1540 1690 exemplum
1571 1611 1636 1671 in

137 1698 372 1759 omnibus
395 1714 528 1759 esse
555 1700 787 1777 simile,
811 1704 968 1763 utin
993 1722 1182 1783 supra
1213 1706 1398 1767 citata
1425 1704 1636 1783 dispu-

136 1794 318 1853 tatione
343 1782 520 1853 latius
547 1798 886 1857 tractatum
903 1802 1032 1859 est.

195 1889 240 1945 3.
279 1882 632 1963 objectio.-—
647 1890 1088 1970 Responsioe-
1105 1892 1472 1973 objectio.—
1491 1894 1639 1957 Res-

130 1979 560 2061 pmsio.-Dices
589 1998 606 2041 τ
627 1983 852 2043 saltem
873 2002 986 2062 per
1005 1988 1638 2049 communicationem

135 2074 442 2133 idiomatum
483 2092 750 2137 necesse
777 2083 872 2138 est
906 2078 1120 2155 fateri,
1152 2080 1350 2141 Deum
1381 2081 1633 2155 mutari,

135 2165 246 2227 sitit
271 2166 466 2242 homo,
497 2168 648 2246 quia
693 2170 798 2230 illa
829 2172 1128 2249 mutatio,
1161 2192 1302 2253 qum
1331 2174 1402 2234 fit
1429 2175 1491 2234 in
1523 2176 1638 2235 hu-

131 2260 374 2319 manitate
393 2304 410 2329 ‚
437 2278 552 2338 per
583 2265 1224 2328 communicationem
1265 2266 1638 2329 idiomatum

131 2352 274 2413 tribui
312 2355 528 2431 poterit
554 2356 772 2417 Verbo
810 2364 872 2419 et
901 2361 1052 2421 Deo.
1085 2361 1488 2441 Respondent
1531 2363 1638 2423 ali-

129 2446 212 2523 qui
237 2447 502 2521 negando
529 2451 897 2528 sequelam,
929 2454 1076 2531 quia
1107 2472 1184 2515 ex
1215 2456 1272 2515 vi
1310 2455 1472 2515 illius
1499 2442 1640 2535 pro-

130 2537 396 2617 positionis
437 2540 1084 2621 significatur,‘Deum
1119 2566 1258 2609 esse
1300 2555 1631 2609 mutatum.

131 2632 224 2693 Sed
247 2631 398 2693 nulla
441 2636 600 2696 ratio
643 2638 932 2700 redditur
963 2660 1074 2701 cnr
1114 2641 1236 2703 hoc
1285 2642 1484 2722 magis
1525 2658 1639 2721 per

131 2724 260 2787 illam
299 2728 786 2805 propositionem
825 2734 1234 2812 significetur,
1284 2752 1476 2815 quam
1525 2754 1641 2815 per

131 2820 272 2893 hanc,
299 2822 450 2884 Dm
473 2829 564 2885 est
591 2830 895 2902 mortuno,
925 2826 1026 2887 vel
1051 2828 1310 2890 similes,
1337 2828 1457 2889 Alii
1489 2846 1638 2908 ergo

133 2914 470 2990 existimant,
523 2917 593 2977 in
655 2919 868 2999 rigore
921 2921 1092 2981 illam
1149 2922 1642 3002 propositionem

133 3024 236 3067 csse
255 3026 447 3069 veram
471 3008 536 3069 in
571 3010 746 3073 dicto
777 3031 968 3075 sensu
997 3016 1324 3090 catholico,
1355 3016 1641 3095 quamvis

131 3106 332 3179 propter
355 3103 838 3182 ambiguitatem
865 3108 1310 3187 distinguenda
1339 3112 1440 3183 sit,
1473 3110 1642 3191 quod

131 3192 178 3251 in
207 3195 322 3253 aliis
345 3197 616 3259 motibus
651 3198 835 3261 factis
871 3202 935 3262 iu
969 3202 1210 3263 Christo
1239 3203 1492 3265 homine
1523 3222 1642 3283 ego

131 3302 278 3363 supra
303 3287 454 3364 dixi,
486 3289 548 3350 in
580 3290 714 3353 fine
743 3293 972 3373 disput.
1009 3297 1108 3355 32.
1141 3297 1372 3357 Tamen
1417 3297 1494 3358 dc
1523 3298 1640 3358 hac

129 3380 440 3456 mutatione,
488 3402 608 3462 per
655 3402 848 3463 quam
897 3388 1254 3449 humanitas
1287 3391 1506 3468 juncta
1551 3397 1647 3451 est

131 3472 310 3547 t’erbO,
333 3475 610 3537 existimo
637 3477 706 3539 id
735 3496 862 3539 nou
887 3497 1026 3541 esse
1056 3498 1276 3542 verum
1303 3483 1364 3543 in
1391 3484 1644 3563 propria

131 3571 177 3625 et
196 3566 442 3642 rigorose
467 3573 1044 3637 communicatione
1069 3574 1470 3652 idiomatum3
1495 3578 1644 3656 quia

133 3674 216 3734 per
253 3660 406 3721 illam
452 3666 874 3727 mutationem
919 3684 1048 3728 non
1095 3675 1374 3731 mutatur
1420 3670 1642 3746 homo,

139 3752 220 3811 sed
257 3755 374 3815 sola
425 3757 792 3821 humanitas
819 3780 836 3833 ;
893 3762 1375 3823 communicatio
1431 3770 1642 3824 autem

141 3844 434 3909 idiomatum
465 3868 598 3911 non
631 3853 902 3915 sumitur
929 3872 966 3915 a
995 3856 1514 3934 proprietatibus,
1543 3857 1644 3919 vel

139 3940 418 4003 actionibus
446 3943 880 4021 humanitatiS,
909 3954 983 4009 ut
1010 3949 1116 4009 sic.
1165 3950 1240 4010 Et
1267 3950 1428 4011 ratio
1453 3950 1643 4028 hujus

135 4039 222 4103 θεῖ,
239 4035 366 4109 quia
389 4036 520 4099 haec
547 4041 816 4101 mutatio
843 4058 974 4101 non
997 4043 1293 4121 supponit
1317 4043 1639 4117 unionem,

133 4124 220 4185 scd
240 4132 318 4189 est
345 4130 440 4193 via
467 4132 550 4193 ad
579 4133 880 4195 unionem
903 4154 920 4207 3
949 4141 1012 4197 et
1035 4136 1204 4211 ideo,
1235 4136 1396 4197 sicut
1424 4137 1642 4197 huma-

131 4216 260 4279 nitas
283 4220 494 4285 dicitur
527 4226 719 4302 uniri,
743 4234 808 4289 et
834 4246 962 4289 non
996 4230 1210 4303 homo,
1237 4229 1324 4290 ita
1355 4236 1418 4291 et
1445 4234 1644 4289 muta-

133 4310 192 4380 ri,
213 4320 260 4373 et
283 4324 604 4395 propterea
635 4322 876 4383 ratione
905 4322 1096 4401 hujus
1127 4324 1488 4385 mutationis
1515 4342 1644 4384 non

135 4410 298 4477 potest
339 4408 454 4471 dici
487 4412 762 4475 Verbum
793 4417 1022 4477 mutari
1048 4460 1064 4487 ‚
1097 4416 1290 4477 etiam
1319 4434 1434 4495 per
1477 4434 1644 4477 com-

133 4497 570 4565 municationem
625 4506 1016 4569 idiomatum.
1050 4508 1228 4569 Dices
1265 4525 1280 4568 ε
1329 4526 1482 4589 crgo
1524 4526 1643 4571 nec

135 4591 316 4663 POterit
343 4594 454 4657 dici
485 4598 652 4661 Deus
679 4601 929 4679 genitus
955 4620 1036 4663 ex
1061 4602 1318 4680 Virgine
1337 4620 1453 4681 per
1475 4618 1642 4665 com·

135 4682 568 4751 manicationem
613 4693 1004 4771 idiomatum,
1033 4696 1182 4775 quia
1225 4696 1572 4774 generatio,
1601 4714 1640 4756 a

135 4792 230 4851 qua
257 4779 346 4839 illa
373 4784 798 4850 denominatio
828 4790 1114 4863 sumitur,
1145 4790 1216 4850 fit
1249 4791 1314 4850 iu
1345 4792 1640 4851 humani—

137 4874 254 4943 tate,
279 4876 437 4949 prius
465 4886 692 4941 natura
721 4900 910 4960 quam
941 4884 1194 4943 uniatur
1236 4884 1474 4958 verbe,
1505 4890 1638 4944 tan-

137 4976 290 5035 quam
309 4968 366 5029 in
395 4972 696 5051 subjecto.
719 4976 1154 5055 Respondetur
1175 4977 1468 5055 negando
1497 4996 1643 5038 con·

137 5064 505 5142 sequentiam,
549 5068 754 5146 primo
802 5069 1078 5148 quidem,
1125 5071 1274 5148 quia
1323 5072 1641 5149 generatio

141 5150 512 5219 substantialis
543 5178 672 5222 non
700 5161 1066 5225 denominat
1110 5162 1460 5241 subjectum
1479 5208 1500 5238 ,
1533 5163 1644 5225 sed

142 5246 448 5322 terminum,
469 5253 580 5331 qui
607 5260 700 5317 est
719 5257 1110 5335 suppositum
1127 5258 1353 5336 ipsum.
1379 5257 1639 5330 Deinde,

143 5338 258 5411 qaia
283 5341 400 5405 hoec
426 5350 746 5427 generatio
775 5352 934 5413 nibil
957 5350 1130 5413 aliud
1157 5358 1252 5413 est
1279 5370 1470 5431 quam
1494 5350 1642 5413 unio

145 5426 314 5495 lormae
341 5443 768 5505 cum-materia
809 5444 1086 5507 naturali
1125 5444 1312 5507 modo
1347 5444 1546 5518 faeta,
1579 5449 1644 5505 et

147 5520 248 5583 haec
276 5530 474 5595 ordine
503 5542 738 5599 naturoe
780 5540 1072 5619 supponit
1107 5539 1404 5603 unionem
1447 5537 1641 5617 ipsius

3164 388 3282 449 239

1719 485 1944 545 animae
1974 490 2037 545 et
2064 484 2339 565 corporis
2366 485 2451 547 ad
2474 486 2775 563 Verbum,
2802 492 2871 549 ut
2900 486 2964 549 in
2998 491 3283 569 superio-

1717 578 1892 638 ribus
1935 578 2172 639 dictum
2224 586 2340 649 est,
2388 586 2450 643 et
2498 580 2757 643 inferius
2804 581 2925 643 late
2974 582 3275 658 dicemus,

1717 674 1977 751 agentes
2005 672 2083 733 de
2116 673 2181 735 B.
2214 673 2489 749 Virgine.

1801 770 1862 827 4.
1894 765 2158 845 objectio
2178 769 2457 831 secunda.
2478 768 2921 849 -Responaim
2942 804 3023 819 --
3042 774 3278 835 Secun-

1721 861 1826 933 de,
1861 860 2137 922 dubitari
2182 868 2391 941 potest
2419 882 2499 923 an
2548 864 2679 925 haec
2714 865 3055 944 propositio
3088 868 3279 929 etiam

1721 972 1870 1015 vera
1897 954 2010 1016 sit:
2039 956 2203 1017 Deve
2228 958 2430 1032 sactus
2460 961 2547 1019 est
2574 958 2673 1021 Ιιίσ
2696 958 2889 1021 homo.
2922 961 3281 1038 Responde-

1722 1052 1826 1109 tur
1859 1048 2155 1123 breviter,
2204 1049 2601 1124 affirmando,
2646 1052 2932 1129 sequitur
2982 1054 3149 1113 enim
3202 1072 3279 1115 ex

1721 1141 2101 1221 praecedenti
2128 1160 2143 1214 ;
2172 1144 2341 1203 Deus
2371 1144 2535 1205 enim
2558 1144 2775 1205 nonsit
2806 1147 2993 1207 homo
3020 1146 3083 1207 in
3111 1166 3277 1207 com-

1721 1234 1920 1307 muni,
1956 1234 2161 1295 sedin
2190 1236 2585 1315 particulari,
2620 1256 2734 1298 nec
2778 1241 3119 1318 assumpsit
3164 1242 3281 1303 hu-

1721 1329 2091 1389 manitatem
2118 1328 2181 1388 in
2213 1330 2553 1404 communi,
2589 1331 2699 1391 sed
2730 1332 2893 1394 hanc
2922 1332 3279 1395 humanitu-

1721 1426 1874 1495 tem,
1909 1420 2081 1481 unde
2110 1420 2249 1483 ideo
2278 1421 2481 1483 factus
2512 1429 2607 1485 est
2636 1424 2857 1501 homo,
2890 1427 3037 1505 quia
3076 1427 3279 1489 factus

1721 1521 1816 1575 est
1842 1514 1944 1574 hic
1972 1514 2185 1575 homo.
2216 1514 2289 1575 Et
2316 1514 2745 1593 confirmatur,
2774 1519 2923 1595 quia
2951 1520 3117 1581 Deus
3148 1521 3278 1583 sac-

1719 1614 1820 1669 tus
1845 1613 1940 1669 est
1963 1607 2153 1667 Filius
2176 1607 2451 1685 Virginis
2476 1628 2491 1678 ;
2525 1627 2675 1689 ergo
2706 1610 2907 1673 factus
2934 1620 3029 1675 est
3054 1614 3087 1675 J
3094 1632 3237 1675 esus
3254 1659 3275 1689 ,

1721 1701 1908 1763 ethic
1933 1699 2154 1773 homo;
2176 1700 2283 1761 illa
2310 1702 2479 1763 enim
2508 1704 2627 1763 tria
2658 1706 2914 1766 nomina
2932 1707 3100 1767 idem
3120 1706 3281 1769 indi-

1717 1794 1979 1855 viduum
2020 1794 2397 1874 significant,
2436 1798 2721 1874 quamvis
2764 1798 3013 1861 diverso
3062 1800 3272 1862 modo.

1721 1888 2053 1962 Proeterea‚
2080 1888 2229 1966 quia
2274 1886 2415 1949 fieri
2458 1888 2799 1963 hominem,
2826 1890 3139 1970 signifieat
3174 1910 3279 1953 ac·

1719 1980 1959 2042 tionem
1988 1998 2131 2059 quae
2164 1998 2291 2041 non
2322 1988 2603 2043 versatur
2630 1984 2750 2043 nisi
2788 1984 2955 2047 circa
3000 1985 3279 2065 singula·-

1719 2092 1810 2147 re‚
1835 2080 1900 2135 ct
1922 2075 2164 2137 ratione
2194 2075 2357 2137 illius
2378 2074 2604 2137 dicitur
2620 2076 2699 2139 de
2722 2077 3057 2139 universali
3078 2098 3092 2151 ;
3126 2097 3275 2159 ergo

1717 2167 1788 2229 fit
1821 2166 1991 2229 Deus
2024 2167 2250 2243 homo,
2280 2168 2427 2247 quia
2466 2168 2539 2231 fit
2586 2170 2687 2231 hic
2730 2171 2941 2233 bomo.
2971 2173 3273 2251 Denique,

1719 2278 1863 2323 cum
1885 2260 2295 2323 diciturDeus
2323 2262 2523 2325 factus
2554 2262 2769 2339 homo,
2802 2264 2909 2336 ibi,
2938 2266 3128 2342 IumO,
3152 2284 3279 2327 nou

1721 2355 2021 2434 supponit
2064 2354 2427 2433 simpliciter
2470 2362 2578 2417 aut
2620 2357 3041 2431 immobiliter,
3072 2365 3139 2419 ut
3170 2376 3280 2419 so-

1719 2447 1938 2525 phistae
1970 2448 2186 2510 dicunt
2207 2464 2227 2525 3
2260 2466 2411 2527 ergo
2438 2448 2583 2511 licet
2624 2449 2742 2509 sub
2786 2451 2895 2512 illo
2945 2452 3277 2531 praedicato

1719 2540 2129 2613 descendere,
2166 2548 2229 2602 et
2260 2541 2591 2621 designare
2620 2542 2789 2604 hunc
2818 2543 2915 2605 vel
2944 2544 3119 2605 illum
3166 2545 3278 2605 ho-

1717 2634 1977 2703 minem,
2008 2633 2251 2695 ratione
2278 2634 2459 2713 cujus
2488 2652 2633 2697 vera
2666 2636 2745 2699 sit
2770 2637 3131 2717 propositio.
3154 2636 3281 2699 Sed

1721 2732 1960 2789 contra.
1994 2727 2109 2789 Hic
2156 2728 2347 2791 homo
2394 2728 2685 2808 designat
2714 2732 3139 2809 suppositum3
3168 2729 3281 2791 sed

1722 2824 1886 2883 Deus
1931 2840 2061 2883 non
2110 2829 2205 2883 est
2246 2824 2451 2885 factus
2496 2824 2615 2885 hoc
2662 2824 3050 2903 suppositum
3078 2843 3096 2895 ;
3128 2842 3279 2903 ergo

1721 2938 1852 2980 non
1893 2924 1990 2979 est
2034 2918 2236 2981 factus
2284 2919 2385 2981 hic
2434 2919 2645 2983 home.
2694 2920 3131 3000 Respondetur
3158 2922 3281 2998 pri-

1723 3030 1920 3085 mum,
1950 3013 2245 3089 negando
2276 3014 2605 3092 majorem,
2638 3014 2753 3075 sed
2785 3015 2885 3075 hic
2927 3016 3115 3077 homo
3154 3016 3282 3077 for-

1722 3107 1969 3168 maliter
2010 3107 2297 3185 designat
2324 3108 2488 3167 hanc
2511 3108 2969 3169 humanitatem
3014 3116 3082 3169 ut
3132 3108 3283 3169 sub-

1723 3203 2067 3275 sistentem,
2102 3219 2211 3261 scu
2240 3200 2577 3261 subsistens
2605 3200 2665 3261 in
2696 3202 2815 3261 hac
2844 3201 3231 3263 humanitate
3258 3219 3275 3273 3

1725 3294 1874 3371 quia
1919 3295 2001 3355 de
2052 3294 2294 3355 ratione
2327 3294 2515 3373 hujus
2545 3294 2815 3355 hominis
2842 3314 2966 3355 non
3022 3304 3115 3355 est
3164 3298 3280 3357 ltoc

1727 3387 2144 3466 suppositum,
2166 3388 2275 3449 sed
2300 3394 2539 3449 tantum
2566 3386 2910 3449 subsistens
2940 3388 3001 3447 in
3030 3389 3145 3449 hac
3169 3388 3281 3451 hu-

1725 3481 2049 3553 manitate,
2074 3486 2133 3541 et
2158 3481 2247 3541 ila
2276 3480 2375 3541 hic
2396 3480 2585 3540 homo
2624 3498 2701 3541 ex
2728 3481 2791 3541 vi
2818 3498 2945 3541 sum
2976 3480 3281 3559 signitica-

1725 3574 1914 3635 tionis
1950 3573 2071 3635 hoc
2122 3579 2365 3633 tantum
2398 3573 2707 3651 designat,
2734 3574 3079 3651 proesertim
3115 3575 3283 3653 posi-

1727 3672 1827 3727 tus
1855 3684 1894 3725 a
1917 3671 2094 3743 parte
2120 3665 2457 3744 praedicati,
2480 3665 2651 3743 quod
2682 3667 2843 3728 sumi
2872 3666 3029 3727 solet
3055 3668 3283 3727 folma-

1723 3760 1886 3821 liter.
1921 3758 2175 3831 Deinde,
2206 3759 2493 3837 quamvis
2522 3758 2621 3819 hic
2652 3758 2843 3819 homo
2886 3758 3121 3821 diecret
3163 3760 3282 3819 hoc

1725 3836 2117 3931 suppositum
2136 3898 2155 3928 ,
2206 3870 2335 3913 non
2382 3858 2596 3913 tamen
2642 3858 2961 3931 utcunque
2986 3898 3005 3924 ,
3050 3853 3163 3915 sed
3216 3857 3281 3913 ut

1726 3946 2139 4025 compositum
2200 3964 2279 4007 ex
2338 3946 2725 4007 humanitate
2756 3990 2777 4020 ,
2830 3953 2892 4007 ct
2944 3946 3026 4007 itu
3080 3952 3282 4025 potest

1725 4040 1890 4101 Deus
1917 4039 2039 4099 dici
2064 4038 2195 4101 fieri
2218 4038 2323 4101 hic
2342 4038 2553 4111 homo,
2574 4056 2699 4098 non
2724 4038 2871 4115 quia
2900 4039 3109 4117 ipsum
3134 4058 3282 4117 sup-

1725 4133 1997 4213 positum
2030 4132 2163 4203 fiat,
2188 4133 2299 4193 sed
2328 4132 2477 4211 quia
2510 4150 2587 4193 ex
2616 4132 2935 4211 supposito
2960 4131 3191 4208 divino,
3222 4136 3283 4195 ct

1727 4227 2119 4289 humanitate
2146 4226 2217 4288 fit
2242 4226 2343 4287 hic
2376 4226 2587 4289 homo·

1807 4322 1868 4380 5.
1896 4318 2157 4399 objectio
2202 4320 2407 4382 tertia.
2431 4352 2512 4367 —
2539 4318 2893 4400 Responsio.
2914 4352 2995 4371 --
3020 4321 3281 4401 objectio

1725 4418 1973 4495 quarta.
2000 4442 2081 4461 -
2104 4411 2461 4491 Responsio.
2478 4444 2561 4461 -—
2584 4413 2705 4475 Sed
2733 4420 2949 4475 contra
2976 4415 3276 4491 secundo,

1723 4524 1872 4567 nam
1901 4506 2187 4584 sequitur
2216 4522 2331 4584 per
2358 4506 2989 4569 communicationem
3018 4508 3281 4569 idioma-

1723 4606 1856 4660 tum
1883 4616 2073 4677 posse
2100 4597 2263 4659 dici:
2297 4598 2547 4664 Verbum
2570 4615 2709 4661 caro
2736 4602 2945 4676 factm
2968 4606 3055 4663 eat
3079 4602 3279 4667 Deum·

1721 4712 1872 4753 nam
1903 4692 2003 4753 hic
2044 4692 2235 4753 homo
2280 4698 2377 4753 est
2404 4692 2569 4753 Deus
2589 4714 2607 4766 3
2648 4698 2709 4753 et
2744 4693 3017 4755 Verbum
3046 4694 3280 4755 factum

1721 4792 1816 4847 est
1843 4784 1944 4844 hic
1966 4785 2185 4856 homo;
2214 4802 2365 4862 ergo
2395 4785 2675 4845 Verbum
2696 4785 2931 4846 factum
2958 4792 3050 4847 est
3070 4790 3275 4862 Deus3

1719 4878 1965 4939 videtur
2014 4877 2179 4938 enim
2228 4876 2331 4937 hic
2380 4878 2781 4957 syllogismus
2838 4881 3273 4957 expositorius.

1723 4972 2129 5049 Consequens
2162 4976 2374 5031 autem
2406 4977 2501 5031 cst
2526 4972 2780 5032 omnino
2806 4972 3058 5047 falsum,
3086 4973 3280 5051 signi-

1723 5066 1870 5127 ficut
1898 5066 2067 5125 enim
2106 5064 2403 5137 Verbum,
2432 5082 2543 5143 per
2566 5066 2839 5144 aliquam
2886 5066 3277 5128 effectionem

1725 5159 2130 5237 acquisivisse
2179 5157 2601 5231 divinitatem,
2648 5158 2821 5237 quod
2864 5160 3039 5221 nullo
3086 5178 3277 5221 sensu

1725 5259 1927 5333 potest
1986 5268 2123 5313 esse
2197 5268 2434 5311 verum.
2488 5250 2921 5331 Respondetur
2987 5252 3276 5333 negando

1725 5343 2239 5423 consequentiam
2265 5362 2282 5416 ;
2311 5343 2621 5405 rationem
2656 5343 2860 5405 reddit
2888 5346 3079 5421 Scot.,
3114 5346 3177 5406 in
3212 5346 3272 5418 3,

1725 5440 1866 5501 dist.
1897 5442 1959 5515 7,
1990 5456 2051 5518 q.
2081 5442 2141 5511 2,
2183 5436 2265 5498 ad
2302 5439 2339 5497 3
2362 5480 2379 5509 ‚
2417 5435 2565 5514 quia
2594 5438 3071 5501 communicatio
3121 5438 3277 5500 idio-

1725 5539 1964 5597 matum
1984 5549 2111 5593 non
2132 5528 2199 5592 fit
2224 5528 2381 5591 iniis
2398 5544 2541 5607 quae
2568 5529 2921 5611 significant
2942 5530 3271 5611 unionem,
