3892 6167
1353 343 1674 401 msth'rAT.
1707 343 1879 399 XLIX.
1911 343 2082 398 snm.
2116 345 2203 400 W.
3254 349 3375 410 523

125 449 427 512 lentiam
449 447 650 529 ipsius
677 443 1077 528 haereditatis,
1104 446 1166 508 et
1194 445 1730 526 imperfectionem
1815 446 1894 507 sit
1923 447 2297 522 excluslvus,
2321 447 2435 510 sed
2454 453 2699 510 tantum
2718 450 3101 529 indefinitus,
3127 459 3225 522 vel
3244 477 3377 523 cer-

117 543 362 626 ipsius
392 541 692 605 hominis.
721 539 902 604 Unde
951 539 1034 601 ad
1084 539 1437 602 naturalem
1465 542 1733 604 beatitu·
1809 547 1874 602 te
1909 543 1964 604 si
1992 543 2134 621 quis
2162 543 2481 606 mordicus
2508 546 2867 620 contendat,
2890 547 3243 629 adoptionis
3268 573 3376 617 vo-

125 637 384 700 dinem
413 639 609 699 homo
636 653 764 698 non
790 634 1152 716 adoptatur,
1185 635 1299 698 sed
1329 633 1525 698 habet
1551 635 1635 697 ad
1659 634 1733 698 il·
1811 635 2109 698 eubulum
2144 644 2204 699 et
2231 638 2540 700 rationem
2570 657 2755 718 posse
2787 642 3037 704 extendi
3076 646 3157 706 ad
3186 665 3373 710 omne

121 731 296 794 Iam
325 731 614 794 naturale
638 729 768 812 jue,
801 735 932 791 tam
957 745 1032 791 ex
1061 729 1122 790 vi
1151 746 1279 793 suae
1303 729 1725 810 perfectionis,
1811 727 2049 791 donum
2081 732 2295 810 gratim
2326 731 2672 794 liberaliter
2710 737 3261 812 communicat—um,
3290 742 3371 804 ad

129 845 359 908 quam
381 843 458 887 ex
485 814 545 886 ui
573 841 701 887 suae
735 821 1010 904 originis,
1033 823 1380 886 secundum
1412 841 1598 906 quam
1629 839 1729 885 ra·
1809 821 2003 902 quod,
2030 823 2136 903 jus
2162 824 2247 886 ad
2279 827 2715 906 participatam
2742 828 3195 894 beatitudinem
3224 853 3373 896 con-

123 921 404 982 tionem
461 936 593 982 non
628 919 855 982 dicitur
885 917 1055 980 filius
1083 918 1437 999 adoptivus,
1473 919 1586 981 sed
1628 917 1730 981 vel
1807 925 2133 996 sequatur,
2166 920 2253 980 sic
2280 937 2411 980 non
2444 922 2717 1000 pertinet
2734 921 2817 983 ad
2844 925 3173 986 materiam
3196 927 3369 1006 fidei,

129 1033 292 1076 non
325 1015 579 1094 attingit
605 1013 914 1076 rationem
939 1011 1074 1088 filii,
1103 1013 1251 1093 quia
1279 1013 1385 1074 illa
1409 1012 1727 1074 beatitudo
1809 1027 2019 1090 neque
2045 1017 2139 1074 est
2162 1013 2525 1075 haereticum
2544 1014 2946 1098 adoptionem
2974 1019 3243 1083 tribuere
3257 1021 3374 1084 hu-

123 1109 474 1171 naturalis
511 1127 644 1170 non
673 1114 768 1170 est
813 1105 1062 1190 proprie
1115 1108 1327 1170 divina
1367 1107 1720 1182 haereditas,
1805 1106 2092 1166 manitati
2125 1105 2377 1182 Christi,
2427 1108 2617 1168 etiam
2660 1113 2714 1170 si
2755 1109 2982 1172 falsum
3022 1113 3123 1176 sit.
3166 1116 3370 1176 Primo

125 1203 254 1264 vel
286 1203 835 1284 imperfectissima
885 1202 1073 1264 modo
1104 1199 1346 1264 dicetur
1393 1199 1560 1262 filius
1609 1217 1725 1261 na-

121 1298 382 1359 turalis
401 1315 514 1378 per
537 1295 949 1370 creationem;
972 1295 1053 1357 ob
1074 1295 1238 1358 hanc
1258 1312 1410 1376 ergo
1437 1311 1719 1370 causam,

123 1393 596 1453 necessarium
641 1391 758 1452 fuit
802 1390 1078 1451 divinam
1139 1390 1542 1472 adoptionem
1583 1389 1723 1452 fleri

123 1503 272 1566 per
304 1483 846 1568 participationem
867 1483 1207 1562 quamdam
1235 1483 1460 1545 divium
1481 1489 1723 1546 natum

1803 1199 2089 1278 quidem,
2122 1201 2273 1280 quia
2302 1200 2391 1260 im
2419 1201 2795 1265 humanitati
2837 1205 2985 1267 data
3028 1214 3123 1270 est
3170 1209 3370 1289 gratia

1802 1292 2143 1354 habitualis
2164 1295 2349 1356 simul
2376 1311 2521 1356 cum
2548 1297 2749 1376 gratia
2776 1299 3051 1377 unionis,
3080 1307 3141 1364 et
3164 1303 3371 1366 adhuc

1803 1387 1925 1448 sub
1968 1389 2265 1468 opinione
2312 1391 2585 1469 positum
2626 1397 2758 1468 est,
2800 1409 2880 1455 an
2922 1396 3101 1474 prius
3142 1405 3369 1460 natura

1804 1479 1951 1542 data
1998 1480 2185 1544 fuerit
2232 1483 2431 1563 gratia
2462 1483 2797 1546 habitualis
2834 1503 3028 1566 quam
3080 1493 3329 1553 unionis
3344 1509 3365 1572 ;

125 1579 303 1641 filiis
325 1579 639 1660 adoptivis
661 1579 958 1654 infusam,
981 1585 1050 1641 ut
1077 1597 1194 1660 per
1215 1597 1355 1642 eam
1381 1579 1721 1642 similitudo

125 1675 211 1735 in
273 1679 536 1751 natura,
581 1691 722 1754 quae
773 1674 1012 1746 deerat,
1043 1671 1475 1755 perficeretur,
1510 1673 1722 1754 quoad

130 1769 292 1832 fieri
319 1773 560 1850 posset,
587 1767 751 1830 inter
777 1781 1131 1832 creaturam
1158 1774 1220 1830 et
1249 1769 1472 1841 Deum,
1501 1767 1723 1829 saltem

133 1864 209 1923 in
231 1881 313 1924 eo
348 1860 555 1944 gradu
569 1863 638 1924 in
653 1879 778 1942 quo
809 1863 1168 1944 pertingere
1193 1865 1406 1944 posset
1433 1867 1723 1923 creatura

133 1958 228 2019 ad
261 1955 610 2018 fruendum
637 1957 770 2018 Deo
809 1961 877 2017 in
906 1973 973 2017 se
1005 1955 1168 2036 ipso,
1201 1955 1266 2016 in
1294 1973 1420 2036 quo
1450 1955 1722 2016 maxime

135 2051 376 2115 divina
403 2051 736 2114 haereditas
759 2055 822 2113 et
843 2049 1164 2112 beatitudo
1185 2051 1384 2131 posita
1414 2055 1530 2112 est.
1565 2049 1722 2123 Quia

131 2166 304 2207 vero
323 2147 466 2208 haec
489 2145 858 2228 participata
897 2143 1260 2220 similitude,
1287 2146 1350 2206 et
1387 2143 1722 2206 haereditas

131 2239 238 2300 illi
253 2239 678 2320 respondeus,
693 2239 976 2318 quamvis
987 2239 1099 2300 fiat
1123 2257 1237 2318 per
1251 2238 1418 2300 dona
1433 2236 1725 2298 intrinse-

137 2353 266 2394 cus
291 2333 529 2407 infusa,
549 2349 798 2414 semper
818 2337 911 2394 est
931 2349 1120 2412 supra
1137 2331 1418 2394 debitum
1442 2347 1722 2412 personae

136 2434 386 2490 creatae
409 2427 512 2488 cui
538 2424 924 2502 conceditur,
962 2433 1024 2487 et
1047 2443 1176 2487 non
1207 2423 1393 2486 efficit
1417 2441 1560 2486 cum
1588 2425 1720 2485 Deo

137 2521 637 2584 substantialem
697 2521 1033 2598 unionem,
1083 2519 1197 2581 sed
1243 2517 1717 2592 accidentalem,

135 2616 300 2678 ideo
317 2633 449 2677 non
469 2613 855 2678 transcendit
883 2615 1191 2676 rationem
1218 2611 1591 2694 adoptioniS,
1611 2612 1721 2674 sed

137 2708 604 2791 perfectiorem
640 2707 980 2790 quamdam
1019 2707 1189 2770 illius
1223 2709 1496 2789 speciem
1523 2711 1589 2769 et
1613 2725 1723 2768 ra-

141 2806 401 2864 tionem
428 2801 705 2864 sortitur.
731 2799 808 2865 Et
833 2803 952 2864 hac
977 2803 1167 2864 etiam
1196 2803 1467 2877 ratione,
1493 2799 1722 2863 dicitur

136 2897 293 2958 haec
325 2897 580 2978 adoptio
612 2897 954 2958 consistere
985 2904 1094 2956 aut
1117 2893 1336 2976 perfici
1361 2893 1596 2956 unione
1620 2911 1719 2956 se·

137 2991 436 3053 cundum
467 2989 782 3067 affectum,
806 3007 935 3051 non
970 2991 1117 3070 quia
1152 2989 1440 3051 excludat
1477 2987 1714 3050 realem

138 3084 697 3166 participationem
747 3089 988 3145 naturae
1045 3081 1156 3145 Dei
1195 3083 1572 3163 adoptantiS,
1606 3082 1715 3143 sed

141 3179 306 3258 quia
337 3181 468 3239 tota
491 3177 598 3238 illa
646 3177 994 3254 ordinatur,
1023 3183 1090 3240 ut
1115 3177 1315 3258 possit
1353 3176 1542 3238 homo
1577 3193 1716 3240 esse

138 3275 664 3357 proportionatus
692 3274 773 3337 ad
799 3275 1136 3336 fruendum
1165 3275 1313 3350 De0‚
1344 3279 1408 3336 et
1453 3274 1535 3335 ad
1566 3291 1717 3336 con-

141 3369 542 3432 trahendum
570 3371 871 3450 cumipse
907 3368 1230 3450 proprium
1264 3375 1326 3430 et
1368 3367 1718 3447 perfectum

139 3461 480 3524 vinculum
505 3461 813 3538 amicitiae,
837 3467 900 3524 et
929 3461 1064 3524 fieri
1101 3481 1266 3522 unus
1293 3459 1544 3540 spiritus
1573 3477 1718 3522 cum

139 3557 290 3636 ipso
316 3552 667 3618 secundum
698 3555 1013 3616 affectum.
1053 3555 1134 3617 At
1175 3571 1324 3616 vero
1365 3553 1554 3636 longe
1597 3554 1716 3614 alia

143 3657 253 3712 est
288 3649 656 3712 excellentia
688 3649 936 3710 unionis
965 3649 1396 3730 hypostaticae,
1431 3665 1568 3727 quae
1590 3665 1716 3708 non

141 3743 218 3804 fit
259 3760 375 3824 per
399 3741 702 3803 unionem
728 3739 1207 3819 accidentalem,
1243 3757 1362 3803 nec
1387 3759 1505 3824 per
1529 3742 1717 3821 parti-

143 3835 536 3916 cipationem
550 3841 791 3896 tantum
803 3835 934 3911 ,sed
951 3851 1066 3916 per
1085 3834 1716 3897 communicationem

139 3929 486 4010 ipsiusmet
535 3947 820 4009 personae
873 3929 1136 4002 divinae3
1179 3935 1242 3989 et
1285 3929 1430 3990 ideo
1475 3929 1714 3990 nullam

139 4021 346 4084 habet
364 4023 693 4084 formalem
726 4021 1198 4084 similitudinem
1215 4021 1316 4083 vel
1346 4021 1715 4084 couvenien-

145 4119 306 4178 tiam
349 4133 497 4178 cum
553 4117 911 4198 adoptione,
948 4115 1062 4178 sed
1104 4125 1198 4178 est
1228 4117 1426 4197 gratia
1456 4117 1714 4177 omnino

153 4209 420 4272 alterius
447 4209 704 4285 ordinm,
735 4217 807 4272 ut
826 4209 1213 4272 declaratum
1239 4215 1352 4272 est.

238 4305 337 4364 11.
385 4293 625 4366 Illatio'.
646 4303 832 4364 ——E'x
860 4301 960 4364 hIs
991 4303 1215 4377 infera,
1240 4309 1301 4365 et
1326 4301 1466 4365 dico
1493 4319 1717 4364 secun-

151 4397 260 4471 de,
293 4397 462 4457 hanc
506 4395 1032 4479 propositionem:
1067 4397 1438 4458 Humanitas
1467 4413 1594 4458 non
1625 4403 1718 4458 cst

150 4491 475 4574 adoptata,
503 4489 569 4550 in
600 4489 876 4570 quodam
906 4509 1097 4551 sensu
1126 4505 1263 4552 esse
1289 4489 1368 4551 de
1393 4489 1716 4567 fid03s1m-

149 4585 400 4666 pliciter
427 4597 666 4659 tamen,
700 4591 760 4645 et
789 4585 852 4644 ln
885 4584 1054 4645 omni
1082 4603 1295 4659 sensu,
1320 4603 1448 4644 non
1481 4602 1614 4646 esse
1639 4583 1718 4644 de

151 4677 278 4740 fide
302 4724 316 4752 ,
352 4677 636 4756 quamvis
661 4679 792 4758 jam
823 4677 976 4740 satis
1015 4683 1186 4742 certa
1229 4697 1368 4739 esse
1408 4678 1714 4739 videatur.

151 4771 412 4833 Declaro
453 4771 737 4850 singula:
765 4789 916 4833 nam
957 4773 1006 4833 si
1047 4771 1298 4852 adoptio
1329 4772 1578 4852 proprie
1609 4788 1722 4832 su-

149 4873 363 4926 matur
390 4878 504 4944 pro
534 4865 768 4928 unione
801 4883 942 4928 cum
963 4865 1089 4927 Deo
1118 4885 1232 4948 per
1266 4864 1718 4927 accidentalem

153 4959 444 5042 gratiam,
479 4961 542 5022 et
584 4977 808 5022 sensus
852 4959 930 5022 sit
959 4960 1328 5036 exclusivus,
1365 4959 1719 5020 humanita-

145 5059 280 5115 tem
329 5053 566 5114 scilicet
591 5051 817 5114 Christi
861 5055 947 5116 ita
989 5053 1184 5115 fuisse
1219 5052 1578 5132 adoptatam
1602 5099 1616 5127 ,
1648 5057 1719 5114 ut

149 5165 280 5207 non
327 5145 560 5206 habeat
590 5163 734 5208 cum
763 5147 893 5208 Deo
933 5147 1102 5208 aliud
1131 5149 1338 5227 majus
1371 5147 1713 5221 vinculum,

150 5241 241 5302 sic
283 5247 378 5302 est
423 5241 785 5302 haereticum
827 5239 1108 5303 tribuere
1152 5241 1554 5321 adoptionem
1601 5241 1719 5301 hu-

151 5331 440 5394 manitati
469 5331 714 5411 Christi,
753 5335 1069 5414 quomodo
1093 5333 1174 5396 de
1207 5333 1545 5414 adoptione
1581 5333 1716 5412 ejus

149 5425 400 5488 locutus
451 5431 550 5488 est
592 5427 951 5505 Nestorius,
995 5433 1058 5489 et
1099 5429 1208 5508 (ut
1235 5443 1353 5508 ego
1387 5426 1713 5505 existimo)

157 5517 328 5582 Felix
359 5525 420 5583 et
451 5517 818 5602 ElipanduS.
847 5521 912 5583 Si
942 5527 1152 5584 autem
1182 5521 1282 5584 vel
1321 5534 1545 5583 sensus
1581 5539 1713 5582 non

1803 1591 1980 1656 ergo,
2010 1577 2119 1658 qui
2159 1583 2493 1656 utramque
2524 1581 2793 1659 gratiam
2820 1581 3139 1648 admiserit
3166 1587 3229 1647 in
3254 1587 3367 1648 hu-

1801 1669 2107 1732 manitate
2134 1670 2389 1746 Christi,
2422 1689 2551 1734 non
2582 1675 2701 1735 erit
2731 1675 3085 1755 haereticus,
3124 1681 3366 1744 etiamsi

1806 1762 1973 1826 dicat
2016 1782 2156 1826 esse
2195 1764 2558 1846 adoptatam
2608 1785 2723 1848 per
2774 1770 3037 1848 gratiam
3086 1772 3369 1837 habitua-

1803 1855 1955 1932 lem,
1982 1856 2131 1918 licet
2156 1856 2343 1919 simul
2386 1859 2677 1920 habuerit
2704 1861 2877 1923 aliud
2906 1863 3115 1943 majus
3152 1867 3369 1929 vincu-

1803 1950 1937 2012 lum
1978 1967 2121 2012 cum
2136 1953 2288 2028 Deo,
2316 1953 2464 2030 quia
2492 1952 2649 2014 nulli
2676 1955 2983 2036 principio
3010 1957 3160 2020 fidei
3180 1977 3369 2042 repu-

1807 2044 2061 2125 gnabit3
2108 2061 2261 2125 ergo
2306 2044 2675 2126 simpliciter
2717 2050 3041 2130 appellare
3078 2067 3219 2114 eam
3257 2056 3366 2116 ad-

1805 2143 2085 2217 optatam
2110 2145 2367 2220 propter
2387 2139 2625 2202 dictum
2648 2159 2929 2220 sensum,
2957 2161 3085 2205 non
3114 2153 3211 2209 est
3236 2146 3366 2209 hee-

1801 2235 1993 2309 resis3
2021 2234 2167 2314 quia
2208 2234 2316 2295 llla
2344 2235 2537 2297 verba
2581 2253 2709 2298 non
2751 2255 2880 2317 pree
2907 2257 2976 2300 se
3016 2239 3229 2304 ferunt
3260 2259 3366 2304 ex-

1804 2327 2113 2389 clusivum
2140 2345 2425 2406 sensum,
2446 2331 2559 2392 sed
2578 2329 2983 2394 indefinitum
3008 2338 3279 2398 tantum.

1875 2424 1986 2486 ss.
2032 2421 2211 2495 Quod
2248 2422 2300 2484 si
2326 2423 2465 2504 quis
2494 2423 2683 2498 dicat,
2728 2425 3131 2506 adoptionem
3154 2429 3219 2489 in
3248 2445 3362 2492 sua

1801 2515 2189 2596 proprietate
2244 2515 2569 2578 includere
2629 2520 3035 2597 negationem
3080 2523 3363 2586 arctioris

1799 2609 2035 2670 vinculi
2068 2615 2131 2671 et
2160 2609 2589 2672 substantialis
2615 2612 2889 2688 unionis,
2922 2617 3361 2698 respondetur,

1803 2709 2136 2784 propterea
2174 2704 2349 2765 illum
2381 2721 2637 2766 sensum
2672 2723 2811 2768 esse
2832 2706 3081 2785 falsum,
3111 2727 3241 2771 non
3268 2717 3361 2772 ta-

1803 2811 1953 2858 men
1983 2811 2121 2858 esse
2161 2797 2555 2871 haereticum,
2596 2800 2747 2878 qnia
2794 2802 2949 2862 illud
2990 2803 3365 2884 principium

1800 2907 1920 2950 nec
1954 2889 2281 2952 definitum
2312 2891 2395 2952 de
2424 2891 2553 2954 fide
2584 2899 2700 2967 est,
2730 2911 2940 2974 neque
2967 2901 3061 2956 est
3084 2902 3215 2956 tam
3245 2897 3366 2958 evi-

1799 2983 1982 3059 dens,
2012 2991 2079 3046 ut
2108 2985 2373 3047 sufficiat
2396 2987 2477 3047 ad
2506 2993 2741 3048 cenam
2768 2988 2956 3050 fidem
2984 2988 3359 3052 faciendam.

1801 3078 2093 3139 Secundo
2122 3079 2207 3139 ob
2236 3080 2525 3140 eamdem
2568 3096 2857 3158 causam,
2906 3084 2962 3144 si
3004 3083 3144 3163 quis
3184 3091 3365 3147 vocet

1799 3171 2258 3234 humanitatem
2308 3173 2671 3256 adoptatam
2724 3183 2983 3257 propter
3032 3179 3366 3258 ipsammet

1799 3267 2067 3345 gratiam
2096 3267 2373 3343 unionis,
2402 3285 2532 3329 non
2562 3270 2819 3348 quidem
2840 3271 3203 3334 existimans
3226 3289 3363 3354 gra-

1798 3361 1953 3421 tiam
1999 3362 2251 3422 unionis
2287 3381 2416 3425 non
2460 3379 2594 3425 esse
2642 3364 2879 3426 altioris
2922 3367 3211 3443 rationis,
3254 3375 3365 3430 aut

1799 3471 1929 3515 non
1958 3453 2167 3516 fae-ere
2196 3457 2407 3536 maju⁰s
2448 3457 2767 3520 vinculum
2804 3474 2951 3520 eum
2988 3461 3142 3533 Deo,
3170 3477 3362 3540 quam

1799 3549 2064 3629 gratiam
2094 3549 2509 3625 habitualem,
2544 3553 2653 3613 sed
2683 3553 3045 3616 existimans
3075 3553 3366 3616 conveni-

1797 3660 1867 3704 re
1890 3643 2005 3704 has
2034 3644 2193 3706 duas
2216 3646 2449 3725 gratias
2480 3647 2541 3707 in
2560 3647 2805 3708 ratione
2834 3647 3023 3708 divini
3050 3647 3200 3709 don-i
3224 3664 3365 3728 gra-

1793 3737 1958 3812 tuiti,
1994 3737 2077 3799 ad
2108 3739 2279 3816 quod
2308 3741 2725 3820 consequitur
2758 3743 2865 3819 jus
2904 3741 2985 3802 ad
3027 3742 3366 3822 participa-

1795 3831 2033 3892 tionem
2074 3831 2459 3896 haereditatis
2500 3841 2775 3909 aeternae,
2808 3841 2873 3895 et
2895 3849 3131 3895 nomen
3172 3835 3366 3916 adop-

1795 3924 1985 3986 tionis
2034 3926 2367 3988 convenire
2426 3927 2575 3988 huic
2614 3928 2847 3988 rationi
2890 3929 3247 4005 communi,
3302 3935 3365 3991 et

1799 4019 2093 4081 omnibus
2126 4021 2244 4081 sub
2273 4021 2380 4084 illa
2408 4023 2740 4096 contentis,
2772 4037 2903 4084 non
2930 4026 3021 4082 est
3052 4022 3255 4082 curin
3284 4041 3361 4084 eo

1798 4129 1988 4174 sensu
2012 4113 2339 4176 haereticus
2368 4121 2737 4189 censeatur-3
2772 4121 2833 4177 et
2866 4115 3045 4192 idae,
3075 4115 3220 4179 licet
3250 4117 3364 4176 im-

1795 4208 2049 4288 propria
2079 4209 2159 4269 sit
2184 4208 2438 4282 locutio,
2472 4215 2541 4271 ut
2576 4209 2680 4270 hic
2716 4207 2870 4271 dixit
2898 4211 2965 4270 D.
2990 4211 3263 4271 Thomas
3284 4210 3363 4271 ad

1801 4303 1860 4374 1,
1905 4305 1969 4362 et
1988 4300 2170 4377 falsa,
2209 4308 2277 4363 ut
2306 4301 2625 4364 discursus
2654 4321 2691 4364 a
2720 4303 2902 4364 nobis
2930 4302 3131 4365 factus
3160 4311 3364 4366 osten·

1799 4395 1920 4471 dit,
1974 4413 2103 4456 non
2152 4401 2368 4458 tamen
2418 4402 2512 4458 est
2563 4397 2856 4458 haeretica
2879 4442 2899 4473 ,
2956 4397 3102 4476 quia
3152 4415 3361 4478 neque

1797 4490 2085 4567 proxime
2124 4497 2441 4570 repugnat
2486 4490 2671 4552 alicui
2702 4491 3008 4572 principio
3048 4491 3220 4568 fidei,
3254 4509 3366 4553 ne-

1798 4599 1926 4661 que
1968 4583 2291 4666 mediante
2330 4585 2543 4662 aliquo
2590 4585 2893 4666 principio
2941 4585 3263 4659 evidente,
3296 4591 3365 4647 ut

1802 4675 2192 4755 objectiones
2222 4677 2288 4737 in
2339 4679 2721 4759 contrarium
2766 4679 2945 4740 factae
2976 4679 3127 4738 satis
3151 4676 3363 4739 decla—

1799 4775 1974 4842 rant3
2004 4787 2123 4831 nec
2163 4771 2439 4851 denique
2472 4779 2569 4833 est
2617 4773 2684 4832 in
2736 4789 2803 4834 se
2852 4773 2987 4852 ipsa
3018 4770 3365 4832 formaliter

1787 4861 2124 4940 damnata,
2145 4871 2255 4926 aut
2274 4865 2587 4928 contraria
2609 4864 2865 4928 definita
2890 4865 2953 4924 in
2974 4863 3186 4943 aliquo
3208 4865 3362 4925 Gon-

1799 4957 1980 5034 cilio;
2023 4959 2299 5021 maxime
2329 4959 2496 5020 enlm
2540 4960 2605 5020 in
2645 4957 3219 5034 Francofordiensi3
3248 4958 3360 5020 sed

1796 5047 1864 5109 in
1889 5065 1965 5110 eo
1990 5067 2145 5126 non,
2168 5059 2238 5114 ut
2260 5071 2337 5114 ex
2358 5053 2477 5128 his,
2502 5070 2643 5132 quae
2670 5051 2748 5113 de
2772 5051 2939 5112 illius
2962 5067 3153 5112 sensu
3170 5068 3361 5130 supra

1797 5143 2070 5206 diximus
2091 5191 2106 5219 ‚
2140 5153 2433 5210 constare
2469 5151 2673 5228 potest
2700 5195 2713 5220 ‚
2744 5147 2903 5208 etin
2946 5144 3361 5208 solutionibus

1799 5245 2318 5318 argumentorum
2354 5241 2630 5304 breviter
2666 5239 2893 5303 ilerum
2949 5241 3355 5319 attingemus

1879 5335 1978 5395 13.
2028 5335 2282 5398 Buteoni
2314 5335 2629 5404 mimmii
2656 5335 2907 5415 satisfit.
2928 5362 3009 5382 --
3028 5333 3127 5395 Ad
3170 5333 3363 5394 ratio-

1794 5445 1943 5490 nem
1974 5445 2127 5510 ergo
2159 5429 2489 5495 dubitandi
2518 5431 2583 5490 in
2610 5429 2921 5511 principio
2948 5427 3219 5509 positam
3245 5445 3361 5488 ne-

1795 5528 1982 5600 gatur
2012 5521 2502 5602 consequentia,
2540 5525 2690 5602 quia
2738 5539 2865 5582 non
2910 5521 3115 5582 omnis
3162 5521 3361 5598 gratia
