3892 6167
500 284 627 346 424

496 385 607 464 jus
628 380 839 445 verbis
858 379 1035 443 nulla
1054 380 1151 444 vis
1191 379 1332 444 fleri
1376 383 1607 460 potest,
1658 381 1811 461 quis
1852 381 2074 443 Nesto·

500 477 723 540 finnus
774 479 930 548 erut,
962 475 1243 537 cumilla
1283 475 1567 555 scripsit3
1612 480 1679 536 et
1732 475 1799 535 in
1844 474 2068 536 eodem

498 569 645 632 loco
666 569 781 643 ait,
808 567 981 648 qnod
1014 567 1354 630 formatum
1382 567 1567 630 estin
1594 572 1813 630 ventre
1866 566 2070 644 Virgi-

502 663 626 739 nis,
652 681 781 724 non
818 662 1011 723 fuisse
1040 663 1243 723 Deum
1270 662 1575 736 Verbum,
1606 660 1723 722 sed
1746 661 1911 722 servi
1938 660 2066 722 for-

501 775 701 830 mam,
731 755 791 816 id
829 761 948 827 est,
978 773 1231 816 servum
1268 756 1616 828 hominem,
1648 753 1821 833 quod
1858 754 2070 815 aiebat

504 849 871 929 elipandus.
902 848 1056 911 Cum
1073 867 1229 926 ergo
1257 848 1425 922 dicit,
1448 854 1591 928 post
1616 847 1914 912 unionem
1930 865 2070 910 ces·

502 959 679 1004 sasse
710 943 1025 1004 servitutis
1070 960 1323 1010 nomen,
1370 941 1793 1021 appellatione
1821 947 2070 1002 tantum
2137 944 2280 1024 jann
2296 949 2478 1024 pacto
2505 943 2573 1006 in
2609 941 2889 1006 servilem
2935 940 3190 1005 elatum
3223 939 3612 1018 adiectus-2
3639 957 3736 1017 pa·

504 1034 813 1115 intelligit,
872 1053 949 1096 eo
1004 1034 1193 1098 modo
1242 1054 1369 1116 quo
1422 1034 1773 1098 Nestorinni
1812 1034 2071 1096 aiebant

502 1128 829 1190 hominem
866 1129 1179 1192 Christum
1204 1131 1419 1190 vocari
1464 1130 1687 1190 Deum.
1740 1127 1923 1190 Solus
1951 1130 2071 1189 Da·

504 1235 839 1282 muscenus
868 1220 1108 1301 aliquid
1140 1224 1375 1300 negotii
1420 1223 1607 1284 nobis
1638 1221 1913 1284 facessit.
1957 1221 2072 1281 Cu-

502 1314 610 1392 jus
636 1316 969 1390 sententia,
1000 1315 1053 1377 si
1074 1316 1401 1378 communi
1440 1317 1769 1378 sententio
1815 1315 2070 1376 Petrum

509 1409 825 1470 contraria
852 1409 1170 1483 existeret,
1202 1427 1333 1472 non
1362 1416 1529 1471 esset
1558 1415 1727 1470 certe
1781 1407 1869 1470 illi
1912 1426 2071 1487 prae-

508 1500 793 1564 ferenda.
824 1502 1169 1564 Praesertim
1199 1503 1351 1582 quia
1378 1503 1563 1576 ratio,
1614 1520 1741 1582 qua
1783 1501 2066 1562 Damaso.

510 1596 727 1669 utitur,
762 1613 988 1674 parum
1032 1597 1337 1658 momenti
1392 1595 1629 1658 habere
1668 1595 1951 1668 videtur;
1981 1593 2070 1654 sie

510 1689 681 1752 enim
708 1689 943 1766 colligit
976 1707 991 1749 ε
1023 1690 1299 1752 Servitus
1329 1696 1427 1751 est
1466 1707 1545 1752 ex
1572 1689 1669 1751 his
1692 1707 1833 1769 quoe
1854 1689 2070 1752 dicun—

512 1790 619 1843 tur
640 1781 723 1842 ad
750 1782 1059 1858 ulterum3
1091 1784 1141 1843 si
1171 1801 1323 1862 ergo
1344 1783 1623 1846 Christus
1682 1791 1779 1845 est
1824 1800 2066 1858 servite,

516 1874 783 1952 alicujus
813 1877 929 1936 erit
950 1892 1166 1938 servus
1192 1893 1211 1952 ;
1238 1877 1351 1936 sed
1384 1877 1665 1938 Christus
1692 1876 1925 1937 nullius
1975 1883 2073 1938 est

514 1983 755 2030 servus.
788 1969 965 2042 Quod
992 1969 1237 2048 prohat,
1272 1971 1415 2048 quia
1444 1989 1571 2032 non
1610 1977 1705 2032 est
1746 1970 1843 2030 sui
1872 1971 2073 2050 ipsius

510 2077 783 2133 servus;
820 2079 973 2140 ergo
998 2080 1118 2124 nec
1158 2064 1401 2137 Patris3
1456 2081 1607 2144 ergo
1650 2064 1903 2124 nullius.
1959 2063 2074 2136 Qui

510 2156 831 2220 discursus
855 2156 919 2216 in
950 2155 1173 2218 eodem
1194 2156 1399 2216 forma
1424 2155 1563 2218 fieri
1594 2159 1809 2236 posset
1834 2155 1916 2218 de
1963 2175 2075 2235 np-

498 2247 851 2328 ·'pellatione
866 2248 1313 2327 subjectimam
1336 2249 1531 2310 exilio
1544 2249 1851 2330 sequitur,
1866 2247 2073 2312 Chris-

510 2350 643 2404 tum
678 2359 807 2404 non
840 2360 981 2403 esse
1008 2342 1399 2422 subjectum:
1426 2359 1575 2404 nam
1610 2343 1795 2404 etium
1825 2341 2074 2421 subiec-

514 2436 599 2496 tio
631 2441 725 2496 est
752 2453 829 2496 ex
852 2435 951 2496 his
992 2453 1129 2515 quae
1172 2436 1257 2498 ad
1286 2436 1551 2498 alterum
1586 2437 1881 2498 dicuntur
1910 2452 1928 2508 ς
1959 2435 2070 2496 scd

514 2528 791 2591 Christus
816 2547 948 2590 non
972 2535 1069 2592 est
1090 2529 1407 2609 subjectus
1445 2530 1585 2602 sibi,
1616 2529 1767 2608 quie
1818 2529 1941 2590 hoc
1977 2535 2074 2591 est

512 2621 795 2683 dividere
838 2639 1173 2700 personam
1202 2625 1363 2702 eius,
1394 2629 1465 2685 ut
1490 2621 1719 2684 dieitur
1744 2621 1809 2682 in
1855 2623 2072 2684 Conci—

517 2715 605 2776 lio
640 2715 977 2793 Ephesino,
1006 2715 1071 2776 in
1096 2716 1277 2797 epist.
1310 2716 1392 2778 ad
1412 2717 1789 2789 Nestorium,
1818 2733 1960 2794 quoe
1980 2723 2074 2777 est

521 2808 871 2888 meyrilli3
912 2827 1065 2888 ergo
1108 2826 1317 2887 neque
1376 2816 1475 2872 est
1510 2809 1831 2888 subjectus
1858 2810 2066 2885 Putri3

516 2903 677 2962 {ilias
716 2920 843 2962 non
872 2902 1105 2974 omniu,
1136 2919 1279 2982 quse
1315 2903 1509 2965 hahet
1557 2902 1762 2975 Pater,
1808 2901 2072 2964 haberet

521 2997 713 3058 Filius
742 3015 759 3067 ς
792 3013 943 3076 ergo
982 2995 1157 3058 nulli.
1190 3001 1286 3059 est
1338 2997 1681 3077 subjectus,
1717 2997 1792 3058 Et
1832 3002 2074 3058 constet

520 3089 857 3164 Christum,
877 3090 979 3150 vel
1002 3089 1385 3170 simpliciter,
1404 3090 1505 3152 vel
1531 3090 1754 3152 saltem
1783 3095 1855 3152 ut
1870 3089 2071 3152 homi·

518 3199 852 3256 nemnem
882 3183 1002 3244 dici
1030 3183 1405 3264 subjectum,
1444 3189 1727 3263 utsupra
1752 3186 2074 3244 ostensum

520 3282 638 3339 est.
672 3276 840 3338 Siout
868 3293 1019 3355 ergo
1038 3277 1119 3340 de
1142 3277 1451 3340 relatione
1478 3284 1543 3338 et
1561 3277 2073 3338 denominatione

518 3369 782 3450 subjecti
802 3369 1141 3433 dicendum
1191 3370 1549 3433 necessario
1604 3376 1719 3443 est,
1760 3368 2073 3432 Christum

515 3465 841 3527 hominem
870 3482 1009 3528 esse
1056 3465 1409 3545 subjectum
1462 3466 1652 3540 Patri,
1684 3463 1805 3526 sihi
1858 3471 2073 3526 autem

516 3559 641 3638 ipsi
656 3577 791 3624 ¹uon
814 3559 939 3620 dici
964 3560 1341 3640 subjectum,
1365 3577 1491 3622 non
1508 3559 1657 3640 quia
1682 3557 1917 3638 aliquid
1932 3558 2074 3619 sub·

512 3652 770 3730 jicintur
816 3653 979 3713 Patri
1012 3653 1183 3733 quod
1208 3671 1335 3714 non
1386 3653 1755 3734 subjiciatur
1798 3652 1976 3729 Filio,
2007 3655 2078 3714 ut

518 3747 671 3822 Deo,
702 3746 817 3809 sed
839 3753 1094 3826 propter
1118 3747 1581 3810 distinctionem
1600 3763 1907 3826 personae,
1933 3761 2074 3825 quae

514 3839 587 3900 in
616 3840 719 3902 illu
752 3840 1069 3902 locutione
1099 3840 1385 3904 absolute
1434 3840 1675 3920 prolata
1715 3839 2071 3917 indicatur3

516 3934 687 3996 unde
717 3953 859 3996 eum
892 3934 1289 3998 addito'vere
1310 3935 1535 3996 dicitur
1555 3933 1829 3996 Christus
1855 3939 1927 3994 ut
1957 3933 2072 3994 ho-

514 4047 622 4091 mo
652 4029 971 4110 subjectus
994 4029 1115 4090 sibi
1142 4035 1212 4091 ut
1236 4031 1396 4101 De03
1442 4029 1529 4089 itu
1558 4027 1679 4089 dici
1722 4027 1950 4107 poterit
1993 4025 2072 4088 de

514 4121 819 4184 relatione
846 4123 1159 4184 servitutis
1183 4142 1199 4197 ;
1230 4139 1360 4184 non
1386 4139 1537 4201 ergo
1559 4127 1824 4200 apparet
1850 4119 2072 4183 efficax

513 4215 675 4276 ratio
698 4215 1086 4278 Damasceni.
1116 4215 1232 4277 Vel
1258 4222 1450 4290 certe,
1482 4213 1537 4275 si
1584 4233 1619 4276 e
1649 4213 1959 4276 contrario
1993 4231 2074 4275 ex

512 4309 757 4372 ratione
778 4313 1051 4372 auctoris
1070 4307 1459 4390 colligendus
1486 4315 1582 4372 est
1632 4309 1771 4388 ejus
1822 4325 2068 4384 sensus,

516 4403 783 4464 alterum
802 4419 839 4464 e
862 4404 1113 4464 duobus
1138 4403 1477 4466 dicendum
1504 4408 1618 4464 est.
1648 4403 1921 4464 Primum
1953 4408 2068 4476 est,

512 4497 995 4572 Damascenum,
1049 4496 1132 4558 ad
1159 4513 1497 4573 summum,
1550 4496 1843 4558 docuisse
1870 4494 2074 4559 Chris·

515 4596 651 4651 tum
682 4607 811 4650 non
856 4607 995 4650 esse
1038 4589 1401 4669 simpliciter
1440 4605 1691 4650 servum
1744 4587 2072 4650 nominan-

510 4684 667 4745 dum
694 4703 710 4758 3
746 4683 863 4744 hoc
884 4683 1055 4746 enim
1072 4682 1483 4762 probabiliter
1504 4681 1731 4744 suadet
1752 4681 1859 4742 illa
1886 4682 2069 4755 ratio,

516 4786 649 4838 non'
696 4793 847 4838 vero
892 4794 1036 4836 eum
1082 4775 1603 4838 determinatione
1650 4774 1713 4834 in
1767 4780 2071 4854 quantum

514 4871 729 4943 homo,
772 4887 942 4947 cum,
974 4870 1083 4930 illa
1104 4867 1409 4940 adhibita,
1427 4886 1577 4930 vere
1600 4868 1843 4931 dicatur
1869 4867 2076 4931 Chris—

513 4972 642 5040 tus»,
668 4963 737 5023 in
766 4970 1073 5040 qnantum
1116 4963 1332 5038 homo,
1374 4979 1594 5023 servus
1618 4963 1718 5023 sui
1758 4963 1980 5041 ipsius,
2009 4968 2078 5023 ut

518 5063 617 5119 est
656 5057 841 5130 Deus,
900 5073 1107 5135 neque
1144 5057 1223 5117 sit
1274 5057 1723 5118 inconveniens
1780 5055 2074 5117 eumdem

514 5167 649 5212 esse
673 5151 771 5211 >sui
799 5150 995 5229 ipsius
1016 5167 1267 5211 servum
1296 5148 1647 5210 seeundum
1666 5148 1944 5210 diversas
1963 5167 2077 5210 na-

520 5254 708 5308 turas.
768 5243 1125 5306 Secundum
1172 5247 1290 5316 est,
1340 5244 1799 5304 Damascenum
1846 5241 2076 5304 eodem

517 5354 707 5399 sensu
736 5353 999 5416 negasse
1034 5335 1343 5398 Christum
1380 5352 1521 5396 esse
1550 5351 1827 5410 servum,
1859 5351 1984 5412 quo
2011 5335 2076 5397 id

518 5431 767 5509 negavit
796 5427 1053 5491 Adrion.
1082 5430 1270 5508 Papa,
1304 5435 1367 5489 et
1396 5445 1521 5508 qno
1564 5427 1625 5490 id
1672 5426 2076 5488 affirmabant

1749 281 1985 346 Qum.
2023 283 2128 337 xx.
2161 283 2365 338 Amic.
2399 283 2462 338 tt.

2153 380 2530 454 Nestoris-ni,
2543 383 2608 443 et
2631 385 2850 460 postea
2864 376 3252 460 mimulos,
3272 377 3548 452 affluet.
3567 381 3734 460 quod

2153 475 2438 538 Christus
2463 475 2544 536 sit
2581 474 2840 536 omnino
2870 477 2988 535 aut
3007 491 3218 553 purus
3245 489 3502 535 sermm
3525 473 3610 534 R
3630 474 3738 536 hoe

2150 568 2342 632 modo
2371 567 2660 648 exposuit
2699 569 2982 630 Damaso.
3037 569 3110 628 D.
3145 566 3380 629 Thon.
3419 565 3570 636 hie,
3597 571 3738 629 arti-

2149 663 2292 724 culo
2321 661 2626 734 secundo,
2642 663 2712 724 in
2735 679 2942 739 corp.,
2965 659 3474 740 etad-primum.
3507 659 3736 730 Quare,

2149 774 2300 818 cum
2326 756 2405 818 de
2449 754 2842 819 humanitate
2869 754 3097 816 Christi
3125 755 3448 816 Damaso..
3469 751 3592 812 nit
3621 775 3640 812 :
3667 753 3736 816 A!

2149 867 2286 914 cm
2324 849 2506 913 smol
2545 848 2600 912 ei
2637 848 3050 930 personaliter
3083 847 3275 912 unita
3313 847 3438 920 sit,
3479 863 3736 926 quone:

2147 1035 2427 1100 milam
2475 1035 2754 1110 dasem,
2805 1033 2964 1098 nihil
3009 1033 3191 1098 aliud
3241 1032 3734 1113 intelligendum

2152 1136 2330 1208 puto,
2351 1129 2472 1190 nisi
2501 1128 2898 1192 existentiam
2918 1129 2988 1190 in
3016 1127 3228 1190 servili
3267 1144 3598 1208 persona,
3633 1143 3732 1188 seu

2151 1223 2662 1286 constitutionem
2693 1223 2856 1301 ejus-3,
2909 1221 3020 1301 qui
3051 1237 3128 1284 ex
3183 1239 3259 1284 se
3286 1219 3396 1287 ,ait
3445 1238 3624 1300 μιν
3671 1239 3730 1280 se

2155 1315 2522 1395 simpliciter
2547 1333 2784 1379 servus.
2813 1316 2888 1378 Et
2915 1315 2982 1378 in
3009 1315 3132 1378 hoc
3157 1312 3568 1378 semuhene
3609 1331 3736 1391 pro-

2155 1409 2267 1470 bat
2289 1409 2450 1472 ratio
2471 1409 2838 1472 Damasceni
2868 1408 3182 1472 Christum
3235 1425 3381 1471 non
3435 1423 3594 1472 esee
3620 1423 3736 1466 ser-

2154 1519 2302 1564 vum
2327 1502 2663 1581 suiipsius,
2689 1509 2752 1564 et
2779 1501 3268 1582 appellationem
3303 1499 3484 1565 nervi
3527 1499 3600 1560 in
3629 1497 3730 1560 hoe

2153 1613 2266 1658 sen
2277 1614 2358 1658 su
2381 1595 2660 1660 dividere
2687 1595 2910 1660 eluisti
2937 1609 3300 1676 personam.

2231 1691 2332 1752 56.
2379 1689 2483 1754 Aa
2509 1687 2860 1771 Scriptum
2885 1688 3015 1754 loca
3035 1705 3150 1770 pro
3185 1689 3406 1769 prima
3433 1690 3726 1753 tarentin

2151 1787 2475 1863 responsio.
2513 1817 2594 1830 --
2631 1784 2736 1848 Ad
2759 1784 3026 1848 ratium
3043 1781 3266 1864 prime
3282 1783 3638 1846 sesam.
3661 1815 3724 1826 --

2151 1878 2430 1941 'Pet-tium
2453 1883 2899 1956 argumentum
2923 1895 3002 1940 ex
3019 1876 3390 1956 seripturis,
3419 1875 3608 1953 quod
3633 1897 3724 1936 ne-

2155 1973 2438 2051 gativum
2465 1977 2711 2034 tantum
2742 1978 2900 2046 eret,
2931 1971 3084 2034 satis
3113 1976 3320 2034 estex
3347 1969 3548 2032 dietis
3577 1971 3724 2030 solu-

2157 2073 2288 2128 tum
2310 2111 2334 2141 ,
2373 2083 2520 2127 cum
2553 2063 3019 2128 ostenderimus.
3048 2071 3114 2126 et
3159 2065 3224 2125 in
3255 2063 3480 2124 Veten'
3525 2065 3719 2126 Testa-

2157 2166 2370 2222 mento
2417 2159 2706 2238 reperiri,
2752 2162 2818 2220 et
2863 2158 2930 2220 in
2979 2159 3152 2222 Novo
3197 2158 3352 2220 satis
3397 2157 3716 2219 insinuari.

2154 2252 2316 2328 Quid
2342 2269 2492 2314 vero
2519 2251 2600 2312 ad
2621 2250 2991 2326 Adi-iamim,
3019 2251 3130 2331 qui
3153 2251 3344 2312 aliter
3365 2268 3458 2312 ea
3485 2248 3630 2310 loca
3647 2251 3722 2310 in·

2153 2350 2554 2425 terpretatur,
2599 2343 2972 2424 responderi
2999 2345 3218 2423 possit,
3259 2345 3404 2422 jam
3437 2342 3716 2404 diximus.

2153 2438 2292 2500 Alia
2319 2456 2468 2499 vero
2491 2438 2631 2500 locu
2653 2438 3032 2500 Damasceni
3057 2437 3145 2498 ibi
3173 2437 3370 2500 citata
3401 2453 3544 2498 non
3571 2443 3718 2497 reete

2153 2532 2412 2611 exponi,
2453 2537 2518 2592 et
2539 2531 2683 2611 quis
2711 2531 2792 2594 sit
2820 2549 3040 2593 eorum
3065 2549 3297 2594 sensus
3319 2575 3338 2605 ‚
3384 2533 3566 2592 inter
3587 2547 3716 2590 eon·

2151 2625 2530 2687 firmandam
2557 2630 2838 2688 nostram
2865 2625 3240 2686 sententiam
3271 2622 3568 2687 exuam
3593 2625 3638 2682 T
3639 2640 3714 2682 es-

2151 2727 2430 2782 tamento
2453 2719 2824 2782 declat-avim
2832 2739 2928 2780 us,
2939 2720 3214 2798 Denique
3228 2735 3530 2800 quonam
3545 2717 3714 2780 modo

2151 2812 2343 2876 etiam
2397 2813 2463 2874 in
2509 2812 2649 2875 aliis
2692 2813 2847 2874 locis
2901 2812 2988 2874 ibi
3039 2813 3246 2875 citatis
3297 2813 3716 2892 distinguatur

2151 2907 2432 2971 Christus
2461 2906 2542 2967 ab
2583 2905 2724 2968 aliis
2762 2906 2959 2968 servis
2987 2907 3094 2968 Dei
3119 2951 3136 2981 ,
3177 2907 3322 2986 jum
3355 2908 3558 2970 etium
3587 2904 3714 2966 dixi·

2155 3019 2322 3075 mue,
2355 2999 2680 3080 distingui,
2723 2999 2978 3076 scilieet,
3023 3005 3154 3061 uta
3181 3017 3350 3080 pure
3381 2999 3608 3062 servis.
3635 2999 3712 3059 Ad

2155 3102 2446 3178 quartum
2489 3111 2570 3155 ex
2599 3093 2952 3156 rationibus
2991 3094 3446 3174 respondetur.
3483 3093 3582 3155 Ad
3611 3093 3714 3172 pri·

2155 3207 2326 3250 mam
2355 3194 2621 3267 negatur
2646 3186 3123 3266 consequentia,
3155 3205 3298 3267 quae
3329 3206 3410 3248 ex
3437 3187 3710 3268 adoptiva

2155 3283 2454 3345 filiatione
2481 3280 2552 3342 fit
2575 3280 2660 3341 ad
2693 3280 3080 3343 servitutem.
3123 3281 3304 3342 natio
3341 3285 3573 3342 autem
3595 3299 3632 3340 a
3653 3280 3706 3339 D.

2151 3376 2394 3437 Thomu
2423 3373 2630 3434 citatis
2657 3374 2810 3436 locis
2835 3373 3142 3450 redditur,
3169 3373 3320 3453 quie
3355 3372 3584 3436 filiatio
3605 3390 3708 3434 res-

2153 3467 2304 3547 picit
2329 3467 2529 3528 solam
2555 3484 2894 3547 personam
2919 3485 2937 3542 ς
2981 3467 3249 3530 servitus
3271 3473 3506 3530 autem
3539 3467 3703 3528 etiam

2153 3565 2470 3624 naturam.
2517 3561 2648 3624 Sed
2691 3567 2788 3622 est
2825 3561 2982 3622 ratio
3027 3559 3331 3632 difficilis,
3375 3561 3702 3638 prasertim

2155 3655 2304 3734 quia
2331 3654 2496 3716 idem
2527 3655 2598 3716 D.
2630 3655 2909 3716 Thomas
2931 3654 3060 3730 hic,
3095 3661 3211 3716 art.
3247 3659 3310 3730 1,
3340 3654 3523 3728 adss2,
3553 3655 3700 3726 dicit,

2156 3749 2348 3811 etiam
2371 3753 2662 3809 naturum
2683 3765 2816 3809 non
2841 3747 2963 3811 dici
2987 3748 3240 3828 proprie
3257 3747 3594 3813 dominam
3613 3753 3704 3808 aut

2155 3859 2431 3918 servam,
2481 3840 2596 3902 sed
2641 3859 2978 3920 personum
3023 3839 3378 3903 secundnm
3428 3847 3702 3904 naturam

2153 3952 2270 3996 eeu
2291 3935 2532 3996 ratione
2553 3937 2828 3995 naturae..
2845 3935 2924 3996 At
2952 3933 3124 3996 idem
3152 3940 3248 3996 est
3265 3933 3346 3994 dc
3373 3934 3701 4010 filiatione3

2153 4045 2326 4103 nem,
2355 4027 2506 4088 licet
2537 4032 2762 4089 natura
2791 4026 2978 4089 etiem
3005 4045 3136 4089 non
3162 4026 3420 4089 dicutur
3447 4027 3600 4102 filis,
3629 4033 3702 4088 ta·

2153 4139 2304 4183 men
2333 4138 2606 4201 persona
2636 4119 2982 4182 secundum
3009 4121 3204 4197 illam,
3233 4139 3348 4182 seu
3379 4122 3626 4184 ratione
3647 4121 3701 4180 il·

2153 4216 2295 4289 line,
2327 4215 2552 4276 dicitur
2581 4215 2786 4288 tilius;
2829 4231 2982 4295 ergo
3011 4214 3221 4295 quoad
3243 4215 3369 4276 hoc
3397 4233 3590 4296 parva
3609 4222 3698 4276 ant

2153 4315 2324 4372 certe
2366 4309 2542 4369 nulla
2585 4315 2684 4370 est
2725 4307 3101 4372 differentia.
3153 4307 3538 4370 Addendom
3569 4325 3696 4387 ergo

2153 4409 2269 4478 est,
2301 4389 2706 4482 adoptionem
2733 4401 2968 4478 dicere,
3005 4419 3138 4462 non
3165 4418 3614 4483 quameunque
3639 4402 3696 4461 fi·
3788 4404 3789 4482 J

2151 4495 2497 4569 Rationem,
2527 4495 2642 4556 sed
2671 4493 2860 4556 talem
2885 4513 3028 4574 quae
3051 4501 3370 4574 repugnet
3395 4495 3693 4576 supposito
3788 4499 3789 4510 *

2153 4588 2386 4664 divino,
2425 4587 2612 4648 etiam
2653 4588 2720 4647 in
2765 4593 3090 4667 assumpta
3131 4593 3386 4660 nature,
3437 4588 3577 4669 quin
3617 4588 3692 4648 in·
3788 4576 3789 4592 ¹

2152 4682 2422 4745 trinsece
2453 4680 2715 4760 requirit
2741 4697 3076 4760 personam
3105 4686 3514 4756 extraneam,
3542 4681 3690 4743 dieit-

2155 4793 2280 4855 que
2317 4775 2688 4836 filiationem
2733 4775 2992 4835 omnino
3018 4775 3102 4835 ab
3143 4774 3498 4838 extrinseca
3529 4775 3692 4837 hene·

2155 4867 2426 4930 volentia
2453 4867 2965 4947 provenientem;
3003 4868 3218 4934 etatae
3243 4868 3494 4929 ratione
3519 4868 3686 4930 inelu·
3788 4893 3789 4962 l

2155 4961 2246 5023 dit
2284 4963 2688 5041 negationem
2731 4965 3192 5040 repugnantem
3235 4961 3468 5024 divinoe
3499 4977 3686 5042 perso-
3788 4963 3789 5014 f

2155 5071 2279 5128 nae,
2311 5062 2383 5115 ut
2411 5055 2532 5116 late
2559 5071 2624 5132 q.
2653 5055 2730 5114 23
2754 5052 3148 5126 videbimns3
3193 5060 3264 5113 at
3303 5070 3456 5115 vero
3496 5053 3684 5114 relatio
3788 5089 3789 5092 =

2157 5146 2470 5208 servitutis
2497 5163 2626 5206 non
2657 5146 2918 5223 requirit
2956 5163 3074 5205 nec
3103 5150 3408 5207 connotat
3433 5163 3684 5207 neccssa-

2155 5239 2252 5301 rio
2287 5239 2566 5318 aliquam
2599 5239 3145 5319 imperfectionem
3176 5239 3272 5300 vel
3311 5243 3678 5319 negationem

2155 5339 2616 5412 repugnantem
2652 5332 2878 5393 divinae
2907 5348 3192 5411 pei-sonte
3226 5332 3568 5394 seeundum
3589 5349 3644 5392 se
3663 5376 3677 5405 ‚

2155 5435 2220 5490 et
2251 5427 2526 5488 maxime
2557 5427 2606 5488 si
2639 5445 2764 5488 nen
2793 5426 3175 5510 simpliciter,
3205 5427 3314 5488 sed
3347 5444 3492 5489 cum
3513 5425 3676 5490 detur·
