3892 6167
1228 324 1550 385 msPU’ru.
1584 324 1828 385 xxxvii.
1862 325 2033 385 SECT.
2069 328 2161 383 111.

169 432 297 501 tiam
314 426 707 501 indirectum,
730 422 865 490 sine
888 423 1102 505 aliquo
1126 431 1297 503 actu,
1320 446 1435 509 per
1458 428 1656 494 solam

1740 428 2106 511 simpliciter
2133 430 2474 514 loquendo,
2499 453 2631 506 non
2659 456 2842 521 posse
2867 460 3153 525 peccare,
3185 344 3306 515 {²22ss

168 522 574 605 inpensionem
598 524 801 584 actus.
828 519 979 583 Haec
1006 521 1333 602 responsio
1360 522 1660 604 supponit
1738 522 1976 588 habere
1999 525 2344 605 potentiam
2379 532 2706 611 peccandi.
2737 535 2888 611 Quoe
2915 557 3042 615 res,
3079 562 3314 625 suppo-

167 615 397 695 rincipia
430 632 505 675 ex
538 616 595 675 l.
626 614 687 689 2,
718 630 780 693 q.
809 614 849 675 6
876 618 939 675 et
963 612 1068 689 71,
1090 632 1231 695 quie
1255 615 1405 681 lieet
1437 615 1660 695 eliqui-

167 730 229 778 ιιι
252 706 583 791 probabilia
606 706 965 784 videantur,
988 707 1141 777 mihi
1162 712 1373 779 tamen
1398 709 1653 791 probari

165 820 409 884 mquam
447 805 831 881 potuerunt.
868 805 931 871 et
974 798 1273 872 doctrinm
1318 804 1391 867 D.
1426 804 1647 872 Thom.

164 896 397 964 ontrario
414 911 557 958 esse
576 893 899 968 videntur,
924 893 1239 971 videlicet,
1260 895 1433 975 quod
1454 898 1654 979 possit

163 992 239 1055 ari
280 1006 427 1069 pura
462 986 725 1055 omissio
764 986 1089 1059 moraliter
1132 987 1331 1057 libera
1358 1033 1377 1063 ‚
1414 996 1477 1051 et
1520 1008 1647 1056 non

162 1082 451 1155 cluentia,
472 1096 597 1149 nee
622 1080 1089 1161 peccaminosa,
1118 1081 1367 1149 etiamsi
1395 1082 1477 1148 sit
1498 1102 1653 1151 con·-

160 1196 203 1242 ra
224 1179 605 1256 praeoeptum·
640 1172 973 1247 Quomodo
1014 1174 1185 1241 enim
1229 1175 1490 1257 intelligi
1532 1194 1649 1257 po<

160 1278 239 1343 ist,
266 1268 421 1347 quod
450 1266 683 1347 aliquis
711 1268 919 1333 sciens
948 1274 1013 1336 et
1044 1268 1265 1338 videus
1290 1287 1421 1337 non
1458 1268 1651 1341 faciat

160 1363 261 1427 uod
284 1360 389 1427 sibi
418 1366 808 1441 pmceptum
836 1366 955 1439 est,
980 1378 1123 1425 cum
1151 1364 1369 1443 possit,
1398 1371 1461 1429 et
1488 1365 1650 1429 nihi·

158 1458 355 1521 unione
384 1473 509 1519 non
540 1458 813 1533 peccet?
840 1455 1019 1529 Quod
1063 1457 1231 1522 enim
1258 1458 1651 1537 Augustinus

156 1551 277 1625 ixit,
304 1553 619 1629 peecatum
652 1567 799 1615 esse
826 1548 1063 1617 dictum
1104 1550 1205 1615 vel
1232 1549 1471 1616 factum
1496 1568 1649 1617 con-

156 1664 203 1707 πει
220 1645 427 1723 legem,
444 1640 757 1725 Theologi
778 1660 1001 1712 omnes
1018 1644 1511 1725 interpretantur
1529 1645 1611 1710 ita
1618 1690 1643 1723 ,

154 1744 181 1801 ⁸t
198 1737 295 1799 sub
318 1735 579 1817 positivo
606 1736 959 1804 carentiam
982 1736 1337 1819 intelligant
1348 1784 1373 1816 ,
1398 1744 1493 1815 ut,
1522 1738 1646 1808 soi·

155 1836 255 1904 icet,
280 1837 393 1893 tam
420 1830 503 1891 sit
524 1836 867 1911 peccatum
892 1848 1023 1893 non
1044 1831 1281 1893 factum
1308 1838 1527 1895 contra
1556 1832 1645 1895 le-

152 1942 255 1997 am,
286 1940 463 2003 quam
508 1922 777 1999 factum,
810 1924 863 1989 si
904 1930 1243 2005 utrumque
1294 1926 1375 1987 sit
1418 1926 1641 1989 huma·

156 2036 243 2079 um
267 2024 323 2079 et
349 2016 633 2085 liberum.
660 2019 845 2093 item,
868 2018 981 2097 qui
1006 2018 1205 2082 libere
1234 2020 1484 2097 omittit,
1508 2037 1637 2086 non

152 2109 529 2191 ximpotentia
544 2111 819 2193 omittit3
838 2129 991 2193 ergo
1014 2130 1089 2183 ex
1110 2112 1465 2191 voluntat03
1486 2132 1637 2194 ergo

152 2212 197 2266 st
219 2204 542 2267 voluntaria
579 2204 699 2267 iiia
732 2204 1019 2280 emisam,
1052 2207 1105 2267 si
1136 2213 1231 2269 est
1262 2206 1479 2271 libera.
1514 2208 1639 2271 Aut

149 2316 239 2377 rgo
256 2300 509 2375 negetur
534 2314 709 2377 pura
742 2297 999 2364 omissio
1038 2297 1260 2375 libera,
1284 2301 1471 2366 antei
1500 2302 1638 2363 haec

149 2390 431 2465 omittitur,
460 2391 791 2458 censenda
820 2396 917 2455 est
943 2390 1299 2457 voluntaria
1328 2399 1391 2461 et
1418 2412 1639 2475 pecca·

146 2484 335 2561 niuosa,
366 2483 417 2547 si
446 2483 527 2549 sit
554 2490 785 2549 contra
812 2491 1215 2567 praeceptum.
1250 2486 1489 2552 Deinde
1538 2506 1637 2551 es-

147 2578 335 2642 umilur
378 2576 547 2644 aliud
586 2577 659 2644 in
715 2596 791 2645 ee
839 2579 1287 2661 responsione,
1334 2580 1633 2647 nimirum

144 2671 373 2734 {hristum
404 2688 533 2736 non
573 2670 883 2741 hahuisse
920 2678 1213 2753 paratum
1256 2690 1633 2741 concursum

144 2764 183 2825 nd
222 2769 399 2828 aetum
446 2763 1033 2845 incompossibilem
1082 2766 1249 2829 actui
1289 2773 1627 2847 praecepto,

142 2876 209 2937 iro
248 2875 311 2917 eo
356 2864 639 2937 tempore
690 2876 819 2939 quo
864 2865 1247 2940 preceptum
1280 2858 1597 2941 obligabat
1607 2876 1631 2939 3

142 2950 271 3031 prod,
306 2950 443 3013 licet
480 2950 561 3014 sit
600 2951 959 3033 probabile,
990 2959 1063 3016 ut
1100 2953 1253 3029 dixi,
1282 2958 1379 3017 est
1416 2959 1633 3020 tamen

140 3044 237 3108 otis
274 3042 555 3119 dubium
606 3062 725 3110 our
778 3046 951 3117 enim
994 3046 1309 3126 fingemus
1353 3047 1631 3127 potuisse

140 3134 379 3202 :hristum
404 3137 797 3220 suspendere
830 3144 1071 3215 actum,
1104 3144 1169 3202 et
1192 3156 1321 3202 non
1346 3140 1628 3221 potuisse

140 3228 275 3293 ilium
314 3235 513 3296 actum
558 3231 851 3310 operari?
881 3250 1027 3301 cum
1066 3238 1343 3313 potestas
1370 3250 1631 3315 suspen-

141 3322 271 3385 iendi
296 3342 480 3390 unum
523 3333 739 3390 actum
788 3344 917 3389 non
964 3332 1093 3389 tam
1120 3328 1201 3390 sit
1249 3334 1505 3409 propter
1532 3346 1623 3405 se,

140 3434 271 3495 mam
296 3424 534 3497 propter
556 3419 977 3498 capacitatem
1004 3419 1283 3486 habendi
1304 3420 1497 3483 alium
1528 3438 1629 3483 ac.-

141 3526 243 3575 ω.
283 3512 543 3591 Cumque
596 3511 921 3576 moraliter
968 3512 1229 3593 perinde
1283 3511 1365 3575 sit
1386 3558 1405 3589 ,
1454 3514 1625 3593 quod

140 3601 285 3663 *ciens
312 3610 373 3667 et
410 3604 691 3683 prudens
725 3604 1047 3679 voluntate
1072 3624 1201 3670 uon
1244 3606 1439 3672 facias
1478 3626 1625 3677 cum

140 3696 307 3771 possis,
334 3714 403 3757 ac
434 3696 603 3775 quod
636 3696 844 3760 fecere
880 3698 1066 3762 nolis.
1100 3699 1303 3773 Unde,
1336 3701 1623 3779 quamvis

140 3786 315 3849 acilius
336 3789 589 3871 intelligi
634 3796 701 3855 et
742 3790 911 3853 credi
950 3792 1147 3870 possit
1184 3795 1433 3873 negatio
1464 3812 1619 3857 con·

140 3896 295 3943 sursus
314 3881 385 3943 ad
408 3889 615 3948 actum
638 3884 903 3960 malum,
928 3902 1121 3963 quam
1146 3888 1339 3949 motio
1358 3888 1617 3969 physice

140 3974 615 4049 nodetermioans
658 3978 743 4047 ad
788 3978 1052 4054 honum,
1090 3984 1157 4046 ut
1212 3980 1377 4051 bene
1426 4000 1617 4061 supra

140 4062 445 4135 laniantum
470 4076 595 4147 est,
630 4076 865 4147 tamen,
896 4070 1068 4153 quod
1096 4072 1179 4135 ad
1204 4073 1619 4153 impeccabili-

140 4164 273 4223 ’atcm
295 4162 533 4239 attinet,
562 4180 693 4230 non
740 4164 943 4245 magis
980 4170 1079 4230 est
1104 4166 1462 4233 necessarie
1490 4185 1617 4235 una

140 4264 270 4327 luam
288 4253 487 4325 altera,
513 4256 691 4331 Quia,
711 4257 873 4321 sicut
892 4274 1039 4321 eum
1064 4276 1375 4324 concursu
1404 4259 1485 4322 ad
1506 4259 1615 4324 bo·

140 4358 245 4405 mum
264 4363 331 4409 ex
356 4366 419 4409 se
443 4366 569 4416 nou
598 4348 1061 4419 determinante
1090 4354 1459 4432 potentiam,
1492 4360 1615 4425 stet

140 4434 461 4503 ‚niallibiiiter
504 4444 751 4523 operari
799 4444 923 4505 tale
971 4443 1233 4520 bonum,
1275 4453 1341 4509 et
1388 4465 1615 4514 conse-

140 4538 337 4603 {uenter
354 4541 469 4605 stat
486 4537 675 4599 etiam
702 4536 1072 4617 impotentia
1099 4538 1385 4618 quaedam
1406 4558 1609 4603 moru-

141 4620 183 4677 .is
204 4641 305 4685 non
334 4630 617 4706 operandi
648 4629 772 4695 talc
796 4629 1057 4705 bonum,
1090 4650 1231 4712 quac
1254 4632 1341 4695 ad
1374 4634 1611 4715 impee-

140 4715 437 4783 nahililatem
482 4723 773 4797 sufficiet,
802 4723 891 4785 ita
933 4742 1079 4787 cum
1107 4726 1421 4790 oblatione
1461 4745 1607 4791 con-

140 4820 301 4871 cursus
330 4813 403 4875 ad
428 4822 629 4877 actum
658 4818 1039 4883 contrarium
1066 4824 1187 4886 stat
1210 4819 1609 4901 impossibili-

140 4900 203 4957 tas
218 4904 465 4978 quaedam
488 4908 701 4971 utendi
724 4909 833 4974 teli
860 4928 1195 4988 concursu,
1220 4930 1359 4991 quae
1390 4912 1469 4975 ad
1494 4913 1611 4975 im-

140 4995 553 5066 peccabilitatem
585 5002 877 5075 sufficiet3
916 5021 1067 5083 ergo
1095 5006 1305 5083 quoad
1345 5005 1465 5067 hoc
1504 5024 1607 5067 ea⁴

140 5079 237 5145 dem
261 5087 371 5159 fere
394 5101 480 5163 est
506 5096 683 5160 ratio.

194 5179 271 5239 22-
309 5184 575 5261 Nolam
600 5190 931 5263 dictinctio.
962 5225 1041 5242 --
1071 5190 1413 5255 Dicendum
1454 5209 1607 5272 ergo

142 5283 313 5335 censeo
351 5276 669 5356 Christum,
710 5284 951 5350 ratione
995 5283 1323 5359 libertatis,
1368 5283 1607 5350 hebere

142 5360 299 5463 εἰΨῙιιο
316 5372 481 5435 modo
508 5378 843 5455 potentiam
871 5377 1197 5459 physicam
1224 5394 1353 5447 non
1376 5376 1609 5441 facien·-

146 5450 207 5527 (l.¹‚
230 5458 307 5521 vel
334 5464 499 5530 etiem
526 5468 797 5538 faciendi
840 5470 1013 5533 aliud
1028 5514 1051 5549 ,
1084 5477 1149 5533 et
1178 5471 1603 5545 nihilominus.

1740 615 1871 679 sitis
1912 634 2054 697 quae
2079 618 2392 699 diximus,
2417 629 2626 705 potest
2651 626 2906 707 quidem
2935 632 3018 698 ad
3047 636 3310 705 modum

1738 707 2036 790 loquendi
2067 714 2416 795 pertinere;
2441 718 2494 783 si
2519 724 2734 786 tamen
2759 726 2934 791 ceste
2957 732 3022 789 et
3048 732 3307 811 proprie

1732 798 1907 881 loqui
1950 805 2238 885 velimus,
2281 808 2370 875 ita
2414 813 2814 883 sentiendum
2858 823 2922 881 et
2967 818 3307 891 dicendum

1732 901 1851 975 cst,
1878 914 2024 963 cum
2054 918 2136 965 ex
2161 900 2346 969 dietis
2373 912 2642 985 constet,
2675 909 2974 976 omnibus
2999 915 3304 994 pensatis,

1732 1005 1871 1071 quaa
1898 992 1983 1055 ad
2005 993 2230 1059 Christi
2259 998 2694 1079 operationem
2728 1012 3152 1083 concurrunt,
3177 1027 3307 1074 non

1728 1085 2012 1165 potuisse
2063 1087 2128 1152 in
2179 1087 2422 1156 Christo
2471 1110 2613 1158 esse
2657 1102 2988 1175 peccatum
3001 1143 3022 1177 ,
3055 1118 3184 1167 non
3221 1121 3304 1170 ex

1730 1176 1980 1243 defectu
2015 1179 2360 1261 libertatis,
2402 1186 2513 1249 sed
2541 1205 2622 1254 ex
2667 1188 2880 1255 divina
2907 1196 3300 1275 protectione

1732 1276 1794 1334 et
1820 1272 2128 1353 regimine
2155 1274 2244 1339 ita
2272 1276 2388 1343 sibi
2413 1278 2624 1344 debito
2651 1282 2897 1351 ratione
2926 1287 3200 1366 unionis,
3228 1304 3302 1359 ut

1730 1363 1903 1425 nullo
1926 1366 2118 1429 modo
2146 1370 2422 1449 potuerit
2449 1372 2556 1435 ilio
2585 1390 2822 1440 carere.
2851 1378 3156 1453 Quocirca
3185 1398 3298 1449 nov

1728 1456 1919 1522 tanda
1953 1465 2052 1524 est
2091 1459 2408 1528 distinctio
2451 1464 2514 1527 in
2557 1464 2679 1535 hac
2711 1472 2976 1535 materia
3021 1474 3296 1541 maxime

1726 1552 2112 1631 necessaria,
2157 1554 2526 1637 dupliciter,
2575 1560 2850 1639 scilicet,
2897 1564 3134 1643 aliquid
3173 1567 3299 1639 dici

1726 1644 2044 1725 possibile,
2093 1665 2223 1711 uno
2271 1650 2464 1715 modo
2513 1652 2649 1718 sole
2699 1654 3216 1724 denominatione
3259 1681 3300 1729 u

1724 1740 2007 1819 potentie
2058 1740 2344 1821 proxima
2385 1762 2466 1810 ex
2515 1762 2584 1808 ee
2635 1746 2968 1817 sufficienti
3015 1750 3100 1813 ad
3139 1752 3296 1822 illud

1724 1831 2202 1911 producendum
2217 1857 2238 1913 3
2269 1836 2394 1907 alio
2439 1838 2630 1901 modo
2659 1857 2788 1904 non
2831 1859 2909 1907 ex
2939 1843 3072 1908 sola
3099 1844 3296 1913 deuo*

1724 1924 2070 1989 minatione
2119 1946 2160 1991 a
2196 1928 2307 1991 tali
2347 1932 2652 2011 potentie,
2695 1933 2811 1998 sed
2850 1935 3036 2001 simul
3082 1938 3294 2009 exclun

1719 2016 1933 2081 dendo
1961 2036 2150 2084 omne
2179 2020 2246 2083 id
2279 2040 2426 2087 cum
2453 2041 2584 2105 quo
2611 2026 2692 2088 sit
2723 2026 3128 2108 impossibilis
3149 2032 3292 2100 talis

1720 2110 2016 2189 effectus,
2046 2112 2134 2175 ita
2176 2118 2246 2183 ut
2275 2116 2576 2197 possibile
2606 2118 2885 2197 dicatur,
2917 2122 3064 2203 quia
3103 2123 3292 2192 simul

1720 2208 1815 2267 cst
1858 2206 2138 2285 potentia
2187 2206 2456 2271 faciendi
2483 2210 2666 2287 illud,
2699 2218 2763 2275 et
2807 2214 3068 2285 carendi
3115 2217 3292 2287 omui

1720 2296 1841 2360 alia
1884 2316 1958 2361 re
2003 2298 2092 2363 iiii
2141 2300 2655 2383 incompescibili.
2703 2306 2896 2372 Priori
2943 2308 3134 2374 modo
3171 2309 3290 2376 fuit

1716 2390 2036 2471 possibilis
2063 2392 2128 2456 in
2157 2393 2400 2461 Christo
2433 2396 2710 2461 carentia
2737 2404 2934 2475 actus,
2963 2403 3065 2465 vel
3093 2420 3290 2485 oppo-

1718 2485 1905 2547 situm
1949 2490 2152 2559 aetus,
2185 2504 2314 2549 non
2355 2487 2646 2554 obstante
2679 2498 2992 2573 praecepto
3001 2538 3024 2571 ,
3055 2500 3118 2563 et
3163 2495 3286 2562 hoo

1716 2577 1835 2644 fuit
1863 2578 2014 2639 satis
2041 2578 2124 2641 ad
2147 2577 2522 2647 libertatem.
2551 2579 2886 2647 Posterior-i
2907 2592 3123 2649 autem
3149 2606 3288 2653 mo·

1715 2668 1797 2734 do
1817 2688 1945 2733 non
1980 2669 2098 2736 fuit
2133 2671 2448 2751 possibilis
2473 2673 2614 2742 talis
2644 2682 2822 2740 actus
2845 2676 2945 2739 vel
2971 2682 3278 2759 carentia,

1713 2764 1863 2843 quia
1888 2764 2274 2845 impossibile
2315 2772 2452 2830 erat
2486 2766 2554 2827 in
2579 2784 2650 2831 re
2691 2769 2826 2849 ipsa
2854 2772 3146 2853 componi
3183 2777 3276 2840 ta·

1710 2856 1838 2919 lem
1868 2864 2078 2921 actum
2101 2856 2201 2921 vel
2221 2858 2564 2923 carentiam
2594 2877 2734 2925 cum
2761 2862 3018 2940 unione,
3035 2871 3097 2927 et
3117 2868 3280 2947 regi·

1712 2950 1905 3025 mine,
1934 2949 2108 3029 quod
2133 2950 2376 3016 ratione
2407 2952 2660 3015 unionis
2695 2954 2802 3017 tali
2829 2957 3134 3024 voluntati
3165 2960 3278 3023 tri..

1710 3042 2046 3121 buebotur,
2075 3062 2193 3108 neo
2239 3049 2483 3123 poterat
2514 3044 2622 3113 illo
2667 3063 2908 3125 carere,
2949 3056 3011 3115 et
3051 3050 3276 3131 hujus-

1708 3137 1885 3199 modi
1924 3136 2306 3217 possihilites
2339 3139 2698 3203 necessaria
2745 3148 2882 3205 erat
2927 3142 3010 3205 ad
3049 3149 3276 3225 poten-

1707 3230 1859 3294 tiam
1886 3230 2222 3311 peccandi;
2247 3247 2398 3298 nam
2415 3248 2602 3310 posse
2623 3250 2886 3313 peecare
2905 3253 3034 3298 non
3067 3237 3272 3306 solum

1709 3325 1856 3387 dicit
1898 3322 2247 3404 potentiam
2277 3323 2604 3404 physicam
2647 3327 3000 3409 proximam
3057 3328 3140 3393 ad
3179 3330 3272 3393 fa-

1704 3418 2002 3485 ciendum
2053 3422 2291 3495 actum,
2334 3417 2436 3481 vel
2480 3418 2564 3483 ad
2619 3420 3020 3488 omissionem
3063 3431 3264 3498 actus,

1706 3510 1821 3573 sed
1860 3510 2049 3574 etiam
2089 3507 2350 3577 includit
2387 3511 2738 3589 proximam
2783 3512 3114 3579 deficiendi
3155 3536 3266 3599 po·

1706 3603 1992 3679 tentiam,
2011 3602 2099 3665 ita
2116 3608 2185 3665 ut
2203 3602 2487 3666 accidere
2511 3604 2736 3683 possit,
2753 3604 2908 3669 nihil
2925 3606 3261 3672 interveni-

1702 3714 1773 3757 re
1801 3694 1972 3775 quod
1999 3694 2188 3759 talem
2225 3694 2576 3775 potentiam
2611 3695 2678 3757 in
2717 3697 2920 3761 officio
2943 3700 3262 3763 contineat

1703 3790 1787 3852 ita
1822 3796 1885 3851 ut
1920 3804 2247 3865 nunquam
2295 3784 2570 3861 deficiat,
2602 3788 2772 3867 quod
2799 3788 2866 3851 in
2907 3790 3146 3856 Christo
3173 3792 3266 3859 lo·

1699 3900 1845 3945 cum
1872 3898 2002 3941 non
2027 3878 2268 3943 habuit.
2299 3882 2502 3961 Atque
2523 3880 2660 3944 haec
2687 3879 2994 3951 distinctio
3015 3902 3144 3947 non
3163 3904 3261 3947 so-

1698 3975 1831 4037 lum
1854 3975 1919 4035 in
1946 3978 2284 4057 praeccpto,
2317 3972 2432 4034 sed
2460 3972 2651 4038 etiam
2675 3973 2744 4037 in
2760 3975 3258 4055 proedefinitione

1696 4070 1807 4131 Dei
1856 4068 2130 4141 interna,
2169 4072 2234 4128 et
2276 4084 2389 4147 per
2433 4066 2694 4132 modum
2735 4068 3122 4148 intentionis,
3151 4074 3260 4140 ad-

1695 4163 2004 4228 mittenda
2043 4166 2174 4233 est;
2203 4158 2310 4223 illa
2343 4160 2536 4240 enim,
2559 4160 2740 4241 juxta
2774 4164 3084 4229 veriorem
3115 4166 3258 4230 doc·.

1694 4258 1945 4331 trinam,
1979 4274 2110 4319 non
2133 4253 2293 4319 tollit
2315 4252 2704 4331 libertatem,
2731 4273 2853 4320 nec
2879 4261 3254 4337 potestatem

1690 4350 2044 4431 proximam
2065 4346 2338 4411 faciendi
2359 4347 2744 4427 oppositum
2772 4348 3008 4413 tollitur
3035 4356 3254 4418 tamen

1690 4450 1968 4525 potestas
1985 4439 2408 4521 componendi
2422 4445 2632 4501 actum
2653 4442 3007 4524 oppositum
3023 4462 3168 4517 cum
3184 4444 3253 4510 11-

1690 4536 1753 4599 la
1778 4533 2296 4615 praedefinitione,
2319 4532 2506 4609 etita,
2525 4532 2816 4596 omnibus
2827 4536 3130 4617 pensatis,
3159 4545 3256 4601 est

1690 4629 1984 4709 quaedam
2003 4624 2472 4710 impossibilitas
2491 4624 2572 4689 ab
2592 4625 2939 4697 extrinseco
2959 4627 3040 4692 ad
3059 4646 3248 4696 omne

1690 4722 1753 4784 id
1782 4721 1954 4803 quod
1970 4721 2282 4801 repugnat
2311 4718 2418 4779 tali
2437 4718 3052 4799 praedefinitioni,vel
3077 4723 3250 4803 quod

1686 4814 1950 4881 involvit
1991 4814 2164 4875 iilam
2205 4811 2747 4893 compositionem,
2789 4814 3080 4895 quamvis
3119 4832 3251 4879 non

1691 4910 1771 4973 sit
1796 4906 2266 4989 impossibilitas
2291 4904 2374 4970 ad
2403 4910 2612 4968 actum
2643 4904 3002 4985 simpliciter
3029 4925 3104 4974 ac
3131 4926 3253 4976 nu·-

1690 5003 1771 5068 de
1792 5000 2250 5065 consideratum
2277 4998 2340 5057 in
2359 4996 2580 5069 ordine
2601 4996 2681 5059 ad
2702 5014 2882 5061 suam
2900 5002 3248 5082 potentiam

1688 5094 2060 5177 proximam.

1766 5190 1867 5251 23.
1914 5185 2246 5271 Responsio
2275 5183 2361 5249 ad
2378 5182 2802 5261 difficultatem
2832 5185 2904 5249 ia
2943 5190 3152 5265 forma
3175 5203 3251 5251 em

1686 5280 1956 5348 auctoris
1981 5274 2377 5348 mantem-Ad
2397 5274 2832 5347 difficultatem
2858 5292 3010 5359 ergo
3031 5277 3101 5343 in
3127 5276 3252 5344 for-

1688 5392 1794 5439 ma
1826 5378 2094 5457 negatur
2121 5368 2402 5453 sequela,
2429 5366 2715 5435 absolute
2741 5368 3084 5453 loquendo,
3112 5388 3252 5453 pro·

1688 5474 1831 5549 pter
1856 5467 2168 5530 rationem
2216 5462 2482 5537 dictam;
2516 5458 2722 5526 solum
2757 5461 2930 5527 enim
2968 5464 3254 5547 sequitur
