3892 6167
1430 328 1751 385 olsPUTAT.
1786 326 1978 384 xxvn.
2015 328 2185 383 smr.
2222 331 2259 383 l.

210 436 493 521 pionica,
520 436 647 502 sive
664 437 749 501 ad
766 436 981 500 donum
1000 433 1349 517 prophetia,
1366 434 1495 498 sive
1516 434 1601 497 ad
1616 434 1797 515 quod-

212 548 453 613 cunque
494 534 713 597 donum
763 526 1045 613 Spiritus
1078 530 1321 593 Sancti.
1374 526 1589 591 Omnia
1638 526 1796 589 enim

212 625 347 689 ista
390 626 802 689 abundantius
848 629 904 688 et
943 623 1185 704 plenius
1236 622 1471 685 coeteris
1520 620 1795 700 coynovit

213 720 433 782 anima
452 718 715 785 Christi.
746 720 959 798 Ipsam
990 722 1188 781 tamen
1201 718 1317 779 Dei
1346 716 1665 780 essentiam
1682 731 1795 795 per

220 812 377 875 hanc
402 814 725 877 scientiam
740 829 857 875 non
872 812 1164 893 coqnooit,
1195 812 1298 875 sed
1316 810 1509 875 solum
1527 827 1637 890 per
1652 806 1793 891 pri-

224 926 406 981 mam‚
436 908 507 971 de
536 924 659 991 qua
695 924 885 989 supra
916 906 1141 971 dictum
1168 910 1255 971 est
1282 906 1327 967 ¹.

306 999 407 1065 Aa
418 1003 695 1085 primum
742 1018 883 1081 erqo
911 1000 1221 1065 dicendum
1242 1044 1259 1075 ,
1296 998 1457 1082 quod
1482 996 1648 1061 ratio
1676 996 1795 1061 illa

213 1097 491 1175 procedit
518 1098 588 1159 de
610 1096 880 1175 potentia
904 1096 1184 1159 naturali
1219 1094 1441 1157 animae
1467 1088 1793 1156 intellecti-

212 1206 343 1261 vae,
374 1206 536 1271 quae,
574 1188 843 1265 scilicet,
886 1194 973 1253 est
1006 1206 1121 1271 per
1166 1187 1667 1268 comparationem
1714 1184 1798 1249 ad

212 1297 408 1365 ayens
434 1285 738 1358 naturale,
771 1284 929 1365 quod
954 1287 1043 1347 est
1072 1282 1409 1345 intellectae
1437 1296 1643 1361 ayens.

300 1376 409 1439 Ad
430 1378 749 1441 secundum
776 1378 1107 1454 dicendum,
1129 1378 1287 1458 quod
1308 1376 1575 1439 humana
1588 1372 1795 1437 anima

211 1470 289 1531 in
318 1476 497 1535 statu
525 1472 711 1552 hujus
754 1472 929 1546 citoe,
962 1472 1107 1553 quia
1132 1468 1555 1553 quodammodo
1584 1474 1673 1531 est
1718 1468 1800 1529 ad

212 1580 451 1645 corpus
491 1566 788 1648 obliyata,
835 1572 903 1630 ut
942 1567 1071 1629 sinc
1102 1566 1530 1645 phantasmate
1568 1560 1797 1624 intelli-

212 1674 368 1737 σενι
390 1674 512 1721 non
534 1660 753 1739 possit,
776 1676 904 1736 pon
930 1663 1121 1741 potest
1152 1656 1485 1739 inteltiqere
1516 1656 1795 1717 substan-

214 1752 351 1813 tias
377 1762 719 1832 separatas.
754 1752 885 1817 Sea
896 1760 1033 1833 post
1049 1756 1277 1816 statum
1299 1750 1482 1829 hujus
1496 1748 1639 1812 vitoe
1661 1748 1796 1811 ani-

208 1862 327 1907 ma
388 1854 675 1928 separata
717 1848 945 1927 poterit
1005 1844 1355 1928 aliqualiter
1417 1842 1793 1907 substantias

208 1948 545 2017 separatas
563 1960 672 2020 per
699 1944 955 2025 seipsam
995 1956 1362 2019 cognoscere,
1398 1942 1466 2000 ut
1495 1938 1562 1999 in
1582 1940 1795 2016 prima

204 2042 403 2111 parte
436 2036 662 2098 dictum
702 2044 789 2100 est
809 2035 857 2097 ².
902 2036 998 2099 Et
1039 2036 1145 2098 hoc
1173 2032 1471 2114 proecipue
1510 2034 1795 2111 manim-

210 2130 359 2189 eum
396 2134 487 2191 est
516 2130 682 2192 circa
727 2132 967 2193 animas
993 2128 1317 2193 beatorum.
1359 2124 1643 2191 Christus
1686 2144 1789 2189 au-

210 2224 343 2281 tem
384 2228 527 2287 ante
552 2224 890 2302 passionem
916 2240 1035 2285 non
1062 2222 1249 2285 solum
1278 2218 1409 2299 fuit
1433 2218 1632 2283 viator
1648 2264 1663 2291 ‚
1696 2219 1801 2283 sed

211 2312 411 2375 otiam
444 2316 887 2396 comprehensor
905 2362 923 2388 ‚
963 2314 1117 2379 unde
1156 2315 1364 2377 anima
1390 2312 1522 2393 ejus
1553 2315 1799 2396 poterat

216 2422 575 2485 coyncscere
617 2410 993 2473 substantias
1019 2412 1371 2490 separatas,
1418 2424 1531 2491 per
1557 2407 1795 2471 modum

222 2516 347 2581 quo
368 2501 669 2581 coquoscit
701 2504 908 2567 anima
936 2507 1245 2583 separata.

311 2592 413 2657 Aa
430 2596 679 2661 tertium
709 2596 1037 2670 dicendum,
1066 2596 1227 2679 quod
1244 2592 1499 2676 counitio
1521 2592 1795 2677 sinqula-

210 2684 389 2749 rium
414 2708 535 2752 non
546 2692 807 2775 pertinet
830 2692 912 2753 ad
926 2690 1342 2769 perfectionem
1372 2688 1593 2751 anima·
1621 2686 1795 2750 intel-

212 2778 463 2843 lectivoe
516 2786 837 2849 secundum
890 2786 1282 2863 cognitionem
1331 2780 1788 2865 speculativam.

214 2872 511 2939 Perti-net
544 2883 742 2941 tamen
770 2880 851 2943 ad
870 2878 1287 2959 perfectionem
1312 2876 1443 2957 ejus
1474 2874 1793 2938 secundum

214 2971 627 3047 coynitionem
649 2973 1004 3051 practicam,
1021 2990 1153 3055 quoe
1175 2988 1295 3033 non
1310 2968 1637 3050 perficitur
1662 2968 1795 3032 abs·-

218 3078 343 3140 que
386 3066 725 3143 coynitione
760 3066 1191 3149 sinyularium,
1218 3064 1287 3125 in
1314 3064 1527 3145 quibus
1553 3068 1639 3126 est
1662 3080 1794 3145 ope-

216 3157 418 3228 ratio,
456 3164 527 3221 ut
554 3158 777 3222 dicitur
804 3162 869 3221 in
898 3160 937 3220 6
964 3157 1171 3222 Ethic.
1200 3158 1245 3219 ³.
1311 3156 1477 3221 Unde
1522 3156 1605 3217 acl
1644 3172 1793 3236 pru-

224 3248 503 3313 dentiam
524 3256 866 3331 requiritur
892 3254 1176 3315 memoria
1204 3250 1674 3329 praetentorum,
1706 3266 1796 3311 co·

224 3342 433 3423 ynitio
454 3348 839 3426 proesentium
858 3392 875 3420 ,
910 3350 969 3409 et
991 3345 1373 3425 providentia
1398 3346 1753 3422 futurorum
1776 3388 1791 3417 ‚

224 3440 307 3496 ut
339 3434 587 3500 Tullius
604 3440 753 3503 dicit
771 3439 836 3500 in
854 3457 965 3502 sua
994 3438 1317 3503 Rhetorica
1344 3436 1393 3497 ⁴.
1425 3437 1583 3511 Quia
1600 3436 1799 3517 iyitur

232 3526 528 3595 Christus
548 3532 759 3595 habuit
778 3532 1206 3612 plenitudinem
1227 3532 1565 3614 prudentiae
1591 3548 1799 3593 secun-

230 3622 379 3685 dum
429 3624 642 3687 donum
686 3624 950 3699 consilii,
988 3642 1343 3707 consequens
1389 3628 1473 3686 est
1502 3622 1663 3704 quod
1704 3640 1799 3685 co-

231 3718 513 3795 ynoverit
528 3722 729 3783 omnia
747 3720 1094 3805 sinqularia
1106 3718 1456 3801 praesentia,
1474 3719 1801 3799 proeterita

234 3816 293 3871 et
316 3812 564 3887 sutura.

318 3992 439 4055 Hic
469 3993 765 4056 articulus
795 3994 1199 4075 explicandus
1221 3998 1313 4055 est
1334 3992 1559 4053 diffuse
1584 3990 1800 4071 dispu-

242 4089 481 4150 tatione
512 4090 794 4167 sequenti
806 4106 827 4168 3
858 4095 921 4151 et
948 4088 1093 4150 ideo
1123 4089 1287 4151 circa
1338 4086 1561 4148 litterae
1610 4100 1803 4163 expo-

237 4182 537 4245 sitionem
590 4184 745 4244 nihil
796 4192 1015 4245 notare
1068 4188 1345 4263 oportet3
1402 4178 1845 4242 commodius-

244 4278 413 4337 enim
446 4296 630 4339 mens
662 4278 729 4340 D.
762 4278 1015 4339 'rhomae
1048 4276 1235 4338 simul
1265 4292 1406 4338 cum
1428 4292 1496 4335 re
1524 4274 1659 4355 ipsa
1694 4287 1800 4333 ex·

242 4369 596 4449 plicabitur.

326 4558 347 4598 ¹
386 4558 459 4631 Q.
498 4559 799 4639 praeced„
825 4566 940 4621 art.
972 4564 1030 4620 t.

324 4652 351 4695 ²
393 4652 466 4728 Q.
502 4656 604 4729 89,
636 4654 809 4717 artic.
842 4658 873 4715 1
910 4658 971 4715 et
1000 4656 1062 4716 2.

324 4750 353 4791 ⁸
394 4752 462 4812 C.
498 4752 564 4826 7,
596 4750 761 4811 circa
798 4747 938 4820 fin.,
968 4750 1123 4807 tom.
1152 4748 1212 4807 5.

318 4846 345 4885 ⁴
390 4842 530 4907 Lib.
560 4842 635 4919 2,
668 4840 749 4903 de
780 4840 1164 4917 inventione,
1198 4838 1265 4899 in
1306 4834 1414 4900 fol.
1448 4840 1488 4897 4
1520 4842 1665 4898 ante
1692 4832 1804 4898 fln.

242 4940 403 5003 libri.

3357 326 3438 385 39

2285 544 2742 611 DISPUTATIO
2783 544 3021 623 XXVII,

2161 745 2220 801 ln
2263 744 2510 815 quinque
2543 745 2812 801 sectiones
2843 744 3150 801 distribute.

1912 908 1994 957 DE
2033 906 2282 957 omero
2313 908 2602 957 summm
2629 908 2856 959 INFUSAE
2896 908 3107 957 Anum
3133 906 3388 956 elmeri.

1953 1096 2044 1159 De
2099 1094 2220 1159 hac
2267 1094 2525 1159 scientia
2573 1094 2690 1157 tria
2725 1094 3182 1158 consideranda
3219 1112 3439 1157 occur-

1872 1198 2046 1267 runt,
2079 1208 2216 1271 quae
2246 1190 2324 1253 ad
2355 1196 2640 1252 exactam
2669 1190 3005 1271 cujuslibet
3030 1188 3307 1251 scientiae
3334 1204 3436 1251 co-

1874 1288 2220 1369 gnitionem
2249 1287 2604 1347 necessaria
2630 1290 2798 1361 sunt,
2816 1285 3076 1362 scilicet,
3095 1284 3434 1364 objectum,

1875 1388 2074 1458 actua,
2103 1386 2166 1443 et
2193 1379 2475 1454 habitus;
2513 1381 2592 1442 de
2624 1380 2850 1461 quibus
2867 1379 2942 1440 D.
2967 1378 3191 1440 Thom.
3220 1376 3285 1437 in
3311 1376 3441 1438 dis·

1876 1495 2066 1539 cursu
2095 1474 2457 1555 quaestionis
2487 1474 2762 1555 disputat
2779 1490 2799 1552 3
2823 1473 2997 1553 prius
3023 1489 3175 1536 vero
3203 1470 3284 1533 de
3329 1470 3440 1533 ob-

1868 1572 2038 1653 J'ecto
2071 1574 2314 1643 tractat,
2351 1568 2648 1647 quoniam
2701 1566 2782 1628 ab
2831 1566 2936 1627 illo
2961 1567 3118 1629 ratio
3144 1584 3258 1627 seu
3299 1580 3441 1645 spe-

1877 1665 2005 1727 cies
2037 1669 2214 1724 actus
2245 1668 2310 1725 et
2351 1662 2600 1725 habitus
2620 1660 2780 1723 sumi
2815 1660 2992 1722 solet.
3024 1661 3266 1741 Duplex
3287 1674 3438 1721 vero

1877 1757 2282 1838 distinguitur
2325 1756 2644 1837 objectum
2693 1756 2988 1826 scientim,
3021 1752 3346 1815 materiale
3377 1760 3442 1816 et

1874 1852 2139 1915 formale
2172 1872 2185 1913 :
2223 1850 2546 1913 materiale
2587 1848 2812 1911 dicitur
2860 1866 2962 1910 res
3018 1847 3123 1908 illa
3174 1846 3254 1909 de
3313 1864 3439 1927 qua

1875 1946 2134 2008 scientia
2193 1950 2452 2019 tractam
2495 1942 2758 2005 formale
2786 1959 2937 2003 vero
2991 1944 3084 2003 est
3117 1939 3277 2003 ratio
3317 1936 3436 2001 sub

1876 2058 2002 2121 qua
2025 2040 2166 2102 talis
2199 2058 2300 2101 res
2328 2057 2367 2101 a
2393 2037 2652 2099 scientia
2680 2034 3136 2107 consideratur,
3167 2050 3308 2113 quae
3325 2050 3441 2095 soe·

1876 2136 2020 2216 pius
2051 2134 2318 2195 sumitur
2351 2152 2429 2195 ex
2451 2136 2628 2212 parte
2657 2130 2875 2205 medii,
2905 2129 3007 2189 vel
3037 2127 3295 2189 luminis
3323 2124 3440 2188 suh

1878 2248 2004 2311 quo
2037 2228 2176 2290 talis
2207 2227 2468 2290 scientia
2494 2230 2800 2287 versatur.
2831 2224 2898 2285 ln
2919 2222 3038 2284 hac
3057 2240 3208 2301 ergo
3228 2220 3440 2301 dispu-

1878 2324 2114 2391 tatione
2144 2320 2484 2401 praesertim
2515 2320 2760 2401 agimus
2795 2318 2876 2379 de
2901 2314 3206 2378 materiali
3231 2314 3438 2395 objec-

1876 2427 1966 2498 to,
1997 2438 2110 2481 seu
2133 2418 2212 2479 de
2234 2418 2424 2479 rebus
2453 2432 2611 2495 quas
2633 2414 2846 2477 anima
2883 2412 3106 2477 Christi
3136 2428 3247 2490 per
3273 2410 3440 2471 banc

1878 2514 2204 2577 scientiam
2249 2511 2576 2591 cognovit3
2606 2508 2686 2571 de
2717 2507 2965 2587 objecto
2997 2504 3166 2569 enim
3191 2502 3440 2565 formali

1876 2608 2032 2671 nihil
2081 2604 2422 2668 dicendum
2469 2603 2760 2675 occurrit,
2802 2606 3034 2682 praeter
3062 2616 3138 2661 ea
3169 2614 3310 2675 quoe
3355 2596 3436 2657 de

1875 2700 2204 2781 speciebus
2248 2696 2744 2779 intelligibilibus
2796 2700 2858 2757 et
2884 2692 3124 2756 lumine
3167 2688 3430 2751 inferius

1876 2794 2178 2860 dicemus,

2509 2910 2726 2967 saeuo
2759 2910 2800 2965 Ι.

1883 3032 2072 3091 Utrum
2098 3048 2188 3089 res
2209 3031 2548 3104 pertinentes
2577 3028 2650 3085 ad
2683 3026 2938 3085 ordinem
2965 3031 3174 3083 naturai
3201 3034 3436 3096 coquos-

2107 3125 2304 3175 cantur
2328 3132 2434 3191 per
2463 3114 2604 3175 hanc
2631 3114 2927 3171 scientiam
2952 3112 3217 3185 intissam.

1964 3278 2018 3335 t.
2065 3272 2245 3334 Ratio
2276 3268 2600 3333 dubitandi
2633 3286 2770 3329 esse
2798 3270 3025 3349 potest,
3050 3264 3196 3346 quia
3223 3261 3438 3343 hujus-

1876 3366 2049 3428 modi
2090 3384 2194 3427 res
2243 3372 2388 3426 sunt
2431 3362 2746 3443 objectum
2789 3360 3064 3423 scientim
3107 3354 3436 3432 naturalis,

1878 3462 2010 3521 sive
2033 3459 2136 3521 illa
2157 3458 2459 3537 acquisita
2481 3458 2584 3529 sit,
2610 3456 2739 3519 sive
2763 3454 2969 3517 infusa
2987 3472 3102 3535 per
3117 3449 3434 3513 accidens.

1880 3554 2006 3616 Sed
2035 3554 2168 3615 haec
2200 3552 2456 3615 scientia
2494 3549 2720 3627 infusa,
2751 3552 2846 3611 est
2894 3546 3132 3610 altioris
3160 3543 3434 3616 ordinis;

1882 3664 2033 3725 ergo
2063 3664 2194 3707 non
2235 3652 2522 3707 versatur
2549 3644 2712 3705 circa
2759 3646 2874 3703 has
2927 3658 3032 3703 res
3081 3638 3434 3711 inferiores,

1882 3740 1996 3802 sed
2025 3740 2190 3802 circa
2232 3758 2336 3801 res
2387 3744 2631 3800 tantum
2673 3734 2909 3799 ordinis
2965 3732 3329 3814 superioris.
3362 3730 3442 3793 Et

1883 3832 2472 3913 confirmatur‚quia
2499 3831 2783 3913 ejusdem
2809 3830 3034 3909 objecti
3059 3826 3284 3889 sufficit
3315 3842 3442 3886 una

1884 3928 2142 3991 scientia
2171 3927 2232 3989 in
2260 3926 2511 4009 proprio
2533 3944 2804 4007 genere3
2835 3922 2947 3987 sed
2971 3923 3198 3983 harum
3224 3933 3440 3981 rerum

1880 4022 2264 4086 naturalium
2315 4020 2536 4085 hahuit
2585 4020 2862 4082 Christus
2908 4014 3228 4079 scientiam
3291 4027 3438 4094 pro·

1879 4118 2082 4197 priam
2108 4123 2170 4179 et
2199 4114 2710 4189 connaturalem3
2743 4129 2917 4189 ergO.

1960 4214 2022 4273 2.
2069 4212 2326 4289 Propter
2361 4210 2500 4271 haec
2553 4212 2649 4268 est
2693 4206 2898 4285 prima
2951 4199 3282 4273 sententia,
3333 4216 3444 4261 ne·

1884 4322 2043 4385 gans
2095 4302 2455 4383 hujusmodi
2518 4320 2622 4363 res
2675 4294 2980 4361 contineri
3027 4295 3145 4357 sub
3195 4292 3442 4373 objecto

1884 4398 2155 4459 scientiae
2204 4415 2317 4477 per
2359 4414 2426 4459 se
2469 4394 2720 4467 infusoe;
2755 4408 2946 4471 quam
3001 4392 3174 4451 tenet
3223 4390 3444 4467 aperte

1887 4492 2131 4566 ScotuS,
2175 4491 2246 4553 d.
2293 4494 2394 4567 ⁴4,
2425 4508 2487 4570 q.
2520 4492 2582 4565 3,
2633 4494 2694 4551 et
2739 4483 3044 4559 Durand.‚
3077 4500 3140 4562 q.
3173 4483 3212 4545 3
3253 4486 3319 4543 et
3363 4482 3444 4556 ⁴3

1890 4604 2062 4657 nam,
2096 4585 2242 4647 licet
2277 4586 2590 4647 affirment
2619 4582 2898 4643 animam
2938 4575 3162 4640 Christi
3210 4590 3449 4653 cogno·-

1889 4680 2051 4741 visse
2086 4698 2188 4740 res
2229 4678 2549 4740 naturales
2598 4694 2713 4755 per
2769 4670 3094 4735 scientiam
3143 4668 3442 4741 infusam,

1892 4772 2123 4836 docent
2171 4779 2384 4835 tamen
2431 4770 2604 4833 illam
2656 4784 2792 4829 esse
2848 4762 3134 4844 ejusdem
3185 4758 3448 4822 rationis

1864 4886 2035 4931 eum
2067 4867 2388 4949 acquisito,
2403 4865 2732 4943 solumque
2755 4860 3005 4922 differre
3025 4875 3141 4938 per
3165 4852 3452 4917 ordinem

1892 4963 1975 5025 ad
1999 4978 2222 5024 causas
2255 4960 2633 5030 efficientes;
2667 4958 2827 5019 sicut
2855 4954 3020 5015 visus
3049 4952 3452 5031 comparatus

1891 5075 2004 5139 per
2031 5054 2382 5117 naturalem
2428 5050 2928 5135 generationem,
2959 5044 3060 5107 vel
3107 5062 3224 5125 per
3267 5043 3454 5104 miru-

1894 5150 2106 5213 culum
2156 5148 2501 5211 restitutus,
2529 5145 2707 5209 Unde
2759 5140 2945 5205 infert
2973 5140 3216 5211 Suntne,
3261 5152 3453 5216 quem

1894 5242 2144 5307 Gabriel
2175 5248 2236 5304 et
2262 5242 2366 5303 alii
2394 5248 2763 5320 sequuntur,
2795 5234 2916 5297 sub
2937 5234 3101 5295 hanc
3125 5229 3454 5293 scientiam

1899 5354 2025 5398 non
2058 5336 2283 5399 cadere
2312 5334 2656 5415 singularia
2686 5331 2921 5405 omniu,
2955 5328 3102 5407 quia
3155 5324 3262 5385 illa
3311 5340 3457 5404 pos-

1902 5436 2049 5493 sunt
2077 5431 2140 5492 in
2197 5430 2513 5493 infinitum
2541 5426 2915 5509 procedere3
2949 5419 3118 5483 unde
3147 5417 3460 5499 oportuis-

1907 5530 2001 5587 set
2031 5524 2258 5587 habere
2290 5522 2562 5585 infinitas
2573 5520 2812 5600 species
2831 5510 3254 5594 intelligibiles
3270 5508 3456 5573 simul
