3892 6167
1296 422 1616 483 msPtJ’rAr.
1648 422 1802 479 XXX.
1836 424 2008 484 SECT.
2043 426 2106 485 11.

86 539 409 599 sacram„
441 541 499 585 c.
546 528 605 599 7,
640 529 705 585 et
729 522 837 587 lib.
868 526 907 587 5
936 523 1021 587 de
1062 522 1240 602 Fide,
1274 542 1331 589 c.
1367 531 1441 601 Ἲς
1475 533 1539 589 et
1564 526 1681 607 Cy·

84 616 311 693 rillus,
344 617 455 681 lib.
486 622 527 681 2
560 618 641 679 de
666 616 815 680 Fide
844 618 925 680 ad
942 619 1195 700 Regin„
1229 636 1287 683 c.
1312 622 1386 695 33
1410 618 1673 695 Theod.,

86 710 161 771 in
186 711 489 791 Epitome
512 708 871 773 divinorum
894 710 1159 789 decret„
1178 731 1236 775 c.
1264 713 1443 788 Quod
1466 730 1679 775 susce-

92 804 191 883 pit
232 805 520 865 animam
563 822 712 865 cum
750 822 1051 886 corpore;
1090 806 1441 870 Richardus
1485 806 1567 869 de
1608 806 1671 868 S.

102 900 385 972 Victore,
415 901 447 961 ¹
480 896 593 959 lib.
621 898 703 961 de
730 900 1153 974 Emmanuel„
1178 918 1235 963 c.
1271 903 1349 963 15
1376 904 1440 965 et
1472 903 1575 977 16,
1614 902 1681 963 et

100 992 215 1053 lib.
246 994 313 1067 2,
341 1009 395 1055 c.
437 995 553 1067 183
584 993 961 1055 Laurentius
992 994 1409 1067 lastinianus,
1438 994 1553 1057 lib.
1594 993 1679 1057 de

104 1088 303 1149 Sacro
332 1086 611 1149 connnh.
634 1086 826 1149 Verbi
851 1092 913 1149 et
932 1088 1185 1161 animae,
1204 1106 1347 1169 cap.
1372 1088 1471 1151 10.
1494 1087 1675 1162 Quod

108 1182 161 1241 si
188 1186 409 1241 contra
434 1179 599 1243 hanc
629 1181 1009 1243 sententiam
1028 1181 1383 1261 objiciatur,
1421 1180 1571 1261 quia
1598 1197 1677 1243 ex

104 1276 213 1337 illa
242 1274 431 1355 sequi
469 1275 721 1339 videtur
766 1276 1073 1339 Christum
1120 1275 1335 1355 aliquo
1392 1280 1677 1356 tempore

100 1369 415 1431 habuisse
484 1369 829 1431 humanam
874 1369 1321 1449 ignorantiam,
1366 1374 1677 1449 quatenus

102 1462 389 1525 excludit
410 1464 767 1526 naturalem
796 1464 1121 1527 scientiam
1148 1464 1520 1539 humanam,
1544 1480 1679 1527 res-

100 1556 529 1637 pondendum
560 1564 679 1634 est,
710 1558 997 1638 quamvis
1014 1576 1143 1621 non
1172 1560 1347 1621 omni
1387 1564 1691 1640 tempore·

102 1652 329 1711 omnia
358 1650 607 1715 sciverit
632 1668 773 1731 quoe
810 1670 927 1731 per
954 1653 1118 1714 hanc
1162 1652 1495 1715 scientiam
1530 1652 1677 1715 sciri

102 1749 397 1825 possunt,
430 1745 683 1825 proprie
714 1752 931 1808 tamen
968 1747 1207 1809 nullam
1236 1746 1529 1809 habuisse
1558 1764 1675 1807 un·

100 1856 307 1917 quam
338 1837 786 1916 ignorantiam,
822 1838 969 1917 quia
998 1840 1259 1920 singulis
1287 1840 1677 1922 temporibus

100 1938 167 1994 et
198 1932 497 1995 aetatibus
526 1933 739 1995 omnia
768 1933 969 2011 scivit,
998 1950 1141 2013 quae
1186 1952 1303 2015 pro
1356 1935 1467 1997 illo
1524 1941 1679 1997 tem-

100 2044 263 2106 pore
284 2027 391 2089 vel
416 2030 603 2088 aetate
630 2027 789 2089 scire
816 2028 1187 2089 naturaliter
1206 2034 1455 2108 poterat
1480 2032 1544 2091 et
1564 2026 1681 2091 de-

102 2119 327 2193 bebat,
352 2124 425 2181 ut
450 2138 643 2199 supra
682 2120 850 2182 circa
876 2126 1117 2183 textum
1154 2123 1229 2183 D.
1280 2121 1537 2183 Thomae
1569 2138 1679 2183 ex-

104 2214 419 2293 plicatum
468 2219 585 2277 est.
614 2216 691 2277 Et
734 2215 867 2277 brec
894 2216 1205 2279 sententia
1252 2217 1343 2277 sic
1394 2214 1677 2295 exposita

104 2313 205 2369 est
244 2306 621 2387 probabilis.
654 2307 717 2370 Si
746 2313 977 2383 tamen,
1010 2325 1153 2386 quae
1200 2308 1477 2371 sectione
1518 2324 1679 2387 prae-

104 2400 363 2463 cedenti
392 2401 557 2463 dicta
588 2406 757 2476 sunt,
774 2400 1273 2477 considerentur,
1288 2419 1681 2481 consequen·

108 2500 207 2555 ter
238 2493 498 2557 defendi
524 2512 655 2557 non
678 2500 907 2575 potest,
940 2501 1003 2559 et
1041 2495 1185 2559 ideo
1212 2496 1279 2557 in
1305 2496 1679 2557 memoriam

112 2587 553 2650 revocandum
600 2593 701 2649 est
746 2588 918 2669 quod
944 2606 1159 2670 supra,
1188 2589 1351 2669 disp.
1383 2592 1485 2663 25,
1517 2594 1669 2651 sect.

114 2684 175 2753 2,
200 2680 353 2757 dixi,
384 2680 511 2743 sub
540 2682 661 2743 hac
679 2681 936 2744 scientia
962 2682 1236 2745 naturali
1264 2682 1683 2763 comprehen-

110 2774 173 2834 di
196 2792 415 2852 posse,
448 2780 517 2839 et
544 2774 1101 2856 experimentalem
1140 2776 1585 2855 cognitionem,
1618 2780 1679 2839 et

108 2870 439 2948 propriam
463 2869 793 2933 scientiam
818 2888 896 2933 ex
908 2869 1179 2950 propriis
1204 2869 1525 2950 principiis
1538 2886 1681 2949 pro·

110 2964 476 3025 cedentem.

184 3060 251 3119 2.
304 3056 535 3125 Omm
580 3058 847 3125 scientia
888 3058 960 3123 iu
1019 3057 1259 3125 Christo
1304 3058 1377 3123 ab
1418 3058 1681 3126 instanti

108 3152 543 3233 conceptionis.
560 3152 809 3214 —Dico
840 3170 989 3233 ergo
1013 3152 1240 3233 primo,
1272 3154 1493 3217 Christi
1550 3153 1681 3215 ani·

102 3262 275 3306 mam
308 3264 353 3307 a
390 3245 705 3326 principio
746 3248 1173 3327 conceptionis
1230 3266 1359 3309 suae
1382 3248 1679 3311 hahuisse

100 3338 437 3417 perfectos
470 3357 691 3402 omnes
724 3340 977 3403 habitus
1028 3340 1434 3405 scientiarum
1472 3346 1536 3404 et
1562 3340 1677 3403 vir-

101 3438 317 3493 tutum
390 3432 909 3495 intellectualium
931 3478 953 3510 ‚
1000 3452 1145 3495 cum
1220 3434 1549 3514 speciebus
1600 3433 1683 3495 ad

98 3544 291 3587 usum
324 3542 559 3587 eorum
582 3526 971 3589 necessariis.
997 3528 1139 3589 Hoec
1157 3533 1254 3590 est
1288 3527 1685 3589 communior

94 3620 461 3693 sententia,
490 3636 685 3699 quam
726 3620 915 3681 etiam
944 3621 1147 3683 tenuit
1172 3622 1241 3681 D.
1276 3621 1574 3697 Thomas,
1598 3622 1676 3700 'q.

90 3717 169 3777 20
184 3714 534 3786 deVerit„
564 3716 681 3774 art.
704 3714 845 3789 2,et
866 3712 935 3773 in
950 3714 1097 3776 dist.
1136 3718 1237 3789 14,
1256 3720 1377 3777 art.
1396 3717 1458 3792 3,
1484 3732 1685 3795 quaes·

94 3809 303 3869 tiunc.
340 3796 431 3884 33
472 3813 537 3869 et
562 3806 807 3881 Palud.,
840 3824 903 3886 q.
936 3810 975 3869 Ξ
1003 3823 1024 3885 ;
1048 3810 1314 3882 Bonav.,
1350 3814 1469 3871 art.
1522 3812 1585 3885 3,
1616 3826 1681 3887 q.

94 3905 167 3979 23
197 3900 505 3975 Gabriel,
554 3901 803 3975 Scotus,
834 3901 1193 3977 Dur-andus,
1240 3906 1303 3963 et
1332 3902 1601 3975 Alensis,
1648 3904 1687 3963 3

94 4014 187 4073 p.‚
218 4012 291 4072 q.
326 3994 445 4067 133
482 3998 545 4055 et
575 3994 701 4067 alii,
734 3994 841 4072 qui
870 3994 938 4055 in
966 3994 1191 4057 Christi
1209 3994 1420 4057 anima
1444 4001 1689 4075 ponunt

96 4086 455 4147 scientiam
506 4104 621 4166 per
660 4086 953 4149 accidens
978 4086 1275 4161 infusam,
1308 4087 1571 4151 similem
1598 4087 1689 4149 illi

100 4196 311 4260 quam
334 4179 544 4242 Adam
572 4179 814 4243 habuit.
842 4182 919 4242 Et
948 4187 1217 4261 possunt
1242 4198 1357 4261 pro
1386 4182 1505 4243 hac
1548 4199 1691 4243 sen·

100 4278 315 4337 tentia
360 4274 589 4336 referri
638 4276 839 4337 sancti
878 4277 1096 4339 Patres
1134 4274 1255 4337 illis
1276 4276 1431 4337 locis
1461 4275 1689 4355 quibus

106 4368 497 4448 simpliciter
510 4374 767 4449 negant,
790 4368 1104 4432 Christum
1126 4369 1407 4431 humana
1427 4370 1689 4432 scientia

109 4462 493 4544 profecisse,
522 4468 593 4523 ut
638 4464 1041 4539 Damascen.,
1070 4462 1178 4525 lib.
1210 4464 1249 4524 3
1300 4462 1379 4525 de
1414 4463 1575 4537 Fid„
1624 4481 1683 4526 c.

112 4558 217 4631 22,
266 4562 335 4618 et
392 4555 457 4616 in
514 4554 797 4618 oratioue
846 4573 961 4619 seu
1009 4556 1171 4620 libro
1196 4602 1218 4633 ,
1276 4556 1569 4633 Quomodo
1610 4556 1695 4621 ad

118 4648 453 4729 imayimm
486 4649 607 4713 Dei
655 4651 817 4727 sacti
844 4667 1089 4727 sumus,
1126 4650 1237 4711 ubi
1272 4658 1465 4731 negat
1512 4650 1689 4713 Chri-

118 4750 291 4806 stum
318 4742 685 4823 profecisse,
719 4749 849 4807 tam
876 4744 943 4807 in
968 4746 1231 4807 scientia
1256 4745 1465 4807 divina
1493 4762 1687 4827 quam

122 4840 433 4911 humana,
451 4843 517 4899 et
538 4856 655 4919 per
682 4839 1007 4902 scientiam
1028 4839 1302 4902 divinam
1330 4840 1581 4905 videtur
1594 4842 1689 4903 in-

124 4933 411 5013 telligere
442 4932 773 4997 scientiam
802 4934 1378 5013 supernaturalem3
1408 4934 1689 5015 loquitur

124 5029 294 5089 enim
326 5028 413 5091 de
452 5027 715 5091 scientia
746 5034 997 5103 creata;
1028 5046 1145 5109 per
1166 5030 1514 5091 humanam
1542 5047 1691 5093 vero

129 5120 455 5183 scientiam
488 5128 954 5202 consequenter
978 5121 1335 5205 intelligere
1364 5123 1691 5187 seientiam

132 5214 508 5277 naturalem.
570 5216 648 5277 Et
688 5215 917 5279 eodem
971 5216 1161 5279 modo
1214 5217 1498 5297 loquitur
1548 5218 1694 5279 Ber·

134 5309 337 5383 nard„
358 5308 585 5371 homil.
624 5310 669 5371 2
694 5309 763 5371 in
788 5310 1027 5375 Missus
1051 5315 1145 5374 est
1158 5337 1184 5384 ;
1217 5318 1281 5373 et
1306 5310 1503 5387 Beda,
1533 5317 1687 5373 tom.

146 5404 197 5477 Ἰ,
218 5402 450 5465 Hamil.
478 5402 730 5467 Domin.
764 5404 795 5465 1
844 5410 990 5484 post
1012 5404 1462 5485 Epiphaniam;
1490 5404 1695 5467 Theo-

147 5496 491 5578 phylactus‚
530 5496 909 5577 Euthymus,
936 5498 1245 5579 Lyranus,
1278 5502 1343 5561 et
1377 5498 1508 5574 alii,
1538 5498 1689 5561 Luc.

148 5592 207 5667 23
238 5598 305 5655 et
330 5590 493 5655 alios
520 5589 731 5655 statim
760 5592 1053 5657 referam.
1088 5592 1355 5659 Ratione
1390 5594 1695 5679 probatur

3235 426 3314 487 79

1759 526 1964 607 primo
2007 544 2086 588 ex
2111 526 2290 589 dictis
2333 526 2402 589 in
2427 526 2810 609 praecedenti
2839 528 3139 607 sectione,
3167 546 3316 593 nam

1760 619 2089 699 imprimis,
2117 620 2167 681 si
2189 620 2406 683 anima
2425 622 2650 683 Christi
2669 622 2736 684 in
2753 626 2920 683 statu
2945 622 3090 685 vitae
3117 624 3320 705 potuit

1758 714 2046 793 seipsam
2070 714 2326 795 propria
2353 715 2710 797 cognitione
2739 714 3010 778 naturali
3031 734 3150 797 per
3175 735 3320 798 pro-

1758 807 1963 887 priam
1983 808 2396 871 substantiam
2431 826 2837 889 cognoscere,
2870 828 3022 891 ergo
3051 828 3090 871 a
3113 812 3316 892 primo

1760 898 2020 963 instanti
2049 902 2386 965 creationis
2413 920 2544 965 suae
2571 903 2690 965 hoc
2717 902 2948 983 potuit;
2979 904 3148 984 quia,
3173 924 3318 967 cum

1756 992 1823 1053 in
1865 1010 1943 1056 ea
1989 994 2348 1077 cognitione
2399 1014 2528 1059 non
2573 996 2882 1077 penderet
2921 1016 2960 1058 a
3015 1016 3275 1079 corpore
3297 1045 3313 1073 ,

1757 1092 1909 1147 aetas
1940 1093 2054 1149 aut
2075 1106 2458 1169 organorum
2499 1090 2822 1169 dispositio
2849 1090 3008 1152 nihil
3049 1090 3132 1153 ad
3173 1108 3318 1155 eam

1756 1178 2102 1255 referebat;
2153 1200 2306 1263 ergo
2369 1184 2450 1245 ab
2521 1183 2776 1261 eodem„
2805 1184 3008 1263 primo
3057 1184 3316 1247 instanti

1758 1270 1924 1337 hanc
1946 1275 2373 1354 cognitionem
2393 1294 2508 1337 sen
2535 1277 2858 1337 scientiam
2892 1276 3132 1353 habuit,
3168 1296 3318 1341 nam

1758 1366 2108 1431 substantia
2137 1370 2500 1451 spiritualis,
2527 1376 2751 1450 potens
2791 1390 2862 1433 se
2906 1390 3316 1451 cognoscere,

1758 1466 1822 1523 et
1842 1479 1972 1523 non
1997 1460 2324 1542 impedita,
2365 1469 2510 1525 actu
2537 1481 2608 1525 se
2644 1464 2924 1527 intuetur
2949 1468 3014 1526 et
3035 1465 3320 1527 conside-

1754 1560 1855 1616 rat
1879 1556 2152 1617 naturali
2203 1558 2583 1637 cognitione.
2615 1558 2692 1620 Et
2737 1558 2926 1620 simili
2967 1558 3102 1621 fere
3131 1578 3320 1641 argu·

1754 1656 1972 1711 mento
1998 1649 2288 1711 concludi
2307 1656 2538 1730 potest,
2569 1651 2652 1712 ab
2671 1651 2896 1713 eodem
2923 1652 3174 1715 instanti
3206 1654 3321 1715 ha·-

1754 1744 1968 1807 buisse
1997 1744 2238 1805 infusas
2273 1746 2516 1825 species
2562 1744 2645 1807 ad
2668 1746 3140 1825 cognoscendas
3169 1748 3321 1809 suh-

1756 1838 2021 1901 stantias
2051 1838 2392 1919 angelicas.
2420 1838 2706 1919 ejusdem
2733 1838 2992 1901 rationis
3016 1858 3160 1901 cum
3198 1840 3320 1901 illis

1756 1950 1897 2012 quse
1930 1930 2132 1995 veluti
2169 1930 2538 1995 naturaliter
2579 1932 2998 1994 infunduntur
3025 1934 3162 1995 aliis
3187 1935 3324 1995 ani-

1756 2024 2006 2099 mabus,
2041 2042 2188 2087 cum
2218 2042 2258 2085 a
2289 2024 2656 2105 corporibus
2692 2032 3086 2105 separantur.
3105 2027 3322 2089 Osten-

1758 2135 1901 2180 sum
1928 2122 2026 2181 est
2053 2118 2222 2181 enim
2243 2117 2540 2181 habuisse
2591 2117 2868 2179 animam
2909 2118 3127 2181 Christi
3155 2120 3321 2183 hanc

1762 2213 2088 2275 scientiam
2107 2212 2178 2273 in
2207 2217 2375 2277 statu
2401 2212 2554 2291 vioe3
2585 2211 2696 2275 sed
2724 2230 2855 2275 non
2881 2220 2970 2275 est
2992 2216 3196 2295 major
3219 2234 3320 2277 ra-

1757 2307 1845 2369 tio
1868 2306 1947 2368 de
1975 2305 2256 2385 quodam
2290 2312 2574 2385 tempore
2603 2306 2768 2369 illius
2793 2312 2992 2369 status
3020 2324 3210 2386 quam
3239 2308 3320 2369 de

1758 2400 1906 2475 alio,
1953 2418 2162 2481 neque
2211 2418 2327 2461 cur
2364 2400 2575 2480 aliquo
2623 2405 2912 2479 tempore
2963 2399 3321 2463 differretur

1758 2492 1990 2555 infusio
2043 2493 2264 2555 talium
2305 2493 2684 2575 specierum,
2735 2510 2882 2555 cum
2921 2510 3130 2574 neque
3169 2494 3320 2571 illae,

1758 2604 1968 2667 neque
2017 2586 2270 2649 illarum
2309 2604 2460 2649 usus
2505 2604 2544 2647 a
2585 2584 2986 2666 dispositione
3043 2587 3322 2667 corporis

1758 2680 2055 2760 pendeat.
2075 2680 2152 2743 Et
2179 2680 2328 2741 hinc
2351 2678 2422 2741 fit
2448 2678 2716 2741 ulterius
2737 2679 2928 2741 etiam
2951 2698 2988 2741 a
3015 2680 3320 2761 principio

1758 2774 2058 2836 habuisse
2091 2773 2378 2854 proprias
2397 2772 2638 2854 species
2661 2772 2928 2835 aliarum
2957 2773 3148 2835 etiam
3179 2772 3316 2835 sub·

1758 2868 2131 2931 stantiarum
2145 2867 2586 2944 materialium,
2602 2873 2858 2947 propter
2871 2865 3128 2929 easdem
3139 2868 3322 2929 ratio·

1758 2980 1893 3037 nes,
1914 2978 2058 3041 quae
2077 2962 2264 3025 simili
2291 2961 2692 3043 proportione
2720 2961 3018 3041 applicari
3035 2966 3316 3041 possunt.

1758 3056 1939 3119 Unde
1977 3056 2236 3120 tandem
2258 3054 2352 3131 fit,
2385 3054 2667 3117 omnium
2705 3054 2896 3119 etiam
2925 3054 3192 3117 aliarum
3217 3074 3325 3117 re-

1758 3168 1901 3213 rum
1955 3150 2336 3213 naturalium
2403 3149 2730 3213 scientiam
2787 3148 2869 3210 ab
2933 3166 3010 3211 eo
3069 3148 3320 3211 instanti

1758 3245 1947 3308 fuisse
1981 3244 2066 3305 illi
2097 3244 2334 3321 datam,
2369 3246 2502 3305 tum
2519 3242 2672 3321 quia
2692 3241 2824 3305 fere
2853 3247 2951 3304 est
2975 3242 3202 3303 eadem
3225 3260 3326 3304 ra·

1760 3340 1885 3413 tio;
1918 3344 2054 3401 tum
2079 3338 2270 3400 etiam
2290 3336 2467 3417 quia,
2497 3336 2762 3416 cognitis
2793 3334 3154 3397 substantiis
3175 3352 3322 3415 pro-

1762 3432 1899 3515 pria
1926 3438 1991 3493 et
2018 3431 2292 3510 perfecta
2325 3428 2708 3509 cognitione,
2729 3428 2912 3491 facile
2933 3446 3324 3509 cognoscun-

1761 3535 1862 3590 tur
1893 3524 2267 3589 accidentia.
2296 3522 2588 3586 Secundo
2617 3522 2904 3603 arguitur
2945 3522 3054 3585 illa
3079 3522 3324 3585 ratione

1763 3638 1929 3701 soepe
1959 3619 2296 3694 inculcata,
2331 3616 2506 3698 quia,
2533 3617 2682 3679 licet
2710 3616 2844 3679 haec
2893 3616 3150 3679 scientia
3195 3636 3324 3679 non

1763 3714 2072 3777 debeatur
2093 3712 2347 3788 animes,
2371 3728 2486 3773 seu
2513 3716 2758 3773 naturae
2779 3710 3070 3773 humanae
3103 3728 3328 3772 secun-

1766 3809 1919 3871 dum
1949 3825 2042 3879 se,
2069 3812 2284 3869 tamen
2306 3807 2550 3869 ratione
2577 3805 2828 3867 unionis
2851 3802 3120 3867 debetur
3141 3812 3326 3866 natu-

1766 3920 1853 3965 τω
1902 3906 2268 3981 assumptoe3
2315 3898 2592 3979 postulat
2621 3898 2790 3961 enim
2819 3916 3106 3979 personas
3151 3916 3326 3961 assu-

1767 3997 1998 4059 mentis
2023 3994 2320 4075 dignitas,
2349 4000 2420 4056 ut
2447 3998 2676 4057 natura
2703 3998 3024 4071 assumpta
3063 3992 3141 4054 sit
3193 4010 3328 4053 om-

1768 4090 1919 4153 nino
1946 4087 2249 4169 perfecta,
2277 4106 2406 4151 non
2447 4087 2652 4150 solum
2703 4084 3183 4166 supernaturali,
3215 4086 3331 4149 sed

1770 4183 1958 4245 etiam
1987 4180 2258 4244 naturali
2289 4181 2701 4261 perfectione,
2732 4184 2794 4241 et
2844 4178 3188 4258 praesertim
3227 4178 3328 4239 in-

1768 4276 2080 4351 tellectus,
2113 4288 2258 4355 quoe
2295 4279 2392 4337 est
2421 4274 2750 4355 potissima
2767 4272 3032 4335 facultas
3049 4272 3190 4335 talis
3217 4290 3330 4335 na-

1770 4378 1960 4446 turae;
2005 4376 2070 4433 et
2113 4386 2330 4432 carere
2369 4368 2452 4431 ad
2495 4373 2748 4449 tempus
2775 4368 2895 4430 huc
2943 4366 3328 4448 perfectione

1768 4482 1898 4526 non
1923 4463 2042 4526 fuit
2063 4462 2148 4525 ad
2173 4462 2368 4526 finem
2385 4462 2838 4544 redemptionis
2865 4461 3324 4536 necessarimm

1772 4577 1947 4642 ergo.

1851 4658 1910 4717 3.
1942 4651 2285 4720 Prudentia
2312 4653 2536 4734 awo-iffa
2563 4649 3147 4715 virtutum—Dices
3177 4648 3334 4711 fuis-

1770 4766 1839 4811 se
1890 4746 2322 4811 necessarium
2362 4750 2622 4827 propter
2662 4744 2972 4825 majorem
3005 4744 3333 4824 perfectio·

1766 4860 1917 4905 nem
1946 4840 2112 4903 illius
2133 4840 2383 4916 animai,
2404 4839 2659 4915 scilicet,
2679 4843 2754 4899 ut
2774 4856 2890 4917 per
2918 4856 2986 4901 se
3011 4838 3216 4919 ipsam
3241 4844 3335 4899 ta-

1767 4936 1893 4998 lem
1922 4934 2252 4998 scientiam
2279 4933 2652 5013 acquireret.
2677 4930 2806 4995 Sed
2824 4933 2942 4995 hoc
2961 4932 3186 4994 falsum
3213 4936 3331 5005 est,

1771 5030 2009 5113 primo,
2041 5029 2192 5108 quia
2216 5028 2446 5091 melius
2485 5032 2582 5091 est
2625 5043 2950 5106 nunquam
2981 5046 3196 5091 carere
3225 5027 3336 5089 ali-

1772 5142 1899 5205 qua
1918 5124 2326 5205 perfectione,
2352 5121 2594 5185 etiamsi
2613 5139 2650 5182 a
2671 5122 2798 5183 Deo
2823 5121 2960 5182 solo
2975 5118 3336 5202 recipienda

1775 5218 1885 5293 sit,
1918 5234 2112 5297 quam
2141 5232 2360 5279 carere
2399 5214 2506 5277 illa
2541 5214 2752 5295 aliquo
2777 5220 3098 5295 tempore,
3131 5219 3200 5275 ut
3225 5230 3339 5294 per

1773 5312 2064 5394 proprios
2091 5316 2272 5374 actus
2301 5310 2676 5385 obtineatur,
2700 5308 2848 5389 quia
2876 5308 2998 5371 hoc
3021 5309 3156 5370 fere
3183 5306 3336 5367 nihil

1770 5406 2175 5489 perfectionis
2195 5404 2390 5479 addit,
2411 5410 2484 5465 ut
2505 5404 2570 5465 in
2589 5404 2774 5464 simili
2797 5400 2952 5465 dixit
2967 5401 3042 5463 D.
3064 5402 3340 5463 Thomas

1771 5502 1960 5579 infra,
2004 5519 2068 5581 q.
2097 5503 2201 5576 19,
2231 5506 2349 5561 art.
2383 5502 2444 5561 3.
2475 5498 2826 5561 Praesertim
2866 5496 3018 5576 quia
3061 5512 3340 5577 quacun-

1772 5612 1899 5681 que
1936 5594 2180 5660 ratione
2205 5592 2484 5659 Christus
2510 5590 2674 5655 hanc
2699 5588 3024 5655 scientiam
3065 5588 3338 5654 infusam
