3892 6167
1331 355 1652 412 nisenus.
1685 357 1790 416 XL»
1821 359 1993 414 SECT.
2028 363 2067 414 l.
3185 359 3307 423 335

139 453 334 518 Christi
359 452 602 522 Domini
623 457 826 518 morte
845 459 910 518 et
936 454 1162 518 merito
1183 472 1198 530 ;
1227 461 1288 520 et
1313 456 1435 520 hoc
1465 458 1662 522 sensit

137 551 200 608 1).
228 547 484 608 Thomas
511 546 578 608 in
607 547 712 608 illa
737 565 799 628 q.
825 550 932 622 50,
955 554 1075 612 art.
1101 552 1163 624 6,
1197 550 1280 612 ad
1307 554 1372 626 l,
1399 569 1544 614 cum
1572 551 1664 614 di-

139 643 207 703 cit
249 640 584 704 redemisse
604 659 724 705 nos
763 639 1074 706 Christum
1109 661 1224 723 per
1269 651 1562 722 mortem,
1592 652 1664 708 ut

141 744 220 796 cst
243 736 304 796 in
323 735 482 812 fieri,
507 753 642 798 non
657 743 726 796 ut
745 742 840 800 est
863 736 928 800 in
953 737 1120 800 facto
1144 756 1318 814 esse;
1343 740 1466 804 hoc
1489 739 1660 802 enim

139 839 220 892 est
263 829 460 892 dicere
509 829 826 893 Christum
868 832 1174 896 meruisse
1209 839 1342 896 toto
1376 841 1664 915 tempore

139 941 246 1004 quo
283 940 494 1002 passus
543 927 642 986 est
671 942 790 1004 pro
841 932 1056 990 nostra
1089 926 1564 1008 redemptione;
1597 929 1662 990 in

139 1016 356 1078 instanti
399 1021 618 1080 autem
660 1019 902 1094 morlia,
929 1039 1076 1084 cum
1101 1019 1230 1084 vita
1257 1022 1662 1084 terminatum

140 1131 256 1174 csse
295 1113 584 1177 meritum
621 1114 844 1180 eodem
887 1116 1078 1182 modo
1139 1135 1266 1199 qno
1329 1119 1531 1198 ipsam
1573 1117 1668 1180 vi·

141 1214 266 1270 tam.

571 1370 1030 1438 DISPUTATIO
1067 1375 1192 1454 XL,

453 1517 514 1570 ln
550 1523 664 1572 tres
694 1519 964 1574 sectiones
996 1521 1304 1575 distributa.

189 1705 254 1750 ΒΕ
288 1703 356 1752 HS
395 1705 530 1758 011AE
572 1707 690 1756 SIBI
731 1709 1010 1759 unntsrus
1047 1711 1305 1760 mutnus
1343 1707 1590 1756 mm.

203 1869 500 1949 Explicato
529 1873 762 1934 merito
793 1875 1014 1938 Christi
1044 1874 1289 1938 Domini
1317 1873 1670 1938 secundum

143 1981 216 2036 se,
245 1965 516 2043 sequitur
561 1968 952 2047 explicemus
977 1969 1132 2048 quid
1163 1975 1226 2030 et
1252 1967 1482 2048 quibus
1527 1985 1668 2028 me-

140 2060 330 2132 ruerit3
357 2063 422 2122 et
444 2061 610 2122 ratio
643 2061 944 2124 doctrinm
982 2062 1258 2142 postulat
1285 2069 1356 2124 ut
1385 2061 1560 2142 prius
1585 2059 1666 2124 de

141 2150 252 2230 ipso
279 2151 594 2228 dicamne,
645 2154 876 2220 deinde
919 2156 1000 2218 de
1049 2156 1206 2218 aliis.
1237 2156 1666 2236 supponimus

139 2251 320 2306 autem
343 2246 662 2308 Christum
689 2249 805 2312 sibi
833 2249 1071 2330 aliquid
1095 2249 1428 2326 meruisse,
1467 2265 1668 2328 quan·-

139 2355 302 2418 quam
345 2340 642 2404 Calvinus
694 2339 1026 2406 hacreticus
1069 2343 1136 2406 id
1186 2361 1426 2423 negare
1477 2359 1668 2404 ausus

139 2438 248 2510 θεὶς
273 2449 452 2512 quem
480 2434 952 2498 confutabimus
987 2437 1380 2500 commodius
1416 2439 1568 2500 sect.
1601 2436 1663 2510 2,

139 2543 206 2588 ne
231 2527 438 2590 cadem
465 2547 668 2592 saeroe
715 2530 1050 2611 Scripturas
1097 2530 1454 2594 testimonia
1484 2547 1668 2610 repe·

140 2626 252 2682 tere
277 2623 702 2686 necessarium
731 2623 832 2686 sit.
865 2624 1206 2686 Videamus
1227 2643 1382 2705 ergo
1409 2622 1562 2705 quid
1589 2624 1668 2684 si-

143 2711 198 2774 bi
229 2717 554 2792 meruerim
589 2717 700 2779 ubi
727 2717 940 2780 statim
973 2719 1346 2781 occurrebat
1377 2717 1664 2796 quoesti0‚

145 2826 208 2868 an
233 2811 719 2876 incarnationem
752 2829 934 2876 suam
961 2811 1083 2876 sibi
1109 2812 1387 2874 Christus
1413 2829 1666 2874 merue-

142 2900 224 2960 rit.
253 2903 368 2964 Sed
391 2905 704 2982 quoniam
733 2907 888 2968 ordo
916 2923 992 2968 ae
1020 2905 1354 2968 methodus
1391 2906 1465 2965 D.
1507 2905 1670 2966 Tho·

143 3011 239 3054 mae
254 2995 313 3056 id
331 2998 694 3076 postulavit,
719 3017 864 3060 eam
889 2999 1274 3079 disputatam
1297 2998 1668 3077 reliquimus

143 3103 192 3163 q.
219 3091 270 3160 Ξ,
299 3097 409 3152 art.
438 3095 542 3154 11.
568 3093 876 3171 Superest
905 3109 1056 3174 ergo
1087 3099 1158 3156 ut
1185 3093 1266 3156 de
1295 3093 1432 3155 aliis
1460 3091 1666 3166 donia,

145 3197 260 3257 quae
305 3190 526 3264 praeter
581 3186 1082 3250 incarnationem
1146 3187 1386 3249 Christo
1443 3185 1668 3254 collata

144 3282 286 3353 sunt,
308 3278 580 3344 breviter
611 3282 1018 3345 disseramus.

749 3473 968 3528 81:2ch
1000 3474 1040 3527 1.

185 3581 350 3642 L’trum
373 3585 630 3645 Christus
653 3591 864 3647 mereri
880 3591 1128 3663 potuerit
1153 3589 1390 3664 yloriam
1420 3587 1624 3647 animoe

333 3686 458 3745 suas,
485 3681 544 3731 ct
569 3675 691 3732 alia
717 3675 864 3734 dona
889 3677 1082 3750 qratiae
1103 3684 1160 3734 et
1177 3679 1441 3736 scientim.

211 3845 260 3904 1.
288 3843 530 3910 Scotus-
554 3877 638 3894 --
664 3845 930 3915 Gabriel.
952 3883 1028 3894 -—
1047 3847 1472 3924 Quaestionem
1505 3845 1670 3910 hanc

147 3933 388 4018 intelligo
413 3939 492 4002 de
521 3941 809 4020 potentia
837 3941 1146 4017 absoluta,
1171 3959 1320 4004 nam
1341 3943 1420 4004 de
1446 3945 1672 4022 poten·-

149 4029 210 4088 tia
237 4031 536 4096 ordinaria
569 4033 852 4098 dicemus
889 4037 1170 4100 sectione
1199 4035 1528 4116 sequenti,
1564 4054 1672 4097 ex·

147 4123 396 4200 plicando
427 4147 509 4192 an
553 4128 638 4192 de
666 4129 832 4192 facto
859 4129 1153 4194 habuerit
1188 4131 1316 4193 tale
1343 4131 1666 4192 meritum.

151 4215 397 4284 Procedit
443 4229 659 4286 autem
711 4225 998 4303 quas-sliu,
1023 4224 1436 4305 supponendo
1467 4224 1674 4285 Chris-

148 4313 260 4372 tum
287 4312 584 4380 habuisse
618 4317 907 4396 gratiam,
935 4319 1223 4398 gloriam,
1260 4325 1322 4381 et
1352 4319 1474 4378 alia
1503 4317 1674 4378 simi-

151 4401 222 4462 lia
255 4405 408 4470 dona
451 4429 489 4470 a
523 4408 730 4490 primo
765 4410 1023 4474 instanti
1068 4412 1402 4475 creationis
1447 4411 1673 4480 animae

152 4513 286 4570 suaet
323 4519 452 4566 non
497 4503 674 4566 enim
723 4503 1010 4568 existimo
1061 4521 1248 4586 posse
1295 4506 1360 4568 in
1411 4503 1674 4567 dubium

151 4591 302 4666 verti,
339 4597 492 4674 quin
535 4597 618 4660 de
645 4600 925 4676 potentia
956 4599 1242 4662 absoluta
1270 4599 1540 4679 potuerit
1567 4597 1674 4660 illa

154 4683 358 4762 anima,
381 4691 572 4752 etiam
601 4691 778 4754 unita
821 4693 1052 4769 Verbo,
1081 4711 1296 4756 carere
1315 4692 1518 4771 gloria
1537 4693 1674 4754 ani-

153 4793 252 4838 mae
290 4781 492 4861 aliquo
531 4789 844 4866 tempore,
874 4793 939 4850 et
984 4788 1072 4850 ita
1119 4787 1291 4850 illam
1335 4785 1414 4848 de
1461 4783 1676 4848 condi-

157 4885 260 4945 gno
291 4879 512 4940 mereri
537 4897 556 4952 ;
581 4878 740 4942 illud
791 4879 960 4942 enim
1002 4881 1178 4961 prius
1209 4887 1534 4942 ostensum
1581 4885 1675 4941 est

155 4977 336 5042 supra,
361 4986 420 5049 q.
449 4971 486 5032 '1
514 4978 576 5032 et
597 4973 662 5047 9,
695 4979 758 5034 et
789 4992 867 5035 ex
893 4973 1000 5036 illo
1031 4973 1356 5036 evidenter
1381 4973 1552 5034 aliud
1587 4991 1682 5034 se-

155 5058 360 5138 quitur,
395 5075 466 5127 ut
507 5083 626 5146 per
673 5085 742 5130 se
783 5073 1006 5130 notum
1037 5075 1154 5143 est,
1191 5075 1360 5130 etex
1402 5065 1681 5130 dicendis

158 5155 436 5218 constabit
458 5203 482 5236 ,
523 5178 889 5240 quanquam
947 5161 1328 5226 contrarium
1395 5160 1682 5223 videatur

157 5255 314 5344 posse
329 5252 526 5331 colligi
547 5273 622 5316 ex
645 5255 850 5327 Scato,
871 5254 1014 5318 dist.
1042 5257 1142 5330 18,
1165 5274 1228 5337 q.
1257 5255 1468 5328 unica,
1489 5253 1526 5335 ξ
1547 5255 1680 5316 Hoc

159 5347 270 5439 viso
295 5341 372 5401 ad
395 5345 664 5423 primum
687 5365 703 5420 ;
733 5349 844 5410 ubi
875 5347 1046 5424 dicit,
1069 5354 1308 5412 tantam
1332 5347 1522 5410 fuisse
1552 5347 1684 5428 glo-

159 5439 296 5490 riam
337 5435 554 5502 animm
595 5441 842 5516 Christi,
866 5447 936 5504 ut
962 5445 1220 5522 propter
1247 5441 1682 5506 excellentiam

162 5537 315 5584 suam
338 5546 456 5591 non
475 5536 744 5612 potuerit
763 5537 990 5604 cadere
1013 5537 1130 5598 sub
1153 5537 1470 5612 meritum,
1491 5537 1682 5598 etiam

1743 460 1936 541 ipsius
1964 462 2209 540 Christi,
2234 477 2425 542 quem
2461 461 2745 542 sequitur
2764 461 2920 526 Gab.
2948 463 3057 536 ihi,
3085 471 3203 526 art.
3234 470 3296 541 3,

1743 553 1894 616 dub.
1926 561 1987 618 2.
2018 555 2196 618 Ratio
2228 557 2397 618 enim
2426 556 2555 630 illa,
2586 555 2637 616 si
2666 573 2809 618 vera
2842 562 2957 632 est,
2995 560 3297 637 procedit,

1744 649 1934 710 etiam
1974 650 2029 710 si
2068 657 2463 730 supponatur
2499 650 2806 712 Christum
2837 651 3173 731 aliquando
3200 671 3303 714 ca-

1743 742 1945 804 ruisse
1984 743 2093 804 illa
2118 745 2339 822 gloria.
2384 744 2509 805 Sed
2536 744 2587 805 si
2614 742 2962 824 intelligant
2988 746 3049 806 hi
3079 750 3301 808 aucto·-

1743 837 2038 898 resiliam
2060 837 2329 917 gloriam
2340 854 2471 899 non
2489 839 2766 916 potuisse
2792 837 3017 900 cadere
3039 840 3157 901 sub
3174 854 3307 901 me-

1742 929 1932 992 ritum
1962 931 2187 992 Christi
2212 931 2455 992 ratione
2486 947 2617 991 sua>
2636 931 3023 994 excellentiae
3054 939 3119 994 et
3158 951 3303 1012 per-

1741 1023 2029 1086 fectionis
2072 1024 2417 1098 intensivae,
2448 1029 2545 1086 est
2586 1025 2745 1085 ratio
2777 1026 3032 1087 omnino
3057 1027 3209 1090 falsa
3238 1035 3303 1090 et

1743 1116 2031 1197 indigna,
2059 1118 2209 1197 quia
2238 1116 2463 1180 Christi
2500 1119 2798 1179 meritum
2824 1119 2907 1180 de
2933 1135 3001 1180 se
3028 1137 3157 1181 non
3201 1137 3301 1181 so-

1741 1210 1880 1272 lum
1933 1211 2019 1272 ad
2071 1210 2245 1274 illam
2288 1211 2551 1292 gloriam
2606 1212 3089 1291 promerendam
3114 1257 3135 1289 ,
3186 1213 3299 1276 sed

1746 1305 1934 1366 etiam
1975 1304 2059 1367 ad
2090 1323 2533 1385 quamcunque
2572 1305 2765 1366 aliam
2815 1305 3251 1385 perfectiorem
3280 1353 3299 1384 ‚

1745 1398 1935 1460 etiam
1980 1400 2033 1460 si
2080 1399 2145 1460 in
2172 1398 2492 1461 infinitum
2541 1399 2939 1479 procedatur,
2986 1402 3305 1463 sufficiens

1741 1491 1879 1570 fuit,
1909 1511 2059 1556 cum
2108 1493 2295 1556 fuerit
2344 1492 2681 1556 infinitum.
2714 1493 2781 1557 Si
2806 1500 3018 1557 autem
3050 1495 3169 1558 suh
3198 1495 3303 1556 illa

1745 1587 2131 1667 perfectione
2186 1587 2399 1668 gloriae
2456 1587 2994 1667 comprehendant
3040 1588 3303 1649 modum

1748 1681 2025 1744 habendi
2050 1681 2221 1743 illam
2252 1683 2335 1744 ab
2374 1680 2571 1758 initio,
2598 1681 2687 1743 sic
2714 1698 2842 1743 non
2872 1683 3307 1745 contradicunt

1749 1776 1955 1851 nobis,
1980 1776 2093 1837 sed
2116 1776 2388 1856 pertinet
2418 1793 2639 1838 eorum
2670 1777 2881 1856 opinio
2910 1775 2993 1838 ad
3020 1778 3311 1855 quaestio-

1748 1885 1898 1932 nem
1927 1885 2119 1949 quam
2148 1868 2589 1948 disputandam
2624 1869 3031 1950 aggredimur
3050 1884 3069 1948 3
3114 1877 3178 1932 et
3219 1869 3306 1931 ita

1747 1963 2041 2026 videntur
2066 1963 2155 2024 illi
2198 1970 2483 2026 auctores
2506 1963 2924 2043 intelligendi,
2960 1963 3069 2043 qni
3116 1963 3306 2025 etiam

1746 2073 1876 2118 non
1925 2057 2274 2136 loquuntur
2302 2063 2513 2136 aperto
2560 2057 2641 2118 de
2678 2058 2957 2137 potentia
2989 2057 3301 2133 absoluta,

1748 2151 2039 2230 quamvis
2069 2151 2191 2212 hoc
2230 2151 2437 2230 magis
2478 2149 2777 2212 indicent.
2803 2151 2878 2212 Et
2902 2149 2985 2212 ad
3010 2149 3307 2212 eumdem

1746 2245 2009 2308 modum
2050 2244 2391 2308 dicendum
2433 2250 2525 2307 est
2550 2245 2631 2308 de
2658 2245 2861 2326 gratia
2888 2245 3214 2320 habituali,
3246 2252 3312 2306 et

1749 2340 1888 2402 aliis
1931 2337 2137 2416 donis,
2187 2339 2487 2419 potuisse,
2526 2339 2789 2416 scilicet,
2834 2338 3153 2402 Christum
3200 2339 3307 2400 illa

1745 2433 2011 2508 mereri,
2052 2433 2107 2494 si
2152 2433 2241 2494 eis
2287 2432 2627 2512 aliquando
2682 2434 3008 2509 caruisset,
3051 2439 3309 2514 propter

1748 2527 2036 2590 eamdem
2062 2543 2319 2590 cansam
2350 2533 2415 2589 et
2440 2529 2793 2603 rationem3
2826 2545 3191 2609 quanquam
3226 2527 3311 2591 de

1748 2621 2055 2684 habituali
2086 2621 2289 2702 gratia
2314 2623 2603 2684 nonnulli
2629 2623 2919 2685 dubitare
2950 2623 3303 2697 videantur,

1736 2723 1819 2786 ,ut
1837 2717 2113 2793 Medina,
2144 2736 2208 2796 q.
2252 2721 2314 2790 7,
2348 2723 2467 2779 art.
2494 2719 2575 2780 13
2595 2761 2615 2795 ,
2649 2717 2801 2779 dub.
2843 2717 3113 2796 penult.:
3152 2717 3309 2792 Quia

1745 2811 2147 2892 prioictpium,
2174 2811 2401 2890 inquit,
2432 2813 2643 2878 meriti
2691 2827 2811 2873 mm
2860 2816 3061 2890 potest
3102 2811 3311 2874 cadero

1749 2905 1860 2970 aab
1877 2907 2189 2983 meo-itum,
2208 2904 2417 2986 qratia
2444 2912 2643 2970 autom
2672 2905 3001 2969 habitualis
3022 2909 3115 2970 ost
3137 2907 3309 2985 prin·

1753 3001 1981 3080 cipiunt
2026 3000 2253 3063 meo-iti.
2298 3000 2447 3072 Quoe
2488 3001 2649 3062 ratio
2673 3045 2692 3076 ,
2718 2999 2771 3060 si
2800 2998 2954 3079 quid
2982 3000 3304 3078 probaret,

1750 3093 2114 3174 simpliciter
2144 3100 2206 3155 et
2226 3093 2361 3156 sine
2394 3094 2517 3155 ulla
2556 3093 2985 3174 suppositione
3014 3093 3311 3172 probaret

1749 3188 1830 3250 de
1857 3190 2059 3270 gratia
2086 3188 2387 3250 habituali
2412 3207 2429 3262 ;
2459 3207 2531 3250 re
2564 3195 2776 3250 tamen
2805 3205 2955 3250 vera
2984 3187 3141 3248 nihil
3170 3203 3312 3267 pro-

1748 3283 1858 3343 hat
1876 3328 1897 3359 ,
1937 3283 2089 3362 quia
2116 3327 2133 3354 ,
2178 3287 2469 3361 utsupra
2509 3282 2777 3357 ostendi,
2826 3281 3029 3361 gratia
3060 3281 3311 3342 unionis

1753 3381 1848 3438 est
1889 3377 2207 3438 sufficiens
2256 3375 2635 3455 principium
2668 3375 2889 3450 meriti,
2932 3383 2993 3436 ct
3022 3375 3161 3436 ideo
3196 3393 3313 3454 por

1753 3471 1922 3532 illam
1974 3470 2283 3550 potuisset
2332 3469 2610 3531 Christus
2652 3467 2879 3530 mereri
2925 3467 3312 3530 habitualem

1755 3563 2055 3644 gratiam,
2088 3563 2141 3624 si
2188 3562 2296 3623 illa
2348 3561 2672 3623 caruisset.
2701 3561 2966 3635 Quaestio
2996 3579 3147 3642 ergo
3178 3563 3311 3623 haec

1752 3655 1959 3718 solum
1984 3655 2271 3734 procedit
2299 3673 2377 3716 ex
2402 3654 2569 3716 dicta
2596 3654 3044 3734 suppositione,
3068 3673 3173 3729 an,
3200 3654 3313 3715 sci-

1749 3750 1922 3824 licet,
1951 3748 2089 3811 haec
2116 3749 2243 3810 duo
2272 3749 2462 3810 simul
2502 3755 2667 3810 stare
2704 3747 3027 3827 potuerint
3068 3747 3149 3809 de
3201 3765 3313 3827 po-

1749 3845 1949 3906 tentia
1968 3843 2277 3918 absoluta,
2298 3849 2365 3904 ut
2371 3843 2660 3919 ,scilicet,
2680 3841 2956 3903 Christus
2980 3859 3311 3922 nunquam

1756 3937 2028 4000 caruerit
2068 3938 2269 4017 gratia
2296 3941 2363 3997 et
2388 3935 2609 4014 gloria,
2658 3941 2721 3996 et
2750 3934 3155 3996 nihilominus
3198 3949 3314 4014 per

1753 4031 2013 4112 propria
2036 4029 2263 4092 merita
2294 4047 2369 4092 ea
2394 4029 2581 4090 fuerit
2604 4034 2993 4090 consecutus.

1833 4126 1895 4186 2.
1944 4123 2147 4186 Prima
2196 4121 2505 4186 sententia
2548 4125 2739 4203 negat
2780 4122 2901 4183 hoc
2926 4139 3067 4184 esse
3108 4120 3315 4201 possi-

1752 4219 1880 4280 bile
1907 4262 1928 4294 ,
1988 4217 2103 4278 sed
2152 4215 2473 4296 implicare
2530 4215 3108 4278 contradictionem.
3168 4217 3313 4278 Hace

1755 4311 2151 4374 existimatur
2176 4311 2491 4372 sententia
2514 4311 2589 4371 D.
2618 4310 2871 4371 Thomas
2912 4309 2977 4370 in
3023 4311 3143 4371 hoc
3172 4309 3317 4370 arti-

1754 4405 1923 4480 cu10,
1950 4410 2013 4466 et
2043 4404 2127 4464 ita
2154 4403 2447 4466 videntur
2470 4404 2865 4482 interpretari
2890 4403 3082 4484 Cajet.
3116 4407 3179 4464 et
3208 4402 3314 4464 alii

1753 4499 2123 4576 Thomistae3
2146 4497 2425 4560 indicant
2450 4499 2637 4560 etiam
2650 4499 2817 4560 Scot.
2840 4502 2903 4558 et
2922 4497 3105 4573 Gab.,
3124 4496 3313 4576 paulo

1755 4599 1906 4654 ante
1941 4591 2147 4664 citati3
2194 4596 2365 4654 tenet
2402 4592 2591 4653 etiam
2640 4591 2881 4666 Henri.‚
2930 4591 3217 4665 Quodlib.
3250 4595 3313 4664 6,

1755 4703 1818 4766 q.
1841 4687 1902 4762 6,
1927 4685 2060 4764 qui,
2080 4685 2241 4748 sicut
2266 4685 2553 4748 absolute
2578 4686 2869 4764 opinatur
2890 4701 3019 4746 non
3040 4685 3315 4765 potuisse

1757 4779 1947 4842 etiam
1993 4778 2071 4841 de
2115 4779 2393 4858 potentia
2436 4777 2725 4840 absoluta
2768 4777 3047 4838 animam
3074 4777 3317 4840 unitam

1757 4873 1965 4934 Verbo
2018 4889 2235 4934 carere
2260 4871 2503 4934 visione
2542 4871 2727 4934 beata
2747 4916 2769 4947 ,
2822 4871 2909 4932 ita
2956 4871 3318 4951 simpliciter

1763 4969 2079 5030 existimat
2118 4967 2505 5047 impossihile
2546 4965 2776 5029 mereri
2820 4965 3017 5028 illam.
3070 4967 3317 5028 Funda-

1760 5069 2047 5124 mentum
2068 5062 2259 5142 hujus
2290 5064 2616 5125 sententiae
2640 5063 2728 5122 ita
2756 5061 3055 5142 explicari
3084 5069 3313 5144 potest,

1761 5157 1909 5235 quia
1945 5156 2225 5238 implicat
2248 5157 2829 5231 contradictionem,
2864 5158 3151 5220 eamdem
3182 5177 3319 5238 gra-

1761 5253 1916 5314 tiam
1960 5251 2316 5313 simulasse
2360 5251 2703 5332 perfectam
2752 5255 2817 5314 et
2864 5253 3313 5332 imperfectam,

1763 5349 2263 5409 consummatam
2320 5351 2383 5408 et
2429 5363 2555 5408 non
2612 5353 3151 5421 consummatam3
3208 5347 3319 5408 sed

1761 5440 1987 5520 gratia,
2020 5457 2160 5520 qnae
2190 5446 2286 5502 est
2314 5439 2687 5520 principium
2714 5439 3001 5503 merendi
3026 5440 3312 5520 gloriam,

1765 5539 1858 5596 est
1908 5533 2105 5612 gratia
2130 5531 2537 5612 imperfecta,
2584 5539 2645 5596 et
2676 5551 2801 5595 non
2844 5538 3313 5609 consummata3
