3892 6167
1288 355 1607 409 ulspn‘rn.
1639 355 1904 409 XXXVlH.
1937 355 2111 411 SEGT.
2132 359 2227 412 w.

197 455 294 519 teri
335 471 464 516 esse
510 454 840 516 conformis
877 456 977 517 vel
1025 455 1356 530 distortum,
1411 455 1710 518 resolutio

195 550 358 628 hujus
383 547 732 627 quaestionis
759 548 964 610 facilis
992 557 1113 624 est,
1145 564 1221 611 ac
1248 551 1380 612 sere
1398 551 1538 612 sine
1563 569 1711 612 oon-

195 642 482 704 troversia.

261 739 315 796 2.
349 734 487 795 Dico
517 734 679 795 enim
727 736 954 814 primo,
989 743 1198 800 actum
1253 740 1572 800 efficacem
1609 755 1715 798 vo-

195 827 418 891 luntatis
457 826 678 888 Christi
703 839 958 909 sempor
986 832 1175 892 fuisse
1205 831 1592 892 conformem
1620 830 1714 891 di·-

195 923 328 982 vinoe
343 919 640 982 voluntati
665 921 835 982 'omni
865 924 1075 997 modo,
1100 925 1350 1000 scilicet,
1381 924 1445 986 in
1465 923 1712 1003 objecto

193 1013 407 1076 formali-
431 1019 499 1074 ct·
513 1014 822 1074 materiali
831 1056 845 1074 .-
895 1017 1035 1078 ilaec
1065 1024 1160 1078 est
1197 1018 1546 1080 communis
1572 1035 1715 1078 sen-

193 1106 357 1168 tentia
387 1105 878 1184 Theologorum‚
911 1107 980 1168 D.
1028 1109 1284 1172 Thomas
1335 1109 1473 1180 hic:
1503 1113 1566 1171 et
1615 1127 1717 1170 su-

192 1217 304 1279 pra,
328 1217 384 1276 q.
439 1199 538 1274 13,
570 1207 690 1260 art.
723 1203 800 1272 43
851 1201 1033 1276 infra,
1069 1216 1130 1280 q.
1176 1207 1280 1280 21,
1312 1210 1430 1264 art.
1454 1208 1525 1275 ις
1559 1204 1716 1265 alio-

195 1309 352 1367 rum,
395 1293 458 1352 in
497 1295 556 1365 3,
597 1293 658 1356 d.
689 1297 810 1368 153
858 1297 1233 1369 Bonavent„
1266 1304 1385 1360 art.
1435 1303 1588 1376 2,q.
1631 1303 1669 1360 2
1692 1313 1713 1376 3

195 1387 349 1461 Mai„-
389 1403 452 1463 q.
499 1389 810 1460 1‚‚concl.
847 1392 920 1463 43
953 1391 1257 1467 Dur-and„
1295 1410 1358 1471 q.
1389 1390 1712 1468 23Gabr.,

191 1480 306 1541 dist.
341 1483 436 1554 Π,
463 1496 530 1557 q.
563 1484 624 1556 1,
655 1479 859 1544 conci.
891 1486 933 1544 3<
960 1486 1109 1555 et4;
1146 1483 1384 1558 Palud„
1419 1483 1704 1564 (ἔαρι-601.

195 1579 246 1632 et
279 1571 560 1651 aliorum3
602 1575 822 1653 eajet„
851 1575 1006 1638 locis
1053 1579 1307 1654 citatis3
1357 1577 1629 1650 Feri-ar„
1676 1579 1716 1640 4

197 1667 284 1726 lib.
313 1668 526 1728 Contra
549 1676 756 1748 gent„
787 1689 843 1731 c.
875 1675 977 1745 37,
1001 1679 1066 1733 et
1093 1673 1156 1733 in
1176 1673 1388 1751 aliquo
1411 1689 1600 1733 sensu
1619 1679 1714 1734 est

195 1759 476 1822 conclusio
498 1761 578 1823 de
607 1763 735 1824 fide
755 1807 771 1838 ,
804 1764 1059 1838 scilicet,
1093 1773 1406 1844 quatenus
1429 1765 1711 1829 Christus

191 1871 404 1934 semper
421 1855 620 1918 voluit
641 1856 980 1919 efficaciter
1003 1859 1312 1938 quidquid
1331 1861 1495 1920 Deus
1517 1859 1712 1921 voluit

188 1948 360 2027 ipsum
387 1948 567 2022 velle,
599 1957 668 2012 et
714 1956 902 2030 prout
929 1951 1092 2014 Deus
1135 1953 1357 2025 voluit,
1390 1959 1460 2015 ut
1495 1960 1710 2033 aperte

187 2043 466 2122 colligitur
487 2058 566 2104 ex
591 2044 782 2105 Joan.
823 2047 864 2105 4
894 2064 909 2104 ε
949 2047 1126 2109 Meno
1175 2048 1340 2111 cibus
1384 2051 1588 2121 coenat
1611 2050 1712 2122 fa·

188 2137 322 2198 ciam
339 2135 708 2199 voluntatem
741 2136 879 2217 ejus
914 2139 1024 2218 qni
1050 2141 1226 2202 mis-it
1247 2157 1360 2215 me,
1390 2145 1456 2201 et
1481 2157 1618 2218 cap.
1650 2143 1710 2216 25,

185 2229 218 2287 6
239 2235 292 2288 et
316 2228 393 2288 8:
421 2229 574 2293 Non
597 2245 804 2309 quaro-0
827 2231 1190 2295 volumtatem
1218 2247 1434 2306 meam,
1465 2232 1714 2309 sedejnc

185 2322 270 2402 qui
293 2322 452 2383 misit
482 2337 576 2384 me
593 2347 630 2396 ,·-
655 2329 722 2384 et
762 2323 844 2382 ad
881 2323 1070 2384 Hebr.
1105 2327 1206 2396 10,
1241 2328 1306 2386 et
1337 2325 1440 2386 Ps.
1467 2326 1590 2385 36:
1626 2325 1710 2386 In

185 2413 350 2494 capito
369 2412 513 2476 libri
545 2416 856 2494 seriptum
887 2421 974 2479 est
999 2417 1072 2479 do
1100 2435 1227 2492 me,
1247 2423 1318 2480 ut
1349 2419 1574 2492 faciam
1611 2435 1708 2479 vo-

183 2505 436 2570 luntatem
453 2511 663 2581 tuam,
693 2510 862 2572 Dm
885 2525 1075 2584 meus,
1095 2511 1261 2572 volui
1286 2535 1312 2582 ,·
1340 2525 1706 2588 quanquam

183 2598 323 2658 enim
355 2600 480 2660 hoec
527 2603 886 2680 praesertim
921 2603 1348 2682 intelligantur
1375 2610 1440 2664 et
1481 2602 1710 2682 exponi

185 2692 391 2770 possint
425 2692 510 2754 de
557 2693 886 2756 voluntate
923 2696 1108 2774 signi,
1145 2713 1262 2756 seu
1309 2697 1706 2776 praeceptiva,

185 2795 360 2846 tamen
382 2789 768 2867 generaliter
793 2792 984 2851 etiam
1027 2791 1434 2870 intelligenda
1465 2797 1610 2852 sunt
1630 2789 1710 2851 de

184 2897 525 2959 quacunque
551 2882 848 2944 absoluta
873 2883 1190 2946 voluntate
1221 2884 1366 2944 Dei:
1402 2889 1538 2944 turn
1565 2883 1712 2961 quia

185 2974 348 3034 verba
381 2975 726 3055 Scripturas
748 2976 1070 3056 generalia
1121 2984 1306 3050 sunt3
1337 2981 1474 3038 tum
1525 2978 1714 3038 etiam

185 3067 306 3144 quia
330 3068 410 3129 ita
434 3067 874 3150 intelliguntur
893 3087 931 3130 a
955 3069 1244 3132 Conciliis
1271 3069 1578 3132 etsanctis
1605 3071 1716 3130 Pa-

186 3159 350 3222 tribus
375 3163 713 3224 veritatem
740 3163 903 3224 hanc
923 3163 1364 3226 definientibus
1392 3167 1454 3224 et
1477 3162 1705 3224 docen-

185 3252 356 3330 tihus3
383 3261 450 3316 ut
474 3260 656 3335 patet
686 3275 762 3318 ex
801 3259 876 3318 Vl
905 3257 1170 3336 Synod„
1190 3263 1312 3318 act.
1339 3259 1402 3328 t,
1433 3257 1504 3316 in
1521 3256 1701 3336 epist.

183 3347 360 3423 Agat„
381 3347 486 3408 ubi
513 3350 702 3427 plura
724 3349 918 3411 refert
935 3353 1308 3412 Sanctorum
1328 3349 1706 3425 testimonia3

185 3447 234 3498 et
261 3446 366 3502 act.
390 3445 487 3517 ss,
509 3442 588 3504 in
623 3443 806 3522 epist.
835 3443 1177 3522 Sophron„
1204 3449 1325 3507 act.
1363 3446 1480 3519 173
1514 3441 1580 3502 in
1605 3441 1716 3502 de-

183 3531 432 3596 finitione
455 3535 638 3608 fidei,
661 3534 894 3598 Concil.
923 3538 1154 3608 Later„
1191 3535 1310 3597 snb
1335 3535 1540 3604 Mart..
1565 3553 1714 3596 con-

185 3626 282 3686 sul.
307 3630 364 3698 5,
385 3647 441 3690 c.
472 3633 606 3703 ως
639 3637 706 3692 et
745 3647 824 3692 ex
845 3630 1064 3710 cyril„
1091 3630 1200 3692 lib.
1237 3632 1279 3691 2
1315 3630 1380 3692 in
1401 3631 1616 3702 suan„
1649 3647 1704 3691 c.

189 3721 308 3795 ¹46,
333 3729 396 3786 et
419 3723 527 3786 lib.
553 3727 630 3797 4,
659 3741 714 3784 c.
747 3727 808 3799 1,
853 3723 961 3786 nbi
1001 3723 1068 3786 id
1097 3723 1332 3803 optime
1371 3723 1657 3794 declarat
1687 3739 1704 3795 ;

189 3815 552 3894 ctDamasc.‚
579 3817 694 3880 lib.
726 3815 776 3880 ἵ
795 3818 876 3879 de
900 3817 1033 3879 Fid.
1042 3862 1062 3894 ,
1089 3835 1148 3878 c.
1173 3820 1280 3892 32,
1299 3817 1468 3878 circa
1488 3817 1626 3890 fln.,
1653 3821 1716 3876 et

185 3906 271 3968 lib.
304 3911 361 3983 3,
391 3929 448 3974 c.
473 3913 580 3985 ss,
631 3914 706 3972 Π
739 3917 802 3972 et
838 3913 958 3984 18;
993 3911 1340 3991 chrysost„
1373 3911 1590 3974 homil.
1631 3912 1710 3972 47

187 4000 238 4060 in
253 4003 446 4078 Joan.;
467 4003 754 4081 Hieron„
767 4004 834 4064 in
857 4005 922 4064 id
948 4004 1167 4068 Matth.
1195 4005 1276 4065 26
1291 4019 1310 4064 z
1325 4004 1482 4068 Fiat
1497 4003 1706 4067 volun-

186 4099 387 4160 tatum
406 4123 432 4171 ,·
463 4105 535 4160 et
563 4099 862 4178 August„
887 4115 1082 4178 super
1127 4099 1336 4172 Jona„
1369 4097 1524 4160 locis
1565 4099 1713 4158 cita-

189 4189 270 4261 tis,
285 4198 344 4251 et
355 4208 414 4270 q.
439 4196 518 4254 ’Π
527 4191 612 4253 in
625 4191 870 4256 Novum
885 4193 1380 4254 Testamentum.
1405 4189 1710 4270 Denique,

189 4285 312 4360 quia
339 4286 388 4346 si
433 4283 664 4350 christi
716 4286 926 4347 anima
954 4285 1126 4348 aliud
1155 4284 1490 4348 efficaciter
1527 4283 1714 4346 vellet

191 4391 350 4452 quam
393 4379 560 4441 Deus
591 4379 786 4441 vellat
813 4379 1010 4459 ipsam
1037 4379 1237 4455 velle,
1267 4383 1434 4441 esset
1459 4379 1713 4459 propria

189 4473 564 4534 contrarietas
594 4479 656 4534 et
693 4473 1112 4554 repugnantia
1143 4473 1312 4534 inter
1336 4472 1476 4534 illas
1493 4472 1718 4534 volun-

191 4565 346 4638 tates,
387 4583 526 4644 quae
555 4572 656 4629 est
699 4579 933 4646 magna
968 4567 1397 4646 imperfecti03
1433 4565 1602 4628 unde
1649 4565 1715 4628 in

191 4653 398 4720 Christo
445 4661 658 4722 locum
684 4661 918 4724 habere
965 4677 1096 4722 non
1125 4661 1346 4740 potuit.
1390 4662 1466 4723 Et
1488 4659 1717 4722 confir-

195 4757 398 4828 matur,
427 4756 578 4834 qnia
609 4755 781 4816 beati
817 4771 1072 4834 semper
1093 4755 1212 4816 hoc
1247 4754 1436 4817 modo
1479 4753 1718 4816 habeat

196 4842 547 4910 voluntatem
570 4849 958 4910 conformem
983 4849 1210 4910 divinoe
1233 4847 1578 4921 voluntat13
1617 4865 1718 4910 er-

195 4953 260 5012 go
289 4941 471 5003 multo
494 4943 700 5023 magis
719 4942 1016 5016 Christus,
1037 4942 1136 5003 cui
1157 4947 1307 5005 nota
1335 4947 1470 5002 erat
1491 4941 1556 5002 in
1583 4959 1716 5004 om·

192 5030 354 5097 nibus
393 5035 601 5103 divina
628 5037 941 5108 voluntas,
957 5043 1022 5100 et
1053 5036 1196 5098 ideo
1219 5053 1576 5116 repugnare
1627 5033 1718 5096 illi

197 5141 306 5186 non
355 5137 616 5208 poterat.
653 5132 733 5194 Et
765 5149 844 5192 ex
895 5130 996 5192 his
1042 5130 1306 5192 ulterius
1347 5129 1662 5210 colligitur
1693 5173 1712 5205 ,

201 5233 419 5301 semper
441 5225 783 5288 humanam
810 5225 1030 5288 Christi
1079 5225 1470 5287 voluntatem
1497 5224 1564 5285 in
1593 5223 1715 5284 hoc

201 5318 324 5372 actu
370 5317 598 5382 efficaci
659 5319 848 5381 fuisse
909 5317 1300 5382 conformem
1357 5311 1584 5379 divinoe
1639 5334 1718 5378 ex

203 5411 354 5482 Parte
395 5409 634 5491 objecti,
669 5420 860 5492 atque
889 5412 1050 5474 adeo
1093 5427 1222 5473 non
1267 5411 1546 5492 potuisse
1570 5413 1718 5472 actu

207 5496 414 5568 efficaci
431 5505 786 5599 nolle'qnod
813 5507 982 5581 Deus
1009 5503 1284 5578 volebat,
1315 5519 1524 5595 noque
1553 5501 1717 5566 velle

3238 361 3359 424 309

1793 456 1965 534 qnod
1988 458 2156 520 Deus
2174 457 2448 534 nolebat,
2473 460 2619 540 quia
2648 459 2779 522 haeo
2808 461 2997 524 etiam
3023 471 3188 527 esset
3206 483 3358 529 con-

1795 550 2084 612 trarietas
2113 552 2535 630 voluntatum,
2570 570 2709 631 qnae
2745 559 2839 616 est
2866 573 3099 634 magna
3127 557 3360 636 imper-

1791 643 2003 721 fectiO,
2033 647 2271 707 Christo
2298 665 2679 728 repugnans,
2719 649 3113 729 Quapropter
3152 653 3359 712 omnis

1797 737 1931 799 hoec
1959 741 2359 810 conformitas
2408 759 2551 802 cum
2604 742 2814 802 divina
2856 743 3177 805 voluntate
3211 761 3360 806 con-

1793 833 2099 894 naturalis
2126 833 2245 895 fuit
2272 834 2515 897 Christo
2547 835 2787 896 ratione
2810 835 3081 898 unionis.
3117 839 3359 899 Secun-

1797 925 1902 1000 do,
1935 927 2083 1005 qnia
2109 929 2273 988 Deus
2314 928 2445 988 vult
2472 932 2542 989 ut
2570 929 2846 988 humana
2895 931 3187 994 voluntas
3229 947 3357 992 non
3448 919 3463 934 ’

1795 1027 2155 1096 opponatur
2180 1021 2294 1080 hoc
2312 1021 2499 1081 modo
2525 1020 3137 1100 divinae.praeserlim
3162 1039 3361 1102 quan-

1799 1110 1878 1171 do
1933 1112 2169 1171 homini
2225 1119 2469 1174 constat
2510 1113 2589 1174 de
2634 1114 2843 1174 divina
2886 1115 3237 1189 voluntate,
3286 1122 3360 1177 ut

1795 1203 2044 1264 Christo
2070 1207 2416 1268 constabat.
2450 1208 2681 1280 Tertio,
2701 1207 2871 1288 quia,
2898 1209 3219 1288 supposita
3240 1209 3359 1270 hac

1797 1297 2055 1358 scienti-a
2098 1299 2325 1360 animm
2374 1301 2623 1376 Christi,
2668 1318 2795 1380 qua
2840 1301 3075 1363 sciebat
3104 1317 3359 1364 omnem

1799 1390 2075 1452 divinam
2122 1393 2511 1453 voluntatem
2540 1394 2919 1472 beneplaciti
2969 1411 3085 1455 seu
3140 1411 3361 1456 conse-

1799 1489 2141 1560 quentem,
2190 1485 2577 1564 impossibile
2633 1492 2769 1547 erat
2807 1486 2977 1548 aliud
3026 1487 3360 1548 efficaciter

1797 1575 1959 1636 velle
1977 1593 1998 1654 3
2030 1577 2201 1654 quia,
2230 1577 2396 1638 facta
2422 1578 2526 1638 illa
2556 1579 3011 1658 suppositione,
3042 1579 3357 1657 objectum

1795 1671 2363 1748 repraesentabatur
2392 1679 2458 1734 ut
2488 1672 2893 1752 impossibile,
2920 1673 3090 1734 unde
3120 1673 3224 1734 illa
3242 1691 3358 1734 vo-

1795 1762 2003 1823 luntas
2032 1781 2161 1824 non
2192 1765 2393 1826 solum
2426 1772 2594 1827 esset
2636 1767 2836 1828 otiosa
2866 1773 2931 1828 et
2965 1766 3357 1846 imprudenti,

1793 1855 1904 1917 sed
1935 1859 2031 1934 (ut
2078 1859 2403 1936 existimo)
2444 1860 2633 1920 etiam
2676 1861 2795 1923 fuit
2843 1859 3267 1940 impossibilia,
3301 1863 3365 1922 et

1793 1949 1936 2011 ideo
1964 1967 2173 2031 neque
2232 1951 2407 2014 beati
2435 1959 2701 2032 possunt
2750 1954 2987 2016 hahere
3036 1952 3231 2015 talem
3261 1971 3367 2014 ao·

1795 2048 1955 2118 tum,
1988 2042 2245 2122 quando
2292 2044 2415 2106 illis
2457 2051 2697 2106 constat
2750 2047 2831 2109 de
2878 2047 3089 2109 divina
3134 2046 3366 2107 volun-

1795 2141 1946 2199 tate.

1874 2231 1934 2290 3.
1973 2229 2255 2307 objectio.
2276 2261 2361 2278 -
2377 2233 2724 2312 Responsio.
2742 2231 2977 2306 -Qua
3002 2233 3238 2297 rat-lom
3261 2250 3365 2314 po·

1791 2324 1983 2385 tum't
2026 2323 2312 2386 Christus
2354 2325 2565 2387 habero
2608 2329 2807 2387 actum
2853 2325 3197 2403 efficacm,
3244 2341 3363 2389 non

1790 2418 2153 2492 conformem
2198 2417 2419 2478 divinae
2460 2417 2780 2481 voluntati.
2823 2450 2908 2465 ·-—
2943 2419 3229 2492 Quaeres,
3278 2437 3362 2478 nn

1791 2507 1912 2568 hoc
1943 2509 2028 2570 ita
2054 2524 2274 2568 verum
2306 2509 2386 2569 sit
2414 2515 2481 2570 ut
2511 2511 2589 2571 sit
2616 2515 2882 2586 certum,
2917 2517 2979 2572 et
3009 2529 3089 2571 an
3114 2517 3363 2572 contra-

1791 2601 1957 2662 rium
1985 2601 2261 2680 implicet
2286 2603 2874 2665 contradictionem.
2923 2605 3141 2666 Scotus
3166 2605 3358 2678 enim,

1793 2695 1936 2757 dist.
1966 2699 2067 2771 15,
2095 2713 2159 2776 q.
2184 2697 2379 2770 unic„
2405 2704 2551 2759 ante
2572 2699 2949 2761 solutionem
2977 2704 3329 2778 argument.
3340 2723 3359 2775 3

1793 2794 1856 2850 et
1879 2789 2070 2853 Gabr.
2096 2834 2112 2862 ‚
2146 2791 2421 2852 concine.
2451 2795 2491 2853 9
2512 2837 2528 2860 ,
2564 2791 2925 2870 opinionem
2954 2791 3235 2853 referunt
3262 2809 3366 2852 as·-

1795 2887 2111 2942 serentem
2154 2883 2433 2962 potuisse
2477 2883 2787 2946 Christum
2826 2901 2940 2963 per
2979 2885 3361 2946 voluntatem

1797 2975 2143 3035 humanam
2193 2977 2525 3037 efficaciter
2568 2978 2731 3039 velle
2772 2978 2941 3056 qnod
2982 2979 3143 3040 Deus
3184 2978 3364 3038 abso-

1795 3067 1922 3128 lute
1956 3066 2248 3146 nolebat3
2296 3075 2359 3129 et
2384 3069 2529 3130 licet
2550 3087 2679 3131 non
2712 3069 3095 3150 approbent,
3140 3077 3365 3152 putant

1799 3167 2007 3223 tamen
2057 3177 2195 3222 esse
2243 3161 2635 3239 prohabilem
2680 3167 2743 3224 et
2786 3161 3171 3242 possibilem,
3214 3164 3363 3241 quia

1795 3260 2043 3333 poterat
2068 3253 2295 3316 Christi
2320 3256 2531 3342 anima
2560 3255 2962 3317 considerare
2998 3263 3264 3318 mortem
3296 3261 3366 3318 ut

1793 3347 2261 3408 incommodam
2274 3354 2540 3424 naturae,
2556 3349 2836 3427 praecise,
2854 3357 2915 3410 et
2937 3349 3360 3415 abstrahendo

1795 3439 1878 3500 ab
1901 3439 2196 3502 omnibus
2212 3441 2349 3501 aliis
2372 3441 2742 3514 rationibuS,
2776 3448 2840 3503 et
2866 3449 2937 3502 ut
2956 3444 3066 3516 sic,
3090 3443 3359 3503 efficaci-

1793 3540 1892 3594 ter
1915 3551 2057 3594 eam
2086 3532 2253 3594 nolle
2276 3579 2291 3607 ,
2330 3534 2579 3596 etiamsi
2605 3535 2769 3595 Deus
2798 3551 2937 3596 eam
2962 3535 3170 3596 vellet.
3216 3538 3365 3596 Res-

1793 3625 2111 3705 pondetur
2148 3632 2413 3694 tamen.
2465 3627 2545 3688 de
2590 3627 2875 3688 absoluta
2929 3629 3039 3689 Dei
3084 3629 3365 3706 potentia

1789 3739 1920 3782 non
1945 3739 2337 3802 repugnasse
2360 3721 2817 3783 humanitatem
2842 3729 3231 3803 assumptam
3260 3739 3362 3783 ca-

1791 3831 1932 3875 rere
1964 3815 2224 3876 scientia
2252 3813 2475 3888 beata,
2522 3815 2621 3876 vel
2663 3815 2867 3876 infusa
2890 3860 2910 3889 ,
2952 3832 3143 3895 quam
3170 3813 3361 3876 modo

1797 3906 2009 3981 habet,
2044 3915 2231 3987 atque
2257 3908 2417 3970 adeo
2446 3925 2573 3968 non
2594 3909 2755 3970 scire
2782 3909 2850 3969 in
2882 3907 3143 3988 singulis
3171 3907 3362 3970 rebus

1797 4004 1862 4061 et
1893 3999 2154 4079 objectis
2180 3999 2333 4078 quid
2360 4000 2439 4062 de
2463 3999 2587 4061 iilis
2620 4001 2783 4062 Deus
2812 3999 3149 4062 efficaciter
3170 3999 3359 4076 velit3

1796 4101 1862 4156 et
1894 4101 2045 4156 tunc
2075 4100 2243 4156 recte
2280 4099 2531 4174 poterat
2569 4111 2682 4173 per
2716 4093 3107 4156 voluntatem
3140 4093 3363 4155 huma·

1793 4205 1943 4248 nam
1972 4193 2117 4250 acta
2144 4188 2378 4248 efficaci
2412 4203 2489 4248 ex
2524 4193 2705 4266 parte
2742 4205 2857 4248 sua
2896 4186 3223 4249 intendere
3254 4185 3364 4248 ali-

1797 4281 1968 4361 quod
1994 4281 2231 4342 bonnm
2270 4289 2335 4342 et
2364 4281 2701 4343 honestum
2727 4326 2741 4354 ,
2782 4285 2882 4354 ut,
2919 4280 3097 4342 verbi
3130 4280 3359 4360 gratia,

1797 4391 2004 4449 orare,
2047 4375 2145 4436 vel
2172 4374 2345 4436 aliud
2373 4375 2599 4448 simile,
2638 4374 2926 4453 quamvis
2951 4374 3221 4436 fortasse
3248 4372 3361 4435 ah-

1797 4468 1997 4529 solute
2025 4473 2187 4529 esset
2209 4466 2536 4530 definitum
2564 4485 2601 4527 a
2627 4468 2783 4542 Deo,
2812 4485 2895 4528 ne
2922 4467 2987 4528 id
3012 4466 3213 4529 fieret.
3248 4468 3362 4530 Gu-

1789 4561 1895 4640 jus
1919 4560 2079 4622 ratio
2102 4567 2236 4635 est,
2274 4561 2423 4639 qnia
2452 4560 2553 4622 hic
2581 4559 2805 4621 modus
2834 4561 3175 4641 operandi,
3218 4576 3365 4639 sup-

1797 4655 1999 4734 posita
2028 4653 2135 4714 illa
2162 4653 2631 4733 imperfectione
2665 4654 3037 4734 ignorantiae
3060 4701 3077 4728 ,
3120 4671 3235 4715 seu
3263 4671 3364 4714 ca·

1797 4747 2019 4810 rentiae
2042 4747 2333 4820 scientiae,
2362 4753 2457 4809 est
2479 4748 2685 4809 bonus
2712 4755 2775 4809 et
2796 4748 3126 4822 honestus,
3153 4764 3363 4826 nequa

1796 4841 2058 4904 involvit
2074 4841 2609 4922 imperfectionem
2631 4841 2930 4921 aliquam,
2957 4857 3096 4922 quae
3118 4840 3361 4904 Christo

1797 4943 2109 5016 repugnet
2164 4935 2353 4998 etiam
2408 4937 2487 4997 de
2548 4937 2840 4999 absoluta
2890 4935 3005 4998 Dei
3056 4936 3359 5016 potentia.

1795 5031 2235 5105 Confirmatur,
2277 5049 2421 5092 nam
2452 5031 2671 5111 Angeli
2700 5031 2869 5092 beati
2899 5029 3237 5110 aliquando
3260 5029 3362 5089 in-

1795 5124 2065 5188 tendunt
2094 5125 2352 5204 aliquid,
2387 5131 2451 5186 et
2477 5129 2786 5204 quantum
2813 5125 2880 5186 in
2904 5139 2974 5185 se
3002 5128 3102 5185 est
3126 5137 3363 5183 conan-

1793 5225 1899 5280 tur
1934 5224 2012 5281 nt
2047 5217 2157 5281 fiat
2195 5217 2434 5296 aliquid
2464 5217 2635 5297 qnod
2664 5219 2830 5280 Deus
2859 5217 3073 5278 statuit
3099 5233 3181 5280 ne
3204 5213 3317 5276 flat
3335 5259 3361 5290 ,

1795 5312 1943 5390 quia
1990 5329 2119 5374 non
2168 5329 2416 5391 semper
2456 5310 2538 5372 de
2589 5309 2851 5390 singulis
2894 5309 3085 5371 rebus
3126 5321 3359 5385 cogno-

1799 5412 1982 5468 scunt
2031 5405 2183 5486 quid
2226 5407 2391 5466 Deus
2436 5403 2823 5484 praefinierit,
2864 5408 2934 5463 ut
2972 5417 3049 5461 ex
3086 5395 3361 5459 Danielis

1801 5502 1879 5571 lo
1919 5503 2185 5569 constat,
2232 5497 2406 5576 juxta
2456 5497 2908 5578 expositionem
2948 5492 3150 5572 magis
3186 5505 3363 5553 rece-
