3892 6167
1315 336 1636 395 Disputat
1667 338 1848 391 xxxi.
1875 336 2049 391 SECT.
2080 338 2187 391 vu.
3229 342 3349 405 153

715 552 718 555 ’
737 528 956 587 steno
988 529 1094 583 vlt.

131 654 326 712 Utrum
357 656 482 713 ἧκε
508 654 686 714 vir-tus
705 656 1108 715 miraculorum
1133 658 1337 717 Christi
1363 676 1419 719 sc
1446 663 1706 721 extendat

525 742 598 799 ad
627 743 858 815 effectas
885 742 1008 800 loco
1033 742 1319 805 distantes.

201 910 262 969 l.
309 908 756 989 Explienimus
795 910 968 991 qnid
993 912 1071 976 sit
1099 913 1236 976 hoec
1277 916 1480 994 gratia
1519 914 1704 977 mira-

119 1000 422 1061 culorum
447 1050 464 1075 ,
493 1010 558 1064 et
583 1004 902 1083 quomodo
929 1006 1194 1085 attingat
1232 1006 1490 1071 effectus
1518 1026 1696 1083 suos;

121 1111 292 1156 nnnc
319 1102 584 1174 oportet
610 1098 952 1161 nonnullas
973 1096 1372 1164 difficultates
1393 1102 1558 1165 eirea
1581 1104 1704 1165 hoe

127 1192 566 1265 occurrentes,
591 1194 658 1253 et
676 1192 990 1273 procipue
1015 1199 1146 1255 tres
1168 1196 1511 1273 graviores,
1537 1196 1708 1275 sigil-

125 1280 296 1343 latim
351 1286 636 1345 tractare
655 1330 674 1357 ‚
719 1285 830 1347 ubi
873 1287 1078 1349 obiter
1127 1288 1577 1369 explicabimus
1619 1288 1705 1351 ad

125 1392 280 1454 quos
310 1375 592 1439 effectus
629 1396 702 1440 se
731 1380 1028 1444 extendat
1069 1383 1208 1443 baec
1245 1382 1461 1447 virtus.
1497 1380 1704 1445 Prima

128 1485 270 1548 ergo
313 1469 668 1537 difficultas
707 1481 839 1551 est,
889 1492 972 1536 an
1023 1476 1304 1557 indigeat
1343 1478 1704 1543 humanitas

125 1562 369 1625 Christi
399 1572 702 1629 contactu
743 1568 1046 1649 physico,
1078 1586 1192 1633 seu
1233 1572 1702 1653 propinquitate

125 1656 302 1717 locali
329 1656 434 1717 ad
455 1674 596 1720 rem
621 1661 830 1736 aliam,
855 1668 930 1725 nt
955 1664 1118 1727 eirca
1147 1662 1321 1727 illam
1366 1666 1562 1745 possit
1589 1667 1702 1727 mi-

125 1750 416 1813 raculose
461 1754 736 1833 operari.
767 1754 842 1817 Et
882 1758 1045 1819 ratio
1075 1757 1248 1819 dubii
1291 1776 1428 1821 esse
1471 1766 1698 1839 potest,

124 1844 262 1923 qnia
305 1845 764 1925 propinquitas
805 1864 920 1911 seu
949 1856 1276 1913 oontactns
1311 1850 1500 1913 estin
1527 1852 1700 1915 omni

127 1945 346 2018 agente
391 1940 662 2019 physico
686 1944 1046 2007 necessaria
1085 1946 1356 2010 conditio
1397 1946 1478 2007 ad
1505 1963 1700 2026 agen-

131 2032 300 2104 dum,
353 2032 532 2094 adeo
577 2040 648 2096 ut
685 2036 856 2098 Deus
902 2038 1038 2117 ipse
1059 2038 1254 2099 -illam
1295 2040 1574 2119 requirat
1619 2040 1702 2103 ad

139 2126 454 2204 agendum
475 2142 596 2206 per
613 2126 1000 2193 divinitatem
1021 2148 1235 2207 suam
1255 2134 1502 2213 operari
1531 2133 1700 2195 enim

137 2236 248 2278 non
273 2226 503 2299 potest
527 2221 646 2283 nisi
673 2222 781 2283 ubi
816 2231 948 2299 est,
979 2230 1052 2287 ut
1097 2226 1164 2288 in
1211 2230 1242 2289 1
1287 2244 1394 2305 p.‚
1423 2244 1484 2306 q.
1517 2231 1593 2304 8,
1625 2228 1696 2289 D.

133 2313 404 2374 Thomas
447 2314 660 2387 docet,
692 2322 756 2377 et
783 2318 1052 2381 sumitur
1077 2336 1157 2381 ex
1197 2318 1399 2394 PanL,
1429 2322 1563 2383 Act.
1597 2323 1698 2395 17,

131 2407 228 2467 nbi
253 2406 416 2468 inde
463 2408 699 2487 colligit
733 2411 932 2473 Deum
977 2430 1107 2475 non
1133 2413 1326 2495 longe
1369 2414 1590 2477 abesse
1617 2414 1700 2476 ab

139 2516 518 2580 unoquoque
561 2509 877 2580 nostrum,
928 2504 1072 2585 quia
1111 2506 1184 2569 ia
1234 2507 1370 2587 ipro
1413 2509 1696 2581 vivimus,

139 2610 435 2657 memm-
473 2601 536 2659 et
563 2612 814 2672 suumn
839 2602 936 2660 est
963 2616 1116 2679 ergo
1141 2600 1415 2663 conditio
1443 2601 1700 2664 omuino

143 2686 494 2763 intrinseca,
513 2694 576 2751 et
605 2692 964 2753 necessaria
985 2693 1153 2753 omni
1175 2696 1390 2775 agenti
1415 2693 1697 2775 physico,

141 2798 238 2839 seu
265 2782 448 2843 omi
495 2798 704 2845 causae
729 2786 1000 2865 propriae
1027 2784 1340 2852 efficienti.
1369 2788 1447 2850 Et
1475 2787 1704 2850 confir·

143 2878 354 2947 matun
387 2889 542 2937 nam
569 2874 860 2939 divinitas
885 2880 1137 2959 operari
1179 2898 1308 2943 non
1347 2887 1552 2962 potest
1579 2881 1704 2943 nisi

143 2967 234 3027 ubi
281 2974 386 3029 est
423 2984 740 3048 presens,
788 2972 978 3052 idque
1025 2990 1152 3035 non
1199 2978 1458 3054 propter
1502 2974 1702 3036 solam

145 3060 655 3141 uomensitatem,
703 3065 818 3127 sed
864 3072 1124 3147 propter
1167 3068 1371 3148 ipsam
1419 3068 1691 3130 effectio·

144 3170 304 3227 nem3
343 3172 502 3236 ergo
529 3170 650 3219 nec
685 3164 894 3237 potest
919 3162 1391 3224 communicare
1415 3162 1701 3223 humani-

143 3248 260 3320 tati,
287 3254 360 3310 ut
389 3256 692 3329 operetur
719 3252 830 3313 ubi
859 3270 988 3315 non
1021 3260 1138 3316 est.
1165 3256 1242 3315 Et
1267 3252 1698 3327 confirmatur,

147 3341 276 3415 qnia
323 3358 458 3403 non
509 3348 716 3423 potest
761 3348 1008 3426 operari
1048 3346 1408 3409 humanitas
1445 3346 1698 3426 qnando

147 3450 256 3492 non
283 3434 515 3509 existit,
540 3437 743 3499 senia
762 3454 866 3500 res
885 3446 1170 3521 tempore
1191 3440 1530 3513 distantem
1549 3456 1700 3518 ergo

152 3542 338 3605 neque
365 3528 478 3589 ubi
505 3546 636 3591 non
666 3532 894 3608 existit,
925 3550 1040 3596 seu
1069 3534 1236 3596 circa
1265 3552 1368 3596 res
1393 3534 1532 3595 loco
1575 3532 1702 3595 dis-

153 3624 358 3682 tentes·

227 3714 286 3772 2.
323 3714 384 3775 In
409 3714 538 3777 bac
562 3716 952 3797 difficultate,
995 3720 1275 3798 quidam,
1315 3727 1573 3801 propter
1603 3738 1701 3785 ra-

172 3802 342 3867 tiones
361 3808 588 3885 factas,
615 3812 973 3875 existimant
992 3812 1306 3877 Christum
1339 3832 1456 3895 per
1483 3816 1702 3878 buma-

167 3898 396 3963 nitatem
427 3920 612 3967 snam
655 3913 897 3969 tannim
923 3908 1204 3987 potuisse
1231 3910 1482 3971 efficere
1513 3909 1702 3971 mira-

162 3993 280 4054 cula
307 4011 423 4073 per
439 4002 802 4061 contactum
829 4000 1184 4080 physicum,
1211 4001 1314 4062 vel
1340 4002 1504 4063 intra
1529 4001 1704 4065 illam

162 4087 470 4165 sphaeram,
489 4108 610 4170 per
627 4107 826 4171 quam
847 4092 1114 4155 diffundi
1133 4100 1380 4173 poterat
1399 4112 1520 4157 vox
1541 4098 1696 4176 ejus,

161 4181 242 4240 vel
269 4182 636 4247 aliasimilis
661 4188 856 4259 actim
892 4187 1084 4262 unde,
1115 4187 1170 4248 si
1197 4187 1514 4250 interdum
1539 4190 1702 4251 ultra

161 4274 304 4337 hane
355 4276 714 4341 distantiam
737 4280 932 4343 flebat
961 4282 1257 4354 effectae,
1301 4288 1541 4362 negant
1589 4300 1704 4363 per

162 4384 354 4429 veram
375 4370 771 4435 efficientiam
791 4374 1202 4435 humanitatis
1219 4373 1417 4437 fuisse
1435 4375 1698 4451 factum,

165 4462 260 4522 sed
285 4464 484 4526 solum
509 4484 628 4546 per
655 4468 962 4531 moralem
1001 4483 1403 4542 concursum,
1429 4468 1552 4531 nisi
1586 4469 1704 4531 fin-

165 4574 366 4633 gamus
405 4558 685 4639 aliquam
727 4562 962 4623 realem
1011 4561 1380 4641 qualitatem
1409 4562 1703 4625 diffusam

168 4661 288 4711 esse
313 4652 393 4712 ab
427 4654 842 4731 humanitate,
871 4672 1074 4734 usqne
1095 4654 1178 4715 ad
1203 4654 1416 4717 locum
1445 4656 1552 4717 ubi
1589 4656 1703 4719 fle·-

168 4742 262 4805 bat
281 4746 562 4820 effeetus,
583 4764 716 4827 per
732 4763 928 4827 quam
969 4749 1478 4811 instrumentaria
1505 4750 1702 4813 virtus

171 4840 590 4918 applicabatur.
622 4842 801 4918 Quod
843 4842 1358 4903 tamen'omnino
1402 4844 1594 4923 gratis
1642 4851 1705 4907 et

171 4930 286 4992 sine
323 4932 742 4996 fundamento.
772 4935 1118 5008 diceretur,
1170 4940 1232 4997 et
1269 4952 1398 4996 non
1451 4936 1701 5005 difficile

175 5024 490 5107 impugnari
525 5035 746 5110 posset
782 5046 862 5091 ex
887 5046 1090 5110 supra
1118 5029 1300 5091 dictis
1325 5036 1542 5093 contra
1569 5034 1700 5112 opi-

177 5118 393 5183 nionem
419 5122 890 5201 cpiaevirtntem
913 5124 1092 5185 hanc·
1101 5124 1278 5204 ponit
1303 5124 1368 5184 in
1399 5126 1700 5204 qualitate

181 5209 338 5273 mhaei
339 5220 500 5277 ente

243 5306 291 5364 3
342 5307 554 5373 Via-cus
581 5309 1014 5377 mmmmm
1061 5309 1300 5374 Christi
1341 5312 1426 5374 ad
1457 5312 1701 5391 effectu

183 5396 280 5458 loco
303 5400 593 5467 detenter
612 5408 960 5467 ›catonem-«-
969 5404 1292 5465 Contraria
1318 5411 1532 5467 tamen
1559 5422 1700 5465 sen·

185 5492 340 5554 tentia
364 5496 513 5558 mihi
536 5496 788 5559 videtur
807 5496 1216 5577 probabilior,
1239 5498 1562 5574 nimirum,
1583 5497 1700 5561 lm·

1783 438 2155 501 manitatem
2181 437 2407 503 Gbriati
2447 456 2634 521 posse
2664 441 2911 521 operari
2946 442 3348 525 miraculose,

1653 577 1670 595 .
1783 533 1892 595 nbi
1937 552 2067 595 non
2100 540 2197 597 est
2238 534 2521 598 localiter
2564 549 2871 616 praesens,
2900 537 3145 602 etiamsi
3192 541 3350 605 illud

1784 644 1912 689 non
1943 627 2210 707 attingat
2232 644 2349 706 per
2378 645 2450 690 se
2468 672 2484 702 ,
2526 646 2645 691 nec
2672 646 2787 708 per
2814 629 3011 693 ullam
3054 633 3349 697 virtutem

1781 720 2040 783 realiter
2082 718 2400 797 diffusam,
2438 722 2551 783 sed
2602 722 2805 785 solnm
2850 741 2965 803 per
3008 718 3363 803 actionem,'

1783 814 1932 894 quia
1966 814 2051 876 ibi
2084 814 2347 876 effectus
2374 814 2449 877 fit
2482 815 2915 896 dependenter
2938 818 3019 881 ab
3060 819 3348 883 humani·

1782 914 1912 971 tate
1942 907 2093 969 alibi
2122 908 2449 971 existente.
2480 908 2679 981 Quam
2718 911 3093 973 sententiam
3128 919 3349 977 tenent

1784 1004 2201 1065 communiter
2222 1003 2557 1065 Themista
2583 1002 2707 1078 bic,
2740 1010 2803 1065 et
2841 1006 3035 1083 vega,
3075 1005 3185 1067 lib.
3213 1009 3251 1068 7
3280 1008 3347 1071 in

1781 1094 2087 1169 Trident.‚
2112 1114 2167 1158 c.
2192 1098 2295 1171 Μ,
2316 1095 2471 1158 dub.
2497 1100 2559 1171 1,
2582 1103 2645 1157 et
2666 1095 2977 1177 colligitur
2994 1116 3076 1160 ex
3098 1099 3165 1161 S.
3184 1100 3347 1163 Tho·

1782 1206 1912 1265 ma,
1943 1207 2006 1269 q.
2034 1191 2137 1267 56,
2160 1196 2277 1252 art.
2310 1192 2369 1262 1,
2396 1190 2477 1251 ad
2508 1191 2570 1263 3,
2593 1188 2701 1251 ubi
2730 1191 2817 1255 ait
2836 1197 3195 1257 contactum
3222 1195 3345 1257 vir-

1783 1282 2021 1347 tualem
2042 1284 2333 1346 sufficere
2362 1284 2443 1346 ad
2459 1285 2623 1346 hanc
2650 1284 3071 1361 efficientiam,
3088 1294 3346 1367 propter

1783 1376 2093 1439 infinitam
2132 1377 2425 1441 virtutem
2458 1376 2819 1441 divinitatis.
2846 1379 2923 1439 Et
2952 1378 3207 1457 probari
3236 1397 3347 1461 po-

1783 1476 1930 1547 test,
1950 1473 2104 1551 quia
2118 1472 2391 1537 Christus
2410 1471 2715 1533 Dominus
2738 1470 2961 1535 eodem
2981 1472 3171 1535 modo
3194 1490 3345 1553 ope-

1783 1566 2045 1627 rebatur
2068 1566 2201 1627 haec
2228 1566 2531 1627 miracula
2556 1566 2623 1627 in
2648 1564 2805 1627 locis
2832 1564 3231 1641 distantibus,
3261 1567 3345 1629 si-

1783 1668 1890 1723 cut
1919 1660 1987 1721 in
2017 1659 2405 1740 propinquis.
2438 1658 2701 1733 Deinde,
2732 1658 2881 1739 quia
2920 1658 3091 1721 nulla
3134 1664 3344 1721 osten-

1783 1753 1956 1815 ditur
1974 1752 2395 1833 repugnantia
2412 1753 2477 1813 in
2498 1752 2617 1815 hoc
2634 1752 2825 1815 modo
2844 1752 3173 1831 operandi,
3196 1751 3344 1832 quia

1781 1847 1886 1910 illa
1912 1846 2211 1921 conditio,
2242 1846 2497 1917 scilicet,
2524 1851 2593 1908 ut
2618 1862 2817 1925 agens
2846 1852 2909 1909 et
2935 1862 3193 1925 passim)
3220 1846 3345 1909 siut

1781 1940 1991 2015 simul,
2017 1940 2197 2019 juxta
2225 1938 2617 2019 probabilem
2648 1938 3027 2001 sententiam
3058 1939 3344 2019 gravium

1781 2041 2107 2097 auctorum
2126 2078 2147 2109 ,
2176 2050 2305 2094 non
2345 2038 2437 2094 est
2480 2031 2845 2114 simpliciter
2869 2032 3221 2096 necessaria
3262 2031 3343 2096 ad

1781 2126 2127 2208 agendum,
2158 2126 2345 2188 etiam
2377 2126 2443 2187 in
2471 2126 2803 2207 agentibus
2830 2126 3244 2189 naturalibus.
3270 2126 3345 2191 Et

1781 2222 2069 2301 quamvis
2116 2219 2339 2282 demus
2384 2236 2461 2281 ex
2488 2226 2715 2281 natura
2742 2219 2834 2283 rei
2878 2236 3015 2283 esse
3054 2236 3345 2283 necessa-

1779 2315 1940 2376 riam
1962 2359 1977 2388 ,
2004 2320 2222 2376 tamen
2246 2358 2261 2387 ‚
2291 2328 2439 2373 eum
2470 2330 2601 2375 non
2630 2314 2707 2377 sit
2735 2330 2849 2393 per
2890 2331 2959 2375 se
3004 2330 3215 2393 neque
3250 2314 3344 2375 in-

1778 2410 2049 2471 trinsece
2092 2407 2392 2484 requisita
2442 2408 2511 2469 in
2552 2408 2691 2486 ipso
2736 2406 3039 2487 principio
3088 2406 3341 2488 agendi,

1779 2517 1991 2581 neque
2018 2500 2085 2561 in
2114 2499 2383 2574 actione,
2407 2499 2579 2561 nulla
2602 2505 2696 2561 est
2718 2500 2877 2563 ratio
2904 2516 3021 2563 cur
3046 2500 3235 2563 etiam
3260 2500 3342 2563 de

1779 2594 2063 2676 potentia
2079 2593 2367 2656 absoluta
2390 2593 2743 2657 necessaria
2762 2592 2863 2655 sit.
2887 2592 3067 2666 Quod
3088 2594 3175 2657 ita
3198 2610 3347 2657 con·

1781 2688 2089 2763 firmatur,
2122 2705 2273 2748 nam
2300 2686 2599 2763 Christus,
2624 2686 2969 2768 tangendo,
2990 2686 3169 2749 verbi
3199 2704 3345 2767 gra-

1780 2784 1890 2854 tia,
1922 2781 2265 2855 infirmum,
2290 2781 2559 2845 sanabat
2582 2782 2790 2855 illum;
2826 2780 2939 2845 sed
2964 2780 3069 2843 ille
3092 2787 3347 2843 contae—

1783 2882 1884 2939 tus
1925 2876 2167 2939 nnllam
2208 2875 2507 2938 virtutem
2549 2894 2663 2937 seu
2702 2874 3043 2938 efficaciam
3071 2874 3345 2939 addebat

1781 2968 2159 3031 humanitati
2194 2968 2463 3045 Christi3
2494 2987 2647 3048 ergo
2694 2973 2941 3048 poterat
2982 2967 3171 3031 etiam
3204 2966 3343 3030 sine

1779 3064 1886 3125 illo
1923 3063 2217 3125 eumdem
2246 3062 2535 3125 effectum
2565 3064 2799 3125 facere.
2828 3061 3041 3125 Dicere
3073 3060 3245 3125 enim
3272 3060 3345 3123 il·

1779 3158 1912 3219 lum
1941 3162 2299 3219 contactum
2330 3174 2469 3219 esse
2498 3156 2923 3219 conditionem
2948 3155 3029 3219 de
3065 3154 3345 3234 petentia.

1782 3250 2063 3313 absoluta
2115 3252 2203 3311 ita
2254 3251 2701 3325 necessariam,
2733 3256 2819 3313 ιιι
2870 3250 3017 3311 sine.
3051 3248 3159 3311 illa
3212 3266 3343 3311 non

1780 3345 1977 3426 possit
1998 3344 2137 3407 fieri
2162 3345 2445 3417 effectus,
2466 3344 2831 3407 incredibile
2860 3350 2977 3418 est,
3000 3360 3145 3405 cum
3170 3342 3343 3405 nulla

1779 3438 2197 3519 repugnantia
2220 3444 2331 3500 aut
2355 3438 2761 3501 contradictio
2780 3438 2844 3499 in
2868 3437 2989 3499 hoo
3012 3439 3339 3516 appaream

1782 3539 1846 3593 et
1869 3532 2071 3593 simile
2102 3535 2195 3593 est
2212 3531 2293 3593 de
2310 3550 2468 3593 voce·
2484 3532 2729 3607 Christi,
2752 3530 3003 3611 quando
3026 3546 3141 3609 per
3167 3528 3341 3591 illam

1783 3626 2161 3706 operabatur
2188 3625 2521 3703 miracula3
2548 3626 2687 3708 quis
2710 3627 2883 3689 enim
2912 3624 3127 3687 credat
3152 3638 3339 3703 opor-

1781 3720 1981 3783 tuisse
2024 3726 2091 3781 ut
2132 3719 2385 3781 realiter
2410 3720 2769 3800 perveniret
2808 3736 3008 3799 usque
3038 3717 3121 3781 ad
3150 3716 3341 3781 infer-

1781 3830 1959 3889 num,
1992 3830 2107 3876 seu
2152 3813 2365 3874 sinum
2416 3814 2702 3888 Abrahae,
2756 3816 2827 3875 ut
2875 3812 3024 3875 inde
3064 3811 3341 3873 animam

1784 3908 1995 3970 Lazari
2036 3912 2401 3971 revocaret?
2428 3916 2577 3983 aut,
2608 3926 2755 3968 cnm
2786 3907 2977 3982 dixit,
3022 3906 3207 3971 Joan.
3254 3906 3290 3969 4
3320 3924 3337 3965 :

1795 4002 1988 4077 Vade,
2010 4002 2187 4079 filius
2213 4009 2357 4065 tuus
2382 4002 2534 4065 vivit
2554 4047 2569 4076 ‚
2596 4000 2789 4063 fuisse
2818 4000 3243 4063 necessarium
3274 4004 3345 4063 ut

1783 4094 2043 4157 vexilla
2085 4096 2443 4174 perveniret
2488 4112 2687 4175 usque
2732 4094 2814 4156 ad
2852 4094 3063 4157 locum
3110 4092 3176 4155 in
3214 4109 3344 4172 qno

1785 4188 2109 4251 eratfilius
2144 4189 2385 4267 reguli,
2418 4197 2491 4252 ut
2528 4208 2643 4270 per
2684 4189 2885 4264 illam,
2920 4188 3247 4251 sanitatem
3282 4188 3343 4249 ei

1783 4288 2079 4360 praestare
2126 4286 2379 4362 posset?
2408 4284 2585 4347 Unde
2630 4284 2889 4363 Gregor.
2913 4328 2930 4355 ‚
2962 4284 3135 4345 hem.
3164 4282 3245 4343 28
3276 4280 3343 4343 in

1783 4376 2023 4455 Evang.
2046 4422 2065 4451 ,
2116 4382 2295 4439 notat
2344 4377 2633 4457 regulum
2684 4376 2861 4438 illum
2906 4374 3343 4456 imperfectam

1781 4468 1975 4530 fidem
2006 4468 2321 4547 habuisse,
2348 4488 2425 4533 eo
2454 4469 2623 4550 quod
2654 4469 3047 4549 corporalem
3070 4484 3345 4565 praesen-

1782 4562 1936 4625 tiam
1965 4563 2207 4625 Domini
2230 4564 2597 4644 requireret,
2624 4570 2693 4627 ut
2715 4562 2915 4625 filium
2944 4558 3131 4625 suain
3158 4579 3345 4625 sana·-

1781 4674 1853 4718 re
1881 4662 2119 4737 posset.

1861 4753 1921 4811 4.
1954 4750 2281 4832 Responsio
2319 4752 2403 4813 ad
2440 4755 2880 4835 amaneum.
2913 4780 2999 4801 ·-·
3028 4749 3345 4815 Simulus

1783 4842 1999 4907 localis
2040 4845 2283 4924 oscetin
2316 4850 2373 4908 ct
2407 4846 2604 4924 pasci,
2642 4863 2757 4926 quo
2792 4845 2961 4908 modo
2998 4846 3343 4909 moercar-ia

1781 4938 1872 4999 sit
1917 4937 2001 4999 ad
2044 4938 2358 5000 actionem.
2378 4967 2461 4985 -—·
2484 4936 2581 4999 Ad
2622 4938 2933 4999 rationem
2978 4955 3129 5019 ergo
3160 4937 3345 5001 dubi·-

1781 5028 1957 5089 tandi
2004 5029 2068 5091 in
2097 5030 2407 5110 principio
2442 5032 2715 5111 positam
2748 5030 3121 5111 responderi
3155 5031 3339 5106 solet,

1781 5122 1866 5184 ad
1893 5123 2215 5202 agendum
2240 5125 2669 5186 necessarium
2706 5142 2843 5187 esse
2898 5132 2966 5186 ut
2998 5126 3342 5205 principale

1781 5216 2154 5297 principium
2186 5219 2447 5279 actionis
2474 5219 2739 5297 attingat
2767 5218 3088 5293 effectum,
3100 5217 3200 5278 vel
3230 5235 3345 5296 per

1781 5327 1848 5371 se
1873 5311 2105 5389 ipsum,
2138 5311 2235 5371 vel
2278 5329 2394 5391 per
2436 5311 2959 5383 instrumentum3
2994 5311 3141 5389 quia
3186 5328 3343 5391 ergo

1779 5403 2071 5467 divinitas
2094 5406 2315 5467 Christi
2345 5412 2443 5469 est
2468 5405 2809 5484 principale
2832 5404 3208 5484 principium
3234 5404 3343 5465 ha-

1778 5514 1920 5561 rum
1963 5500 2307 5573 actionum,
2362 5503 2428 5559 et
2459 5498 2565 5559 illu
2615 5504 2710 5561 est
2758 5498 3017 5577 ubiqne3
3046 5496 3193 5559 ideo
3224 5515 3343 5576 par
