3892 6167
574 406 710 468 haec
755 401 955 484 gloria
1003 403 1216 466 dehita
1261 399 1640 467 humanitati
1683 401 1937 473 Christi,-
1984 399 2133 479 quia

572 497 779 580 potuit
813 497 940 574 illis
966 497 1230 579 adiungi
1254 500 1415 564 ratio
1451 499 1659 562 meriti
1683 543 1706 576 ‚
1735 505 1798 564 et
1825 499 1945 562 hoc
1990 515 2133 578 pcr-

573 592 797 658 fectius
825 598 940 656 est.
1427 656 1434 660 .

655 687 715 748 3.
763 686 1086 750 Distinctio
1117 704 1266 750 vero
1297 687 1408 750 illa
1447 689 1617 753 Scoti
1661 687 1768 752 vix
1789 692 1998 768 potest
2040 688 2133 750 in-

575 777 796 858 telligi,
827 780 972 860 quia
1009 779 1076 842 in
1109 797 1375 860 corpere·
1415 780 1640 845 Christi
1685 797 1815 844 non
1856 780 1980 844 fuit
2020 781 2135 844 ali-

575 873 746 953 quod
771 873 1292 952 impedimentum
1319 875 1534 956 εἰσι-ἰαὶ
1553 917 1570 948 ,
1601 875 1722 940 nisi
1751 874 1853 938 vel
1877 879 2133 938 nstin-a·

574 967 652 1030 lis
679 967 956 1031 conditio
979 969 1256 1050 corporis
1282 969 1618 1049 passibilis,
1649 987 1793 1048 qum
1814 987 1897 1032 ex.
1921 968 2133 1035 divina

576 1059 1038 1141 dispensatione
1087 1081 1230 1126 cum
1271 1063 1476 1144 gloria
1524 1065 1750 1127 animae
1799 1063 2133 1143 conjuncta

573 1155 696 1218 fuit
707 1173 729 1233 3
761 1155 861 1216 vel
905 1157 1042 1236 ipsa
1095 1155 1308 1220 divina
1359 1157 1710 1237 dispositio,
1745 1175 1874 1237 qua
1917 1155 2135 1220 statuit

571 1267 698 1315 non
727 1249 992 1314 influere
1020 1249 1290 1328 gloriam
1313 1252 1378 1314 in
1405 1251 1514 1314 tali
1535 1269 1796 1332 corpore
1821 1269 2025 1330 nsque
2052 1250 2133 1312 ad

571 1343 1122 1409 resurrectionem.
1151 1343 1426 1408 Primum
1451 1361 1584 1410 non
1609 1349 1818 1425 petest
1839 1344 1961 1406 dici
1988 1361 2132 1424 pro-

569 1435 706 1514 prie
747 1435 1270 1515 impedimentum
1295 1483 1310 1510 ‚
1339 1456 1488 1500 curn
1515 1438 1596 1501 sit
1645 1439 1784 1518 ipsa
1825 1437 2132 1500 naturalis

569 1527 876 1604 conditio,
903 1545 1044 1608 quoe
1074 1548 1188 1610 per
1217 1529 1484 1609 gloriam
1522 1530 1906 1610 perficienda
1947 1537 2125 1603 erut;

569 1626 632 1680 et
675 1622 966 1700 quamvis
1011 1622 1102 1684 ita
1142 1629 1434 1699 vocetur,
1465 1625 1696 1688 auferri
1741 1631 1959 1687 tamen
1998 1642 2129 1688 non

565 1719 814 1795 poterat
839 1717 958 1778 uisi
989 1733 1102 1796 per
1132 1716 1336 1797 ipsam
1365 1716 1626 1797 gloriam
1654 1719 1969 1797 corporis3
1996 1736 2129 1780 me-

565 1809 688 1872 reri
729 1826 883 1888 ergo
933 1817 1006 1872 ut
1045 1810 1166 1874 tale
1212 1811 1736 1891 impedimentum
1775 1811 2121 1887 auferatur,

567 1902 724 1966 nihil
753 1903 926 1966 aliud
955 1910 1052 1967 est
1095 1920 1284 1982 quam
1335 1905 1568 1968 mereri
1611 1907 1812 1986 ipsam
1858 1906 2126 1986 gloriam

563 1997 876 2075 corporis:
911 2003 972 2060 et
999 1997 1166 2060 idem
1195 2003 1292 2060 est
1316 1999 1368 2060 si
1393 1999 1698 2078 dicamus,
1719 2001 2031 2062 meruisse
2050 2007 2125 2062 ut

555 2087 904 2154 auferretur
954 2091 1476 2170 impedimentum
1527 2111 1608 2154 ex
1661 2099 1844 2174 parte
1895 2092 2125 2156 divinae

559 2181 991 2258 ordinationis,
1037 2185 1186 2264 quia
1237 2185 1361 2248 hoe
1399 2186 1606 2265 ipsum
1651 2193 1750 2250 est
1775 2189 2009 2250 mer-eri
2052 2193 2125 2250 ut

559 2276 726 2340 Deus
747 2275 971 2341 influat
1000 2276 1264 2356 gloriam
1291 2277 1414 2342 hoc
1441 2287 1726 2360 tempore
1742 2328 1761 2357 ,
1793 2299 1987 2361 quam
2012 2298 2125 2342 au-

559 2373 660 2433 tea
689 2385 818 2432 non
847 2369 1176 2436 influebat.
1209 2371 1286 2436 Et
1313 2389 1680 2453 quanquam
1726 2374 1987 2436 modum
2026 2375 2125 2436 lo-

557 2461 798 2542 quendi
828 2461 1332 2540 admitteremus,
1357 2467 1568 2545 potius
1587 2466 1926 2530 dicendum
1956 2469 2125 2530 esset

557 2556 866 2618 meruisse
891 2555 1206 2620 Christum
1243 2559 1478 2622 directe
1521 2560 1788 2638 gloriam
1803 2561 2121 2640 corporis,

558 2655 622 2714 et
637 2656 1096 2730 consequenter
1114 2659 1186 2714 ut
1201 2651 1554 2716 auferretur
1571 2653 2116 2733 impedimentum

557 2742 719 2806 sicut
765 2743 873 2822 qui
917 2743 1172 2808 redimit
1205 2745 1544 2824 captivum,
1573 2747 1806 2810 directo
1845 2754 2125 2810 meretur

556 2834 916 2900 libertatem
955 2837 1116 2915 ejus,
1149 2845 1214 2900 ct
1260 2844 1716 2920 consequenter
1757 2847 1830 2904 ut
1869 2841 2125 2904 vinctssa

556 2928 662 2992 vel
697 2928 1150 3010 impedimenta
1185 2939 1648 2995 removeantur.
1682 2935 1810 2996 Nec
1845 2933 2123 3016 denique

558 3024 711 3086 huic
736 3023 962 3088 merito
1011 3025 1217 3088 obstat
1261 3027 1600 3104 connexio,
1634 3045 1774 3108 qum
1819 3034 1915 3090 est
1957 3027 2125 3090 inter

557 3116 822 3199 gloriam
853 3116 1081 3182 animai
1113 3124 1176 3182 et
1203 3119 1504 3198 corporis,
1531 3139 1610 3182 ex
1635 3139 1762 3201 qua
1787 3121 1928 3182 fieri
1956 3121 2123 3184 vide-

555 3216 659 3273 tur
693 3216 764 3275 ut
791 3229 978 3274 nemo
1008 3213 1203 3292 possit
1233 3213 1496 3275 alteram
1525 3215 1660 3277 sine
1688 3217 2123 3280 altera-mere·

553 3306 610 3368 ri
625 3322 645 3384 3
679 3305 801 3368 hoc
825 3308 994 3370 enim
1023 3309 1108 3371 ad
1137 3327 1454 3371 summum
1483 3311 1768 3390 procedit
1791 3312 1862 3374 in
1889 3329 1967 3374 eo
2012 3313 2121 3393 qui

552 3405 824 3480 uimque
863 3411 1070 3473 earet:
1102 3421 1250 3465 cum
1288 3403 1462 3466 euim
1503 3421 1731 3485 corpus
1759 3423 1892 3470 non
1921 3409 2123 3486 possit

555 3511 693 3558 esse
737 3494 1086 3574 gloriosum
1127 3496 1248 3558 nisi
1287 3515 1404 3577 per
1440 3498 1716 3562 animam
1745 3502 1767 3577 (
1785 3499 2006 3562 saitem
2037 3500 2115 3562 de

552 3587 842 3668 potentia
871 3589 1216 3668 ordinaria)
1233 3635 1250 3666 ,
1293 3608 1426 3652 non
1469 3595 1674 3670 potest
1711 3594 1854 3673 quis
1884 3593 2116 3656 mereri

553 3681 824 3763 gloriam
853 3685 1132 3764 corporis
1169 3684 1292 3747 nisi
1318 3685 1420 3747 vel
1445 3686 1712 3766 gloriam
1757 3689 1985 3750 animae
2008 3689 2117 3750 ha-

551 3775 720 3850 beat,
753 3777 855 3840 vel
897 3777 1072 3842 illam
1099 3785 1450 3853 mereatur:
1487 3786 1550 3842 et
1587 3779 1708 3842 hoc
1749 3782 1942 3844 modo
1982 3799 2119 3845 me—

553 3876 773 3933 rentur
823 3889 1044 3935 omnes
1084 3875 1223 3953 puri
1253 3875 1558 3952 viatores3
1590 3875 1735 3955 quia
1767 3875 1935 3937 enim
1982 3895 2117 3939 me-

550 3969 774 4028 rentur
813 3983 930 4045 per
959 3973 1136 4028 actus
1165 3967 1391 4028 animai
1440 3967 1834 4035 informantis
1861 3987 2110 4051 carpum,

551 4056 700 4120 ideo
724 4065 1048 4121 merentur
1069 4058 1333 4139 gloriam
1355 4060 1610 4137 animae,
1631 4078 1778 4142 qum
1802 4061 2119 4126 redundat

550 4151 620 4212 in
655 4169 910 4232 eorpus.
941 4152 1233 4229 Atvero,
1278 4156 1604 4233 supposita
1649 4157 1846 4235 gloria
1889 4157 2115 4220 animm

551 4251 842 4324 separata
885 4263 923 4305 a
954 4247 1152 4324 gloria
1189 4247 1498 4326 corporis,
1533 4248 1690 4310 nihil
1720 4256 1816 4311 est
1845 4268 1961 4311 cnr
1986 4267 2115 4314 non

549 4337 742 4418 possit
787 4338 924 4416 ipsa
953 4337 1156 4418 gloria
1183 4339 1460 4419 corporis
1490 4340 1728 4404 directe
1773 4341 1894 4402 sub
1927 4345 2117 4405 meri-

549 4435 688 4495 tum
740 4430 1010 4503 caderem
1069 4433 1414 4511 proesertim
1467 4449 1612 4494 cum
1669 4451 1797 4496 non
1855 4437 2114 4498 omnino

547 4523 810 4604 physice
855 4528 1158 4604 sequatur
1185 4543 1264 4586 ex
1309 4525 1511 4606 gloria.
1559 4529 1821 4605 animai,
1854 4530 1967 4593 sed
2011 4547 2117 4592 se-

548 4615 828 4680 cundum
871 4617 986 4680 Dei
1027 4617 1620 4682 determinationem
1641 4665 1659 4696 ,
1685 4623 1794 4703 qui
1822 4623 2021 4685 veluit
2048 4629 2120 4686 ut

551 4710 753 4792 gloria
775 4711 1002 4772 animae
1027 4713 1602 4776 communicaretur
1617 4716 1889 4795 corpori,
1913 4717 2119 4796 potnit

548 4811 764 4866 tamen
788 4805 950 4866 velle
981 4812 1050 4867 ut
1085 4805 1205 4868 hoc
1227 4805 1432 4886 ipsum
1463 4824 1578 4887 per
1597 4810 1822 4872 merita
1855 4810 2118 4872 manda·

549 4902 722 4960 retur
763 4897 1137 4960 executioni.

624 4995 689 5054 4.
732 4987 830 5052 Aa
873 4992 1138 5055 instanti
1187 4993 1404 5058 mortis
1453 4993 1665 5059 anima
1711 4995 1951 5059 oleo-ists·
1989 4997 2121 5074 fuit

547 5080 978 5161 impassibilis,
1004 5085 1246 5149 meo-itis
1275 5087 1540 5166 ejusdam
1567 5087 1921 5152 Christi—-
1943 5091 2019 5150 Et
2040 5107 2119 5152 ex

550 5173 668 5236 hac
715 5175 1121 5240 conclusione
1183 5180 1468 5259 seqnitur
1517 5181 1762 5261 primo,
1807 5183 2115 5247 meruisse

548 5265 864 5332 Christum
889 5269 1456 5352 impassibilitatem
1481 5273 1710 5335 animae
1733 5291 1896 5349 snae,
1921 5293 2115 5356 quam

553 5359 636 5422 ab
661 5361 917 5426 instanti
959 5365 1183 5428 mortis
1213 5372 1550 5434 consecuta
1593 5374 1718 5442 est;
1751 5385 2115 5448 quanquam

553 5454 724 5516 enim
750 5455 1070 5536 Magister,
1097 5459 1165 5521 iu
1205 5463 1268 5535 3,
1303 5459 1366 5522 d.
1397 5463 1506 5534 48,
1539 5462 1604 5524 in
1635 5462 1902 5526 dubium
1933 5481 2119 5526 revo-

1803 299 2039 366 nuasr.
2074 297 2205 355 x1x.
2239 301 2439 357 lanc.
2471 303 2559 358 in.

2216 405 2335 474 cet,
2370 419 2455 464 an
2484 400 2569 464 ab
2614 400 2869 466 instanti
2914 403 3131 466 mortis
3166 403 3289 466 illa
3335 407 3535 470 anima
3566 411 3702 478 inerit

2213 494 2489 574 perfecte
2518 495 2917 574 impassibilia
2934 538 2959 572 ,
2976 518 2981 527 ·
2996 499 3099 560 vet
3128 503 3375 561 tantum
3400 519 3437 564 a
3460 519 3703 570 resurree-

2213 588 2402 652 tionis
2429 595 2658 669 puncto
2676 633 2692 662 ,
2722 589 2892 653 mihi·
2918 596 3133 654 tamen
3175 594 3435 668 omnino
3460 615 3639 659 verum
3660 611 3701 664 et

2216 687 2459 747 certum
2484 682 2733 748 videtur
2754 684 2963 747 statim
2985 683 3179 748 fnisse
3208 686 3643 766 impassibilem,
3658 703 3702 757 ut

2214 776 2431 844 velud.
2458 776 2545 841 ibi
2562 777 2825 853 notavit,
2846 795 2913 855 q.
2928 781 2995 854 2,
3018 797 3077 841 a.
3106 783 3167 854 3,
3190 787 3259 842 et
3284 781 3555 844 dicemus
3571 785 3702 850 latius

2212 869 2399 946 infra,
2438 876 2699 948 agentes
2732 871 2811 934 de
2857 879 3059 935 morte
3092 874 3341 948 Christi,
3381 877 3521 954 quia
3548 879 3704 942 anim

2215 963 2434 1030 Christi
2460 965 2706 1030 Domini
2726 1011 2743 1038 .
2774 969 2983 1030 sattim
3012 986 3089 1029 ae
3112 968 3235 1030 fuit
3254 978 3592 1049 separatae
3614 993 3703 1036 ccr-

2214 1076 2369 1138 pore
2420 1059 2701 1138 passibili
2724 1106 2741 1135 ,
2786 1059 2905 1124 fuit
2948 1061 3318 1142 simpliciter
3352 1071 3427 1126 et
3472 1067 3617 1126 omui
3654 1085 3705 1128 ex

2214 1157 2393 1232 parte
2418 1152 2603 1216 beata
2626 1199 2649 1229 ,
2678 1159 2989 1233 quantum
3014 1173 3151 1218 esse
3182 1162 3395 1236 potest
3417 1158 3602 1221 anima·
3638 1177 3704 1222 se·

2212 1249 2433 1327 parata
2478 1264 2517 1306 a
2562 1263 2847 1326 corpore.
2901 1246 3036 1312 Hoc
3084 1251 3255 1311 enim
3293 1268 3609 1314 commune
3642 1259 3705 1316 est

2216 1341 2505 1403 omnihus
2532 1340 2865 1405 animabus
2884 1343 3093 1422 justis,
3122 1361 3265 1423 quoe
3296 1343 3465 1409 nulla
3488 1345 3705 1426 indigent

2211 1436 2626 1513 purgatione,
2656 1442 2792 1514 post
2820 1435 3021 1514 ipsius
3060 1438 3287 1500 Christi
3334 1442 3604 1510 mortem
3628 1458 3705 1501 cur

2214 1545 2365 1606 ergo
2430 1527 2767 1608 neg-abitur
2826 1529 2965 1592 lime
3018 1530 3319 1610 perfectio
3374 1531 3489 1611 ipsi
3538 1533 3704 1595 animm

2212 1621 2476 1684 Christi?
2518 1623 2863 1702 proesertim
2907 1641 3057 1684 cum
3102 1625 3237 1704 ipse
3286 1626 3615 1704 promiserit
3645 1629 3707 1688 la-

2209 1717 2375 1778 troni
2407 1733 2425 1780 z
2452 1716 2655 1780 Hodie
2674 1734 2902 1780 mum
2923 1719 3052 1782 eris
3079 1719 3145 1780 in
3170 1719 3467 1801 paradiso
3488 1763 3502 1792 ,
3532 1737 3595 1781 ex
3618 1739 3703 1800 qua

2206 1811 2621 1890 promissione
2650 1810 2865 1872 Patres
2888 1828 3110 1873 omnes
3136 1809 3523 1892 intelligunt,
3550 1816 3705 1875 statim

2208 1905 2314 1968 illo
2355 1905 2457 1966 dio
2500 1903 2781 1965 animam
2822 1904 3085 1966 latronis
3108 1905 3323 1966 -fuisso
3368 1913 3503 1985 post
3538 1907 3703 1969 Christi

2202 2004 2467 2059 mortem
2494 1997 2567 2058 in
2598 2001 2767 2063 statu
2786 1997 3073 2060 beatifico
3102 2003 3165 2060 et
3186 1999 3575 2078 impassibili3
3598 2016 3703 2078 ergo

2203 2108 2241 2154 a
2296 2090 2535 2152 fortiori
2586 2089 2755 2152 idem
2812 2091 3233 2154 sentiendum·
3276 2098 3375 2152 est
3428 2091 3503 2152 tle
3548 2093 3701 2154 anima

2204 2183 2445 2246 Christi.
2476 2183 2655 2256 Quod
2681 2184 2938 2248 tandem
2954 2185 3379 2248 confirmatur
3397 2231 3417 2261 ‚
3446 2187 3577 2263 quia
3596 2203 3701 2247 eum

2197 2277 2331 2358 jam
2377 2285 2879 2340 consummasset
2920 2285 3195 2342 nostram
3241 2279 3699 2359 redemptionem,

2202 2371 2681 2451 nonindigebat
2708 2378 2875 2434 statu
2898 2373 3189 2448 viatoris3
3220 2391 3375 2453 ergo
3404 2373 3586 2434 statim
3610 2391 3700 2432 αα»-

2201 2465 2295 2546 pit
2320 2465 2581 2527 omuino
2612 2483 2747 2528 esse
2771 2467 2841 2526 in
2892 2469 3195 2543 termino,
3230 2474 3296 2531 et
3335 2473 3503 2528 entra
3528 2470 3699 2527 statum

2204 2559 2349 2632 viae,
2392 2565 2585 2638 atque
2635 2559 2796 2622 adeo
2836 2560 3098 2622 omnino
3140 2559 3544 2640 impassibilis.
3572 2560 3699 2619 Hanc

2204 2669 2359 2731 ergo
2382 2651 2789 2714 indolentiam
2814 2670 2929 2714 seu
2946 2652 3505 2732 impassibilitatem
3528 2652 3699 2712 memit

2203 2744 2478 2809 Christus
2504 2745 2825 2820 DominuS,
2868 2746 3033 2808 sicut
3058 2746 3293 2809 meruit
3338 2747 3581 2825 gloriam
3602 2761 3697 2804 cer-

2202 2839 2407 2920 poris3
2446 2839 2618 2900 illam
2650 2839 2823 2900 enim
2856 2845 3177 2902 merentur
3226 2857 3445 2906 omnes
3478 2839 3588 2910 isti,
3624 2836 3695 2915 qui

2204 2952 2318 3014 per
2342 2951 2457 2995 sua
2483 2935 2707 2995 merita
2730 2933 2999 3014 gloriam
3020 2941 3489 3016 consequuntur
3496 2949 3514 3010 ;
3542 2937 3593 2992 et
3624 2949 3697 2990 ra-

2201 3028 2407 3090 tiones
2436 3045 2627 3106 supra
2666 3027 2847 3090 factae
2892 3045 3074 3107 aeque
3111 3028 3467 3109 procedunt
3509 3026 3579 3087 de
3614 3024 3695 3084 hoc

2200 3128 2366 3183 statu
2392 3121 2459 3183 et
2496 3120 2579 3182 de
2606 3121 2809 3200 gloria
2852 3122 3154 3201 corpor-ie,
3200 3129 3267 3184 et
3300 3117 3691 3183 aecommodari

2200 3220 2407 3296 potest
2434 3214 2860 3277 testimonium
2888 3215 3065 3277 Isaiae
3092 3218 3208 3278 53:
3248 3216 3333 3280 Si
3358 3211 3603 3298 posuerit
3614 3223 3693 3290 pro

2192 3313 2436 3390 peccato
2456 3309 2724 3372 animm
2744 3325 2943 3381 naon,
2956 3307 3171 3372 videbit
3190 3305 3689 3388 semontoemwn,

2199 3407 2254 3465 et
2298 3401 2577 3464 volventur
2616 3400 2869 3462 Domini
2900 3400 2968 3465 in
3016 3415 3201 3463 mauu
3250 3401 3387 3481 ejvs
3409 3400 3691 3480 dirmetum

2200 3494 2307 3555 illo
2326 3495 2493 3556 enim
2518 3493 2653 3555 loco
2676 3493 3086 3575 Septuaginta
3109 3494 3479 3574 interpretes
3500 3491 3687 3569 legunt:

2196 3587 2291 3650 Et
2315 3587 2449 3649 vitu
2478 3587 2777 3649 Dominus
2796 3591 3037 3666 auferre
3058 3587 3131 3648 de
3160 3587 3463 3651 doloribus
3486 3584 3693 3647 aninam

2197 3681 2367 3759 ήκω
2420 3697 2561 3759 quoe
2618 3679 2811 3742 verba
2864 3679 3289 3760 Hieronymus
3342 3679 3519 3742 etiam
3559 3676 3691 3756 juxta

2195 3773 2363 3836 hanc
2390 3774 2725 3838 lectionem
2770 3773 2851 3836 de
2890 3773 3133 3836 Christo
3178 3773 3473 3856 exponit,
3500 3770 3691 3831 sicutet

2198 3869 2611 3947 Augustinus,
2642 3867 2751 3930 lib.
2788 3869 2817 3928 1
2852 3867 2931 3929 de
2974 3867 3239 3930 Censen.
3278 3871 3590 3944 Evang.,c.
3614 3861 3687 3920 34.

2276 3966 2340 4025 5.
2370 3965 2629 4043 Propter
2654 3979 2795 4042 quae
2820 3961 2912 4040 (ut
2942 3961 3145 4024 obiter
3174 3963 3299 4024 hoc
3328 3958 3575 4032 notetur)
3594 3968 3687 4014 non

2196 4057 2348 4118 mihi
2376 4057 2585 4136 placet
2609 4056 2783 4137 quod
2802 4057 2976 4138 Vega
2998 4055 3151 4121 dicit
3173 4057 3283 4120 lib.
3308 4058 3347 4120 7
3369 4057 3427 4116 in
3444 4050 3681 4119 Trident,

2195 4169 2251 4212 c.
2286 4153 2385 4224 18,
2410 4151 2689 4212 animam
2716 4150 2939 4212 Christi
2966 4167 3169 4228 usqne
3213 4152 3301 4212 >ad
3348 4140 3681 4212 resurrectio-

2196 4261 2345 4305 nem
2369 4242 2565 4305 fnisse
2588 4249 2851 4324 propter
2866 4261 2986 4306 nos
3006 4244 3484 4317 viatrieem,uon
3502 4235 3569 4298 ad
3588 4247 3678 4292 me·

2196 4337 2489 4411 rendum,
2508 4337 2619 4398 sed
2640 4337 2725 4398 ad
2740 4337 3255 4400 satisfaciendum
3278 4358 3291 4399 :
3324 4335 3479 4414 Quia
3493 4330 3678 4396 asinus,

2196 4433 2423 4512 iuquit,
2464 4437 2762 4513 separata·
2800 4434 3113 4500 interdum
3158 4449 3289 4496 esu
3334 4428 3565 4511 possunt
3590 4420 3684 4482 via·

2197 4527 2378 4592 tricus
2399 4571 2421 4601 ,
2450 4525 2649 4605 quoad
2691 4523 3194 4603 saumaricum&
3246 4527 3379 4587 Hoc
3400 4567 3419 4599 ,
3448 4522 3678 4597 inquam,

2196 4637 2325 4682 non
2364 4619 2520 4681 mihi
2547 4621 2774 4699 placet,
2806 4621 2957 4700 quia
2986 4619 3199 4682 anima
3244 4619 3516 4699 separata
3550 4602 3679 4670 110110

2196 4714 2386 4775 modo
2408 4721 2500 4776 est
2526 4715 2593 4774 in
2620 4719 2791 4775 statu
2814 4713 3095 4786 viatoris,
3124 4713 3241 4774 nisi
3272 4714 3355 4774 sit
3379 4710 3562 4787 ali-qno
3586 4713 3679 4760 mo·

2200 4807 2281 4868 do
2313 4806 2377 4867 in
2408 4813 2569 4868 statu
2604 4805 2905 4886 passibili,
2932 4812 2996 4869 ot
3020 4813 3235 4869 carcat
3280 4806 3501 4868 visione
3537 4797 3675 4898 bet-¹1³

2202 4917 2390 4979 quam
2422 4904 2519 4962 est
2544 4900 2883 4978 aliquando
2920 4899 3233 4975 habitura,
3264 4907 3336 4962 ut
3372 4895 3577 4960 constat
3608 4901 3677 4986 ia-

2200 4993 2495 5056 ductione
2518 4993 2580 5054 in
2600 4994 2897 5056 omnibus
2921 4992 3055 5055 aliis
3078 5011 3094 5068 ;
3120 4994 3537 5056 anima-antem
3556 4980 3677 5081 Chn-

2201 5089 2276 5152 sti
2328 5094 2469 5168 post
2521 5088 2983 5168 separationem
3013 5107 3050 5149 a
3078 5105 3339 5168 corpore
3366 5101 3477 5148 non
3506 5076 3591 5138 fuit
3628 5083 3669 5127 m

2194 5181 2317 5245 hoc
2348 5187 2511 5244 statu
2536 5179 3000 5262 passibilitatis3
3034 5195 3187 5260 ergo
3216 5189 3416 5261 neque
3460 5175 3513 5235 in
3552 5167 3673 5228 statu

2196 5277 2345 5349 viae;
2380 5291 2589 5355 neque
2620 5275 2789 5337 enim
2816 5281 3064 5355 oportet
3086 5273 3329 5353 fingere
3358 5279 3555 5334 novum
3574 5270 3671 5318 1¹1⁰·

2196 5369 2347 5432 dum
2379 5387 2491 5432 seu
2530 5374 2758 5430 statum
2788 5369 2897 5430 vioe
2922 5369 2990 5429 in
3018 5369 3229 5430 anima
3262 5363 3465 5429 Christi
3493 5356 3667 5428 absqlw

2197 5463 2327 5524 ullo
2366 5463 2725 5524 testimonio
2752 5507 2771 5536 ,
2810 5462 2908 5522 vel
2955 5461 3195 5524 ratione
3243 5456 3481 5525 efficaci.
3522 5441 3663 5512 Addsss
