3892 6167
588 463 803 522 nicant
838 460 903 520 in
928 455 1167 519 visione
1201 459 1265 514 et
1290 451 1579 514 fruitione
1619 453 1779 532 ejus,
1808 457 1873 511 et
1916 451 1983 511 in
2013 449 2152 512 aliis

592 547 1179 633 supernaturalibus
1235 545 1459 621 donis3
1532 549 1773 608 constat
1820 551 2037 608 autem
2087 544 2151 606 id

594 665 737 708 esse
766 645 1018 719 falsum,
1050 639 1198 720 quia
1224 650 1375 701 vera
1426 637 1633 700 divina
1684 639 1945 700 servitus
1991 637 2150 699 inse·

587 739 887 820 parabilis
924 741 1041 812 est,
1098 734 1319 795 saltem
1350 749 1388 793 a
1414 751 1573 812 pura
1617 741 1927 795 creatura.
1967 731 2148 794 Unde

592 833 782 894 etiam
810 831 877 892 in
909 830 1011 892 die
1030 826 1248 909 judicii
1278 827 1361 888 ad
1388 828 1649 888 Sanctus
1679 832 1741 887 et
1777 826 2008 887 electos
2061 823 2152 886 di-

590 927 793 989 eitur:
827 925 1026 1007 Enyo,
1052 939 1219 984 cervo
1244 921 1385 982 bono
1428 925 1487 984 et
1535 919 1757 997 fidelia,
1807 922 1878 979 ut
1914 917 2150 979 notavit

592 1020 888 1098 August„
925 1021 1101 1078 tract.
1142 1015 1220 1076 85
1247 1013 1311 1075 in
1340 1013 1523 1075 Joan.

673 1115 773 1176 30.
824 1111 1043 1190 Neque
1054 1109 1255 1170 obstat
1284 1105 1457 1185 quod
1470 1105 1747 1170 Christus
1770 1106 1942 1183 dixit,
1961 1107 2146 1169 Joan.

591 1210 670 1270 15
705 1224 718 1270 :
756 1207 809 1271 J
811 1221 911 1268 am
926 1218 1055 1266 non
1084 1203 1280 1264 dicam
1306 1217 1411 1264 voe
1438 1217 1662 1277 servos,
1714 1202 1819 1264 eod
1868 1200 2096 1264 amicos
2123 1221 2144 1271 ;

588 1299 933 1362 namidem
968 1297 1259 1376 August„
1318 1294 1423 1356 cit.
1460 1292 1607 1368 loc„
1668 1292 2150 1373 intelligendum

588 1393 709 1456 hoc
736 1397 950 1455 censet
980 1389 1059 1452 de
1089 1389 1387 1450 servitute
1430 1385 1638 1448 servili
1688 1387 1781 1464 (ut
1804 1387 1892 1447 sic
1919 1387 2148 1466 dicam)

588 1504 732 1566 quta
764 1503 840 1548 ex
894 1484 1119 1546 timore
1182 1479 1481 1551 nascitur,
1538 1495 1666 1541 non
1710 1497 1859 1542 vero
1901 1479 2150 1542 excludi

588 1579 947 1643 servitutem
992 1575 1247 1638 filialem
1269 1619 1285 1647 ,
1336 1589 1477 1652 quoe
1530 1587 1675 1634 cum
1732 1572 2032 1635 charitate
2085 1577 2149 1634 et

584 1675 885 1736 filiatione
912 1669 1203 1750 adoptiva
1234 1671 1565 1744 conjuncta
1608 1673 1725 1744 est,
1754 1683 1903 1727 nam
1957 1667 2148 1728 timor

589 1773 653 1830 et
699 1765 1047 1828 reverentia
1106 1761 1379 1822 filiorum
1432 1760 1497 1820 in
1544 1765 1847 1821 aeteruum
1904 1763 2140 1821 manet.

586 1861 707 1924 Alii
730 1877 903 1934 vero,
923 1873 1067 1919 cum
1096 1857 1355 1926 Irenaeo,
1384 1853 1493 1914 lib.
1524 1855 1567 1915 4
1604 1859 1769 1915 cont.
1800 1854 2055 1927 lumea„
2083 1869 2138 1914 e.

586 1959 689 2028 27,
727 1951 1085 2031 intelligunt
1102 1949 1313 2009 locum
1332 1947 1507 2008 illum
1536 1946 1617 2008 de
1646 1947 1945 2009 servitute
1971 1945 2146 2026 lega·

584 2048 652 2124 li,
682 2065 821 2128 quae
848 2061 959 2125 per
1006 2043 1365 2104 libertatem
1401 2040 1561 2120 legis
1615 2041 1835 2120 gratiae
1888 2040 2144 2101 exclusa

586 2145 719 2214 θεῖς
754 2157 903 2201 nam
930 2139 996 2199 in
1015 2137 1157 2217 lege
1182 2135 1509 2198 veterinon
1542 2139 1669 2196 tam
1692 2134 1859 2196 clare
1884 2139 1950 2195 et
1967 2149 2146 2213 aper·

584 2242 647 2298 te
674 2233 1120 2297 revelabantur
1154 2227 1441 2290 omnibus
1470 2227 1679 2290 divina
1708 2227 2008 2308 mysteria
2040 2243 2053 2299 3
2081 2227 2146 2287 in

584 2330 725 2407 lege
743 2332 955 2388 autem
988 2339 1153 2386 nova
1180 2322 1357 2402 quasi
1392 2322 1667 2384 revelata
1686 2321 1847 2382 facie
1880 2319 2146 2399 glottam

583 2422 831 2485 Domini
884 2415 1284 2499 speculamur
1308 2459 1324 2489 ,
1378 2421 1443 2476 et
1496 2415 1638 2476 ideo
1674 2413 1903 2476 dicitur
1953 2429 2144 2492 agere

583 2515 749 2578 Deus
802 2513 1128 2574 nobiscum
1156 2515 1460 2587 tanquam
1506 2523 1651 2569 cum
1707 2507 1941 2568 amicis.
1997 2507 2145 2578 Quae

584 2607 887 2689 expositio
932 2621 1157 2686 parum
1202 2621 1238 2663 a
1282 2601 1475 2682 priori
1520 2601 1729 2662 differt
1756 2643 1771 2674 ,
1808 2617 1959 2662 nam
2005 2615 2144 2660 ser-

585 2703 747 2764 vitus
783 2699 941 2777 legia
980 2698 1212 2762 veteris
1258 2697 1403 2758 ideo
1456 2695 1848 2776 potissimum
1888 2695 1954 2755 in
2001 2695 2140 2775 lege

582 2811 746 2857 nova
771 2793 1021 2857 exclusa
1054 2797 1171 2856 est.
1195 2789 1487 2872 quiajam
1512 2805 1633 2851 non
1650 2787 1988 2867 accepimus
2013 2789 2142 2868 api-

572 2891 775 2952 'm‘tum
826 2886 1145 2952 servitutis
1172 2885 1397 2948 itervm
1442 2881 1511 2944 in
1540 2883 1773 2957 timore,
1820 2883 1927 2945 sed
1951 2898 1984 2944 s
2053 2883 2145 2942 ri-

583 2988 713 3046 tum
728 2977 1065 3060 adoptionis
1085 2977 1361 3056 filiorum
1392 2975 1525 3052 Dei,
1554 2977 1623 3038 iu
1651 2991 1763 3056 quo
1786 2975 2140 3050 clamamus,

583 3075 775 3148 Abba,
819 3079 1019 3154 pater,
1074 3077 1145 3132 ut
1184 3070 1408 3132 dicitur
1453 3068 1536 3128 ad
1576 3071 1754 3131 Rom.
1802 3069 1861 3130 8.
1906 3067 2141 3129 Deinde

584 3169 856 3231 Christus
896 3165 1003 3227 illo
1030 3165 1167 3225 loco
1196 3179 1327 3226 non
1370 3161 1553 3234 dicit,
1588 3163 1724 3224 Non
1754 3159 1901 3224 estis
1949 3159 2138 3234 servi,

580 3261 715 3335 sed,
748 3259 889 3324 Non
917 3257 1111 3322 dicam
1138 3261 1499 3330 coam-voe,
1530 3253 1597 3316 id
1644 3259 1761 3330 est,
1796 3271 1925 3314 non
1953 3269 2138 3334 agam

584 3355 907 3416 vobiscum
926 3359 1227 3432 tanquam
1271 3365 1415 3410 cum
1456 3349 1674 3422 servis,
1704 3348 1853 3428 qnia
1882 3365 2014 3409 non
2040 3363 2138 3408 ao-

582 3447 669 3511 let
698 3447 993 3508 dominus
1018 3461 1161 3507 cum
1196 3461 1377 3506 servo
1405 3441 1795 3504 familiariter
1820 3457 2038 3522 agere,
2076 3446 2138 3502 et

584 3541 683 3603 aui
702 3540 907 3604 cordis
922 3545 1167 3601 secreta
1198 3537 1255 3598 ei
1276 3537 1597 3609 revelar03
1626 3541 1689 3598 et
1714 3533 1837 3596 hoc
1850 3541 1947 3596 eat
1969 3533 2139 3613 quod

582 3633 823 3696 subdit:
862 3631 1019 3708 Quia
1042 3647 1251 3696 servus
1276 3631 1467 3694 nescit
1488 3629 1639 3712 quid
1656 3627 1847 3706 saciat
1864 3627 2139 3691 dominus

579 3731 711 3810 εἰπε·
728 3753 757 3800 ‚·
794 3747 899 3792 vos
927 3731 1125 3790 auum
1152 3727 1286 3790 dimi
1308 3727 1556 3800 amicos,
1582 3725 1726 3806 quia
1760 3721 1958 3785 omnia
1981 3737 2138 3802 μω-

579 3841 823 3905 cumque
856 3823 1066 3887 audivi
1086 3837 1127 3884 a
1151 3821 1345 3884 Patre
1370 3837 1517 3892 meo,
1550 3823 1693 3880 noea
1722 3817 1843 3895 feci
1863 3817 2050 3878 vobis.

661 3919 758 3981 31.
806 3915 881 3978 Et
904 3915 989 3977 sic
1020 3915 1205 3976 etiam
1236 3917 1450 3993 posset
1472 3909 1729 3989 intelligi
1760 3908 1914 3970 illud
1944 3909 2131 3971 Joan.

578 4017 619 4076 8
650 4031 667 4074 t
703 4013 937 4078 Servus
976 4025 1097 4072 non
1134 4012 1339 4070 manet
1384 4007 1451 4069 in
1501 4006 1667 4069 domo
1704 4003 1771 4066 in
1820 4008 2130 4078 murnum,

578 4108 751 4186 filim
782 4109 979 4168 manet
1006 4104 1073 4166 in
1100 4106 1433 4172 aternum;
1464 4096 1611 4160 inde
1634 4097 1799 4158 enim
1834 4095 2137 4158 nonlicet

578 4201 833 4276 inferre,
870 4201 1111 4272 baama,
1159 4195 1266 4276 qui
1296 4200 1557 4256 manent
1602 4192 1665 4253 in
1712 4193 1899 4254 domo
1935 4191 2043 4252 Dei
2071 4192 2135 4252 in

579 4301 907 4370 aeternum,
938 4309 1067 4354 non
1098 4307 1239 4352 esse
1259 4305 1509 4360 servos3
1538 4303 1711 4354 nam.
1756 4286 1901 4347 licet
1924 4301 2131 4360 serve,

578 4405 653 4450 ea
682 4384 925 4449 ratione
956 4401 1080 4464 qua
1138 4399 1353 4445 servus
1382 4387 1495 4457 eat,
1540 4397 1668 4442 non
1716 4379 2024 4441 debeatur
2067 4382 2136 4441 nt

576 4486 829 4544 maneat
858 4479 922 4540 in
966 4479 1153 4540 domo
1194 4475 1259 4536 in
1295 4480 1618 4546 aeternum,
1652 4479 1867 4536 tamen
1896 4473 1945 4535 si
1981 4474 2134 4535 alio-

577 4575 687 4656 qui
717 4571 881 4636 filius
908 4574 1007 4648 ait,
1036 4571 1263 4651 poterit
1292 4585 1551 4632 manere
1596 4569 1663 4628 in
1692 4567 1880 4628 domo
1930 4568 2130 4648 patris

577 4689 641 4732 ιιι
675 4675 999 4731 aeternum.
1027 4665 1099 4726 In
1146 4678 1273 4743 qno
1304 4668 1399 4724 est
1439 4661 1631 4723 etiam
1660 4659 2014 4722 differentia
2043 4661 2134 4722 in·-

574 4772 673 4828 ter
694 4762 1056 4826 servitutem
1079 4757 1159 4819 ad
1199 4759 1397 4819 Deum
1424 4761 1485 4818 et
1508 4755 1590 4818 ad
1618 4753 1927 4831 homineS,
1960 4755 2132 4834 quod

573 4859 708 4920 haec
730 4873 847 4938 per
872 4852 1237 4916 filiationem
1268 4850 1625 4930 adoptivam
1654 4848 2026 4924 excluditur,
2063 4856 2132 4910 ut

576 4957 821 5013 constat
844 4967 919 5010 cx
946 4947 983 5027 ἓ
1018 4945 1129 5006 ult.
1162 4944 1389 5019 Instit.,
1440 4943 1519 5003 de
1550 4941 1801 5020 Adopt.;
1852 4941 1958 5001 illa
1985 4959 2131 5004 vero

574 5063 703 5107 non
725 5041 1097 5116 excluditur,
1132 5037 1247 5100 sed
1292 5036 1649 5116 perficitur-3
1683 5036 1811 5095 imo
1866 5035 2132 5114 ipsamet

574 5137 789 5201 filiatio
820 5135 1110 5214 adoptiva
1140 5131 1220 5193 ad
1249 5131 1447 5192 Deum
1488 5129 1823 5190 intrinsece
1860 5135 1920 5191 et
1953 5131 2130 5208 quasi

574 5231 987 5295 essentialiter
1019 5231 1115 5287 eat
1136 5225 1319 5286 altior
1346 5221 1637 5302 quaedam
1679 5237 1753 5282 ac
1792 5222 2128 5302 perfectior

571 5325 833 5388 servitus
860 5321 1107 5393 divina3
1142 5323 1205 5380 et
1228 5317 1372 5378 ideo
1392 5332 1521 5377 non
1552 5315 1757 5376 omnis
1780 5332 1998 5378 servus
2019 5317 2126 5378 cxss

572 5421 841 5484 cluditur
864 5417 945 5478 ab
968 5421 1202 5478 aeterna
1224 5409 1611 5473 habitatione
1658 5409 1723 5470 in
1762 5409 1959 5472 domo
1985 5411 2120 5486 Dei,

574 5511 685 5579 sed
714 5514 813 5579 ille
842 5511 950 5592 qui
988 5527 1116 5573 non
1138 5505 1438 5571 estfiliuS.
1474 5504 1727 5586 Proprie
1776 5523 1921 5569 vero
1953 5511 2014 5571 et
2045 5505 2125 5568 ad

1834 349 2070 414 QUAET.
2103 349 2212 403 XX.
2245 348 2448 404 Almo,
2482 349 2545 402 n.

2231 449 2528 524 litteram,
2556 449 2622 511 in
2651 451 2758 512 illo
2783 451 2920 512 loco
2937 451 3124 512 Joan.
3141 454 3202 524 8,
3219 467 3358 512 non
3381 455 3484 511 est
3507 465 3689 513 sermo
3701 453 3756 516 de

2231 545 2538 606 servitute
2567 544 2649 604 ad
2673 545 2898 616 Deum,
2931 544 3043 605 sed
3071 544 3152 604 de
3179 544 3491 605 servitute
3525 547 3754 621 peccatu

2229 637 2620 716 praemiserat
2647 639 2819 699 enim
2871 635 3188 700 Christus:
3241 637 3493 711 Omnis,
3521 634 3624 717 qm·
3641 642 3756 714 suit

2227 737 2559 812 peccatum,
2586 745 2798 794 serm
2833 735 2924 795 est
2943 731 3202 812 peceat&-
3223 735 3286 792 et
3298 727 3558 791 subdit:
3577 728 3758 794 sm

2231 829 2429 888 autem
2447 839 2564 887 non
2589 829 2788 887 manet
2807 826 2875 886 in
2903 826 3070 886 domo
3099 825 3169 886 in
3193 829 3498 887 aternum
3521 845 3548 893 ,·
3577 823 3756 886 intelli·

2233 919 2323 1000 git
2348 935 2500 998 ergo
2529 917 2610 979 de
2643 935 2822 980 servo
2851 918 3112 998 peccati,
3143 935 3294 978 nam
3345 933 3572 978 servus
3603 917 3692 978 Dei
3713 919 3756 978 in

2229 1019 2467 1075 aeterna
2499 1013 2636 1092 ejus
2659 1012 2849 1074 domo
2879 1017 3095 1073 manet
3116 1027 3138 1090 ;
3169 1012 3300 1074 imo
3324 1011 3482 1072 huic
3502 1010 3755 1089 servituti,

2231 1107 2281 1170 ai
2310 1107 2585 1188 perfecta
2615 1107 2715 1180 sit,
2747 1107 2853 1167 illa
2873 1105 3142 1167 debetur
3164 1104 3537 1166 haereditas.

2316 1202 2418 1262 32.
2465 1201 2658 1280 Igitur
2685 1201 2778 1277 (ut
2813 1199 3122 1261 rationem
3143 1197 3634 1276 concludamus)
3665 1215 3754 1260 non

2234 1295 2438 1356 omnis
2507 1293 2992 1357 communicatio
3057 1307 3170 1355 eeu
3233 1291 3636 1374 participatio
3689 1293 3756 1354 di-

2229 1389 2522 1452 vinorum
2573 1390 2886 1450 bonorum
2953 1386 3229 1451 excludit
3287 1385 3656 1448 servitutem
3697 1389 3754 1450 ad

2229 1481 2452 1544 Deum.
2479 1481 2629 1554 Quae
2683 1488 2781 1545 est
2810 1498 2962 1563 ergo
2989 1479 3490 1544 communiendo
3545 1496 3670 1558 quae
3705 1482 3754 1541 il-

2225 1575 2352 1638 lam
2411 1576 2734 1638 excludit?
2780 1577 2954 1637 Certe
3006 1575 3086 1636 de
3129 1574 3309 1635 nulla
3365 1573 3751 1636 communica-

2223 1671 2398 1733 tione
2419 1669 2483 1731 id
2513 1669 2812 1731 affirmari
2845 1675 3073 1749 potest,
3105 1684 3246 1748 quae
3293 1667 3370 1728 in
3431 1683 3588 1746 pura
3625 1685 3753 1728 crea·

2225 1765 2366 1824 tura
2396 1763 2656 1842 reperiri
2703 1763 2936 1844 poseit3
2966 1763 3135 1842 quia,
3170 1762 3235 1823 in
3279 1761 3506 1841 specie
3543 1760 3750 1839 loquen-

2225 1857 2330 1933 do,
2383 1858 2645 1920 sortasse
2697 1859 2870 1919 nulla
2919 1859 3122 1938 major
3188 1855 3596 1937 participatio
3639 1855 3748 1915 divi-

2221 1965 2322 2012 nae
2385 1950 2769 2013 excellentiae
2829 1967 2902 2014 ac
2947 1949 3338 2015 haereditatis
3408 1947 3547 2011 fleri
3590 1955 3746 2029 potest

2225 2059 2371 2104 cum
2399 2061 2558 2123 pura
2605 2047 2914 2118 creatura,
2939 2055 3131 2123 quam
3157 2057 3338 2104 nune
3371 2041 3488 2103 fiat
3515 2060 3620 2122 per
3647 2059 3746 2119 gra-

2225 2135 2376 2198 tiam
2407 2143 2469 2198 et
2497 2137 2796 2217 gloriam3
2827 2138 3030 2217 major
3053 2141 3268 2198 autem
3313 2135 3426 2196 vel
3472 2135 3664 2196 minor
3683 2133 3746 2192 in-

2226 2231 2432 2291 tensio
2455 2232 2590 2293 sola
2618 2247 2748 2294 non
2773 2237 2979 2312 potest-
3003 2229 3353 2310 quieqnam
3381 2227 3658 2291 conferre
3687 2229 3744 2288 ad

2227 2323 2397 2386 hunc
2433 2325 2747 2386 effectum.
2779 2323 3050 2385 Maxime
3097 2323 3270 2403 quod
3315 2321 3394 2384 in
3429 2321 3742 2384 Beatissima

2223 2416 2482 2496 Virgine
2539 2423 2636 2480 est
2683 2419 2788 2479 illa
2823 2418 3134 2478 bonorum
3181 2415 3662 2479 communicatio
3697 2415 3740 2474 in

2225 2513 2750 2575 excellentissima
2797 2513 3070 2593 quadam
3119 2511 3551 2592 perfectione;
3579 2525 3740 2588 neque

2223 2604 2345 2667 hoc
2397 2605 2602 2668 solnm
2645 2607 2858 2682 habet,
2902 2606 3016 2668 sed
3063 2607 3253 2668 etiam
3306 2605 3635 2684 conjuncta
3673 2608 3736 2662 est

2223 2717 2365 2762 cum
2395 2701 2700 2781 dignitate
2729 2701 2946 2763 matris
2969 2701 3099 2776 Dei,
3143 2712 3270 2780 qua
3295 2701 3482 2761 nulla
3503 2699 3680 2776 major
3695 2699 3738 2756 et

2223 2793 2630 2856 excellentior
2649 2795 2896 2857 videtur
2934 2793 3485 2858 communicabilis
3509 2807 3734 2873 persona

2223 2893 2468 2950 creatae.
2523 2887 2702 2951 Unde
2781 2888 3024 2950 ratione
3087 2887 3255 2950 illius
3313 2883 3734 2967 quodammodo

2225 2982 2768 3044 communicantur
2787 2979 3172 3044 Beatissimae
3201 2981 3450 3061 Virgini
3483 2977 3656 3040 divini
3679 2976 3732 3036 ti·

2223 3075 2360 3151 tuli,
2391 3082 2462 3137 ut
2493 3077 2732 3156 Regina
2763 3075 2906 3138 coeli
2931 3079 2996 3137 et
3015 3081 3221 3150 terrae,
3253 3081 3324 3137 et
3366 3074 3612 3136 domina
3635 3085 3732 3131 om·

2221 3169 2398 3231 nium
2427 3170 2704 3248 dicatur3
2749 3176 2812 3231 et
2839 3169 3247 3230 nibilominus
3275 3173 3412 3231 tota
3453 3167 3554 3228 ilia
3598 3181 3728 3226 com-

2219 3263 2562 3325 municatio
2595 3279 2723 3324 non
2781 3263 3052 3325 excludit
3071 3279 3290 3324 veram
3321 3259 3728 3324 denominatio·

2217 3373 2386 3432 nem,
2422 3370 2482 3419 et
2509 3356 2878 3419 relationem
2903 3356 3214 3418 servitutis
3254 3356 3340 3417 ad
3365 3357 3586 3426 Deum3
3611 3367 3723 3428 ergo

2219 3451 2391 3511 nulla
2409 3449 2896 3512 communicatio
2913 3449 3269 3512 divinorum
3285 3449 3370 3510 bo
3379 3457 3608 3520 norum,
3621 3461 3726 3524 poa·

2219 3543 2415 3605 sibilis
2452 3543 2589 3606 fieri
2634 3561 2920 3624 personae
2941 3545 3191 3620 creatoe,
3225 3542 3502 3605 excludit
3525 3541 3601 3602 ab
3645 3536 3722 3597 illa

2218 3639 2534 3720 propriam
2559 3637 2930 3700 relationem
2951 3645 3014 3700 et
3037 3637 3604 3699 denominationem
3627 3649 3724 3692 ser-

2217 3731 2277 3794 vi
2308 3733 2438 3793 Dei.
2479 3733 2628 3806 Quae
2667 3745 2816 3812 ergo
2857 3729 3350 3793 communicatio
3381 3729 3544 3790 illam
3569 3727 3722 3802 impe·

2217 3823 2356 3887 dit?
2399 3825 2730 3904 Reliquum
2761 3825 2976 3903 itaque
3005 3824 3145 3898 erit,
3187 3823 3393 3884 solam
3431 3815 3720 3884 communi·

2218 3918 2528 3980 cationem
2553 3917 2960 3998 hypostaticae
2971 3917 3224 3979 unionis
3247 3917 3421 3979 illam
3435 3911 3715 3995 impedirei

2217 4009 2409 4089 quod,
2439 4027 2582 4072 cum
2609 4029 2737 4073 non
2765 4012 2843 4074 sit
2877 4012 2945 4072 in
2997 4010 3208 4091 aliqua
3239 4008 3552 4073 communi
3575 4009 3628 4066 et
3643 4017 3719 4062 re·
3812 4085 3813 4096 ἶ

2217 4112 2398 4185 cepta
2429 4105 2672 4167 ratione
2719 4105 3034 4169 servitutis
3069 4103 3430 4180 fundatum,
3455 4102 3630 4163 solum
3653 4095 3716 4154 vi·

2216 4197 2402 4260 detur
2447 4199 2776 4262 inventum
2818 4197 2897 4260 ad
2953 4199 3120 4259 hanc
3181 4199 3574 4276 quaestionem
3603 4187 3716 4252 defi·
3812 4205 3813 4216 *

2217 4292 2538 4369 niendam,
2573 4299 2637 4354 et
2663 4299 2983 4373 receptam
3011 4311 3048 4354 a
3079 4291 3366 4355 Patribus
3391 4285 3712 4353 locationem

2215 4385 2594 4465 negandam.

2295 4481 2394 4542 33.
2444 4481 2645 4554 Unde,
2675 4485 2742 4543 ut
2770 4479 3046 4560 aliquam
3097 4485 3334 4544 certam
3381 4473 3632 4557 regulam
3665 4471 3710 4527 ei

2215 4573 2574 4652 generalem
2603 4573 2670 4634 in
2693 4575 2813 4635 hoc
2843 4579 3114 4637 statuere
3146 4573 3475 4654 possimus,
3499 4567 3590 4628 illa
3607 4561 3704 4624 sola

2213 4667 2700 4729 communicatio
2733 4669 2797 4728 in
2844 4665 3031 4730 bonis
3063 4667 3372 4748 impedire
3399 4661 3617 4726 videtur
3633 4671 3706 4714 ra-

2211 4761 2448 4823 tionem
2475 4759 2804 4836 servituti&
2830 4777 2969 4841 quae
3000 4761 3326 4823 constituit
3347 4753 3700 4838 aequalitatem

2213 4855 2376 4916 inter
2423 4873 2534 4915 eos
2577 4854 2685 4932 qui
2735 4854 2802 4914 in
2853 4853 3036 4916 honis
3082 4837 3698 4921 communicant,quia
3812 4895 3813 4920 ᾗ

2211 4963 2453 5022 servae,
2477 4947 2596 5007 hoc
2621 4947 2756 5026 ipso
2777 4948 2948 5024 quod
2971 4964 3190 5009 servus
3211 4953 3328 5020 eet,
3347 4941 3579 5006 interior
3593 4945 3696 4995 esse
3812 4981 3813 4988 ι

2213 5039 2433 5113 debet;
2463 5045 2650 5118 atque
2685 5039 2804 5102 hoc
2828 5041 3018 5103 modo
3046 5047 3214 5103 recte
3231 5041 3514 5119 colligunt
3537 5022 3696 5092 sancti

2215 5131 2448 5207 Patres,
2488 5133 2758 5194 Verbum
2790 5135 3070 5196 divinum
3105 5151 3234 5196 non
3264 5149 3440 5214 posse
3461 5139 3579 5188 esse
3599 5133 3694 5178 ser·

2209 5242 2360 5287 vum
2377 5227 2597 5302 Patris,
2623 5227 2772 5304 quia
2788 5233 2883 5288 est
2899 5227 2990 5289 ini
3013 5227 3280 5307 aequale.
3300 5223 3620 5288 atton-tasse
3633 5205 3694 5266 01³
3812 5227 3813 5302 j

2209 5335 2352 5382 eam
2379 5337 2626 5383 causam
2657 5322 2924 5383 servitus
2953 5321 3231 5382 humana
3265 5335 3382 5401 per
3403 5307 3688 5392 adoptivam
3812 5309 3813 5352 ³

2207 5413 2576 5477 filiationem
2611 5413 2866 5488 tollitur,
2911 5433 3056 5476 cum
3083 5421 3296 5476 tamen
3337 5429 3454 5476 non
3492 5401 3690 5468 tollatur
3812 5461 3813 5500 1

2207 5507 2441 5586 diviua,
2465 5509 2634 5588 quia,
2667 5525 2813 5571 cum
2845 5508 3008 5572 inter
3027 5508 3316 5576 homines
3341 5508 3410 5572 sit
3435 5491 3686 5581 &qualitas
