3892 6167
483 298 563 359 88

484 415 562 471 tae
596 407 831 488 proprii
858 411 921 470 et
948 407 1415 487 connaturales,
1448 408 1578 471 sive
1607 406 1729 471 sint
1756 413 1931 471 actus
1954 408 2050 495 in-

487 502 799 577 teneatue,
833 506 896 565 et
936 502 1301 578 voluntatis,
1330 504 1460 565 sive
1505 506 1682 566 actus
1720 520 2046 576 sensuum,

495 596 630 657 sive
661 602 839 657 actus
864 596 973 675 qui
1001 596 1085 658 ad
1114 614 1341 677 corpus
1367 602 1717 671 transeunt,
1746 604 1817 660 ut
1848 598 2014 660 nutri
2033 632 2054 643 -

494 688 585 752 tio
634 696 695 752 et
724 692 929 751 motus
956 690 1192 766 localiS,
1224 696 1369 764 etc.,
1396 690 1475 753 de
1506 692 1733 771 quihus
1766 690 1869 754 hic
1898 708 2056 772 prae-

500 784 683 864 cipue
734 785 961 865 agitur.
995 784 1073 845 Et
1116 784 1197 846 de
1232 785 1522 848 omnibus
1570 791 1668 848 est
1706 804 1809 849 res
1858 791 2052 859 certa,

499 876 749 956 quia(ut
778 895 941 957 saepe
970 877 1207 940 dictum
1234 881 1343 957 est)
1371 877 1651 942 Christus
1687 879 1912 942 habuit
1936 880 2056 940 hu-

496 988 753 1031 manam
785 977 1077 1032 naturam
1103 970 1414 1052 integram
1440 979 1502 1036 et
1522 974 1867 1053 perfectam
1902 990 2054 1053 quo-

496 1064 578 1125 ad
610 1082 827 1125 omnes
847 1064 1166 1126 naturales
1183 1064 1536 1140 facultates,
1568 1073 1631 1129 et
1660 1084 2054 1145 consequen·

493 1162 595 1219 ter
620 1158 831 1235 quoad
860 1157 1135 1221 actiones
1168 1166 1231 1222 ct
1264 1160 1523 1222 effectus
1547 1178 1786 1223 earum.
1821 1160 2053 1223 Secun-

498 1252 605 1326 do,
661 1252 975 1331 pertinere
1008 1260 1268 1333 possunt
1310 1254 1393 1315 ad
1438 1254 1608 1316 hunc
1652 1254 1962 1329 ordinem,
1993 1259 2054 1315 et

498 1346 619 1406 sub
652 1346 769 1407 hac
798 1346 1203 1409 conclusione
1246 1347 1696 1429 comprehendi
1732 1350 1909 1409 actus
1951 1364 2053 1407 su-

498 1440 931 1517 pernaturales
966 1439 1323 1503 intellectus
1359 1448 1422 1503 et
1460 1440 1796 1504 voluntatis
1823 1439 2053 1501 animae

499 1531 755 1605 Christi;
804 1538 1122 1595 ostensum
1166 1534 1337 1595 enim
1376 1534 1442 1595 in
1483 1533 1910 1615 superioribus
1961 1539 2057 1594 est

494 1628 673 1687 actus
693 1626 965 1688 scientiae
991 1633 1054 1689 et
1082 1627 1295 1705 gratiae
1323 1626 1519 1690 fuisse
1544 1629 1611 1689 in
1640 1626 1850 1689 anima
1888 1626 2057 1687 Chri·

496 1718 574 1779 sti
598 1716 933 1797 perfectoS,
966 1726 1027 1781 et
1054 1720 1244 1782 modo
1272 1720 1551 1801 perfecto
1578 1727 1640 1784 et
1664 1718 2054 1783 connaturali

496 1809 735 1872 elicitos
777 1830 893 1891 per
920 1813 1231 1875 internam
1268 1819 1330 1876 et
1358 1815 1896 1895 proportionatam
1929 1812 2056 1873 vir-

493 1908 732 1977 tutem;
772 1906 887 1967 hoc
950 1912 1162 1968 autem
1216 1926 1402 1969 sensu
1454 1908 1720 1970 dicimus
1776 1905 2054 1969 animam

496 1996 718 2058 Christi
745 1998 1040 2059 habuisse
1070 2000 1367 2063 virtutem
1404 2001 1712 2063 efficiendi
1732 2000 1849 2061 hos
1878 2004 2054 2060 actus

496 2104 613 2167 per
636 2090 897 2151 modum
930 2093 1172 2171 agentis
1199 2094 1582 2174 principalis,
1610 2094 1853 2155 ratione
1880 2090 2055 2153 habi-

490 2188 673 2243 tuum
730 2183 943 2261 gratiae
990 2190 1052 2246 et
1088 2186 1383 2259 scientim,
1416 2204 1454 2247 a
1492 2186 1721 2267 quibus
1760 2185 1829 2245 hi
1876 2190 2054 2247 actus

492 2274 872 2352 efficiuntur,
906 2294 1272 2357 quanquam
1330 2280 1542 2341 anima
1587 2298 1703 2360 per
1740 2296 1807 2340 se
1850 2278 2053 2357 ipsam

492 2374 555 2429 et
600 2387 745 2429 suas
798 2371 1115 2449 potentias
1166 2391 1294 2434 non
1344 2374 1580 2435 habeat
1620 2372 1935 2454 propriam
1993 2377 2058 2435 et

496 2464 966 2525 connaturalem
987 2465 1111 2525 vim
1134 2466 1215 2527 ad
1243 2467 1383 2527 illos
1408 2466 1793 2529 efficiendos.
1816 2464 2054 2541 Tertio,

490 2556 668 2633 ponit
730 2556 800 2617 D.
842 2557 1117 2619 Thomas
1158 2558 1223 2619 in
1256 2559 1379 2622 hoc
1428 2559 1645 2621 ordine
1682 2563 2058 2639 potestatem

492 2648 889 2711 illuminandi
944 2651 1285 2714 rationales
1328 2658 1669 2725 creaturae,
1722 2649 1871 2729 quia
1918 2649 2058 2711 haec

492 2746 775 2817 potestas
830 2741 973 2803 licet
1017 2743 1259 2805 ratione
1299 2745 1553 2806 unionis
1600 2744 1747 2806 data
1792 2742 1895 2818 sit,
1924 2758 2058 2803 non

490 2838 705 2894 tamen
750 2840 845 2895 est
890 2834 1184 2899 distincta
1212 2856 1245 2899 a
1283 2838 1678 2918 plenitudine
1725 2837 1964 2919 gratiae,
1997 2840 2060 2897 et

492 2928 791 3001 scientiae,
817 2948 957 3010 quae
986 2930 1067 2993 de
1106 2950 1175 2993 se
1204 2938 1298 2995 est
1337 2932 1653 2995 sufficiens
1681 2931 2060 3013 principium

493 3022 687 3101 hujus
717 3022 996 3086 effectus·
1034 3026 1179 3088 Haec
1233 3025 1402 3087 enim
1454 3026 1823 3089 illuminatio
1854 3028 1958 3103 (ut
1983 3042 2062 3085 ex

496 3114 781 3177 doctrina
806 3115 887 3178 de
915 3118 1167 3197 Angelis
1194 3118 1395 3199 sumo)
1422 3120 1626 3181 solum
1658 3118 1729 3181 fit
1750 3136 1867 3199 per
1884 3117 2062 3197 spiri-

497 3208 737 3270 tualem
767 3210 1107 3287 quamdam
1155 3212 1565 3285 locutionem,
1594 3230 1711 3293 per
1750 3228 1941 3291 quam
1985 3210 2056 3284 is,

500 3302 609 3379 qui
650 3302 906 3364 scientia
954 3305 1393 3384 superior‚est,
1430 3304 1793 3367 inferiorem
1828 3304 2051 3366 docet:

498 3394 633 3455 haec
660 3402 872 3457 autem
902 3396 1239 3476 spiritualis
1282 3398 1513 3460 locutio
1545 3398 1683 3461 fieri
1730 3403 1937 3479 potest
1975 3396 2057 3459 ab

496 3489 708 3551 anima
746 3489 967 3552 Christi
1004 3492 1086 3554 ad
1114 3510 1262 3555 eum
1289 3492 1571 3571 modum,
1606 3510 1732 3573 quo
1757 3498 1935 3555 actus
1961 3492 2058 3553 in-

498 3582 784 3645 tellectus
812 3588 874 3646 et
901 3586 1239 3648 voluntatis
1269 3586 1646 3660 efficiuntur:
1671 3586 1743 3648 stt
1756 3586 1924 3648 enim
1952 3585 2057 3647 illa

498 3676 729 3739 locutio
769 3694 883 3758 per
918 3680 1309 3755 voluntatem
1328 3728 1348 3758 ,
1402 3698 1528 3761 qua
1569 3680 1807 3761 proprii
1852 3687 2054 3757 actus.

500 3768 596 3831 vel
629 3778 969 3852 conceptus
994 3774 1073 3836 ad
1102 3773 1299 3836 alium
1326 3774 1732 3847 ordinantur3
1758 3778 1820 3835 et
1838 3790 2060 3852 quam·

500 3862 597 3925 vis
622 3863 701 3926 sit
718 3864 951 3928 locutio
970 3868 1356 3944 illuminans,
1377 3885 1507 3931 non
1535 3875 1747 3930 tamen
1776 3884 1893 3947 per
1912 3886 2057 3930 eam

496 3959 854 4022 necessario
878 3960 945 4024 fit
974 3962 1305 4042 productio
1326 3961 1593 4042 alicujus
1618 3960 2057 4025 intellectualis

496 4050 757 4113 luminis
782 4052 847 4112 in
868 4070 967 4127 eo,
996 4055 1103 4134 qui
1131 4055 1548 4131 illuminatur,
1576 4054 1692 4116 sed
1714 4050 1764 4115 sl
1789 4049 2056 4118 fortasse

494 4142 569 4205 fit
590 4144 921 4222 productio
947 4146 1301 4226 aliquarum
1326 4148 1681 4229 specierum
1700 4147 2055 4228 intelligibi-

492 4236 675 4310 lium,
698 4238 829 4299 hoec
848 4240 986 4301 fieri
1011 4242 1215 4320 potuit
1240 4240 1323 4303 ab
1352 4241 1563 4304 anima
1582 4240 1807 4304 Christi
1830 4242 2057 4305 illumi-

493 4338 689 4393 nante
720 4331 874 4393 alios
912 4352 1027 4414 per
1054 4335 1342 4416 proprios
1364 4342 1539 4398 actus
1568 4342 2058 4417 suoS,tanquam

497 4440 614 4504 per
640 4424 891 4503 objecta
920 4430 1065 4489 actu
1094 4428 1531 4510 intelligibilia,
1556 4448 1696 4509 quoe
1736 4430 2056 4512 propriam

496 4516 595 4578 sui
616 4519 889 4597 speciem
914 4524 1181 4599 possunt
1200 4522 1376 4585 alteri
1396 4524 1883 4587 communicare.
1898 4523 2057 4597 Quid

496 4610 549 4671 si
584 4610 900 4673 interdum
948 4614 1161 4675 anima
1209 4615 1429 4679 Christi
1474 4616 1562 4679 ita
1607 4616 1917 4679 illuminat
1944 4634 2059 4680 an·

494 4704 692 4784 gelos,
716 4709 785 4766 ut
810 4706 1029 4769 lumen
1058 4707 1313 4787 aliquod
1353 4708 1478 4771 illis
1500 4708 1811 4786 infundat,
1840 4709 1905 4771 id
1926 4728 2058 4773 non

493 4797 665 4873 facit,
690 4798 810 4860 nisi
836 4807 905 4862 ut
932 4801 1421 4864 instrumentum
1450 4804 1583 4878 Dei,
1612 4803 1771 4866 sicut
1808 4804 1889 4865 de
1920 4802 2058 4866 aliis

489 4894 1075 4971 supernaturalibus
1107 4896 1435 4959 effectibus
1462 4897 1675 4959 statim
1702 4897 2010 4961 dicemus.

574 4988 635 5047 3.
678 4986 964 5052 Potestas
1010 4989 1276 5067 faciendi
1330 4990 1635 5055 miracula
1690 4991 1761 5055 in
1808 4992 2054 5057 Christo

491 5076 715 5158 qualis.
732 5081 1114 5144 —Secunda
1138 5084 1401 5146 assertio
1420 5084 1491 5147 D.
1512 5084 1769 5147 Thomae
1798 5091 1915 5159 est,
1942 5086 2055 5148 ha-

487 5169 703 5233 huisse
728 5174 1001 5235 animam
1028 5176 1278 5253 Christi,
1298 5183 1369 5239 nt
1392 5177 1879 5242 instrumentum
1900 5181 2052 5242 Ver-

484 5262 574 5340 bi,
604 5264 893 5329 virtutem
926 5268 1009 5331 ad
1036 5287 1260 5333 omnes
1287 5272 1757 5335 immutationes
1780 5274 2052 5335 miracu·

482 5356 649 5421 losas
664 5366 814 5442 ‘quae
832 5361 910 5424 ad
934 5362 1129 5426 finem
1146 5364 1594 5428 incarnationis
1608 5366 1883 5429 ordinari
1903 5384 2052 5447 pos-

486 5456 655 5531 sunt,
686 5459 914 5534 praeter
933 5474 1074 5520 eam
1102 5474 1227 5537 qua
1246 5465 1551 5527 creaturae
1578 5458 1642 5523 in
1664 5459 1928 5524 nihilum
1953 5477 2052 5524 re·

1280 6140 1936 6157 .--—-—.-—-————
2007 6138 2236 6151 ————*

1730 302 1965 366 QUAEST.
2001 302 2128 357 xm.
2163 302 2364 359 Alme.
2401 304 2464 357 ll.

2131 404 2260 487 digi
2301 411 2588 486 possunt.
2633 404 3116 469 conclusionem
3170 424 3302 471 non
3343 408 3578 490 probat
3629 411 3698 471 D.

2132 499 2425 576 Thomas,
2458 500 2572 563 sed
2601 506 2674 563 ut
2697 507 2914 563 notam
2953 501 3252 583 relinquit
3281 522 3358 567 ex
3407 505 3552 585 ipso
3581 503 3704 567 fine

2135 592 2606 669 incarnationis,
2629 594 3070 675 supponendo,
3095 602 3166 658 ut
3188 597 3344 661 alias
3365 598 3704 679 probatum

2140 692 2256 761 est,
2289 688 2356 749 in
2377 692 2438 750 2.
2487 691 2550 763 2,
2591 688 2752 751 hanc
2782 694 3158 767 potestatem
3203 691 3482 757 faciendi
3525 692 3704 753 mira-

2135 778 2281 841 cula
2307 798 2446 843 esse
2477 782 3070 847 communicabilem
3095 791 3428 847 creaturae.
3467 786 3704 863 Excep-

2135 872 2372 935 tionem
2399 892 2550 937 vero
2578 874 2804 953 probat
2829 876 2900 937 D.
2929 878 3222 952 Thomas,
3261 878 3418 958 quia
3453 878 3702 940 annihi-

2133 964 2282 1027 latio
2309 966 2648 1045 respondet
2673 967 3000 1046 creationi,
3033 969 3203 1033 unde
3228 970 3396 1033 sicut
3419 975 3700 1050 potestas

2133 1058 2392 1121 creandi
2403 1066 2718 1140 repugnat
2735 1067 3058 1137 creaturas,
3087 1062 3176 1125 ita
3190 1068 3256 1126 et
3277 1062 3696 1125 annihilandi.

2131 1151 2220 1213 Ex
2249 1152 2347 1215 his
2373 1170 2526 1232 ergo
2553 1154 2865 1217 concludit
2891 1157 2964 1219 D.
2996 1157 3270 1219 Thomas
3307 1156 3572 1219 tertiam
3607 1176 3702 1219 as·

2133 1244 2474 1307 sertionem
2515 1246 2802 1311 absolute
2843 1256 3185 1327 negantem
3215 1296 3234 1326 ,
3263 1249 3530 1325 scilicet,
3580 1268 3700 1311 non

2134 1337 2370 1401 habere
2397 1338 2704 1403 Christum
2725 1343 3242 1423 omnipotentiam
3271 1344 3442 1407 circa
3468 1344 3702 1405 immu-

2135 1433 2438 1495 tationem
2465 1442 2898 1499 creaturarum
2919 1482 2936 1511 ,
2971 1454 3166 1517 quam
3217 1456 3298 1501 ex
3347 1438 3702 1501 assertione

2137 1526 2409 1589 secunda
2426 1528 2754 1607 probatam
2783 1532 3102 1610 relinquit.

2219 1622 2378 1682 4.1n
2409 1620 2720 1683 solutione
2747 1622 2830 1685 ad
2857 1623 3156 1703 primum,
3187 1629 3414 1687 tractat
3441 1625 3520 1685 D.
3547 1623 3701 1683 Tho-

2137 1730 2274 1775 mas
2297 1715 2506 1777 locum
2535 1714 2712 1777 illum
2739 1716 3014 1780 Matthaei
3044 1718 3158 1779 ult.
3187 1736 3203 1781 :
3240 1718 3410 1781 Data
3433 1723 3533 1781 est
3557 1717 3702 1781 nubi

2135 1810 2332 1871 omnis
2350 1814 2620 1888 potestas
2641 1811 2710 1873 in
2735 1810 2877 1875 coelo
2903 1817 2960 1875 et
3001 1812 3067 1873 in
3094 1818 3281 1875 terra.
3323 1810 3400 1873 Et
3443 1810 3701 1889 exponit

2135 1902 2268 1963 haec
2295 1903 2486 1965 verba
2518 1904 2920 1983 intelligenda
2968 1922 3108 1967 esse
3135 1904 3214 1967 de
3239 1904 3700 1985 omnipotentia

2135 1995 2518 2075 simpliciter,
2549 2014 2692 2076 quoe
2717 1998 3179 2061 communicata
3202 1998 3432 2061 dicitur
3457 1998 3700 2059 homini

2133 2089 2376 2151 Christo
2395 2108 2512 2169 per
2539 2090 3173 2155 communicationem
3195 2092 3604 2164 idiomatum,
3629 2093 3702 2152 si-

2135 2189 2242 2245 cut
2267 2184 2534 2245 articulo
2585 2184 2968 2263 praecedenti
3009 2192 3392 2265 exposuerat
3433 2186 3704 2247 Ambro-

2137 2277 2323 2351 sium,
2355 2277 2504 2339 Luc.
2539 2278 2600 2353 1,
2633 2277 2972 2353 dicentem,
3004 2278 3324 2357 accepisse
3371 2277 3705 2339 hominem

2135 2370 2203 2431 in
2244 2374 2528 2449 tempore
2575 2370 3097 2449 omnipotentiam
3135 2388 3328 2450 quam
3357 2370 3560 2433 Filius
3602 2371 3704 2433 Dei

2127 2462 2329 2525 habet
2347 2464 2428 2525 ah
2446 2468 2706 2537 oeterno;
2739 2463 2912 2525 unde
2933 2470 3396 2545 consequenter
3411 2466 3508 2527 ait
3537 2464 3700 2527 illam

2137 2561 2512 2635 potestatem
2545 2556 2756 2619 datam
2807 2574 2949 2619 esse
2985 2576 3026 2621 a
3053 2557 3384 2638 principio,
3431 2564 3584 2638 post
3611 2576 3702 2621 re-

2139 2650 2594 2711 surrectionem
2611 2667 2761 2711 vere
2777 2650 2898 2713 dici
2917 2649 3128 2713 datam
3165 2668 3302 2713 esse
3327 2652 3550 2730 quoad
3573 2669 3700 2719 ma-

2137 2742 2622 2805 nifestationem.
2655 2744 2856 2818 Quam
2883 2743 3338 2823 expositionem
3379 2744 3698 2809 iudicasse

2137 2836 2384 2899 videtur
2409 2837 2670 2913 'Pertul..,
2701 2836 2808 2901 lib.
2861 2844 3074 2903 contra
3109 2836 3450 2914 Pramum,
3497 2856 3560 2900 c.
3603 2840 3696 2913 16,

2142 2928 2255 2991 ubi
2301 2929 2450 2991 dicit
2475 2929 2788 2993 Christum
2817 2929 2898 2991 ab
2925 2929 3127 3007 initio,
3173 2948 3285 2993 seu
3323 2930 3408 2991 ah
3439 2938 3698 3005 eterno,

2145 3020 2462 3101 accepisse
2510 3029 2880 3101 potestatem
2913 3040 3170 3085 omnem
3204 3024 3271 3085 in
3319 3024 3482 3087 coelo
3531 3029 3600 3085 et
3641 3024 3700 3083 in

2141 3118 2310 3179 terra
2320 3132 2342 3193 3
2375 3120 2440 3177 et
2468 3116 2810 3197 Gregorius
2837 3118 3016 3197 Nys„
3053 3123 3210 3180 orat.
3253 3121 3315 3192 2,
3347 3116 3430 3179 de
3467 3120 3698 3179 Resur-

2141 3216 2322 3281 rect.,
2361 3210 2524 3271 circa
2549 3209 2786 3275 finem:
2837 3211 2984 3286 Qua
3017 3210 3389 3275 naturaliter
3435 3210 3696 3291 (inquit)

2139 3303 2384 3367 habebat
2423 3308 2710 3385 tanquam
2737 3306 2902 3369 Dm
2925 3350 2943 3379 ‚
2993 3305 3121 3369 Itoeo
3161 3304 3390 3369 dieitur
3427 3306 3700 3383 accipere

2139 3401 2428 3477 tanquam
2481 3398 2672 3461 homo.
2717 3398 2904 3460 Juxta
2955 3415 3146 3475 quam
3196 3397 3654 3477 expositionem
3677 3442 3692 3468 ,

2139 3490 2382 3553 etiamsi
2399 3491 2676 3553 Christus
2699 3491 2764 3551 in
2787 3491 3178 3555 humanitate
3199 3491 3438 3553 nullam
3455 3490 3700 3570 specia-

2137 3582 2266 3645 lem
2288 3590 2662 3663 potestatem
2677 3585 3019 3665 accepisset
3033 3602 3146 3663 per
3173 3584 3380 3664 ipsam
3401 3583 3697 3647 humani·

2138 3682 2336 3739 tatem
2365 3676 2806 3752 exercendam,
2831 3685 3046 3757 posset
3075 3676 3283 3741 dicere
3315 3677 3438 3741 sibi
3479 3678 3693 3741 datam

2135 3788 2274 3834 esse
2303 3789 2558 3834 omnem
2586 3778 2960 3851 potestatem
2989 3773 3054 3833 in
3085 3772 3249 3833 coelo
3275 3778 3340 3833 et
3381 3772 3450 3833 in
3477 3778 3693 3849 terra3

2135 3863 2294 3926 sicut
2321 3862 2548 3927 dicitur
2577 3864 2882 3939 Christus,
2923 3882 3038 3927 seu
3075 3864 3178 3927 hic
3203 3864 3422 3939 homo,
3463 3864 3698 3945 simpli·

2137 3958 2298 4019 citer
2339 3959 2762 4037 omnipotens,
2799 3958 3037 4023 etiamsi
3067 3958 3524 4038 omnipotentia
3559 3960 3698 4021 sim·

2137 4050 2382 4130 pliciter
2395 4050 2770 4114 humanitati
2785 4053 3246 4117 communicata
3271 4070 3396 4115 non
3421 4053 3526 4115 sit.
3551 4053 3698 4115 Pro-

2136 4149 2278 4224 pter
2311 4145 2481 4223 quod
2519 4162 2652 4207 non
2705 4146 2952 4209 videtur
3005 4146 3162 4209 mihi
3207 4146 3344 4209 haec
3390 4144 3694 4225 expositio

2138 4237 2334 4298 textui
2353 4244 2808 4312 consentanea;
2825 4238 3104 4319 loquitur
3129 4240 3300 4303 enim
3323 4238 3606 4301 Christus
3617 4237 3694 4298 de

2139 4329 2444 4411 singulari
2469 4330 2744 4410 quadam
2759 4337 2823 4394 et
2847 4350 3144 4413 suprema
3157 4337 3468 4412 potestate
3489 4330 3612 4393 sibi
3630 4336 3696 4391 ut

2138 4426 2402 4505 homini,
2419 4446 2532 4491 seu
2548 4428 2922 4491 humanitati
2943 4445 3074 4491 suae
3095 4428 3348 4504 tributa,
3379 4429 3470 4491 ita
3492 4434 3564 4489 nt
3587 4444 3698 4507 per

2140 4522 2341 4603 ipsam
2381 4529 2548 4585 esset
2583 4522 2958 4598 exercenda,
3003 4522 3246 4585 ratione
3279 4523 3464 4602 cujus
3493 4522 3697 4585 mitte-

2137 4614 2248 4677 bat
2263 4615 2592 4694 Apostolos
2625 4614 2706 4677 ad
2728 4616 3214 4696 praedicandum'
3229 4615 3530 4679 omnibus
3547 4633 3701 4696 gen·

2137 4708 2303 4771 tibus
2318 4726 2340 4787 ;
2368 4726 2498 4771 non
2527 4714 2624 4771 est
2649 4726 2802 4789 ergo
2831 4707 2918 4770 ibi
2945 4726 3154 4785 sermo
3180 4709 3260 4771 de
3291 4708 3696 4789 omnipoten-

2137 4801 2224 4863 tia
2253 4801 2640 4881 simpliciter,
2673 4802 2786 4865 sed
2813 4803 2892 4865 de
2928 4802 3258 4865 excellenti
3283 4802 3566 4882 quadam
3595 4821 3698 4883 po·

2133 4899 2356 4959 testate
2387 4895 2893 4958 communicabili
2919 4902 3256 4970 creaturan
3305 4902 3370 4959 et
3398 4895 3486 4957 ita
3513 4896 3698 4960 intel-

2132 4988 2340 5069 ligunt
2365 4990 2575 5052 locum
2623 4990 2796 5052 illum
2839 4992 3224 5071 expositores
3251 4990 3694 5063 communiter,

2135 5083 2489 5162 Anselmus,
2512 5084 2892 5165 Theopbyl„
2908 5085 3234 5166 Euthym„
3255 5090 3318 5145 et
3333 5085 3404 5145 D.
3423 5084 3696 5145 Thomas

2133 5176 2200 5239 in
2239 5188 2486 5255 catena,
2537 5177 2646 5239 ubi
2696 5180 2886 5242 refert
2915 5179 3288 5271 Remigium,
3338 5177 3694 5255 Rabanum,

2133 5279 2196 5334 et
2221 5272 2544 5335 Severum.
2575 5271 2816 5335 Iudicat
2843 5273 3033 5335 etiam
3057 5274 3234 5351 Cyp„
3265 5270 3372 5333 lib.
3408 5272 3450 5333 Ξ
3479 5278 3693 5333 contra

2129 5364 2410 5443 Judaeos,
2456 5385 2509 5429 c.
2547 5367 2662 5440 26;
2702 5374 2766 5431 et
2803 5366 3059 5441 Athan.,
3092 5365 3376 5428 oratione
3418 5364 3692 5447 quadam

2133 5466 2348 5523 contra
2375 5460 2658 5535 Arianos,
2691 5461 2756 5521 in
2783 5458 2905 5521 hoc
2929 5460 3162 5525 dictum
3193 5504 3210 5536 ,
3241 5458 3352 5524 Ee
3373 5459 3504 5524 Deo
3529 5460 3687 5523 Dm

3278 6122 3696 6139 Ἢὴ-’ῃ

2253 6138 2390 6151 ..--
2423 6138 2571 6145 —..-—-
2611 6130 3276 6149 ——n—————··——
