3892 6167
1338 294 1658 353 Disru‘ra'r.
1692 297 1859 352 xcix,
1893 298 2067 353 SEGT.
2102 301 2141 354 1.

111 404 177 466 in
202 396 424 464 multis
447 394 796 474 fratribus,
823 395 894 458 ut
915 390 1142 456 dicitur
1169 393 1252 457 ad
1273 395 1454 456 Rom.
1485 399 1547 472 8,
1575 413 1690 460 seu

105 491 598 574 primoqenitum
629 488 820 550 omnis
849 492 1146 552 oreaturae
1166 530 1188 562 ‚
1239 493 1308 550 ut
1357 485 1584 552 dicitur
1609 487 1693 552 ad

113 586 343 654 Coloss-
379 587 448 662 1,
471 589 546 647 et
565 582 902 664 exponitur
921 579 990 642 in
1012 579 1282 642 Concilio
1313 581 1690 660 sardicensi,

115 681 176 742 in
207 679 392 760 epist.
429 676 522 738 ad
555 693 783 740 omnes
825 673 1088 750 fideles;
1119 679 1183 736 et
1219 673 1602 755 Hieronymo
1631 681 1696 739 et

119 771 416 838 anselmo
447 769 572 848 ibi3
599 775 664 832 ει
683 769 914 850 optime
935 787 974 829 a
993 767 1181 850 Cyril.
1214 767 1548 840 Alexand„
1577 769 1690 832 lib.

115 869 192 930 de
218 867 372 932 Fide
395 864 490 928 ad
520 862 986 940 Theodosium,
1018 867 1082 924 et
1113 861 1220 926 lib.
1251 865 1282 928 1
1324 861 1404 926 de
1433 863 1583 926 Fide
1613 863 1694 928 ad

117 961 358 1042 Regin„
395 957 468 1022 in
498 958 870 1020 ostensione
899 953 1069 1038 quod
1086 954 1366 1020 Christus
1397 955 1474 1019 sit
1498 959 1692 1035 Deus,

120 1073 194 1120 ex
219 1051 424 1134 Epist.
459 1050 554 1114 ad
585 1050 902 1121 Hebraeos.
938 1047 1056 1110 Ubi
1093 1049 1172 1112 de
1202 1049 1442 1114 Christo
1478 1056 1550 1114 ut
1576 1049 1696 1113 ho-

119 1149 282 1214 mine
328 1143 749 1228 interpretari
781 1143 1025 1206 videtur
1065 1143 1221 1206 illud
1260 1144 1344 1206 ad
1387 1143 1576 1208 Hebr.
1613 1147 1644 1208 1
1677 1165 1692 1206 ε

119 1243 386 1306 Locutus
411 1244 508 1304 est
533 1238 710 1302 nobis
732 1239 800 1302 in
815 1235 1009 1314 Filio,
1033 1254 1204 1318 quem
1231 1238 1544 1302 constituit
1575 1238 1692 1301 koe-

121 1333 306 1398 reden:
333 1331 798 1396 universorum.
818 1331 950 1392 Hoc
982 1330 1152 1392 enim
1174 1329 1424 1410 proprie
1449 1330 1511 1392 in
1531 1328 1702 1392 Chri·

123 1432 282 1492 stum
311 1429 386 1486 ut
401 1424 748 1494 hominem
777 1421 1114 1486 convenire
1147 1423 1420 1500 videtur,
1456 1423 1604 1506 quia
1632 1429 1703 1487 ut

124 1521 286 1582 Deus
316 1535 458 1582 non
487 1516 895 1583 constituitur
923 1517 1158 1595 haere5‚
1187 1515 1302 1580 sed
1327 1523 1554 1580 natura
1585 1536 1702 1582 sua

125 1619 214 1676 est
253 1609 576 1677 Dominus
626 1609 910 1690 omnium
953 1607 1140 1672 simul
1188 1627 1334 1672 cum
1375 1611 1580 1674 Patre.
1625 1609 1702 1674 Et

125 1704 490 1784 hinctertio
539 1703 853 1769 formatur
879 1701 1076 1780 ratio,
1111 1703 1258 1784 quia
1286 1701 1600 1781 Christus,
1636 1703 1702 1767 in

132 1805 436 1880 quantum
481 1797 711 1875 homo,
748 1815 862 1860 seu
888 1795 958 1860 in
1006 1795 1397 1860 humanitate
1425 1815 1563 1875 sua,
1607 1803 1705 1860 εει

128 1895 444 1974 particeps
461 1891 702 1956 divinoe
727 1888 1136 1954 beatitudinis
1157 1908 1268 1954 seu
1285 1889 1667 1955 haereditatis
1675 1905 1700 1970 3

133 2005 272 2068 ergo
299 1988 366 2048 in
395 1985 544 2066 ipsa
573 1983 968 2048 humanitate
991 1981 1306 2063 hahetjus
1336 1984 1417 2048 ad
1443 1983 1706 2048 haeredi·

136 2084 319 2145 tatem
343 2079 576 2153 illam3
619 2097 770 2160 ergo
822 2078 1170 2154 secundum
1220 2075 1390 2140 illam
1417 2077 1706 2142 humani·

139 2180 320 2238 tatem
346 2180 448 2238 est
478 2173 663 2237 filius
687 2171 886 2238 multo
925 2171 1258 2253 perfectior
1287 2179 1352 2236 et
1390 2172 1707 2238 excellen-

139 2268 247 2330 tior
275 2286 472 2350 quam
503 2267 644 2352 alii.
671 2267 748 2330 Et
777 2266 1209 2342 confirmatur,
1239 2266 1392 2348 qnia
1415 2265 1706 2330 homines

131 2359 278 2439 justi
299 2365 624 2426 vocantur
643 2359 755 2422 filii
776 2357 882 2422 Dei
911 2364 972 2423 et
995 2357 1316 2440 haeredes,
1332 2377 1482 2440 ergo
1507 2357 1704 2422 multo

140 2453 332 2536 magis
355 2453 678 2530 christae,
703 2453 896 2516 etiam
919 2458 992 2521 ut
1015 2453 1232 2530 homo,
1262 2470 1410 2514 nam
1447 2453 1582 2534 ipse
1613 2457 1707 2514 εει

138 2547 466 2626 primarius
511 2547 728 2611 haeres
751 2592 772 2622 ‚
809 2545 916 2608 alii
951 2564 1102 2610 vero
1141 2546 1276 2626 ejus
1318 2544 1703 2621 cohaeredes,

141 2647 204 2700 ut
227 2640 304 2701 ad
325 2642 516 2704 Rom.
557 2641 596 2702 8
617 2639 866 2704 dicitnr.
1139 2715 1151 2730 .

215 2735 273 2795 4.
293 2728 475 2798 Unde
505 2733 777 2796 tandem
799 2731 1230 2810 confirmatur,
1255 2733 1408 2813 quia
1429 2733 1480 2796 si
1507 2731 1712 2816 gratia

143 2825 548 2890 accidentalis
575 2825 868 2888 homines
893 2825 1211 2890 constituit
1236 2827 1422 2902 filios,
1445 2845 1559 2890 cur
1581 2845 1712 2892 non

146 2919 332 3000 magis
361 2921 576 3000 gratia
617 2919 869 2983 unionis
898 2920 1236 2984 constituet
1264 2915 1610 2998 Christum,
1639 2926 1712 2983 ut

151 3010 484 3092 hominem,
513 3013 630 3078 Dei
656 3012 926 3076 Filium?
949 3013 1067 3076 Ubi
1096 3013 1328 3094 optime
1355 3032 1712 3100 accommo-

151 3101 364 3168 dantur
389 3105 822 3188 illa-ejusdem
849 3105 1094 3170 Domini
1121 3105 1338 3185 verba,
1363 3108 1548 3172 Joan.
1580 3110 1660 3171 10
1690 3128 1704 3169 :

153 3193 227 3264 Si
251 3199 387 3264 illos
411 3201 586 3266 discit
613 3201 804 3277 Deos,
833 3200 916 3262 ad
951 3217 1098 3282 quos
1123 3216 1318 3266 sermo
1355 3202 1474 3266 Dei
1507 3206 1712 3282 factus

149 3295 252 3368 est,
275 3309 443 3376 qum
467 3294 678 3360 Pater
703 3293 1132 3374 sanctificavit,
1161 3298 1221 3358 ot
1247 3294 1419 3358 misit
1445 3294 1514 3358 in
1538 3313 1713 3360 mxu·

152 3385 302 3462 dum,
327 3404 432 3453 vos
461 3383 676 3452 dicitis
695 3411 720 3448 .·
751 3383 912 3460 Quia
933 3385 1335 3468 blasphaemae,
1364 3385 1514 3468 quia
1531 3387 1668 3452 dixi
1687 3410 1712 3449 :

149 3477 348 3543 Filius
381 3482 512 3546 Dei
555 3498 712 3544 sum.
741 3479 858 3542 llla
897 3478 1072 3544 enim
1097 3479 1294 3544 verba
1333 3479 1413 3542 de
1440 3477 1715 3544 sanctifi-

153 3572 380 3636 catione
416 3571 650 3638 Christi
688 3578 758 3635 ut
785 3573 1086 3649 hominis,
1124 3591 1238 3656 per
1267 3573 1568 3638 unionem
1594 3574 1714 3636 hu-

156 3665 457 3730 manitatis
518 3666 600 3730 ad
626 3666 910 3730 Verbum
956 3665 1316 3748 intelligunt
1366 3668 1668 3730 Athenas.
1692 3712 1708 3743 ,

158 3753 388 3839 chrys„
423 3759 648 3834 Hilar„
694 3778 855 3843 quos
885 3758 971 3822 ihi
1001 3757 1193 3823 refert
1223 3759 1564 3824 Cardinalis
1596 3761 1713 3824 To·

156 3846 324 3914 letus.
351 3855 523 3936 Ετςο
549 3852 794 3917 ratione
821 3852 988 3918 illius
1024 3851 1534 3918 sanctificationis
1561 3872 1712 3918 vere

160 3940 368 4008 dicitur
395 3947 620 4026 Filius,
651 3947 844 4010 etiam
879 3952 952 4009 ut
979 3947 1194 4010 homo.

233 4041 290 4102 5.
339 4039 626 4109 Christus
651 4044 724 4106 ut
755 4041 924 4104 homo
961 4045 1064 4130 ert,
1087 4037 1298 4105 Filius
1330 4041 1450 4106 Dei
1484 4043 1722 4106 rationo

169 4129 391 4198 unionis
419 4137 844 4218 hypostaticae.
877 4165 953 4181 —
983 4134 1076 4196 Ex
1100 4131 1202 4204 his
1228 4131 1452 4210 infero,
1487 4140 1551 4198 et
1576 4133 1716 4198 dico

157 4226 414 4290 secundo
437 4245 458 4291 t
481 4227 808 4310 proprium
829 4225 1315 4290 fundamentum
1343 4226 1532 4308 hujus
1552 4227 1714 4290 rela-

161 4314 378 4396 tionis,‚
395 4339 516 4384 seu
559 4319 880 4384 filiationis
930 4319 1185 4393 divium,
1235 4336 1375 4398 quae.
1421 4319 1715 4383 convenit

162 4407 383 4476 Christo
429 4419 505 4477 ut
553 4411 815 4489 homini,
859 4418 956 4478 est
1003 4411 1142 4493 ipsa
1193 4403 1396 4494 gratia
1435 4411 1710 4476 unionis.

165 4499 324 4566 Hanc
371 4506 843 4570 conclusionem
894 4503 1122 4588 colligo
1155 4523 1234 4568 ex
1259 4507 1333 4568 D.
1365 4505 1617 4584 Thom„
1648 4504 1714 4568 in

165 4591 273 4658 hoc
320 4606 434 4664 art.
483 4605 550 4678 4,
591 4601 674 4663 ad
721 4598 1097 4674 secundum,
1129 4604 1194 4660 et
1235 4616 1316 4660 ex
1357 4599 1604 4682 Magist.
1656 4601 1723 4664 et

167 4685 526 4770 Bonavent„
555 4700 617 4757 et
643 4693 784 4756 aliis
815 4689 1207 4763 Doctorihus‚
1240 4693 1301 4766 3,
1323 4690 1468 4755 dist.
1492 4695 1604 4771 ⁴03
1634 4690 1722 4755 ei-

176 4795 286 4858 que
310 4784 538 4862 favent
553 4785 868 4850 Adrianus
892 4785 1084 4867 Papa,
1109 4789 1172 4848 ει
1198 4781 1431 4872 Concil.
1453 4786 1723 4852 Franco-

167 4871 347 4956 ford„
373 4882 528 4946 locis
559 4882 784 4946 citatis·
811 4883 889 4944 Et
917 4881 1160 4944 ratione
1187 4881 1512 4962 probatur,
1537 4901 1616 4946 ex
1643 4882 1718 4944 iis

172 4984 300 5048 quae
319 4993 536 5058 supra,
559 4996 624 5058 q.
657 4981 721 5053 7,
743 4975 820 5040 de
849 4974 1343 5038 sanctificatione
1363 4976 1585 5039 Christi
1609 4994 1720 5058 per

175 5066 428 5138 gratiam
469 5069 726 5132 unionis
774 5067 942 5132 dicta
991 5073 1156 5130 sunt.
1193 5068 1368 5132 Sicut
1409 5069 1580 5132 enim
1613 5070 1722 5132 ille

175 5151 374 5238 home,
404 5164 597 5226 etiam
642 5164 710 5224 in
759 5168 1066 5244 quantum
1113 5161 1328 5240 homo,
1380 5161 1450 5224 id
1497 5169 1615 5237 est,
1655 5163 1723 5224 in

175 5245 547 5320 humanitate
577 5256 744 5338 ipsa,
773 5262 865 5318 est
891 5260 1172 5332 sanctus,
1215 5261 1278 5317 ει
1303 5273 1550 5317 summe
1579 5273 1723 5338 gra-

176 5342 270 5402 tus
298 5347 448 5424 Deo,
479 5351 570 5414 ita
602 5367 680 5412 ex
706 5350 766 5413 vi
799 5348 1086 5430 ejusdem
1112 5349 1362 5412 unionis
1387 5348 1582 5410 habet
1616 5348 1722 5430 jus

177 5441 480 5520 Proprium
507 5450 572 5508 et
603 5442 1016 5508 intrinsecum
1047 5443 1126 5506 ad
1155 5443 1426 5507 divinam
1457 5441 1721 5506 haeredi-

475 5567 651 5614 xvm.

1772 401 1969 461 tatem
1994 397 2065 459 in
2090 397 2223 478 ipsa
2250 396 2639 464 humanitate
2668 397 3164 482 suscipiendam
3194 419 3349 484 ergo

1772 507 1852 554 ex
1870 489 1935 550 vi
1962 490 2130 552 illius
2160 497 2255 553 est
2283 490 2473 554 etiam
2501 491 2693 554 Filius
2716 491 2853 554 Dei.
2883 493 2958 554 Et
2984 511 3061 556 ex
3088 495 3347 562 solutio·

1773 581 1963 646 nibus
1994 589 2513 664 argumentorum
2560 585 2694 648 haec
2734 583 2963 650 veritas
3000 588 3207 672 magis
3236 608 3345 658 ex.-

1773 673 2129 758 plicahitur‚
2153 683 2218 740 et
2244 676 2739 742 confirmabitur.

1856 770 1915 832 6.
1968 769 2253 850 objectio.
2279 804 2361 820 —
2400 771 2749 851 Responsio.
2782 808 2860 822 --
2902 773 3101 857 objici
3126 782 3340 842 tamen

1773 865 2013 942 potest,
2045 862 2198 942 quia
2230 863 2432 946 gratia
2483 863 2739 928 unionis
2779 884 2909 930 non
2954 876 3161 950 potest
3206 889 3345 936 esse

1772 953 2255 1022 fundamentum
2297 956 2563 1038 alicujus
2604 957 2931 1024 relationis
2970 963 3201 1037 realis;
3230 963 3341 1028 scd

1777 1048 2001 1112 relatio
2032 1048 2351 1112 filiafionis
2380 1049 2632 1128 divinae,
2656 1055 2905 1132 oportet
2931 1058 3003 1118 ut
3031 1055 3109 1120 sit
3136 1058 3347 1132 realis,

1781 1147 2062 1224 utsupra
2089 1141 2323 1207 dictum
2354 1148 2451 1206 est
2482 1143 2561 1206 de
2592 1141 2894 1210 filiatione
2940 1148 3259 1232 adoptiva,
3284 1158 3351 1216 et

1777 1227 1984 1318 inagis
2009 1255 2231 1300 verum
2262 1255 2401 1300 esse
2444 1243 2693 1318 oportet
2722 1239 2801 1304 de
2838 1239 3139 1306 filiatione
3168 1251 3351 1308 natu-

1779 1327 1920 1394 rali.
1954 1329 2419 1410 Respondetur,
2440 1330 2603 1392 hanc
2636 1331 3009 1418 relationem
3032 1335 3352 1402 filiationis

1781 1419 2111 1484 fundatam
2150 1422 2215 1484 in
2254 1423 2455 1504 gratia
2485 1423 2736 1488 unionis
2770 1444 2901 1490 non
2924 1445 3065 1492 esse
3090 1430 3351 1508 realem,

1781 1516 1900 1580 sed
1941 1516 2207 1580 rationis
2254 1519 2351 1598 (nt
2381 1524 2829 1600 argumentum
2857 1530 3031 1586 recte
3062 1523 3345 1605 prohat);

1779 1609 1916 1676 haec
1944 1611 2115 1674 enim
2142 1611 2359 1676 filiatio
2384 1661 2399 1687 ,
2433 1630 2578 1676 cum
2606 1613 2939 1679 conveniat
2964 1614 3206 1680 Christo
3237 1617 3351 1682 ho·

1782 1703 1963 1780 mini,
1992 1704 2061 1768 in
2088 1711 2395 1788 quantum
2423 1705 2616 1768 homo
2644 1711 2763 1782 est,
2796 1724 2909 1770 seu
2950 1707 3014 1774 in
3058 1709 3351 1774 humani-

1782 1802 1914 1862 tate
1941 1797 2103 1880 ipsa‚
2132 1798 2497 1880 temporalis
2525 1804 2644 1874 est,
2670 1801 3053 1864 conveniens
3083 1801 3347 1877 Christe,

1785 1890 1989 1953 solum
2019 1909 2097 1954 ex
2126 1909 2202 1954 eo
2232 1898 2515 1974 tempore
2544 1909 2625 1954 ex
2648 1909 2775 1972 quo
2802 1892 2995 1958 homo
3018 1902 3155 1970 est;
3180 1896 3349 1960 illins

1785 1991 1999 2048 autem
2044 1983 2529 2048 fundamentum
2559 1990 2657 2048 est
2696 2003 2968 2066 persona
3011 1989 3199 2052 Verbi
3238 1990 3352 2074 hy-

1786 2077 2088 2159 postatice
2111 2077 2288 2140 unita
2307 2076 2705 2154 humanitati,
2725 2084 2793 2140 et
2815 2079 3159 2146 formaliter
3174 2083 3351 2150 illam

1789 2169 2219 2246 sanctificans,
2259 2175 2323 2234 et
2348 2170 2635 2252 praebens
2662 2171 2809 2236 huic
2838 2173 3102 2253 homini,
3134 2181 3206 2239 ut
3230 2177 3347 2255 sic,

1779 2261 1888 2346 jus
1909 2264 1994 2329 ad
2022 2265 2295 2328 divinam
2323 2263 2809 2339 beatitudinem
2837 2273 2901 2330 et
2922 2266 3065 2332 ideo
3088 2289 3217 2334 non
3242 2289 3345 2354 po-

1787 2365 1907 2424 test
1930 2375 2069 2422 esse
2096 2357 2316 2420 relatio
2340 2355 2555 2432 realis,
2577 2357 2723 2440 quia
2742 2358 2963 2424 relatio
2984 2361 3351 2430 immediate

1788 2449 2087 2532 recipitur
2136 2452 2205 2512 in
2253 2449 2539 2531 proximo
2588 2449 3044 2524 fundamento;
3090 2461 3158 2519 at
3202 2475 3352 2521 vero

1787 2562 2065 2626 persona
2098 2541 2309 2606 divina
2334 2560 2465 2606 non
2503 2547 2600 2605 est
2632 2560 2831 2624 capax
2868 2545 3192 2610 relationis
3217 2568 3355 2616 rea·

1789 2637 1892 2714 lis,
1925 2635 2281 2702 adventitias
2308 2641 2376 2697 ει
2402 2637 2786 2716 temporalis.
2817 2638 2999 2702 Unde
3029 2640 3189 2704 sicut
3214 2660 3355 2709 esse

1793 2737 2081 2794 sanctum
2110 2735 2174 2792 et
2200 2733 2451 2810 gratum
2490 2745 2604 2812 per
2630 2729 2899 2810 gratiam
2923 2732 3199 2811 unionis,
3222 2753 3354 2803 non

1792 2823 1966 2888 addit
1993 2820 2370 2886 humanitati
2403 2819 2733 2902 physicam
2764 2824 3085 2890 entitatem
3128 2835 3353 2909 praet-er

1791 2917 1995 3000 ipsam
2024 2933 2364 2998 personam
2392 2913 2671 2978 divinam
2709 2915 2980 3004 unitam,
3012 2921 3125 2982 sed
3152 2939 3357 2988 mora.

1790 3009 1918 3074 lem
1966 3009 2371 3092 dignitatem,
2414 3009 2504 3074 ita
2549 3009 2741 3074 etiam
2786 3027 2925 3076 esse
2968 3013 3193 3078 Filium
3238 3016 3354 3080 Dei

1791 3105 1912 3168 hoc
1952 3103 2171 3180 modo,
2200 3122 2329 3166 non
2372 3101 2546 3166 addit
2582 3104 2823 3185 realem
2860 3107 3209 3188 entitatem,
3240 3127 3357 3174 seu

1791 3197 2166 3278 relationem
2200 3203 2430 3278 praeter
2476 3196 2743 3280 gratiam
2790 3199 3065 3279 unionis,
3094 3202 3207 3266 sed
3249 3221 3358 3268 ex-

1791 3292 1984 3374 plicat
2023 3290 2327 3355 illammet
2354 3287 2725 3370 dignitatem
2758 3290 2877 3354 suh
2900 3293 3027 3356 alia
3052 3294 3360 3360 relatione

1791 3385 2081 3462 rationiS,
2102 3403 2242 3466 quae
2272 3381 2539 3464 explicat
2559 3384 2664 3463 jus
2688 3384 2862 3464 quod
2887 3384 2994 3448 ille
3024 3387 3215 3452 homo
3242 3387 3359 3452 ha-

1792 3479 1903 3543 het
1941 3497 2020 3542 ex
2044 3479 2109 3540 vi
2145 3477 2395 3540 unionis
2434 3473 2519 3537 ad
2546 3479 2849 3541 oetcrnam
2878 3477 3359 3558 beatitudinem,

1793 3570 2041 3636 ratione
2070 3571 2250 3650 cujus
2286 3585 2437 3632 vere
2467 3567 2691 3632 dicitur
2714 3586 2853 3632 esse
2880 3569 3093 3636 dehita
3120 3577 3183 3635 et
3212 3591 3361 3638 con-

1794 3664 2101 3729 naturalis
2128 3661 2241 3726 illi.

1873 3764 1935 3823 7.
1986 3755 2265 3839 objoccio.
2282 3787 2363 3804 -
2376 3754 2725 3838 Responsio.
2738 3787 2819 3804 —
2832 3757 2959 3822 Sed
2990 3757 3219 3824 inferet
3244 3761 3361 3824 ati-

1801 3853 1969 3936 quis,
1996 3843 2401 3914 hac'ratione
2447 3849 2649 3931 ipsam
2688 3851 3145 3918 humanitatem
3170 3871 3359 3936 posse

1801 3947 1923 4012 dici
1966 3946 2161 4008 filiam
2204 3943 2345 4020 Dei,
2393 3941 2552 4008 sicut
2599 3948 2808 4024 potest
2850 3944 2971 4009 dici
3016 3953 3221 4028 grata,
3252 3956 3362 4012 aut

1799 4043 2009 4118 beata,
2042 4044 2153 4102 ant
2194 4043 2448 4115 sancta3
2480 4043 2546 4100 et
2587 4036 2853 4102 fortasse
2892 4057 3021 4102 non
3064 4039 3359 4119 deerunt,

1800 4133 1906 4216 qui
1937 4149 2084 4196 cum
2128 4132 2313 4194 Scoto
2343 4129 2618 4192 sentiant
2646 4129 2767 4194 hoc
2794 4149 2923 4196 non
2974 4151 3113 4198 esse
3144 4133 3362 4200 incon-

1798 4229 2081 4290 veniens.
2108 4223 2333 4286 Verius
2357 4230 2569 4287 tamen
2590 4231 2862 4306 negatur
2880 4229 3165 4308 sequela,
3178 4229 3361 4311 juxta

1795 4337 2199 4384 communem
2218 4316 2477 4382 modum
2496 4317 2799 4400 loquendi
2815 4319 3361 4402 philosophorum,

1795 4432 1983 4494 quem
2010 4413 2348 4477 observare
2370 4418 2641 4498 oportet;
2664 4414 2887 4476 relatio
2918 4416 3091 4478 enim
3114 4415 3361 4482 filiatio-

1753 4528 1764 4537 ·
1799 4508 1900 4571 nis
1917 4525 2051 4569 non
2078 4505 2443 4569 denominat
2467 4512 2781 4586 naturam,
2801 4507 2918 4572 sed
2946 4511 3362 4592 suppositum,

1803 4601 1977 4684 quod
2002 4605 2099 4664 est
2125 4600 2383 4662 ultimus
2412 4599 2839 4680 generationis
2880 4603 3213 4680 terminus;
3245 4623 3365 4668 un-

1803 4696 1908 4772 de,
1935 4695 2096 4757 sicut
2122 4693 2523 4774 operationes
2549 4693 2912 4758 tribuuntur
2932 4699 3283 4778 supposito,
3304 4704 3368 4762 et

1802 4807 1931 4853 non
1974 4794 2249 4862 naturai,
2296 4787 2581 4868 quamvis
2620 4805 2736 4868 per
2772 4793 3106 4866 naturam,
3144 4809 3259 4854 seu
3298 4793 3367 4854 in

1801 4888 2033 4944 natura
2073 4881 2449 4944 conveniant
2483 4881 2841 4962 supposito,
2874 4881 2961 4945 ita
3004 4883 3189 4946 etiam
3220 4903 3360 4950 esse

1799 4975 2161 5049 haeredem,
2202 4993 2316 5036 seu
2354 4971 2593 5036 habere
2626 4974 2745 5054 jus·
2776 4973 2859 5036 ad
2898 4973 3358 5053 haereditatem,-

1803 5074 1898 5134 est
1918 5068 2174 5151 propria
2197 5067 2627 5131 denominatio
2656 5068 2983 5149 suppositi,
3022 5089 3151 5134 non
3176 5073 3359 5133 natu-

1801 5181 1912 5239 rae,
1944 5167 2008 5225 et
2046 5161 2215 5225 idem
2251 5167 2347 5224 est
2374 5161 2453 5224 de
2482 5161 2788 5223 relatione
2818 5161 2952 5224 filii.
2992 5165 3183 5240 Item,
3212 5165 3363 5240 quia

1801 5274 1919 5337 per
1945 5255 2249 5318 unionem
2290 5273 2423 5318 non
2462 5253 2579 5318 fuit
2620 5254 2927 5334 producta
2963 5257 3323 5320 humanitas
3346 5301 3363 5329 ‚

1803 5347 1916 5413 sed
1941 5355 2295 5430 assumpta3
2332 5345 2673 5432 productus
2704 5353 2916 5412 autem
2936 5349 3051 5412 fuit
3089 5348 3364 5412 Christus

1803 5448 1873 5508 ut
1907 5442 2099 5506 homo
2111 5464 2133 5520 3
2186 5447 2279 5506 est
2328 5446 2541 5504 autem
2592 5439 2759 5504 filius
2812 5442 2921 5522 qui
2970 5441 3363 5524 producitur,

2950 5550 3023 5611 31
