3892 6167
1314 414 1633 471 mSNJTA'r.
1668 412 1843 469 ΧΧΙΧ.
1879 414 2052 471 SEG'l'.
2087 414 2150 467 ΙΙ.

110 518 367 575 tautum
378 512 619 577 confert
638 514 1018 577 nativitatem
1029 516 1391 595 requisitam
1408 534 1483 578 ex
1504 520 1685 597 parte

113 606 374 685 objecti,
413 612 477 669 et
504 607 861 670 intellectus
885 608 963 670 de
994 626 1063 671 se
1086 626 1217 671 non
1250 608 1443 671 babet
1471 609 1687 671 activi-

118 707 315 762 tatem
360 702 777 764 sufficientem
824 702 1191 781 requisitam
1232 720 1309 765 ex
1347 710 1524 784 parte
1574 718 1685 783 po-

116 796 370 869 tentiae3
428 812 581 875 ergo
631 800 877 875 oportet
932 795 1187 857 aliunde
1230 796 1525 876 suppleri.
1576 798 1683 857 Se·

120 889 351 963 cundo,
384 888 533 969 quia
572 888 653 950 ad
690 894 867 951 actus
902 890 1243 963 naturales,
1292 890 1535 971 species
1577 906 1681 951 so-

124 986 251 1045 lum
278 982 522 1045 confert
543 982 919 1045 nativitatem
947 984 1367 1045 sufficientem
1394 1002 1471 1046 ex
1500 990 1679 1065 parte

128 1078 372 1156 objecti,
404 1078 705 1157 supponit
732 1094 881 1139 vero
920 1078 983 1137 in
1006 1077 1147 1157 ipsa
1166 1078 1445 1157 potentia
1478 1082 1678 1138 totam

124 1172 245 1231 vim
267 1189 347 1233 ex
368 1178 549 1251 parte
564 1170 731 1233 illius
746 1172 1163 1233 necessariam
1188 1170 1267 1233 ad
1285 1168 1681 1233 efficiendum

120 1264 309 1325 talem
340 1270 577 1340 actum,
608 1270 673 1327 et
698 1264 1001 1326 utendum
1044 1265 1179 1345 ipsa
1221 1264 1455 1345 specie,
1489 1280 1681 1343 quam

116 1357 242 1417 vim
274 1358 565 1419 conferre
584 1374 717 1419 non
744 1364 951 1438 potest
978 1358 1247 1438 ipsamet
1274 1358 1549 1437 species;
1582 1374 1682 1417 er-

117 1468 197 1529 go
228 1451 521 1515 similiter
560 1452 627 1513 in
664 1451 765 1513 his
806 1450 1047 1513 actibus
1100 1450 1681 1531 supernaturalibus

118 1546 367 1624 species
401 1564 533 1607 non
562 1546 803 1609 confert
826 1546 988 1608 hanc
1014 1546 1167 1621 vim,
1197 1545 1311 1607 sed
1354 1544 1673 1626 supponit.

115 1641 271 1701 Cum
304 1658 457 1721 ergo
488 1658 616 1702 non
638 1646 951 1721 supponat
980 1640 1151 1702 illam
1172 1646 1473 1720 tanquam
1502 1644 1683 1701 natu·

114 1736 342 1810 ralem‚
372 1741 444 1796 ut
468 1742 792 1797 ostensum
830 1740 945 1811 est,
994 1752 1255 1797 necesse
1301 1740 1399 1796 est
1442 1738 1513 1795 ιιι
1566 1751 1681 1814 per

115 1828 289 1889 aliud
342 1828 823 1910 supernaturale
872 1828 1249 1909 principium
1296 1828 1677 1890 conferatur.

110 1924 351 2000 Terti0,
396 1924 449 1985 si
478 1924 797 2004 obiectum
826 1923 1029 2003 ipsum
1074 1923 1361 1984 uniretur
1392 1922 1681 2004 potentias

112 2016 193 2077 ad
216 2017 725 2097 intelligendum,
752 2022 995 2079 tantum
1025 2016 1339 2078 conferret
1366 2016 1447 2077 ad
1472 2022 1683 2078 actum

114 2110 463 2173 efficaciam
489 2130 565 2173 ex
592 2117 769 2191 parte
790 2110 1015 2192 objecti
1036 2110 1459 2173 necessariam
1482 2124 1503 2189 3
1528 2126 1679 2189 ergo

114 2206 360 2284 species
380 2208 631 2267 tantum
663 2206 825 2267 hanc
858 2204 1122 2282 confert,
1152 2210 1249 2268 est
1288 2204 1459 2266 enim
1488 2204 1679 2265 veluti

116 2316 335 2361 semen
360 2299 615 2380 objecti,
641 2306 713 2361 ιιι
740 2299 903 2361 illius
924 2299 1215 2379 suppleat
1232 2296 1627 2360 efficientiam
1656 2316 1673 2372 ;

110 2410 263 2472 ergo
286 2393 338 2454 si
363 2392 549 2455 deest
574 2392 867 2472 potentiae
894 2392 986 2453 vis
1014 2390 1241 2472 agendi
1264 2408 1341 2451 ex
1366 2396 1545 2471 parte
1566 2408 1681 2451 sua

112 2487 491 2563 necessaria,
511 2486 765 2547 aliunde
787 2485 1339 2565 supplerinecesse
1364 2490 1477 2547 est.
1503 2485 1683 2559 Quod

116 2585 565 2659 argumentum
596 2578 885 2659 exemplo
909 2578 1165 2641 visionis
1212 2579 1417 2641 beatae
1462 2584 1681 2658 aperte

112 2676 499 2737 declaratur:
542 2674 609 2735 in
648 2672 759 2735 illa
788 2674 955 2735 enim
996 2674 1237 2734 visione
1279 2672 1549 2735 essentia
1584 2672 1675 2733 di·

108 2769 253 2831 rina
280 2770 697 2851 conjungitur
720 2768 1011 2847 potentia»,
1055 2769 1123 2829 in
1150 2768 1395 2830 ratione
1424 2767 1675 2846 objecti,

110 2870 169 2926 ct
196 2864 445 2926 confert
484 2870 683 2925 totam
714 2862 1107 2925 effectionem
1140 2878 1331 2939 quam
1361 2861 1679 2941 objectum

110 2956 401 3018 conferre
428 2962 659 3037 potest,
685 2956 789 3019 vel
812 2972 1003 3035 quam
1028 2956 1269 3036 species
1300 2956 1367 3016 in
1396 2954 1679 3016 absentia

108 3050 340 3129 objecti
408 3050 811 3125 contulisset3
864 3048 1273 3111 nihilominus
1332 3054 1545 3111 tamen
1602 3064 1679 3107 ex

108 3152 285 3225 parte
330 3145 631 3225 potentia}
654 3144 871 3205 lumen
904 3144 985 3205 ad
1014 3144 1183 3205 illam
1230 3142 1541 3204 visionem
1572 3156 1681 3203 ne-

108 3240 461 3300 cessarium
494 3246 611 3313 est,
645 3238 795 3317 quia
822 3236 1193 3299 intellectus
1208 3254 1287 3299 ex
1308 3242 1535 3297 natura
1564 3252 1681 3295 sua

106 3350 233 3393 non
252 3332 455 3394 habet
476 3330 825 3395 naturalem
846 3331 971 3391 vim
992 3331 1073 3392 ad
1100 3328 1549 3393 conferendam
1580 3346 1681 3391 ac-

106 3426 415 3487 tivitatem
446 3444 526 3489 ex
568 3432 751 3506 parte
790 3426 1085 3505 potentiae
1128 3423 1553 3487 necessariam
1596 3421 1679 3483 ad

106 3520 279 3582 illum
314 3524 565 3595 actum3
602 3520 804 3581 solum
836 3534 1008 3599 erga
1020 3518 1360 3598 objectum,
1400 3516 1501 3579 vel
1540 3532 1679 3596 spe·-

104 3616 249 3689 cies‚
286 3632 425 3675 non
456 3619 666 3693 potest
690 3612 863 3673 illam
890 3612 1207 3693 supplere.
1254 3612 1444 3691 Cujus
1486 3610 1677 3671 ratio-

104 3710 197 3768 nis
223 3709 325 3769 vis
352 3708 535 3769 nullo
580 3706 769 3767 modo
800 3707 978 3768 vitari
1011 3710 1237 3785 potest,
1270 3704 1391 3765 nisi
1424 3704 1521 3765 vel
1562 3720 1679 3764 ne-

106 3802 313 3881 gando
336 3801 564 3862 lumen
606 3799 817 3881 gloriae
856 3803 1163 3871 creatum,
1203 3816 1243 3859 a
1269 3798 1509 3859 visione
1548 3797 1679 3857 dis·-

104 3898 401 3970 tinctum‚
452 3894 625 3975 quod
668 3892 1189 3955 absurdissimum
1238 3892 1305 3954 in
1332 3891 1675 3971 Theologia

104 3996 231 4063 est3
286 3990 397 4051 vel
444 3987 713 4051 dicendo
758 3986 955 4049 videri
1004 3988 1205 4047 Deum
1252 4002 1369 4066 per
1398 3982 1674 4064 speciem

102 4090 417 4159 creatam,
446 4088 511 4144 et
538 4088 763 4163 praeter
788 4080 959 4143 illam
984 4099 1116 4143 non
1140 4080 1277 4141 dari
1305 4080 1522 4141 lumen
1546 4079 1675 4161 glo-

101 4180 231 4251 rias,
272 4178 399 4239 sed
434 4176 607 4238 illam
632 4176 845 4239 vocari
868 4176 1111 4251 lumen,
1143 4174 1291 4255 quia
1318 4172 1677 4236 manifestat

101 4273 457 4352 objectum.
491 4270 638 4345 Quae
664 4270 875 4332 evasio
900 4270 1026 4332 duo
1062 4269 1219 4330 falsa
1250 4268 1559 4330 continet:
1586 4266 1676 4330 al-

100 4372 341 4439 terum,
374 4362 583 4427 Deum
632 4364 834 4426 videri
882 4382 998 4444 per
1044 4363 1317 4441 speciem
1370 4368 1672 4437 creatam,

102 4466 329 4521 contra
390 4460 709 4539 receptam
760 4458 831 4520 D.
862 4458 1119 4519 Thomas
1165 4456 1565 4532 sententiam,
1613 4462 1678 4517 et

102 4558 326 4613 eontra
354 4552 695 4627 rationem,
729 4552 899 4631 quia,
950 4550 1057 4611 ubi
1106 4548 1421 4630 objectum
1466 4550 1675 4630 ipsum

100 4654 190 4709 est
225 4654 383 4708 actu
426 4646 849 4727 intelligibile,
895 4652 959 4709 et
1004 4662 1121 4727 per
1173 4646 1449 4725 seipsum
1498 4644 1680 4705 adest

104 4740 435 4819 potentiae,
468 4746 533 4801 et
558 4746 764 4821 potest
790 4758 934 4803 cum
962 4740 1069 4801 illa
1108 4756 1505 4814 concurrere,
1540 4756 1681 4819 spe-

124 4836 237 4895 cies
284 4835 654 4897 necessaria
694 4852 827 4896 non
871 4836 1001 4907 est;
1058 4833 1325 4895 alterum
1362 4850 1493 4893 non
1540 4832 1677 4893 dari

122 4926 279 4988 aliud
326 4928 549 4991 lumen
600 4928 825 5001 beatis,
888 4932 1119 5007 praeter
1163 4926 1335 4989 illam
1378 4926 1673 5006 speciem,

122 5020 275 5099 quod
304 5026 405 5083 est
435 5020 613 5082 abuti
659 5020 965 5097 terminiS,
997 5027 1228 5099 praeter
1272 5036 1675 5082 communem

125 5114 793 5195 usum‘l'heologorum',
809 5114 1012 5175 solum
1032 5114 1115 5175 ad
1136 5112 1502 5195 explicanda
1514 5114 1675 5177 Con·

128 5206 241 5267 cilia
264 5226 415 5287 quae
458 5206 542 5269 de
570 5208 809 5269 lumine
854 5206 1069 5289 gloriae
1104 5208 1471 5288 loquuntur,
1502 5204 1676 5286 quod

126 5312 203 5363 est
228 5301 663 5365 Conciliorum
690 5300 1085 5364 definitiones
1113 5318 1441 5379 enervare,
1484 5308 1546 5363 et
1574 5318 1677 5363 oc·

118 5395 429 5456 casionem
460 5395 777 5475 praebere,
814 5414 923 5459 eas
968 5396 1051 5458 ad
1074 5394 1268 5457 falsos
1298 5412 1525 5457 sensus
1570 5392 1681 5455 de-

122 5488 471 5568 torquendi.
506 5488 747 5551 Omnes
776 5489 944 5551 enim
964 5488 1291 5570 Theologi,
1340 5488 1447 5569 qui
1480 5486 1561 5549 de
1589 5486 1683 5549 Iu·

118 5580 277 5645 mine
300 5582 521 5667 gloriae
550 5582 921 5669 loquuntur,
944 5584 1099 5661 sive,
1126 5586 1353 5667 praeter
1374 5580 1554 5660 illud,
1578 5580 1685 5645 ad-

3251 414 3328 477 67

1766 515 2016 579 mittant
2049 515 2350 595 speciem,
2382 514 2516 579 sive
2543 520 2804 597 negent,
2833 528 2948 597 per
2989 514 3206 582 lumen
3237 520 3334 583 in-

1764 610 2060 693 telligunt
2109 628 2247 673 rem
2298 612 2380 673 ab
2413 608 2624 693 specie
2670 610 3030 675 distinctam
3049 658 3070 690 ,
3119 614 3328 695 neque

1762 706 1929 767 ullus
1957 706 2186 787 estqui
2215 704 2494 786 speciem
2525 703 2982 785 intelligibilem
3022 712 3204 771 vocet
3231 708 3330 769 lu·-

1762 818 1911 863 men
1938 798 2383 877 intellectuale,
2413 800 2572 862 sicut
2601 816 2722 862 nec
2749 798 3060 863 sensibilis
3089 802 3328 882 species

1760 896 1978 956 lumen
2017 892 2312 957 sensibile
2356 898 2634 957 vocatur.
2676 894 2831 955 Cum
2873 894 3040 956 enim
3083 899 3330 977 species

1762 988 1994 1051 habeat
2021 988 2223 1051 vicem
2270 986 2540 1069 objecti,
2589 992 2894 1067 tanquam
2937 1006 3138 1051 unum
3179 1008 3326 1052 cum

1760 1082 1867 1143 illo
1892 1086 2220 1163 reputatur
2230 1096 2252 1162 ;
2275 1080 2492 1145 lumen
2517 1087 2732 1144 autem
2754 1082 2978 1144 dicitur
3005 1080 3325 1161 quoddam

1766 1174 1937 1237 aliud
1965 1174 2244 1237 medium
2276 1176 2445 1257 quod
2491 1176 2806 1257 obJectum
2835 1175 3214 1237 manifestat.
3248 1174 3328 1239 Et

1763 1272 2068 1349 praeterea
2095 1274 2314 1331 contra
2339 1268 2504 1331 hanc
2531 1270 2906 1333 sententiam
2929 1274 3114 1350 urget
3145 1286 3326 1349 argu-

1762 1368 2044 1424 mentum
2076 1363 2338 1439 factum,
2367 1382 2518 1425 nam
2558 1362 2748 1427 etiam
2791 1364 2842 1426 si
2873 1364 3187 1444 objectum
3231 1362 3328 1441 ip-

1762 1474 1903 1517 sum
1930 1474 2046 1537 per
2073 1474 2140 1519 se
2171 1463 2506 1519 concurrat
2532 1476 2677 1520 cum
2721 1458 3024 1538 potentia,
3055 1456 3325 1538 requiri-

1760 1555 1865 1612 tur
1886 1548 2104 1611 lumen
2129 1568 2240 1612 seu
2269 1550 2466 1613 virtus
2495 1569 2574 1612 ex
2600 1556 2778 1631 parte
2806 1551 3135 1630 potentiae3
3171 1566 3324 1630 ergo

1760 1641 1933 1705 idem
1977 1644 2093 1705 erit
2132 1642 2588 1721 necessarium,
2635 1642 2828 1705 etiam
2874 1644 2926 1703 si
2968 1646 3321 1718 concurrat,

1761 1735 2080 1797 mediante
2094 1737 2324 1817 specie.
2359 1736 2591 1812 Quarto
2619 1736 2927 1816 arguitur,
2959 1754 3109 1797 nam
3137 1750 3325 1817 cxpe-

1762 1830 1962 1893 rimur
1995 1829 2152 1893 duos
2185 1830 2540 1893 intellectus
2589 1828 2930 1911 inaequales
2965 1830 3032 1890 in
3081 1829 3326 1909 perfec-

1764 1924 1933 1987 tione
1959 1940 2076 2005 per
2117 1924 2374 1987 easdem
2405 1924 2647 2005 species
2677 1924 3072 2004 inaequaliter
3097 1922 3326 1985 intelli-

1764 2034 1914 2097 gere
1931 2032 1952 2095 3
1995 2018 2176 2097 cujus
2217 2020 2377 2080 ratio
2407 2024 2524 2095 est,
2555 2017 2704 2099 quia
2733 2017 2976 2098 species
3003 2034 3132 2077 non
3181 2033 3328 2096 sup-

1762 2112 1892 2192 plet
1920 2110 2237 2173 defectum
2274 2112 2594 2193 potentiae,
2639 2118 2702 2175 et
2730 2112 2877 2193 quia
2906 2128 3056 2172 usus
3094 2108 3325 2191 speciei

1762 2204 2031 2266 multum
2067 2204 2304 2285 pendet
2345 2224 2425 2267 ex
2463 2206 2690 2267 virtute
2735 2204 2939 2267 activa
2988 2204 3188 2284 ipsius
3213 2220 3327 2284 po-

1762 2298 2008 2377 tentiae3
2061 2316 2238 2379 ergo,
2271 2297 2525 2379 quando
2568 2298 2850 2379 potentia
2880 2297 2960 2360 de
2995 2316 3065 2359 se
3093 2303 3188 2361 est
3231 2298 3328 2359 in·

1764 2392 2082 2454 sufficiens
2132 2392 2212 2453 ad
2241 2392 2644 2454 efficiendum
2672 2394 2906 2469 actum,
2935 2375 3072 2453 'uon
3121 2396 3326 2471 potest

1763 2486 1897 2548 sola
1926 2486 2170 2567 species
2199 2485 2372 2547 illam
2399 2485 2714 2567 supplere.
2755 2484 2982 2557 Quinto
3025 2484 3092 2545 id
3130 2484 3327 2565 expli-

1760 2586 1939 2642 catur
1959 2597 2038 2641 ex
2053 2580 2566 2641 subordinatione
2583 2580 3165 2656 instrumentorum,
3185 2596 3325 2659 quae

1761 2674 1847 2737 ita
1876 2692 1944 2735 se
1981 2672 2236 2749 habent,
2265 2678 2332 2736 ut
2365 2672 2862 2753 unumquodque
2881 2672 3162 2752 requirat
3179 2691 3326 2752 pro-

1759 2766 1964 2848 priam
1981 2766 2274 2829 virtutem
2295 2786 2410 2830 seu
2427 2768 2720 2843 formam,
2740 2769 2805 2828 et
2818 2766 3319 2846 dispositionem,

1758 2867 1829 2923 ut
1854 2866 2002 2923 sunt
2015 2860 2297 2923 calamus
2325 2866 2388 2923 et
2414 2876 2678 2935 manus;
2707 2860 2994 2940 quamvis
3017 2858 3188 2922 enim
3217 2877 3324 2923 ca·

1758 2954 1968 3015 lamus
2008 2953 2174 3017 bene
2203 2960 2386 3033 aptus
2412 2954 2512 3030 sit,
2548 2954 2668 3015 nisi
2715 2954 2934 3016 manui
2965 2953 3163 3015 virtus
3191 2952 3324 3016 suf-

1760 3050 1979 3113 ficiens
1995 3050 2148 3112 insit
2167 3049 2250 3111 ad
2279 3050 2688 3127 movendum,
2715 3054 2777 3113 et
2795 3048 2990 3113 menti
3011 3050 3198 3113 etiam
3220 3066 3324 3111 ars

1762 3144 2038 3225 dirigens
2081 3148 2146 3206 et
2191 3143 2492 3205 ordinans
2523 3143 2715 3205 talem
2768 3146 3036 3221 motum,
3073 3145 3324 3224 ineptus

1762 3240 1879 3303 erit
1911 3238 2196 3301 effectus
2231 3238 2552 3316 Similiter,
2589 3238 2642 3301 si
2671 3238 2916 3319 species
2944 3238 3232 3319 angelica
3259 3242 3325 3301 et

1761 3333 2128 3397 universalis
2159 3332 2469 3396 tribuatur
2495 3332 2836 3396 intellectui
2863 3333 3166 3407 humano,
3191 3350 3323 3395 non

1758 3428 1988 3507 poterit
2012 3444 2090 3489 ea
2106 3428 2194 3489 uti
2215 3445 2330 3489 sua
2349 3424 2619 3488 naturali
2640 3426 2896 3503 virtute,
2913 3424 3324 3506 quemadmo-

1758 3521 1911 3583 dum
1938 3522 2136 3583 utitur
2163 3520 2467 3601 Angelus,
2492 3520 2642 3601 quia
2677 3526 2774 3582 est
2802 3518 3323 3600 improportiona-

1758 3620 1891 3677 tum
1924 3615 2449 3690 instrumentum3
2481 3614 2682 3675 multo
2727 3616 2942 3675 autem
2981 3612 3180 3693 magis
3207 3613 3323 3674 im-

1758 3708 2244 3787 proportionatae
2295 3711 2443 3768 sunt
2489 3706 3002 3787 supernaturales
3055 3706 3318 3785 species„

1760 3800 1937 3862 Unde
1955 3798 2362 3861 confirmatur
2383 3798 2610 3875 obiter,
2631 3798 2780 3879 quia
2799 3798 2955 3860 alias
2971 3798 3110 3861 sine
3131 3817 3324 3861 causa

1757 3895 1865 3955 uni
1900 3892 2268 3967 intellectui,
2299 3892 2398 3954 vel
2427 3890 2694 3971 Ange10,
2741 3891 3044 3954 darentur
3071 3894 3324 3955 univer·

1758 3988 2016 4049 salim-es
2045 3988 2305 4066 species„
2333 3986 2434 4047 vel
2453 3984 2862 4065 perfectiores
2891 4004 3084 4067 quam
3115 3986 3319 4061 alteri,

1758 4082 1809 4143 si
1858 4081 2126 4161 quilibet
2163 4098 2384 4143 eorum
2429 4096 2610 4159 aeque
2639 4082 2856 4160 posset
2916 4080 3040 4141 illis
3089 4080 3202 4157 uti,
3245 4098 3324 4143 ac

1757 4176 1940 4238 alius.
1975 4176 2204 4238 Ultimo
2251 4174 2557 4257 arguitur,
2609 4174 2760 4255 quia
2787 4174 2856 4236 in
2901 4174 3020 4237 hac
3063 4176 3324 4237 scientia

1758 4270 1984 4345 infusa,
2015 4270 2286 4350 cognitio
2319 4270 2412 4349 (ut
2439 4268 2680 4331 dictum
2711 4269 2826 4348 est)
2853 4267 2926 4329 fit
2947 4286 3063 4349 per
3091 4268 3325 4349 simpli-

1758 4382 1897 4425 cem
1928 4362 2214 4439 modum,
2237 4361 2676 4443 cognoscendo
2696 4362 2991 4425 effectum
3017 4361 3082 4423 in
3105 4379 3320 4433 causa,

1760 4462 1823 4519 et
1850 4456 2301 4537 proprietatem
2349 4456 2414 4516 in
2463 4455 2770 4529 essentia;
2814 4456 2928 4519 sed
2956 4456 3040 4517 ad
3081 4454 3326 4535 perfec-

1758 4556 1891 4612 tam
1906 4550 2069 4612 hanc
2100 4548 2526 4631 cognitionem
2553 4568 2684 4611 non
2703 4550 2954 4612 videtur
2979 4568 3166 4630 posse
3195 4548 3322 4610 suf-

1756 4642 1945 4705 ficere
1971 4644 2106 4705 sola
2129 4643 2394 4723 species,
2421 4644 2642 4705 nisiex
2670 4649 2848 4724 parte
2879 4644 3231 4706 intellectus
3261 4648 3324 4705 et

1756 4736 2010 4798 luminis
2034 4738 2113 4800 sit
2157 4738 2474 4799 sufficiens
2516 4738 2634 4814 viS,
2665 4745 2801 4801 tum
2845 4738 2928 4799 ad
2973 4736 3326 4818 intelligen-

1758 4832 1909 4893 dum
1938 4830 2214 4911 perfecto
2243 4832 2458 4909 m0d0,
2500 4837 2636 4895 tum
2666 4832 2749 4893 ad
2789 4830 3104 4913 objectum
3131 4850 3324 4914 pene-

1757 4924 2090 4999 trandum;
2125 4944 2301 5005 ergo.

1836 5021 1899 5080 7.
1942 5016 2072 5083 Per
2099 5020 2370 5083 habitum
2395 5020 2671 5099 insum
2697 5016 2966 5086 elevatur
2989 5019 3324 5087 intellectus

1760 5110 2000 5178 Christi
2035 5114 2118 5177 ad
2153 5118 2328 5178 actus
2361 5114 2634 5178 scientia·
2659 5114 2998 5193 infmoe.--
3015 5114 3094 5176 Et
3119 5133 3198 5177 ex
3225 5114 3324 5173 his

1756 5206 1978 5269 ultimo
2005 5204 2265 5269 tandem
2299 5206 2718 5285 concluditur,
2771 5208 2839 5269 in
2867 5208 2986 5269 hac
3018 5206 3280 5269 scientia
3301 5250 3320 5279 ,

1760 5306 1988 5382 praeter
2037 5300 2282 5381 species
2330 5299 2754 5381 intelligibiles
2773 5346 2790 5376 ,
2845 5300 2982 5363 dari
3037 5298 3323 5361 habitum

1760 5414 1877 5476 per
1902 5412 1972 5457 se
2001 5392 2302 5468 infusum,
2335 5393 2690 5456 elevantem
2717 5392 3106 5456 intellectum
3131 5389 3214 5452 ad
3255 5389 3324 5450 il-

1762 5489 1883 5550 lius
1916 5494 2114 5551 actus.
2171 5486 2266 5550 Ita
2293 5486 2492 5550 sensit
2539 5492 2755 5567 aperte
2781 5488 2854 5549 D.
2894 5486 3166 5547 Thomas
3195 5482 3321 5557 hic,

1764 5580 1847 5646 ad
1876 5584 1950 5661 3,
1977 5580 2089 5646 ubi
2113 5580 2440 5665 distinguit
2460 5578 2678 5644 lumen
2727 5578 3022 5643 divinitus
3049 5576 3326 5641 infusum
