3892 6167
1373 426 1695 481 msthTAT.
1729 424 1908 479 xxxi.
1943 426 2115 481 SECT.
2148 428 2234 481 w.

182 534 281 591 est
306 546 434 609 per
463 534 766 609 seipsam
789 526 854 589 in
879 542 1008 591 suo·
1025 526 1244 591 ordine
1272 529 1472 593 activa
1495 529 1636 591 talis
1657 544 1762 591 ac·-

183 630 308 684 tus.
345 622 432 685 Et
460 622 632 685 idem
657 628 1101 701 argumentum
1127 620 1264 683 fleri
1287 628 1492 703 potest
1516 622 1594 685 de
1623 622 1764 683 aliis

181 714 420 777 <livinis
449 716 908 787 instrumentis,
939 730 1084 792 qum
1110 714 1436 777 elevantur
1462 716 1544 777 ad
1570 734 1764 795 agen-

181 807 340 871 dum
363 824 494 889 per
511 815 794 871 suasmet
811 808 1122 884 entitates,
1151 808 1312 871 utin
1337 809 1764 890 superioribus

179 900 590 963 declaratum
614 908 748 976 est;
785 902 921 963 hac
943 918 1094 982 ergo
1117 902 1420 977 activitaS,
1451 908 1766 981 quatenus

179 994 569 1075 intelligitur
599 995 823 1057 innata
865 1012 1010 1056 cum
1051 994 1310 1058 entitate
1349 1001 1554 1057 creata
1570 1038 1592 1071 ,
1630 994 1768 1055 nul-

177 1088 308 1147 lam
353 1104 526 1161 rem,
565 1104 686 1151 uec
723 1087 988 1149 modum
1021 1088 1255 1152 realem
1297 1104 1375 1149 ex
1407 1092 1633 1149 natura
1671 1086 1765 1149 rei

179 1180 566 1245 disnnetnm
587 1180 680 1242 illi
707 1180 902 1243 addit.

257 1276 370 1338 67.
403 1272 650 1347 Quarta
693 1273 762 1337 id
795 1274 1122 1354 probatur,
1153 1274 1535 1339 declarando
1579 1274 1766 1336 ratio-

176 1386 332 1431 nem
365 1386 408 1431 a
437 1367 640 1451 priori
675 1368 864 1449 hujus
891 1370 1008 1444 rei,
1039 1386 1190 1430 nam
1234 1368 1597 1449 huiusmodi
1647 1384 1766 1448 po·-

176 1462 382 1527 tentia
433 1460 906 1539 obedientialis,
951 1470 1082 1525 tam
1125 1462 1327 1525 activa
1377 1478 1570 1543 quam
1619 1479 1768 1542 pas-

175 1556 338 1632 siva,
375 1571 586 1633 quam
623 1555 690 1617 in
729 1558 988 1618 entitate
1033 1562 1246 1619 ereata
1291 1574 1434 1617 esse
1475 1554 1764 1631 dicimuS,

173 1666 308 1711 uon
343 1653 452 1711 est
495 1667 600 1713 res
630 1649 842 1729 aliqua
875 1667 990 1730 per
1027 1668 1098 1712 se
1137 1650 1345 1730 primo
1369 1648 1658 1712 ordinata
1687 1647 1768 1709 ad

171 1742 526 1819 agendum
561 1744 672 1805 vel
709 1743 1144 1823 recipiendum
1185 1744 1254 1805 id
1292 1744 1374 1805 ad
1415 1742 1586 1823 quod
1628 1758 1768 1804 esse

170 1836 422 1900 dicitur
473 1836 917 1899 obedientialis
963 1837 1279 1917 potentia3
1310 1836 1478 1899 unde
1509 1850 1638 1896 non
1673 1840 1770 1897 est

169 1930 618 2009 concipienda
665 1934 974 2011 tanquam
1035 1930 1280 1995 habens
1323 1930 1652 2012 proprium
1705 1935 1770 1993 et

167 2024 818 2089 transcendeutalem
853 2025 1138 2087 ordinem
1171 2026 1254 2087 ad
1292 2026 1484 2087 talem
1523 2030 1764 2097 actum,

163 2124 290 2179 aut
315 2116 622 2198 aliquam
649 2118 926 2199 speeiem
959 2119 1122 2181 entis
1150 2118 1234 2179 ab
1273 2118 1382 2181 illo
1421 2118 1762 2197 accipiens,

165 2212 290 2275 sed
343 2213 568 2275 sulm
615 2218 714 2275 est
757 2212 1172 2294 intelligenda
1216 2213 1357 2275 talis
1403 2212 1668 2289 entitas,
1698 2217 1769 2273 ut

161 2307 538 2370 constituta
581 2306 878 2369 absolute
919 2306 984 2369 iu
1027 2324 1144 2369 sua
1187 2308 1397 2387 specie
1434 2307 1536 2369 vel
1585 2312 1772 2369 natu·-

161 2420 270 2475 ra,
303 2416 746 2481 quoecumque
775 2400 886 2463 ilia
911 2400 1011 2477 sit,
1037 2408 1102 2464 et
1125 2418 1240 2481 per
1267 2420 1336 2463 se
1363 2402 1564 2481 ipsam
1593 2400 1772 2481 quasi

164 2494 710 2559 concomitanter
745 2494 1018 2557 existens
1053 2493 1152 2557 vis
1191 2494 1424 2573 agendi
1467 2495 1570 2556 vel
1617 2494 1776 2557 reci-

169 2588 436 2668 piendi,
455 2604 543 2649 ex
569 2588 838 2669 imperio
859 2588 1177 2663 creatoris,
1201 2588 1504 2669 quidquid
1527 2606 1653 2649 non
1673 2606 1774 2649 re-

175 2683 619 2761 pugnaverim
643 2688 708 2743 et
732 2682 878 2744 idae
904 2682 1046 2744 talis
1066 2684 1352 2763 potentia
1379 2680 1534 2743 nihil
1565 2686 1770 2761 potest

173 2776 439 2841 addere
465 2775 856 2853 illi-entitati,
885 2774 982 2837 cui
1005 2776 1346 2838 convenire
1373 2776 1766 2855 intelligitur.

175 2874 328 2933 Hoc
355 2871 722 2944 enirm-non
765 2876 1010 2932 tantum
1039 2870 1104 2930 in
1135 2870 1254 2930 hac
1297 2869 1580 2949 potentia
1624 2868 1776 2929 obe—

175 2964 511 3039 dientiali,
554 2963 678 3026 sed
707 2963 898 3025 etiam
953 2964 1014 3024 in
1069 2963 1340 3026 naturali
1389 2962 1670 3041 potentia
1711 2967 1776 3023 et

175 3060 430 3121 virtute
473 3056 712 3138 agendi
756 3054 1108 3131 invenitun
1152 3074 1298 3119 nam
1351 3054 1774 3135 quodcunque

177 3172 326 3215 non
355 3152 662 3214 convenit
691 3168 809 3232 petr
833 3166 904 3212 se
925 3150 1134 3231 primo
1161 3150 1408 3213 entitati
1437 3166 1516 3211 ex
1541 3149 1778 3229 prima-

179 3248 284 3307 ria
309 3246 676 3308 intentione
701 3245 862 3325 ejus,
891 3245 1004 3306 sed
1025 3244 1230 3306 solum
1251 3242 1430 3321 quasi
1459 3242 1776 3304 concomi-

185 3346 436 3415 tanter,
453 3356 592 3399 non
611 3337 786 3400 addit
807 3354 1038 3400 novam
1061 3338 1337 3418 aliquam
1365 3326 1776 3417 specificatio-

191 3452 350 3495 nem
377 3439 501 3495 aut
521 3432 875 3495 realitatem
895 3432 996 3494 vel
1023 3430 1306 3493 modum.
1331 3430 1647 3510 Exemplis
1667 3428 1776 3489 de-

191 3528 432 3589 clm-ari
477 3532 716 3605 potest,
751 3542 898 3587 nam
937 3524 1204 3587 materia
1234 3524 1462 3605 prima,
1493 3540 1634 3602 qum
1659 3538 1776 3602 per

193 3642 268 3685 se
303 3623 522 3701 primo
547 3626 670 3682 -est
709 3620 996 3701 petentia
1043 3620 1126 3683 ad
1173 3617 1605 3697 recipiendam
1641 3617 1778 3679 for·-

199 3736 378 3779 mam
409 3715 916 3793 substantialem,
943 3716 1228 3797 quamvis
1255 3714 1770 3787 concomitanter,

211 3812 308 3873 sic
341 3810 528 3873 etiam
557 3810 839 3891 potentia
874 3809 956 3871 ad
999 3808 1429 3889 recipiendam
1457 3807 1776 3887 quantita-

216 3913 376 3982 tem,
409 3904 562 3967 inde
589 3904 808 3966 tamen
841 3918 960 3965 nec
990 3903 1264 3983 speciem
1311 3902 1610 3981 aliquam,
1655 3916 1775 3960 uec

213 3998 470 4060 modum
511 3998 787 4078 aliquem
829 3996 1066 4058 realem
1107 3998 1319 4061 sumit.
1364 3996 1520 4057 Item
1573 3994 1776 4055 forma

213 4092 640 4155 substantialis
665 4106 784 4171 per
809 4106 880 4151 se
905 4088 1110 4171 primo
1132 4088 1478 4151 instituitur
1505 4086 1587 4149 ad
1617 4087 1777 4148 dan-

215 4188 360 4251 dum
389 4204 536 4249 esse
559 4184 908 4265 composito
929 4190 994 4246 et
1013 4182 1392 4246 actuandam
1419 4181 1774 4255 materiam,

217 4290 276 4343 et
313 4280 466 4343 inde
511 4279 708 4341 habet
749 4292 930 4339 suam
965 4278 1240 4356 speciem
1283 4282 1346 4337 et
1387 4274 1769 4347 essentiam3

217 4376 380 4455 quod
413 4376 474 4436 'si
525 4374 676 4434 hine
717 4372 1214 4434 concomitanter
1243 4370 1434 4431 habet
1481 4370 1610 4429 vim
1658 4367 1778 4429 ali-

219 4484 400 4548 quam
449 4464 818 4527 immediate
869 4464 1098 4543 agendi
1151 4478 1269 4543 per
1311 4480 1378 4525 se
1427 4462 1652 4542 ipsam,
1679 4466 1774 4538 ut,

219 4562 380 4624 verbi
411 4561 644 4642 gnatia,
679 4558 956 4638 aliquam
991 4558 1394 4620 intrinsecam
1423 4557 1780 4637 proprieta-

223 4662 340 4717 tem
377 4670 496 4735 per
537 4652 974 4715 resultantium
1015 4651 1395 4723 naturalem,
1441 4654 1512 4711 ut
1555 4648 1780 4711 dicitur

225 4748 523 4829 frigiditas
541 4762 806 4807 manare
836 4762 874 4805 a
901 4744 1104 4807 forma
1135 4742 1528 4805 substantiali
1569 4760 1776 4821 aquae,

226 4841 468 4921 quando
513 4856 584 4902 se
631 4838 879 4901 reducit
904 4838 984 4899 ad
1018 4838 1288 4918 primam
1329 4835 1773 4915 frigiditatem3

227 4938 314 4999 vel
337 4942 510 4998 certe
533 4940 840 5012 tanquam
879 4932 1256 5011 principium
1285 4929 1630 5009 principale
1661 4942 1780 5008 per

227 5049 290 5092 se
327 5030 606 5091 innuens
642 5026 708 5089 in
747 5042 864 5087 suo
903 5024 1126 5086 ordine
1161 5024 1230 5084 in
1269 5024 1546 5102 aliquam
1593 5022 1782 5083 actio·

229 5142 400 5199 nem,
445 5120 772 5201 quomodo
817 5118 998 5181 multi
1039 5123 1300 5181 censent
1345 5117 1622 5179 animam
1669 5132 1784 5196 per

232 5236 398 5280 suam
425 5215 844 5279 substantiam
870 5212 1135 5275 influere
1167 5211 1234 5272 in
1269 5218 1444 5273 actus
1469 5211 1612 5271 vitae
1629 5224 1650 5287 3
1681 5208 1781 5271 vel

231 5314 278 5375 si
301 5314 574 5375 fortasse
612 5311 825 5389 aliqua
852 5309 1054 5370 forma
1091 5307 1513 5371 substantialis
1544 5312 1638 5367 est
1667 5322 1782 5385 per

233 5424 296 5469 se
338 5408 544 5486 ipsam
589 5404 791 5466 activa
835 5404 929 5465 sui
977 5402 1236 5464 similis:
1266 5402 1332 5461 in
1359 5401 1457 5475 his
1485 5398 1781 5461 omnibus

235 5496 687 5577 exemplis-vis·
705 5496 902 5559 activa
927 5512 1140 5575 neq-ue
1177 5494 1494 5575 propriam
1535 5488 1782 5573 specifi

231 5591 546 5655 tationem
593 5588 782 5655 habet
827 5608 888 5655 a·
919 5589 1027 5653 tali
1081 5592 1248 5665 actu,
1285 5599 1496 5669 neque
1545 5584 1778 5665 aliquid

3294 424 3409 486 ⁴33

1843 529 2017 591 reale
2057 526 2231 592 addit
2262 526 2384 611 ipsi
2412 524 2631 591 formae
2664 526 3079 593 substantiali.
3110 528 3206 593 Ad
3238 548 3411 594 eum·

1843 622 1991 685 dem
2018 624 2278 686 modum
2308 624 2621 705 explicare
2647 622 2819 686 soleo
2845 624 3160 703 quomodo
3187 624 3250 687 in
3282 626 3408 688 Deo

1841 716 1915 779 sit
1943 717 2223 796 potentia
2253 716 2533 779 effectiva
2562 716 2644 778 ad
2683 722 2879 791 extra,
2922 717 3161 797 absque
3200 722 3409 780 trans-

1847 810 2203 873 cendentali
2247 810 2490 885 ordine,
2518 810 2620 872 vel
2650 810 3111 889 specificatione
3156 810 3410 891 propria

1847 920 1884 964 a
1915 903 2025 965 tali
2067 909 2209 965 actu
2248 902 2347 965 vel
2382 902 2647 984 objectu,
2675 901 2847 982 quia,
2882 902 3137 981 scilicet,
3166 904 3271 965 illa
3304 922 3412 987 po-

1845 996 2042 1059 tentia
2090 1014 2219 1058 non
2266 1002 2361 1059 est
2406 996 2585 1077 quasi
2614 1015 2728 1077 per
2756 1012 2824 1058 se
2852 996 3058 1076 primo
3098 996 3299 1059 relata
3328 996 3411 1061 ad

1845 1090 2187 1169 agendum,
2228 1090 2343 1152 sed
2376 1096 2469 1152 est
2498 1091 2766 1170 ipsamet
2806 1088 3031 1151 entitas
3070 1090 3206 1165 Dei,
3241 1108 3408 1171 quae,

1843 1185 1966 1247 hoc
1994 1186 2130 1266 ipso
2158 1186 2325 1265 quod
2347 1192 2464 1265 est,
2492 1188 2672 1266 quasi
2698 1187 3190 1248 concomitanter
3216 1186 3413 1249 habet

1845 1284 2041 1341 totam
2070 1279 2241 1340 illam
2268 1279 2395 1340 vim
2437 1280 2666 1359 agendi
2707 1298 2852 1341 cum
2898 1296 3145 1340 summa
3186 1278 3411 1341 identi-

1845 1376 1995 1435 tate.
2031 1370 2397 1451 Eodemque
2432 1372 2621 1435 modo
2662 1370 3233 1452 philosophandum
3260 1388 3410 1435 cen-

1849 1482 1959 1527 seo
2008 1464 2073 1526 in
2120 1464 2548 1529 accidentibus
2563 1482 2586 1545 3
2634 1482 2782 1527 nam
2831 1464 3149 1544 quantitas
3170 1511 3185 1538 ,
3230 1464 3412 1526 verbi

1847 1560 2075 1641 gratia,
2098 1576 2211 1639 per
2234 1578 2301 1621 se
2330 1558 2532 1639 primo
2562 1566 2655 1621 est
2684 1558 2765 1621 ad
2798 1557 3264 1621 extendendum
3290 1556 3414 1619 for-

1849 1654 2099 1714 maliter
2118 1652 2532 1714 substantiam
2549 1697 2569 1727 ,
2594 1659 2655 1715 et
2678 1652 2823 1714 hinc
2850 1650 3043 1714 habet
3066 1668 3248 1713 suam
3275 1668 3415 1729 spe·

1850 1746 2047 1819 ciem;
2093 1746 2589 1807 concomitanter
2620 1762 2770 1807 vero
2802 1746 2950 1807 hinc
2982 1746 3178 1807 habet
3221 1755 3291 1811 ut
3335 1749 3413 1809 sit

1850 1839 2007 1901 ratio
2036 1838 2379 1920 recipiendi
2408 1838 2742 1919 qualitates
2766 1854 3139 1919 corporeas;
3162 1840 3283 1903 hoc
3304 1860 3415 1903 au-

1849 1938 1978 1995 tem
2005 1932 2197 2013 habet
2222 1950 2338 2013 per
2363 1950 2429 1994 se
2464 1934 2667 2013 ipsam
2698 1932 2833 1995 sine
2862 1933 2991 1994 ulla
3018 1950 3184 1994 nova
3212 1934 3451 2015 speci-'

1847 2026 2139 2089 ficatione
2171 2033 2279 2089 aut
2308 2026 2625 2089 additione
2649 2026 2914 2107 alicujus
2942 2028 3077 2101 rei,
3116 2026 3217 2089 vel
3244 2026 3415 2089 modi

1849 2121 2074 2198 realis;
2100 2124 2165 2182 et
2190 2120 2382 2196 calor,
2404 2118 2578 2182 verbi
2608 2121 2833 2201 gratia,
2860 2138 2977 2201 per
2998 2138 3065 2183 se
3094 2120 3296 2201 primo
3318 2138 3417 2185 or-

1847 2214 2121 2287 dinatur,
2155 2218 2225 2276 ut
2251 2214 2337 2275 ita
2366 2212 2658 2293 disponat
2699 2220 2761 2275 et
2798 2213 3143 2277 formaliter
3189 2214 3419 2277 afficiat

1851 2324 2037 2369 suum
2066 2306 2447 2387 subjectum,
2494 2304 2731 2369 atinde
2770 2306 2965 2369 habet
3002 2306 3324 2387 propriam
3355 2314 3418 2369 et

1853 2400 2211 2481 specificam
2239 2399 2547 2463 rationem
2571 2416 2701 2462 suae
2734 2398 3025 2475 entitatiS,
3052 2416 3129 2461 ex
3153 2400 3211 2461 vi
3238 2402 3415 2481 cujus

1853 2505 1951 2558 est
1980 2496 2169 2558 etiam
2196 2495 2437 2556 activus
2460 2496 2559 2556 sui
2584 2493 2826 2570 similiS,
2855 2494 3023 2573 quod
3053 2492 3141 2575 (ut
3170 2495 3415 2575 opiner)

1851 2608 1981 2651 non
2012 2588 2185 2650 addit
2210 2588 2269 2649 ei
2298 2586 2575 2667 aliquam
2602 2587 2837 2651 realem
2870 2588 3168 2667 speciem,
3208 2604 3419 2669 neque

1850 2683 2110 2744 modum
2144 2700 2221 2744 ex
2251 2686 2476 2743 natura
2506 2682 2596 2744 rei
2628 2680 3019 2755 distinctum;
3046 2680 3217 2760 quod
3240 2696 3421 2743 secus

1855 2776 2163 2857 contingit
2196 2776 2263 2838 in
2298 2776 2397 2837 his
2430 2776 2725 2857 potentiis
2753 2793 2893 2856 quae
2936 2794 3052 2857 per
3096 2792 3163 2837 se
3214 2776 3419 2857 primo

1856 2872 2228 2934 ordinantur
2258 2870 2339 2932 ad
2366 2868 2604 2950 aliquid
2632 2867 2951 2948 agendum
2984 2869 3149 2931 circa
3192 2867 3423 2931 extrin-

1856 2982 2002 3027 seca
2044 2961 2313 3044 objecta,
2350 2980 2501 3024 nam
2530 2962 2679 3025 inde
2708 2961 2947 3024 habent
2978 2978 3159 3023 suam
3192 2962 3423 3043 prima·

1856 3062 2018 3124 riam
2042 3058 2571 3139 specificationem
2604 3062 2667 3120 et
2688 3058 3019 3119 rationem.
3040 3058 3109 3119 In
3129 3056 3421 3137 praesenti

1856 3170 2033 3232 ergo,
2066 3170 2209 3213 cum
2242 3153 2375 3213 haec
2404 3152 2687 3231 potentia
2721 3148 3153 3213 obedientialis
3185 3168 3315 3211 non
3344 3147 3421 3211 sit

1855 3244 2147 3327 specialis
2173 3246 2400 3307 entitas
2429 3244 2510 3305 ad
2538 3244 2710 3307 hunc
2742 3244 2939 3305 finem
2973 3262 3086 3325 per
3114 3260 3181 3305 se
3214 3244 3417 3323 primo

1856 3342 2157 3413 instituta,
2188 3338 2302 3399 sed
2342 3340 2423 3402 sit
2464 3340 2655 3403 veluti
2687 3338 2956 3401 conditio
2989 3338 3279 3419 quaedam
3312 3354 3423 3399 ne-

1855 3434 2126 3497 cessario
2155 3436 2585 3496 concomitans
2620 3447 3063 3513 quamcunque
3094 3430 3419 3494 entitatem

1854 3534 2155 3599 creatam,
2182 3530 2302 3591 hoc
2322 3529 2463 3611 ipso
2496 3528 2666 3609 quod
2694 3528 2757 3588 in
2793 3544 2907 3588 sua
2936 3532 3182 3599 natura,
3212 3525 3313 3587 vel
3341 3522 3425 3585 ad

1855 3642 2040 3685 sunm
2068 3622 2451 3705 peculiarem
2484 3620 2681 3683 finem
2710 3620 3090 3695 instituitur,
3130 3634 3261 3679 non
3312 3634 3425 3697 po-

1855 3721 1975 3779 test
2018 3734 2154 3777 esse
2183 3712 2419 3795 aliquid
2449 3734 2527 3776 ex
2554 3720 2780 3776 natura
2822 3712 2926 3775 rei·
2953 3710 3312 3775 distinctum
3342 3710 3423 3771 ab

1857 3810 2115 3873 entitate
2158 3810 2274 3882 rei,
2317 3813 2381 3871 et
2418 3825 2673 3869 sumens
2700 3805 2889 3869 aliam
2915 3804 3237 3886 propriam
3283 3820 3423 3884 spe-

1856 3905 2017 3966 ciem
2052 3922 2129 3966 ex
2176 3904 2282 3965 tali
2328 3908 2499 3978 actu,
2530 3916 2643 3964 seu
2694 3917 2772 3965 ex
2814 3898 3189 3963 habitudine
3226 3894 3309 3959 ad
3350 3896 3425 3957 il·

1857 3999 2012 4060 lum.

1935 4092 2038 4154 68.
2084 4088 2369 4155 Potentia
2424 4087 2840 4153 obedientialis
2868 4098 3011 4149 'non
3056 4088 3145 4148 est
3189 4084 3429 4167 aliquid

1856 4182 2341 4263 supernaturale.
2377 4215 2458 4230 —
2482 4183 2684 4258 Atque
2734 4178 2882 4241 hinc
2930 4182 3170 4241 constat
3218 4178 3423 4259 primo

1857 4279 2023 4339 hanc
2040 4276 2386 4356 potentiam
2403 4274 2911 4349 obedientialem,
2934 4290 3073 4352 quai
3105 4278 3199 4335 cst
3224 4272 3291 4335 in
3314 4290 3428 4333 ua-

1859 4368 2165 4434 turalihus
2194 4371 2464 4445 entibus„
2488 4385 2618 4429 non
2651 4384 2837 4449 posse
2883 4384 3020 4429 esse
3064 4364 3427 4429 facultatem

1861 4464 2137 4543 aliquam
2168 4462 2713 4545 supernaturalem
2742 4460 2957 4524 talium
2989 4461 3251 4537 entium,
3278 4458 3426 4539 quia

1862 4558 2015 4619 alias
2038 4557 2463 4619 necessarium
2489 4560 2655 4618 esset
2682 4554 3031 4635 intelligere
3060 4549 3425 4635 hujusmodi

1861 4650 2225 4714 facultatem
2252 4655 2325 4709 ut
2351 4644 2779 4727 aliquomodo
2817 4644 3171 4709 distinctam
3200 4644 3281 4705 ab
3316 4660 3427 4703 en-

1864 4745 2037 4808 titate
2082 4742 2265 4822 cujus
2309 4747 2405 4803 est
2450 4742 2734 4803 facultas·
2772 4740 2846 4803 Et
2872 4738 2993 4801 hoc
3026 4738 3217 4801 etiarn
3259 4737 3426 4797 bene

1861 4836 2237 4899 confirmant
2262 4834 2536 4897 rationes
2566 4832 2891 4897 dubitandi
2923 4850 3110 4913 supra
3138 4830 3427 4893 adductae

1859 4930 1926 4991 in
1955 4928 2235 4991 favorem
2264 4928 2453 5007 hujus
2480 4928 2697 5009 partis,
2730 4928 2949 4989 Posset
2991 4929 3205 4987 autem
3241 4940 3428 4986 exco-

1862 5022 2043 5102 gitari
2072 5020 2232 5083 alius
2252 5020 2479 5083 modus
2508 5038 2632 5100 quo
2660 5020 2793 5082 haec
2821 5019 3101 5101 potentia
3131 5032 3430 5099 superna·

1863 5115 2079 5179 taralis
2110 5114 2209 5189 sit,
2240 5106 2368 5176 non
2396 5130 2511 5195 per
2532 5112 2926 5175 additionem
2974 5116 3037 5174 et
3081 5108 3429 5172 distinctio-

1860 5226 2009 5271 nem
2044 5226 2082 5270 a
2110 5206 2382 5269 naturali
2412 5206 2696 5281 entitate,
2729 5206 2841 5267 sed
2879 5223 2991 5286 per
3034 5202 3428 5309 conjunctio-

1860 5321 2009 5365 nem
2032 5302 2263 5384 gradus
2280 5300 2591 5362 inferioris
2610 5316 2755 5362 cum
2774 5296 3081 5379 superiori
3107 5296 3171 5354 in
3202 5291 3427 5353 eadem

1862 5396 2123 5458 eutitate
2152 5390 2511 5457 indivisibili
2550 5392 2897 5455 secundum
2942 5406 3099 5463 rem,
3132 5382 3425 5445 divisibili

1862 5495 2076 5551 autem
2130 5486 2477 5549 secundnm
2539 5486 2849 5547 rationem
2903 5498 3016 5563 per
3084 5478 3426 5553 conceptus

1861 5580 2147 5664 praecisos
2196 5598 2309 5642 seu
2359 5578 2791 5659 inadaeqnatos
2832 5576 2895 5635 in
2926 5570 3157 5653 reipsa
3200 5562 3426 5632 funda·
