3892 6167
1277 374 1602 433 mamm.
1631 374 1809 431 xxxl.
1842 374 2015 429 SBGT.
2046 374 2132 429 lx.

120 470 378 545 stantiae,
407 471 513 537 vel
551 473 762 537 carnis
801 477 1026 539 creata
1069 476 1208 541 sine
1252 480 1376 543 alia
1419 480 1666 541 actione

117 562 270 639 ejuS,
299 573 508 642 posset
535 569 682 646 poni
717 569 1000 633 divinum
1037 570 1394 650 imperium.
1421 573 1486 636 Si
1517 590 1666 633 vero

115 655 212 716 illa
249 656 550 721 intimatio
591 662 790 723 divini
811 664 1057 743 imperii
1095 666 1176 727 sit
1203 684 1352 727 vera
1393 666 1661 741 effectiO,

115 758 172 811 et
199 755 480 817 executio
505 757 704 837 ipsius
733 761 1230 839 supernaturalis
1253 762 1533 836 effectae,
1559 780 1666 841 pe·

111 844 252 906 titur
279 848 692 929 principinm;
739 870 888 913 nam
917 853 1088 933 quod
1129 854 1504 934 inquirimus
1524 901 1540 929 ‚
1569 860 1664 919 est

109 956 214 999 cur
239 940 322 1003 ad
349 943 470 1004 hoc
503 942 585 1003 sit
613 945 878 1006 omnino
905 949 1264 1009 necessaria
1295 949 1494 1024 actia,
1525 966 1664 1028 quae

109 1030 254 1093 alias
281 1035 438 1097 nihil
468 1035 548 1097 de
577 1055 648 1099 se
677 1038 919 1101 confert
948 1039 1030 1101 ad
1050 1040 1364 1103 effectum.

185 1128 244 1187 3.
273 1129 562 1193 Primum
587 1149 776 1213 oenus
821 1134 1356 1201 instrumentorum
1409 1140 1664 1201 natura·

129 1224 330 1287 lium-et
355 1226 1228 1300 artificialium—Terminus
1254 1232 1512 1295 actium
1533 1232 1657 1293 ins-

139 1318 392 1379 trumenti
427 1319 787 1395 artificialis
799 1325 888 1385 est
906 1326 1104 1385 motus
1129 1322 1366 1395 localis,
1381 1330 1438 1389 ct
1457 1324 1662 1387 termi-

136 1428 226 1471 nus
252 1410 588 1487 qiam—Ut
615 1428 766 1493 ergo
793 1413 1040 1475 axioma
1071 1415 1252 1489 illud,
1283 1423 1348 1479 et
1375 1422 1502 1478 tota
1527 1417 1660 1479 haec

133 1503 360 1563 materia
379 1504 679 1567 radicitus
693 1506 1100 1588 intelligatur,
1119 1509 1548 1590 incipiendum
1567 1514 1662 1571 est

131 1596 194 1657 ab
221 1598 648 1661 instrumentis
671 1606 914 1663 naturoe
943 1601 1046 1663 vel
1071 1604 1248 1679 artis,
1285 1622 1422 1683 quae
1451 1603 1664 1665 omnia

123 1690 192 1751 ad
205 1692 310 1751 tria
321 1710 556 1771 genera
571 1710 796 1757 revoca
803 1696 852 1756 ri
869 1703 1154 1773 possunt.
1167 1697 1446 1759 Primum
1461 1716 1664 1777 genus

121 1784 666 1849 instrumentorum
703 1796 822 1863 est,
871 1806 1012 1869 quse
1043 1808 1157 1873 per
1203 1792 1516 1855 actionem
1545 1794 1664 1857 sibi

117 1880 580 1943 connaturalem
605 1882 881 1944 efficiunt
899 1884 1174 1963 aliquem
1205 1888 1518 1961 effectum,
1551 1888 1662 1968 qui

115 1980 202 2033 est
249 1972 591 2052 dispositi0,
623 1994 736 2037 seu
781 1976 878 2038 via
907 1978 1197 2057 quaedam
1248 1980 1330 2042 ad
1367 1982 1660 2043 effectum

117 2066 462 2147 principalis
487 2070 772 2149 agentis;
803 2070 888 2132 ad
913 2089 1104 2151 quem
1137 2078 1348 2135 tamen
1377 2075 1442 2136 in
1471 2093 1538 2137 se
1567 2077 1660 2156 ip·

127 2177 252 2221 sum
301 2178 428 2223 non
477 2162 727 2243 attingit
754 2163 1244 2228 instrumentum
1285 2184 1398 2247 per
1425 2186 1660 2231 novam

123 2254 435 2327 actionem,
463 2254 576 2317 sed
605 2257 706 2319 vel
735 2259 1100 2320 naturaliter
1145 2261 1426 2338 resultat,
1459 2262 1660 2342 posita

115 2346 292 2425 priori
320 2348 590 2425 actione,
615 2350 713 2410 vel
734 2351 870 2411 sola
883 2352 1110 2414 virtute
1131 2360 1192 2415 et
1223 2355 1468 2417 actione
1497 2374 1662 2417 nova

115 2439 461 2519 principalis
488 2444 736 2524 agentis
784 2444 1068 2509 efficitur.
1119 2448 1490 2529 Exemplum
1524 2449 1662 2512 dari

115 2539 306 2609 potest
333 2532 398 2593 in
415 2538 806 2601 naturalibus
834 2539 1283 2617 instrumentis,
1300 2544 1480 2621 juxta
1499 2544 1664 2605 mul-

125 2630 307 2686 torum
328 2628 718 2706 probabilem
750 2633 1134 2711 opinionem,
1150 2635 1219 2695 in
1243 2636 1448 2698 calore
1472 2638 1656 2716 ignis„

127 2720 208 2779 vel
240 2720 516 2795 viventis,
549 2741 676 2802 quo
721 2724 1042 2807 dispositio
1075 2728 1342 2790 efficitur
1369 2730 1434 2791 in
1457 2737 1658 2793 mate-

117 2812 198 2871 ria
227 2814 304 2875 ad
333 2815 855 2881 introductionem
894 2820 1112 2883 formoe
1153 2822 1348 2903 ignis',
1381 2826 1479 2887 vel
1525 2844 1658 2887 car·

117 2906 228 2981 nis,
257 2908 391 2988 ipsa
419 2928 566 2973 vero
589 2909 792 2975 forma
832 2914 1258 2977 substantialis
1287 2920 1570 2997 proxime
1595 2925 1658 2981 et

117 2999 174 3059 in
205 3019 270 3063 se
297 3022 426 3063 non
462 3002 792 3083 attingitur
821 3024 936 3069 seu
963 3008 1384 3071 introducitur
1409 3030 1524 3091 per
1553 3031 1658 3075 ca·

115 3094 322 3157 iorem.
343 3098 526 3161 Juxta
557 3099 722 3163 hanc
743 3100 914 3163 enim
941 3104 1340 3179 sententiam,
1367 3105 1538 3168 calor
1562 3126 1658 3169 so·

117 3188 236 3251 lum
289 3191 512 3255 dicitur
569 3194 1076 3272 instrumentum,
1120 3198 1266 3277 quia
1307 3198 1416 3260 illo
1462 3200 1658 3262 utitur

121 3284 442 3365 principale
467 3306 690 3369 agens,
725 3296 796 3351 ut
841 3308 1027 3351 suum
1067 3291 1321 3355 tandem
1365 3294 1653 3356 effectum

127 3376 402 3457 perficiat,
427 3383 712 3461 quamvis
743 3384 1024 3463 proxime
1059 3390 1120 3447 et
1147 3384 1510 3449 immediate
1527 3406 1656 3449 non

132 3472 366 3555 attingat
391 3474 558 3539 calor
605 3476 774 3537 illam
817 3478 1130 3539 actionem
1160 3497 1286 3558 qua
1314 3481 1654 3561 principale

129 3582 299 3643 agens
323 3569 658 3632 introducit
686 3569 974 3633 ultimam
1001 3579 1066 3634 et
1095 3574 1506 3655 principalem
1529 3574 1655 3637 for·

127 3676 276 3721 mam
301 3662 360 3722 in
397 3662 622 3727 effectu
651 3664 978 3727 intentam.
1005 3666 1212 3743 Miud,
1241 3674 1307 3729 et
1329 3668 1532 3748 magis
1563 3670 1654 3731 in·

139 3752 448 3819 dubitatum
500 3759 860 3839 exemplum
925 3760 1150 3823 horum
1203 3761 1656 3825 instrumento-

151 3864 264 3906 rum
287 3852 455 3913 estin
492 3852 942 3929 artificialibuS,
967 3872 1116 3915 nam
1171 3862 1298 3917 tota
1339 3857 1500 3917 actio
1535 3858 1658 3919 ins·

149 3946 560 4007 trumentorum
588 3946 738 4009 artis
757 3966 870 4027 per
895 3966 962 4009 se
989 3950 1363 4011 terminatur
1389 3951 1455 4011 in
1480 3956 1656 4015 motu

145 4032 292 4097 locali
319 4046 376 4101 et
402 4041 672 4103 termino
697 4042 854 4121 ejuS‚
889 4060 966 4105 ex
1005 4060 1132 4122 quo
1169 4042 1432 4107 resultat
1453 4046 1658 4109 forma

149 4129 268 4191 artis
293 4132 412 4195 sine
437 4152 604 4195 nova
634 4134 878 4197 actione
911 4135 1333 4199 instrumenti.
1369 4137 1544 4211 Quod
1563 4138 1657 4201 fa-

151 4220 238 4285 cile
279 4225 650 4309 intelligetur
703 4228 1112 4292 discurrendo
1179 4249 1296 4311 per
1363 4232 1648 4313 singula3

153 4317 384 4393 quaedam
408 4322 580 4385 enim
607 4339 686 4383 ex
715 4321 816 4383 his
845 4322 1276 4385 instrumentis
1299 4323 1662 4389 deserviunt

151 4406 208 4467 ad
227 4412 644 4493 expellendum
663 4414 836 4477 aliud
863 4434 1090 4495 corpus
1111 4434 1146 4477 a
1174 4416 1312 4479 loco
1343 4436 1480 4495 suo,
1503 4426 1572 4481 nt
1593 4421 1658 4481 in

149 4518 282 4565 serra
304 4506 510 4571 videre
543 4506 720 4579 licet;
753 4508 906 4571 dum
935 4509 1104 4571 enim
1147 4508 1288 4591 ipsa
1315 4510 1660 4573 introduci-

151 4600 224 4657 tur
247 4598 392 4661 iuter
413 4607 626 4682 partes
655 4602 809 4682 ligni
856 4602 1028 4681 quod
1071 4620 1188 4683 per
1214 4622 1354 4665 eam
1385 4612 1654 4683 secatur,

154 4697 197 4751 et
215 4697 682 4777 occupatlocum
711 4697 886 4759 illum
908 4698 1208 4775 medium,
1240 4699 1322 4761 ab
1344 4718 1418 4761 eo
1449 4702 1660 4780 expel-

151 4784 202 4845 lit
223 4796 398 4867 partes
443 4791 602 4869 ligni
645 4809 783 4871 quae
812 4791 992 4853 illum
1019 4791 1340 4871 replebant
1357 4808 1380 4873 3
1407 4794 1663 4873 expellit

157 4888 317 4943 autem
337 4902 462 4946 non
493 4890 740 4945 tantum
761 4884 826 4945 in
858 4902 1092 4965 genere
1121 4903 1326 4947 causa}
1350 4886 1653 4965 formalis,

155 4979 204 5031 ut
219 4977 426 5053 putavit
453 4979 700 5051 Scotusa,
737 4978 850 5039 sed
877 4979 1070 5039 etiam
1093 4980 1160 5039 in
1191 4996 1424 5059 genere
1453 4998 1657 5043 causoe

160 5065 428 5133 efficientis
457 5078 523 5134 et
559 5070 966 5153 impellentia,
995 5071 1143 5151 quia
1187 5090 1301 5153 per
1342 5072 1514 5133 illam
1557 5090 1657 5135 ac-

161 5156 342 5225 tionem
367 5184 494 5227 non
513 5164 717 5227 solum
747 5164 818 5229 fit
837 5172 905 5229 ut
931 5184 1159 5247 corpus
1185 5166 1510 5247 expulsum
1551 5186 1661 5230 ca-

163 5260 260 5315 reat
281 5274 382 5319 sno
403 5259 566 5335 loco,
595 5256 709 5320 sed
734 5260 924 5321 etiam
973 5266 1042 5323 ut
1091 5260 1172 5322 ad
1215 5262 1406 5323 alium
1443 5262 1656 5323 locum

165 5340 478 5428 impellatur,
518 5352 690 5433 quod
743 5370 872 5415 non
905 5352 978 5413 fit
1032 5354 1166 5417 sine
1202 5354 1482 5415 motione
1529 5356 1656 5417 effi·

167 5450 338 5507 (lente.

223 5535 268 5594 4.
307 5539 428 5601 Alia
463 5544 608 5605 sunt
629 5541 1044 5605 instrumenta
1065 5542 1252 5619 artis,
1279 5558 1418 5621 quse
1447 5540 1651 5605 solum

3190 378 3307 439 ¹59

1750 475 2115 537 deserviunt
2145 472 2229 535 ad
2246 471 2657 537 deferendum
2674 490 2926 555 corpus,
2942 482 3005 541 et
3030 482 3207 559 quasi
3238 483 3307 543 in

1745 570 1918 631 varia
1931 569 2069 629 loca
2086 564 2609 639 distribuendum,
2628 578 2697 630 ut
2714 570 3115 646 calamus,vel
3130 575 3307 653 peni-

1745 663 1957 737 cillus;
1990 662 2111 722 alia
2134 661 2407 740 denique
2440 678 2551 741 per
2584 668 2967 739 contactum,
2993 666 3091 727 vel
3134 668 3308 731 colli·

1743 754 1986 817 sionem
2006 772 2363 833 corporum,
2376 761 2619 815 motum
2634 755 2935 829 efficiunt,
2952 766 3023 821 ut
3040 764 3213 837 patet
3238 761 3305 823 in

1743 846 1881 928 lyra
1906 849 2009 909 vel
2028 846 2339 927 cymbala,
2363 854 2423 909 et
2442 847 2611 911 idem
2636 852 2732 911 est
2756 848 2833 911 de
2862 853 3119 915 caeteris.
3149 853 3305 915 Con·

1745 948 1866 1004 stat
1881 960 2031 1021 ergo
2058 942 2416 1005 inductione
2439 943 2603 1005 facta
2626 944 2939 1007 actionem
2964 948 3191 1009 horum
3214 950 3306 1011 in·

1745 1042 2237 1098 strumentorum
2254 1043 2447 1099 totam
2465 1038 2805 1101 consistere
2820 1040 2883 1101 in
2902 1048 3076 1103 motu
3094 1041 3301 1117 locali,

1741 1136 1802 1191 et
1828 1130 2097 1191 termino
2127 1131 2287 1209 eine,
2308 1130 2529 1193 etinde
2550 1132 2861 1194 resultare
2888 1135 3181 1197 effectum
3206 1134 3305 1197 in-

1741 1228 1987 1285 tentum
2018 1224 2153 1285 sine
2176 1242 2341 1285 nova
2366 1225 2615 1287 actione
2642 1226 3079 1303 instrumenti;
3108 1236 3181 1291 ut
3228 1229 3305 1291 fi-

1742 1334 1926 1397 gura,
1951 1335 2027 1377 ex
2054 1316 2165 1377 tali
2184 1317 2305 1379 situ
2336 1318 2607 1396 partium
2636 1320 2939 1397 corporis,
2958 1322 3057 1383 vel
3082 1341 3303 1397 sonus,

1741 1428 1822 1471 ex
1838 1410 1946 1473 tali
1967 1410 2236 1473 naturali
2260 1412 2561 1491 qualitate
2582 1430 2915 1493 corporum
2942 1434 3011 1479 se
3042 1422 3305 1497 tangen-

1742 1503 1924 1577 tium,
1970 1508 2035 1565 et
2071 1504 2161 1565 sic
2216 1505 2295 1565 de
2330 1506 2603 1585 reliquis.
2654 1508 2733 1567 Et
2784 1508 2945 1571 ratio
2989 1510 3303 1589 generalis

1741 1596 1920 1657 reddi
1986 1601 2215 1677 potest,
2264 1598 2413 1677 quia
2452 1598 2583 1661 hoec
2622 1600 3036 1663 instrumenta
3098 1604 3305 1665 solum

1746 1696 2089 1770 operantur
2110 1696 2423 1770 quatenus
2464 1692 2753 1754 substant
2778 1696 3043 1757 motioni
3086 1697 3305 1759 huma·

1741 1802 1840 1845 nae
1867 1784 2155 1860 virtutis3
2187 1785 2377 1847 homo
2430 1792 2643 1847 autem
2682 1786 2753 1848 in
2798 1788 3165 1867 corporibus
3202 1809 3303 1853 so·

1740 1878 1874 1939 lum
1921 1883 2128 1959 potest
2178 1880 2427 1942 efficere
2456 1888 2695 1943 motum
2730 1882 3013 1957 localem,
3046 1885 3145 1945 vel
3186 1885 3302 1946 im-

1741 1972 2015 2052 primere
2051 1974 2357 2053 impetum
2392 1975 2500 2053 qui
2525 1976 2605 2037 sit
2634 1976 3011 2057 principium
3045 1979 3203 2059 ejus,
3238 1985 3302 2042 et

1739 2066 1884 2127 ideo
1911 2066 2115 2127 solum
2170 2066 2253 2128 ad
2298 2068 2468 2129 hunc
2496 2069 2785 2130 effectum
2838 2076 3045 2149 potest
3079 2072 3302 2134 imme-

1741 2160 1908 2222 diate
1937 2178 2193 2221 movere
2222 2162 2359 2222 haec
2380 2162 2813 2237 instrumenta,
2832 2170 2899 2225 ut
2926 2164 3077 2225 inde
3100 2164 3301 2227 forma

1741 2256 1955 2335 aliqua
1995 2256 2335 2317 artificialis
2378 2274 2489 2319 seu
2550 2258 2757 2339 figura
2801 2261 3083 2325 resultet.
3130 2262 3301 2335 Quo·-

1741 2350 1908 2411 circa
1959 2350 2038 2411 de
2096 2351 2219 2411 hoc
2267 2356 2399 2413 toto
2460 2368 2693 2431 genere
2740 2354 3299 2417 instrumentorum

1739 2460 1886 2505 vere
1915 2441 2165 2519 dicitur,
2196 2462 2325 2504 non
2352 2446 2585 2505 assumi
2634 2445 2715 2507 ad
2758 2448 3158 2511 efficiendum
3208 2448 3301 2511 ef-

1739 2536 1974 2599 fectum
1996 2556 2033 2598 a
2065 2537 2395 2619 principali
2422 2546 2653 2619 agente
2678 2539 3012 2619 intentum,
3048 2544 3167 2605 nisi
3186 2562 3300 2624 per

1741 2631 2061 2710 propriam
2134 2632 2447 2693 actionem
2502 2634 2796 2712 praeviam
2814 2651 2837 2713 3
2884 2637 3035 2714 quin
3094 2638 3299 2717 potius

1739 2742 1958 2785 verum
2000 2725 2189 2785 etiam
2234 2730 2351 2799 est,
2384 2725 2533 2787 talia
2589 2724 3005 2791 instrumenta
3056 2730 3297 2793 nullam

1739 2818 1928 2879 aliam
1984 2818 2219 2880 habere
2258 2818 2571 2881 actionem
2610 2818 2775 2883 circa
2814 2821 3181 2901 huiusmodi
3210 2824 3299 2887 ef·

1737 2910 1994 2987 fectum,
2028 2913 2147 2973 nisi
2204 2912 2369 2975 hanc
2415 2914 2757 2993 propriam,
2792 2926 3081 2997 respectu
3115 2919 3297 2999 cujus

1739 3022 1866 3065 non
1894 3010 2027 3067 tam
2056 3010 2205 3067 sunt
2232 3008 2651 3069 instrumenta
2680 3027 2867 3088 quam
2922 3012 3299 3093 principales

1737 3099 2019 3173 virtutes,
2046 3099 2209 3161 sicut
2236 3107 2331 3161 est
2352 3101 2525 3163 calor
2564 3102 2647 3163 ad
2682 3103 3203 3181 calefaciendum,
3234 3113 3297 3171 et

1738 3210 1908 3255 serra
1941 3193 2025 3254 ad
2070 3192 2485 3257 scindendum
2512 3213 2627 3259 seu
2657 3198 3097 3276 expellendum
3126 3201 3299 3264 aliud

1736 3304 1967 3366 corpus
1994 3305 2031 3347 a
2062 3306 2175 3350 suo
2204 3287 2363 3349 loce.
2388 3290 2457 3349 In
2478 3290 2699 3351 ordine
2722 3310 2873 3354 vero
2890 3294 2975 3355 ad
3000 3296 3297 3359 effectum

1736 3381 2099 3461 principalis
2136 3383 2405 3462 agentis,
2441 3382 2735 3444 dicuntur
2762 3386 2897 3447 haec
2922 3388 3297 3453 instrumen-

1732 3479 1796 3534 ta
1829 3492 1940 3553 per
1970 3475 2309 3553 quamdam
2362 3475 2795 3539 habitudinem
2822 3486 2891 3541 et
2926 3482 3295 3543 subordina-

1733 3568 1981 3629 tionem
2004 3567 2088 3629 ad
2120 3567 2463 3647 principale
2492 3586 2714 3648 agens,
2754 3588 2897 3649 quae
2951 3590 3079 3635 non
3122 3574 3297 3637 addit

1735 3678 1966 3723 novam
2024 3661 2456 3735 efficientiam,
2496 3664 2611 3723 sed
2658 3662 3027 3727 relationem
3072 3684 3295 3745 quam-

1735 3755 1882 3815 dam
1901 3754 2003 3818 vel
2026 3754 2437 3817 extrinsecam
2454 3755 3054 3821 denominationem.
3078 3762 3298 3823 Divina

1737 3854 1951 3911 autem
1998 3847 2417 3909 instrumenta
2462 3868 2593 3909 non
2620 3858 2883 3929 possunt
2926 3854 2989 3913 in
3036 3853 3157 3915 hoc
3186 3873 3295 3935 ge·

1739 3960 1892 4003 nere
1920 3941 2233 4015 collocari,
2263 3942 2413 4020 quia
2438 3943 2677 4005 nullam
2710 3946 3181 4025 dispositionem
3206 3956 3297 4013 at-

1737 4036 1988 4115 tingunt
2028 4055 2105 4099 ex
2152 4054 2277 4117 qua
2322 4038 2585 4101 resultet
2636 4038 2893 4103 aflectus
2934 4044 3295 4123 principalis

1737 4130 1979 4211 agentis
2012 4148 2090 4193 ex
2117 4131 2175 4193 vi
2204 4131 2345 4193 talis
2372 4130 2814 4212 dispositionis,
2834 4140 2902 4197 ut
2930 4152 3043 4215 per
3068 4154 3135 4199 se
3160 4154 3296 4199 ma·

1735 4224 2035 4285 nifestum
2052 4229 2171 4301 est,
2211 4230 2274 4285 et
2292 4222 2537 4288 constat
2564 4228 2717 4289 satis
2740 4246 2817 4291 ex
2838 4230 3081 4293 ratione
3110 4229 3295 4293 dubi-

1741 4318 1920 4379 tandi
1966 4319 2029 4379 in
2080 4318 2389 4399 principio
2454 4319 2643 4399 hujus
2698 4322 2989 4385 sectionis
3052 4325 3293 4403 posita;

1741 4412 1911 4491 quia,
1945 4410 2014 4473 ss
2028 4411 2171 4473 talis
2194 4412 2519 4491 dispositio
2548 4415 2855 4477 naturalis
2880 4423 2993 4488 est,
3023 4434 3155 4478 non
3185 4436 3295 4497 po-

1740 4509 1860 4567 test
1891 4522 1969 4567 ex
2032 4522 2107 4567 ea
2166 4507 2521 4569 necessario
2570 4507 2875 4571 resultare
2906 4510 3163 4571 effectus
3192 4530 3295 4573 su-

1739 4599 2181 4679 pernaturalis,
2220 4616 2299 4661 ex
2326 4607 2553 4661 natura
2586 4602 2675 4662 rei
2705 4602 3055 4681 loquend03
3101 4604 3154 4665 si
3180 4622 3295 4665 au-

1739 4699 1868 4754 tem
1891 4691 2219 4773 dispositio
2277 4692 2412 4773 ipsa
2464 4696 2957 4775 supernaturalis
3004 4703 3121 4772 est,
3166 4716 3296 4761 non

1739 4794 1946 4868 potest
1974 4786 2107 4847 fieri
2138 4786 2221 4848 ab
2247 4788 2665 4860 instrumento
2708 4806 2789 4855 ex
2824 4792 3079 4871 propria
3106 4800 3297 4855 natu·-

1739 4880 1856 4941 rali
1876 4881 2106 4941 virtute
2132 4887 2195 4943 et
2222 4882 2524 4943 efficacia.
2562 4883 2647 4943 Ex
2676 4883 2797 4945 hoc
2824 4902 2975 4963 ergo
2994 4887 3201 4965 capite
3230 4886 3296 4947 iu

1737 4974 1836 5036 bis
1865 4975 2301 5037 instrumentis
2334 4977 2497 5037 actio
2520 4976 2753 5055 praevia
2782 4994 2901 5039 nec
2926 4980 3289 5058 requiritur,

1737 5086 1856 5129 nec
1883 5068 2145 5147 intelligi
2178 5074 2400 5147 potest.
2823 5068 2856 5105 ⁸

1819 5166 1878 5225 5.
1930 5161 2277 5227 Secundum
2310 5182 2497 5247 penus
2523 5164 3295 5230 instrummtorwn.-—Se-

1737 5256 2017 5318 cundum
2048 5274 2251 5336 genus
2274 5257 2835 5321 instrumentorum
2861 5264 2975 5335 est,
3008 5276 3149 5337 quae
3180 5278 3295 5339 per

1733 5352 1974 5413 realem
2023 5354 2335 5415 actionem
2382 5352 2743 5415 immediate
2800 5354 3115 5433 attingunt
3152 5356 3296 5414 ulti-

1736 5464 1910 5507 mum
1954 5446 2248 5509 effectum
2296 5446 2657 5525 principalis
2712 5448 2953 5529 agentis
3000 5448 3137 5509 sine
3166 5448 3291 5509 alio

1735 5540 1999 5615 influxu,
2030 5541 2133 5601 vel
2156 5556 2465 5603 concursu
2508 5542 2762 5620 proprio
2799 5542 2997 5620 ipsius
3045 5544 3291 5621 agentis
