3892 6167
1374 420 1695 477 mst‘urn'.
1732 420 1901 473 xxvi.
1938 420 2108 475 SECT.
2145 420 2184 473 l.

162 523 365 587 sionis
388 520 755 585 includitur.
772 521 901 582 Nec
930 538 1075 585 vero
1116 520 1243 583 haec
1285 520 1421 583 sola
1460 521 1737 585 conditio

159 616 401 681 suflicit
428 615 513 677 ad
544 615 862 678 rationem
902 611 1510 693 comprehensionis,
1552 613 1741 677 ahso-

160 710 299 771 lute
322 707 689 790 loquend03
733 717 889 769 uam
910 705 1081 769 beati
1106 712 1499 786 cognoscunt
1522 706 1739 771 omnia

160 801 513 883 praedicata
533 800 765 881 quaein
788 800 991 861 Deum
1012 799 1415 873 conveniunt,
1436 798 1613 863 illum
1636 805 1739 861 ta·

1818 536 2054 599 genere
2079 518 2264 596 entis,
2289 536 2399 583 seu
2415 519 2482 581 in
2505 524 2636 583 tota
2661 518 2990 583 latitudine
3019 518 3378 601 intelligen-

1818 612 2000 686 tium,
2055 618 2116 675 et
2160 612 2292 676 haec
2339 612 2586 676 videtur
2641 630 2780 676 esse
2853 612 3052 675 altera
3097 612 3376 695 acceptio

1818 706 2422 787 comprehensionis,
2467 724 2660 787 quam
2711 705 3074 769 Nominales
3103 713 3374 787 penum.

1818 800 1943 863 Sed
1973 806 2068 863 est
2119 800 2486 881 impropria,
2539 807 2604 864 et
2657 799 2850 881 gratis
2892 799 3184 875 conficta,
3229 818 3378 863 nam

166 913 315 959 men
338 912 479 957 non
505 892 1073 975 comprehendunt,
1101 892 1223 955 nisi
1250 892 1453 974 primo
1481 892 1589 955 illo
1606 892 1737 957 lato
1813 892 1992 973 juxta
2020 892 2196 957 illam
2223 894 2356 956 sola
2383 893 2500 957 Dei
2521 894 2794 975 cognitio
2825 900 2924 956 est
2963 894 3380 975 comprehen-

172 989 381 1053 mcdo.
412 988 621 1069 Major
648 994 919 1069 negatur
944 1005 985 1049 a
1010 986 1191 1051 dictis
1212 986 1607 1061 auctoribus3
1633 1004 1741 1051 ex·

170 1083 375 1145 istimo
394 1088 621 1145 autem
648 1096 787 1141 esse
814 1078 1227 1156 verissimam,
1253 1077 1403 1159 quia
1430 1096 1559 1143 non
1580 1096 1741 1159 proe·

163 1176 463 1239 dicantur
506 1175 591 1237 de
630 1175 765 1237 Deo
792 1173 913 1237 nisi
958 1190 1099 1254 quae
1133 1173 1481 1237 formaliter
1526 1173 1597 1235 in
1629 1174 1739 1237 illo

161 1270 613 1350 reperiuntur3
644 1266 820 1331 beati
847 1272 1061 1329 autem
1082 1265 1303 1329 vident
1325 1264 1397 1329 in
1436 1266 1567 1329 Deo
1608 1283 1741 1329 om-

160 1364 271 1425 nia
302 1380 453 1445 qum
476 1361 826 1425 formaliter
846 1361 1083 1425 suntin
1106 1360 1271 1441 ipso.
1300 1360 1393 1423 De
1418 1359 1557 1423 aliis
1588 1360 1743 1423 duo·

160 1456 293 1519 bus
312 1454 651 1533 memhris,
682 1472 823 1535 quae
856 1454 1005 1519 dicti
1028 1460 1319 1519 auctores
1346 1460 1611 1534 ponunt,
1648 1452 1743 1517 di-

160 1556 351 1613 cetur
374 1550 447 1613 in
472 1554 785 1628 sequeme
810 1549 1233 1613 distinctione.

246 1648 312 1707 5.
362 1642 529 1717 Quot
567 1642 687 1707 alii
726 1646 1096 1723 acceptiones
1134 1644 1469 1724 aeciam.
1506 1674 1591 1691 —-·
1620 1640 1741 1707 Alii

161 1753 327 1817 ergo
377 1735 675 1799 videntur
727 1734 1043 1816 duplicem
1110 1737 1743 1817 comprehensionem

162 1828 597 1909 distinguere.
646 1829 783 1891 Una
826 1828 951 1890 dici
1002 1833 1212 1909 potest
1254 1828 1739 1909 comprehensio

162 1924 511 1985 extensive
540 1928 813 1997 tantum,
850 1921 975 1984 alia
1000 1938 1153 1983 vero
1190 1922 1513 1985 extensive.
1534 1928 1599 1987 et
1646 1922 1743 1984 in·

162 2016 425 2079 tensiva
454 2015 669 2078 simul.
714 2016 863 2079 Haec
906 2015 1155 2079 videtur
1194 2016 1389 2079 fuisse
1432 2017 1741 2081 sententia

162 2110 547 2185 (induti-cdi,
578 2108 867 2182 Quodlih.
898 2110 965 2185 6,
994 2126 1057 2188 q.
1078 2110 1139 2184 3,
1162 2115 1231 2171 nt
1256 2110 1525 2173 sumitur
1549 2128 1629 2171 ex
1640 2111 1741 2173 his

166 2220 317 2283 quae
335 2202 423 2263 de
434 2201 755 2263 illorefert
766 2200 947 2281 capr.
953 2246 977 2279 ‚
998 2201 1064 2263 in
1078 2202 1141 2275 4,
1158 2201 1222 2263 d.
1246 2203 1349 2274 49,
1367 2219 1433 2281 q.
1448 2202 1559 2265 ult.
1565 2246 1587 2280 ,
1602 2223 1663 2267 a.
1678 2206 1743 2279 2,

168 2302 544 2377 argument.
589 2297 655 2357 4.
707 2294 1199 2374 comprehensio
1236 2300 1449 2357 autem
1485 2295 1747 2359 intensi-

172 2409 251 2451 va
282 2394 642 2465 tantum,et
668 2405 799 2453 non
826 2387 1170 2463 extensiva,
1196 2406 1325 2449 non
1344 2388 1569 2465 datur;
1594 2390 1745 2470 quia

178 2483 233 2545 si
254 2482 537 2563 cognitio
562 2480 757 2543 habet
772 2486 969 2543 totam
991 2480 1443 2561 perfectionem
1486 2482 1747 2545 intensi·

180 2594 345 2650 vam,
375 2592 525 2655 quae
548 2580 757 2655 potest
777 2574 1001 2637 haberi
1028 2574 1193 2637 circa
1245 2574 1371 2637 tale
1400 2574 1741 2655 objectum,

176 2668 317 2733 fieri
351 2687 489 2729 non
516 2672 726 2750 potest
775 2668 929 2749 quin
975 2667 1131 2729 illud
1184 2669 1504 2731 extensive
1558 2668 1745 2733 etiam

172 2761 707 2843 comprehendat,
732 2762 881 2841 quia
908 2760 1205 2840 cognitio,
1236 2778 1363 2841 quo
1416 2767 1514 2825 est
1538 2761 1749 2825 inten-

176 2858 313 2925 sive
340 2857 711 2937 perfectior,
760 2874 865 2933 eo,
910 2853 1149 2919 caeteris
1196 2856 1481 2935 paribus,
1542 2856 1749 2937 magis

176 2954 479 3033 penetrat
510 2948 851 3031 objectum,
882 2953 945 3011 et
971 2949 1141 3029 quod
1160 2949 1227 3011 in
1270 2949 1382 3011 illo
1406 2955 1525 3013 est.
1572 2950 1751 3011 Com·

176 3044 529 3123 prehensio
558 3062 713 3125 ergo
734 3043 1059 3107 extensive.
1083 3043 1313 3107 dicitur
1340 3044 1445 3105 illa
1472 3044 1747 3125 cognitio

178 3156 311 3217 qua
339 3138 749 3219 cognoscitur
776 3137 1117 3217 objectum,
1144 3142 1209 3201 et
1233 3134 1540 3217 quidquid
1565 3137 1753 3201 inille

181 3238 285 3293 est
336 3231 695 3295 formaliter
774 3230 877 3291 vel
918 3230 1269 3293 eminenter
1294 3249 1313 3304 ς
1346 3236 1537 3309 atque
1592 3231 1753 3295 adeo

179 3326 304 3388 erit
324 3326 435 3387 illa
461 3324 765 3407 cognitio,
788 3342 915 3404 qua
934 3324 1273 3404 objectum,
1306 3329 1373 3387 et
1392 3323 1596 3387 omnis
1617 3342 1753 3386 mo·

182 3418 307 3481 dus
329 3420 499 3499 ejus,
530 3424 594 3481 et
614 3418 925 3499 quidquid
942 3417 1012 3479 in
1039 3416 1147 3479 ino
1179 3416 1473 3497 cognosci
1518 3423 1747 3497 potest,

182 3524 633 3598 cognoscatur.
659 3518 873 3581 Potest
905 3522 1119 3579 autem
1142 3521 1277 3579 tota
1312 3516 1451 3579 haeo
1476 3516 1749 3596 cognitio

184 3613 267 3675 de
296 3613 551 3693 objecto
577 3612 798 3675 haberi
828 3629 975 3674 cnm
1000 3611 1231 3691 majori
1254 3611 1355 3674 vel
1376 3611 1603 3673 minori
1628 3611 1754 3673 cla·

184 3707 377 3769 ritate
404 3712 521 3767 aut
554 3704 937 3779 intensione,
970 3722 1084 3765 seu
1128 3704 1513 3784 perfectione
1552 3705 1755 3767 inten-

186 3800 364 3875 siva;
400 3801 659 3881 quando
688 3818 841 3880 ergo
884 3797 1157 3877 cognitio
1218 3796 1511 3861 habuerit
1558 3805 1756 3861 totam

188 3895 369 3957 illam
397 3894 856 3970 extensionem,
880 3910 1013 3955 non
1040 3897 1255 3953 tamen
1274 3908 1531 3953 omnem
1576 3890 1759 3955 clari-

188 3994 411 4063 tatem,
426 3986 533 4051 vel
548 3986 921 4053 intensivam
946 3984 1401 4067 perfectionem
1426 4002 1619 4067 quam
1644 3987 1759 4047 ha·

188 4082 344 4145 bere
362 4088 595 4161 potest,
628 4081 875 4145 dicetur
914 4079 1193 4160 cognitio
1236 4079 1757 4160 comprehensiva

192 4183 441 4239 tantum
462 4176 807 4249 extensive,
839 4174 989 4255 quia
1033 4173 1103 4233 in
1152 4172 1519 4235 extensione
1564 4172 1759 4235 habet

192 4273 394 4333 totum
420 4268 597 4349 qnod
624 4268 863 4331 hahere
888 4272 1117 4347 potest,
1162 4272 1231 4328 et
1280 4266 1571 4329 exhaurit
1591 4282 1755 4341 rem,

192 4362 259 4423 in
284 4363 647 4425 intensione
674 4379 825 4425 vero
861 4378 987 4425 non
1018 4360 1189 4421 item.
1220 4359 1425 4435 Unde,
1460 4358 1634 4439 quod
1664 4370 1757 4420 ta·

194 4456 269 4519 lis
296 4456 577 4535 cognitio
604 4456 685 4517 sit
738 4454 953 4535 aliquo
1000 4452 1193 4515 modo
1244 4450 1753 4532 comprehensio,

196 4549 447 4611 videtur
472 4548 731 4612 evidens
740 4564 821 4611 ex
840 4548 1151 4621 terminis,
1168 4552 1235 4609 et
1261 4564 1298 4609 a
1314 4545 1557 4609 fortiori
1579 4550 1757 4624 pate-

194 4642 291 4705 bit
314 4661 396 4705 cx
414 4642 703 4705 dicendis
722 4660 743 4721 3
764 4660 851 4707 an
875 4660 1027 4705 vero
1052 4641 1135 4703 sit
1182 4640 1549 4721 simpliciter
1588 4657 1755 4702 com·

196 4736 561 4816 prehensio,
584 4736 687 4799 vel
712 4740 951 4799 tantum
998 4734 1347 4797 secundum
1374 4733 1551 4813 quid,
1598 4732 1754 4796 illud

198 4834 404 4908 potest
423 4828 491 4891 in
536 4828 955 4908 quaestionem
1004 4827 1186 4903 verti,
1234 4826 1315 4889 de
1344 4842 1471 4905 quo
1519 4828 1750 4890 statim.

200 4918 463 4992 Quando
493 4938 647 4999 ergo
696 4922 969 5001 cognitio
1016 4919 1305 4983 hahuerit
1354 4919 1547 4981 etiam
1583 4936 1758 4981 sum·

200 5032 369 5075 mam
394 5012 771 5089 claritatem,
802 5021 867 5077 et
883 5012 1263 5078 intensivum
1280 5012 1755 5093 perfectionem,

204 5107 441 5171 dicetur
468 5108 949 5189 comprehensio
976 5108 1295 5171 extensive
1328 5110 1393 5169 et
1422 5106 1757 5181 intensiva,

206 5207 383 5283 atque
412 5200 578 5263 adeo
609 5200 1091 5281 comprehensio
1120 5200 1488 5280 simpliciter
1516 5199 1759 5279 absque

204 5295 649 5359 controversia.
668 5294 792 5357 Sed
810 5299 907 5357 est
920 5294 1021 5357 hic
1036 5292 1589 5369 considerandum,
1606 5292 1757 5354 duc·

205 5386 311 5451 hus
341 5388 551 5451 modis
578 5405 768 5469 posse
790 5386 1079 5467 intelligi,
1116 5386 1541 5466 cognitionem
1572 5404 1761 5449 exac-

208 5482 415 5545 tamin
455 5480 856 5557 extensione,
902 5497 1043 5543 esse
1087 5480 1281 5543 etiam
1334 5496 1647 5543 summam
1691 5478 1757 5543 in

206 5575 587 5655 perfectione
602 5573 939 5642 intensiva.
985 5574 1123 5639 Uno
1151 5572 1341 5641 modo
1368 5572 1655 5639 absolute
1690 5572 1759 5637 in

1818 988 1911 1053 sio
1934 995 2226 1071 respectu
2251 989 2688 1070 cuiuscunque
2717 989 2968 1070 objecti,
2995 988 3176 1051 etita
3207 990 3380 1053 nulla

1817 1098 1920 1144 res
1953 1081 2074 1143 erit
2089 1082 2674 1163 comprehensibilis
2699 1082 2784 1145 ab
2803 1081 2926 1143 alio
2953 1098 3148 1161 quam
3169 1084 3377 1157 aDeo,

1819 1174 1992 1255 quod
2013 1174 2346 1237 ridiculum
2375 1183 2494 1239 est.
2527 1176 2796 1257 Sequela
2817 1180 3008 1255 patet,
3039 1174 3192 1255 quia
3209 1174 3382 1237 solus

1821 1268 1986 1331 Deus
2011 1274 2220 1349 potest
2251 1270 2486 1333 habere
2515 1270 2596 1331 de
2634 1286 3010 1351 quacunque
3049 1288 3120 1331 re
3165 1268 3386 1349 cogni-

1818 1360 2060 1423 tionem
2088 1379 2334 1424 summe
2375 1362 2722 1442 perfectam
2757 1362 2824 1423 in
2877 1361 3190 1426 intensiva
3240 1380 3386 1443 per-

1820 1454 2134 1534 fectione;
2163 1472 2338 1537 ergo,
2373 1456 2432 1517 si
2452 1456 2574 1518 hoc
2597 1462 2692 1518 est
2718 1458 3144 1519 necessarium
3171 1454 3255 1519 ad
3281 1474 3384 1518 ra-

1822 1546 2062 1611 tionem
2105 1549 2688 1629 comprehensionis
2745 1550 3116 1631 simpliciter
3145 1596 3160 1624 ,
3209 1549 3386 1613 nulle

1821 1647 1921 1703 est
1949 1642 2216 1722 alicujus
2259 1643 2354 1705 rei
2398 1643 2904 1723 comprehensio,
2940 1642 3062 1705 nisi
3099 1642 3234 1705 sola
3281 1658 3386 1703 co·

1820 1734 2019 1814 gnitio
2047 1735 2184 1799 Dei.
2219 1736 2356 1798 Alio
2386 1736 2576 1798 modo
2604 1741 2814 1817 potest
2835 1734 2903 1799 id
2929 1735 3194 1817 intelligi
3246 1753 3385 1798 res-

1820 1828 2068 1909 pective
2087 1876 2102 1903 ,
2167 1848 2284 1892 seu
2343 1829 2816 1911 proportionate
2839 1875 2856 1905 ,
2915 1830 3214 1892 nimirum
3247 1874 3266 1905 ,
3315 1832 3387 1891 ut

1820 1928 2060 2003 quanta
2087 1928 2184 1987 est
2211 1922 2521 1987 intensiva
2543 1923 2848 2003 perfectio
2891 1922 3122 2005 objecti
3149 1920 3388 2002 cogniti

1820 2016 1887 2077 in
1909 2016 2158 2079 ratione
2187 2017 2623 2097 intelligibilis,
2649 2020 2826 2079 tanta
2851 2016 2934 2079 sit
2954 2015 3252 2097 perfectio
3279 2032 3387 2077 co-

1824 2110 2208 2190 gnoscentis,
2241 2117 2313 2173 ut
2335 2112 2448 2185 sic,
2493 2129 2610 2174 seu
2639 2110 3016 2191 cognitionis
3049 2110 3116 2171 in
3138 2109 3384 2171 ratione

1824 2204 2301 2279 intellectionis;
2350 2210 2414 2269 et
2429 2205 2580 2285 quia
2605 2207 2776 2267 Deus
2804 2210 2901 2267 est
2947 2204 3266 2283 objectum
3295 2200 3388 2263 in-

1826 2298 2152 2379 telligibile
2197 2298 2444 2363 infinite
2497 2299 2848 2379 perfectum
2879 2298 3186 2364 intensive
3213 2339 3234 2371 ,
3279 2295 3386 2357 illa

1827 2392 1964 2455 sola
1993 2393 2074 2455 sit
2089 2392 2570 2473 comprehensio
2588 2392 2900 2455 intensiva
2919 2392 3082 2472 ejus,
3103 2410 3244 2471 quae
3267 2392 3390 2457 ha·-

1826 2484 2034 2547 buerit
2072 2485 2380 2548 infinitam
2421 2486 2771 2549 claritatem
2795 2488 2858 2547 et
2883 2484 3334 2565 perfectionem
3362 2500 3386 2564 3

1826 2585 1891 2643 et
1918 2579 2010 2643 sic
2033 2580 2118 2642 de
2143 2580 2284 2643 aliis
2311 2579 2808 2659 proportionata.

1906 2680 1968 2739 6.
2011 2676 2200 2737 Juxta
2227 2675 2391 2737 hanc
2413 2690 2566 2755 ergo
2591 2672 3390 2755 distinctionem,adquoes·

1830 2768 2066 2831 tionem
2103 2767 2495 2847 propositam
2545 2767 2664 2831 erit
2709 2768 2898 2829 etiam
2961 2768 3080 2831 suh
3129 2768 3390 2833 distinc-

1828 2860 1998 2923 tione
2050 2860 2564 2941 respondendum
2599 2879 2618 2934 ς
2671 2878 2823 2923 nam
2851 2860 2934 2923 ad
2977 2862 3388 2943 comprehen-

1830 2955 2072 3017 sionem
2087 2954 2494 3028 extensivam‚
2543 2956 2976 3017 necessarium
3015 2956 3134 3019 erit
3161 2962 3226 3019 et
3251 2955 3388 3017 suf·

1832 3049 2024 3124 ficiet,
2053 3066 2438 3131 cognoscere
2459 3049 2672 3111 omnia
2699 3066 2844 3128 quae
2881 3050 2946 3111 in
2971 3049 3219 3129 objecto
3237 3068 3390 3111 con-

1832 3141 2145 3217 tinentur3
2179 3142 2262 3204 ad
2290 3143 2922 3223 comprehensionem
2951 3162 3102 3206 vero
3131 3142 3390 3206 intensi·

1830 3254 2000 3311 vam,
2029 3236 2192 3299 ultra
2220 3236 2288 3298 id
2307 3236 2666 3314 requiretur
2691 3242 2762 3299 ut
2793 3254 2870 3299 ea
2893 3236 3104 3299 omnia
3131 3252 3392 3317 cognos-

1832 3335 2080 3407 cantur,
2105 3334 2416 3410 quantum
2441 3329 2566 3393 tale
2609 3330 2930 3410 objectum
2970 3328 3392 3411 cognoscibile

1832 3429 1953 3498 est,
1981 3422 2180 3497 idest,
2211 3440 2354 3485 cum
2380 3428 2512 3487 tota
2541 3440 2620 3485 ea
2662 3422 2943 3486 claritate
2971 3428 3042 3485 et
3065 3420 3393 3503 perfectio·

1830 3534 1915 3579 ne
1944 3516 2276 3593 intensiva,
2302 3533 2495 3596 quam
2521 3532 2604 3579 ex
2631 3522 2860 3579 natura
2899 3534 3014 3577 sua
3039 3513 3300 3597 requirit
3323 3521 3396 3576 ut

1834 3612 2052 3673 exacte
2081 3614 2517 3689 cognoscatur.
2537 3610 2718 3685 Quod
2745 3611 2800 3671 si
2817 3610 3104 3673 absolute
3131 3626 3395 3689 respon-

1834 3703 2114 3766 dendum
2139 3710 2260 3779 est,
2283 3688 2549 3784 utraque
2581 3703 2862 3767 conditio
2905 3703 3154 3765 dicetur
3179 3718 3396 3765 neceb

1835 3796 2000 3861 saria
2023 3796 2105 3859 ad
2153 3796 2782 3876 comprehensionem
2825 3795 3212 3877 simpliciter,
3244 3794 3396 3875 quia

1836 3889 2318 3971 comprehensio
2340 3890 2490 3952 dicit
2518 3888 2911 3970 adaequatam
2957 3888 3054 3951 rei
3083 3888 3395 3969 cognitio-

1837 4002 2023 4061 nem;
2055 3990 2186 4045 no‘n
2229 3988 2325 4046 est
2380 3989 2592 4047 autem
2641 3984 2972 4063 adaequata
3009 3981 3394 4063 simpliciter,

1835 4078 1960 4141 nisi
1983 4079 2052 4139 in
2071 4078 2432 4141 intensione
2473 4083 2538 4140 et
2559 4076 2840 4139 claritate
2868 4076 3102 4139 habeat
3127 4092 3396 4158 propor-

1836 4172 2074 4233 tionem
2101 4176 2164 4235 et
2192 4170 2876 4234 commensurationem
2919 4188 3066 4233 cum
3091 4188 3162 4235 re
3187 4188 3206 4243 ;
3243 4186 3395 4250 ergo

1838 4282 2050 4345 neque
2077 4265 2196 4329 erit
2237 4264 2718 4346 comprehensio
2759 4263 3145 4345 simpliciter.
3193 4260 3400 4325 Minor

1836 4358 2151 4439 colligitur
2179 4376 2258 4422 ex
2290 4359 2365 4419 D.
2389 4360 2630 4421 Thema
2663 4356 2790 4434 hic,
2813 4362 2934 4419 art.
2963 4361 3028 4432 2,
3079 4353 3162 4416 ad
3195 4356 3258 4430 3,
3287 4352 3394 4415 uhi

1836 4451 2006 4525 dicit,
2065 4452 2482 4533 quantitatem
2539 4449 2916 4532 cognitionis
2979 4466 3112 4512 non
3155 4445 3394 4510 attendi

1834 4551 2080 4607 tantum
2105 4564 2184 4609 ex
2211 4563 2478 4609 numero
2528 4542 2866 4616 scibilium,
2907 4542 3022 4605 sed
3077 4540 3270 4603 etiam
3315 4557 3396 4601 ex

1837 4639 2162 4713 claritate;
2199 4641 2352 4702 etin
2379 4637 2609 4701 eodem
2651 4654 2846 4699 sensu
2883 4634 3130 4697 videtur
3183 4632 3395 4697 dicere

1834 4732 1962 4807 hic,
1991 4738 2110 4794 art.
2139 4735 2200 4808 1,
2218 4732 2302 4794 ad
2317 4734 2460 4807 1,et
2480 4732 2510 4793 1
2537 4746 2631 4809 p.,
2656 4747 2720 4809 q.
2746 4731 2846 4804 12,
2871 4733 2987 4791 art.
3010 4729 3110 4803 10,
3128 4725 3209 4790 ad
3225 4742 3396 4789 com-

1834 4824 2326 4905 prehensionem
2349 4840 2478 4885 non
2503 4822 2655 4885 satis
2694 4838 2834 4885 esse
2883 4836 3264 4901 cognoscere
3305 4825 3398 4882 to·

1836 4928 1972 4979 tum
1999 4917 2338 4997 objectum,
2366 4916 2478 4979 sed
2507 4915 2936 4979 necessarium
2957 4930 3098 4977 esse
3133 4930 3396 4993 cognos-

1838 5028 1986 5073 cere
2008 5012 2305 5073 totaliter.
2337 5010 2498 5082 Quid
2537 5012 2749 5071 autem
2773 5008 2858 5069 sit
2889 5022 3272 5086 cognoscere
3301 5012 3396 5068 to-

1839 5104 2066 5182 taliter,
2102 5104 2398 5179 declarat,
2431 5102 2668 5165 docens
2707 5118 2834 5163 non
2855 5117 2997 5163 esse
3047 5100 3398 5180 intelligen-

1839 5196 1992 5259 dum
2021 5216 2100 5259 ex
2121 5203 2298 5277 parte
2327 5196 2584 5274 objecti,
2614 5194 2676 5257 id
2697 5200 2816 5269 est,
2847 5194 2994 5274 quia
3021 5193 3178 5255 nihil
3205 5195 3268 5255 in
3297 5194 3400 5275 ip-

1843 5309 1915 5355 so
1942 5292 2170 5365 lateat3
2205 5308 2351 5353 nam
2381 5290 2504 5351 hoc
2534 5288 2722 5351 habet
2757 5288 3031 5367 cognitio
3061 5306 3187 5369 qua
3215 5287 3400 5349 abso-

1838 5384 1971 5449 lute
1999 5384 2252 5449 videtur
2281 5388 2484 5447 totum
2513 5382 2852 5462 objectum,
2877 5381 2965 5443 ita
2999 5386 3072 5443 ut
3101 5380 3278 5443 nulla
3301 5397 3402 5443 ra-

1837 5479 1925 5541 tio
1954 5478 2094 5559 ejus
2118 5495 2246 5539 non
2273 5476 2582 5549 videntum
2615 5473 2728 5537 sed
2753 5471 3236 5552 intelligendum
3259 5490 3400 5537 esee

1840 5572 1927 5639 ait
1953 5590 2032 5639 ex
2055 5577 2232 5653 parte
2261 5570 2460 5648 modi,
2485 5568 2738 5647 scilicet,
2768 5572 2991 5631 uttam
3011 5565 3286 5647 perfecte
3309 5566 3402 5630 vi-
