3892 6167
1349 385 1668 441 msruur.
1705 385 1825 439 xm.
1861 385 2029 438 sacr.
2066 385 2126 440 n.
2240 443 2253 456 ‚

149 499 216 558 D.
243 495 464 558 Thom.
488 495 558 554 9..
593 497 653 565 2,
697 508 758 570 q.
795 495 854 564 2,
887 509 944 551 n.
993 493 1054 563 7,
1085 487 1488 568 probabiliter
1515 486 1700 549 elicui

154 589 338 652 Adam
353 585 969 666 fuissejustificatum
987 584 1052 644 in
1061 583 1186 644 fide
1197 581 1416 644 Christi
1429 580 1697 652 venturi,

153 691 209 744 et
233 684 294 744 in
331 697 444 761 spe
481 682 853 742 meritorum
881 678 1042 758 ejus.
1079 677 1228 749 Ques
1257 675 1566 738 sententia
1608 680 1702 736 est

153 778 328 840 etiam
347 774 540 836 vaide
559 777 985 836 consentanea
1005 767 1702 849 ordinipraedestinatio-

153 873 240 932 nis
273 867 523 943 Christi,
565 884 758 947 quem
808 865 896 927 ibi
949 863 1396 945 explicuimns;
1431 863 1702 941 pertinet

151 966 324 1026 etiam
344 961 425 1024 ad
443 960 678 1022 Christi
699 959 1030 1033 honorem,
1051 957 1270 1018 etideo
1285 955 1434 1016 mihi
1457 973 1702 1035 semper

151 1057 335 1136 magis
361 1053 696 1134 probanda
716 1051 980 1114 videtur.
1007 1049 1322 1130 obiiciunt
1345 1057 1551 1110 autem
1583 1049 1700 1109 ali-

153 1152 269 1231 qui,
290 1147 547 1228 quodin
567 1147 810 1209 Christo
821 1145 1066 1207 nullum
1081 1145 1196 1206 fuit
1217 1145 1511 1206 meritum
1531 1142 1704 1222 quod

153 1261 266 1306 non
289 1242 669 1326 spectaverit
707 1239 791 1302 ad
829 1244 1108 1301 nostram
1157 1237 1694 1318 redemptionem;

156 1357 288 1418 ergo
313 1335 560 1398 nullum
597 1334 712 1396 fnit
749 1331 922 1414 quod
949 1333 1192 1394 Adamo
1231 1331 1300 1394 in
1329 1335 1496 1393 statu
1521 1331 1700 1392 inno·

157 1433 354 1496 centias
381 1429 686 1510 prodesse
713 1426 1009 1507 potnerit.
1049 1423 1486 1505 Respondetur
1524 1426 1700 1484 ante-

155 1526 366 1588 cedens
391 1539 537 1584 esse
567 1521 754 1582 valde
773 1519 1206 1600 aequivocum3
1239 1535 1402 1578 uuus
1431 1517 1600 1580 enim
1623 1516 1700 1577 il-

154 1622 260 1682 lius
275 1633 494 1680 sensns
503 1631 650 1678 esse
661 1619 882 1692 potest,
905 1612 971 1672 in
983 1612 1224 1674 Christo
1241 1611 1482 1672 nullum
1503 1609 1697 1670 fuisse

157 1718 342 1773 actum
381 1707 806 1781 meritorium,
839 1706 948 1787 qui
973 1705 1056 1768 ad
1083 1710 1362 1767 nostram
1409 1701 1700 1781 redemp-

157 1807 368 1866 tionem
391 1819 524 1864 non
549 1800 882 1882 profuerit,
913 1799 1368 1878 ordinatusque
1397 1798 1606 1869 tuerit,
1641 1803 1704 1858 et

157 1899 234 1960 sic
261 1903 350 1958 est
385 1911 614 1958 verum
663 1893 1064 1967 antecedens,
1095 1891 1210 1954 sed
1253 1891 1702 1969 consequentia

159 1991 328 2066 mala,
356 1989 508 2070 qnia
533 1987 744 2070 potuit
763 1986 934 2049 idem
960 1989 1138 2050 actus
1164 2001 1304 2048 esse
1335 1985 1507 2048 utilis
1533 1983 1702 2046 etad

161 2083 668 2164 redemptionem,
699 2086 764 2144 et
785 2079 869 2142 ad
893 2080 1052 2141 alios
1080 2080 1358 2143 effectus.
1388 2081 1560 2141 Alter
1601 2093 1701 2140 er-

164 2198 232 2258 go
257 2193 472 2239 sensus
497 2181 626 2253 est,
655 2173 902 2236 nullum
925 2173 1122 2236 fuisse
1141 2173 1207 2235 in
1227 2173 1468 2235 Christo
1488 2178 1702 2234 actum

161 2271 554 2344 meritorium,
593 2268 719 2330 nisi
769 2285 883 2348 per
917 2267 1179 2328 modum
1223 2265 1698 2347 redemptionis,

163 2381 260 2426 seu
289 2363 365 2424 ad
387 2363 596 2424 solam
623 2359 1147 2442 reticulptionem,
1179 2365 1242 2422 et
1273 2361 1340 2422 in
1363 2362 1484 2423 hoc
1511 2377 1701 2420 seusu

163 2463 244 2518 est
281 2457 530 2518 omnino
579 2454 744 2516 falsa
795 2455 1176 2535 propositio;
1229 2471 1380 2515 nam
1431 2457 1700 2530 constat,

163 2549 444 2613 Christum
457 2547 582 2610 sibi
607 2548 730 2628 ipsi
749 2549 1054 2610 meruisse
1071 2551 1136 2608 et
1160 2563 1285 2609 non
1313 2565 1430 2628 per
1447 2547 1702 2609 modum

167 2642 634 2722 redemptionis3
673 2647 920 2704 constat
939 2641 1130 2705 etiam
1157 2643 1226 2703 in
1252 2641 1531 2721 quolibet
1560 2645 1705 2701 actu

167 2733 354 2797 Christi
369 2735 562 2798 fnisse
577 2736 858 2797 valorem
873 2737 958 2797 ad
967 2742 1164 2799 totam
1177 2735 1702 2814 redemptionem,

169 2835 221 2890 et
245 2829 320 2892 ad
343 2830 498 2891 aiios
537 2830 826 2892 effeetus.
861 2830 1126 2894 mtimns
1155 2845 1378 2891 sensns
1405 2829 1570 2889 illius
1597 2845 1706 2889 an-

171 2924 478 2986 tecedentis
503 2939 652 2986 esse
671 2929 896 3004 potest,
921 2923 1168 2986 nullum
1179 2923 1370 2984 fuisse
1383 2922 1450 2984 in
1463 2921 1704 2986 Christo

169 3014 454 3094 meritum,
478 3015 660 3098 quod
685 3035 812 3078 non
849 3017 1042 3079 fuerit
1070 3017 1364 3098 primario
1410 3015 1704 3098 proeordi·

169 3118 355 3173 natum
379 3119 648 3193 propter
689 3111 1220 3191 redemptionem,
1256 3116 1317 3172 et
1343 3107 1706 3190 dependen-

171 3209 252 3264 ter
277 3207 352 3266 ab
374 3207 501 3280 iila,
536 3221 660 3265 seu
703 3204 1034 3266 occasione
1081 3203 1271 3279 itlius,
1299 3209 1364 3264 et
1385 3202 1528 3274 hoe,
1561 3201 1706 3262 licet

169 3298 460 3375 probabile
509 3299 622 3370 sit,
672 3313 798 3358 non
831 3303 1042 3359 tamen
1087 3313 1331 3370 verum,
1379 3311 1524 3356 mea
1569 3293 1706 3373 qni·

171 3391 294 3452 dem
320 3392 654 3465 sententia,
677 3394 749 3451 ut
777 3391 940 3453 eirca
969 3395 1086 3453 art.
1115 3392 1178 3464 2,
1212 3394 1430 3470 qnaest.
1461 3391 1523 3462 1,
1555 3387 1705 3448 satis

175 3488 484 3546 tractatum·
503 3490 628 3546 est.

773 3669 997 3724 SECTIO
1025 3671 1088 3724 lt.

186 3787 341 3848 [trum
391 3793 662 3852 meruerit
713 3791 957 3849 Christus
997 3791 1150 3850 nobz‘s
1198 3790 1585 3866 dispositiones
1637 3789 1708 3846 ad

207 3877 434 3949 qratiam,
466 3895 570 3936 seu
600 3893 824 3935 suornm
859 3879 1188 3935 meritorum
1224 3877 1671 3952 applicationem.

252 4047 294 4104 l.
319 4046 454 4108 Hoee
477 4045 746 4124 queastio
772 4045 1024 4125 proprie
1048 4049 1144 4108 est
1174 4044 1254 4106 de
1281 4045 1504 4106 merito
1532 4045 1704 4106 Chri-

179 4135 238 4196 sti
264 4139 456 4216 quoad
481 4139 858 4215 efficaciam,
887 4145 950 4201 et
967 4141 1065 4200 est
1095 4137 1276 4201 valde
1300 4143 1704 4200 controversa

179 4228 314 4290 iuter
336 4231 707 4296 Catholicos.
743 4232 1002 4294 Duobus
1052 4233 1220 4294 enim
1265 4231 1468 4294 modis
1508 4231 1708 4312 appli-

181 4329 366 4385 cantur
401 4325 586 4387 nobis
633 4325 854 4388 merita
903 4325 1160 4388 Christi:
1217 4345 1342 4388 uno
1371 4325 1584 4401 mode,
1627 4343 1704 4387 ex

184 4429 340 4492 opere
359 4425 641 4498 operato,
695 4424 770 4480 ut
811 4419 1072 4499 parvulo
1124 4435 1238 4500 per
1279 4420 1696 4500 baptismum;

186 4507 284 4569 alio
301 4513 504 4592 modo,
536 4509 751 4573 media
773 4511 1186 4593 dispositione
1213 4512 1314 4575 vel
1337 4513 1704 4594 operatione

188 4606 486 4682 operantis,
519 4610 593 4666 ut
621 4603 836 4666 adulto
858 4623 972 4684 per
997 4605 1456 4668 contritionem.
1485 4607 1706 4668 Dicunt

189 4707 312 4774 ergo
327 4699 506 4780 aliqui
528 4699 840 4761 meruisse
861 4699 1170 4761 Christum
1187 4707 1256 4762 ut
1279 4701 1540 4780 parvulo
1551 4701 1708 4780 hap-

191 4785 343 4851 tizato
367 4792 550 4854 detur
563 4792 788 4873 gratim
807 4792 978 4870 qnod
999 4799 1212 4856 autem
1239 4794 1532 4873 parvulus
1557 4794 1709 4874 bap-

190 4879 397 4960 tizetur,
423 4903 553 4948 non
585 4900 722 4948 esse
745 4904 822 4948 ex
844 4886 1084 4948 meritis
1109 4887 1368 4961 Christi;
1404 4893 1464 4950 et
1493 4889 1710 4951 simili-

195 4976 270 5033 ter
292 4981 582 5042 meruisse
609 4979 923 5040 Christum
953 4985 1022 5041 ut
1047 4979 1286 5040 homini
1319 4981 1584 5042 contrito
1609 4997 1706 5042 re-

193 5067 432 5133 mittatur
473 5077 840 5154 peccatum3
899 5073 1070 5152 quod
1119 5079 1332 5136 autem
1387 5073 1472 5134 illi
1523 5074 1710 5136 detur

195 5163 453 5227 auxilium
481 5168 702 5228 efficax
719 5184 848 5247 qno
867 5172 1251 5243 conteratur,
1277 5167 1398 5230 hoc
1415 5183 1544 5228 non
1567 5182 1706 5230 esse

195 5265 256 5312 cx
279 5261 494 5321 meritis
521 5260 763 5322 Christi.
799 5259 911 5320 Cui
931 5262 1253 5323 sententies
1281 5261 1528 5323 videtur
1543 5259 1710 5322 mul-

197 5347 304 5406 tum
327 5349 526 5416 favere
553 5355 628 5414 D.
659 5351 936 5414 Thomas
963 5352 1088 5430 hic,
1120 5355 1427 5416 solutione
1479 5353 1560 5414 ad
1587 5359 1709 5416 ter·

197 5435 342 5504 tium.
385 5447 532 5508 Cum
575 5447 744 5508 enim
771 5446 1201 5527 proposuisset
1237 5451 1703 5528 argumentum,

201 5533 474 5615 qnodl'cre
501 5547 599 5602 est
627 5539 1106 5603 fundamentum
1135 5540 1444 5622 capreoli,
1475 5545 1538 5602 et
1563 5539 1710 5602 alio-

3222 385 3341 446 3:33

1783 503 1924 548 rum
1958 487 2065 567 qni
2094 487 2259 549 hanc
2293 487 2665 550 sententiam
2693 496 3061 568 sequuntur,
3091 487 3344 564 scilicet,

1782 581 1954 658 quia,
2008 581 2057 640 si
2116 581 2393 642 Christus
2436 579 2665 643 meruit
2705 581 2887 642 nobis
2934 581 3227 654 salntem,
3264 581 3345 644 de

1779 673 2020 752 justitia
2046 674 2233 734 nobis
2252 675 2513 738 daretur
2538 674 2763 754 gratia,
2787 681 2852 737 et
2880 692 3003 736 non
3038 675 3251 754 gratis,
3281 681 3346 737 et

1781 767 2013 848 injuste
2040 767 2222 830 fieret
2252 785 2396 830 cum
2427 767 2524 828 his
2555 766 2782 847 quibus
2808 785 2936 828 non
2976 768 3193 842 datur,
3216 787 3345 830 res·-

1779 861 2019 941 pondet
2046 863 2308 942 gratiam
2335 880 2464 922 non
2492 861 2630 923 dari
2674 861 2794 923 nisi
2828 861 2903 922 iis
2935 863 3039 940 qui
3072 879 3343 944 regene-

1779 961 2003 1016 rantur
2022 956 2085 1016 in
2113 955 2375 1032 Christe,
2410 955 2529 1016 hoc
2557 961 2769 1017 autem
2796 953 3000 1034 ipsum
3031 975 3169 1018 esse
3202 973 3345 1036 gra-

1785 1047 1902 1118 tim.
1939 1049 2131 1128 quod,
2178 1049 2431 1122 scilicet,
2476 1048 2713 1109 homini
2761 1047 3143 1110 concedatur
3168 1067 3345 1130 rege-

1781 1143 1998 1204 nerari
2022 1143 2085 1202 in
2106 1143 2371 1216 Christo,
2402 1149 2467 1203 et
2491 1141 2611 1202 hoc
2638 1139 2827 1202 modo
2858 1141 3125 1202 salutem
3144 1141 3344 1204 homi·

1781 1236 1882 1298 nis
1911 1253 2053 1298 esse
2094 1253 2171 1298 ex
2198 1237 2419 1318 gratia.
2444 1235 2635 1314 Cujus
2662 1235 2985 1297 solutionis
3005 1253 3250 1312 sensns,
3272 1241 3345 1296 ut

1783 1333 2159 1412 argumento
2198 1329 2558 1403 satisfaciat,
2591 1347 2729 1391 esse
2772 1329 3041 1402 videtur,
3066 1329 3343 1410 applica-

1781 1423 2021 1486 tionem
2072 1423 2447 1485 sacramenti
2494 1441 2625 1484 non
2654 1421 2789 1484 dari
2818 1441 2895 1483 ex
2924 1422 3188 1502 justitia,
3230 1424 3346 1486 sed

1784 1517 2000 1597 gratie,
2050 1525 2113 1580 et
2141 1517 2203 1578 in
2234 1517 2355 1578 hoc
2378 1519 2739 1590 consistere,
2775 1517 2944 1597 quod
2981 1517 3341 1596 justificatio

1783 1619 1997 1674 nostra
2026 1613 2219 1692 gratis
2244 1611 2382 1689 fiat,
2412 1629 2541 1674 non
2571 1613 2773 1674 solum
2796 1619 3082 1692 respectu
3119 1613 3342 1686 nostri,

1783 1706 1896 1768 sed
1925 1708 2118 1769 etiam
2146 1713 2432 1787 respectu
2462 1705 2721 1783 Christi3
2744 1725 2893 1786 ergo
2934 1725 3009 1770 ex
3030 1708 3345 1769 sententia

1784 1801 1854 1862 D.
1886 1801 2106 1862 Thom.
2138 1819 2268 1862 non
2296 1789 2527 1862 meruit
2552 1801 2831 1863 Christus
2858 1799 3039 1861 nobis
3074 1799 3345 1880 applica-

1783 1893 2023 1956 tionem
2054 1913 2310 1956 suorum
2352 1895 2743 1956 meritorum.
2786 1894 3089 1956 Eamdcm
3113 1891 3346 1954 doctri-

1781 2005 1932 2050 nam
1962 1989 2158 2052 habet
2181 1991 2251 2052 D.
2292 1989 2540 2064 Thom.,
2580 2006 2643 2068 q.
2674 1991 2754 2053 29
2781 1987 2861 2050 de
2888 1987 3189 2063 veritate,
3221 1993 3341 2048 art.

1785 2085 1844 2158 7,
1877 2081 1959 2144 ad
1986 2086 2048 2159 4,
2070 2081 2180 2144 ubi
2207 2083 2410 2163 inquit
2432 2075 2727 2144 meritum
2770 2081 2993 2142 Christi
3018 2079 3345 2162 aequaliter

1783 2195 1850 2238 se
1879 2177 2115 2239 habere
2140 2176 2222 2238 ad
2248 2194 2468 2239 omnes
2500 2175 2711 2255 quoad
2739 2175 3194 2248 sufficientiam,
3218 2191 3347 2236 non

1781 2289 1931 2332 vero
1961 2270 2172 2351 quoad
2204 2269 2568 2340 efficaciam,
2606 2275 2669 2332 et
2698 2267 2945 2332 subdit:
2983 2265 3153 2342 Quod
3186 2267 3347 2331 acci-

1784 2361 1876 2428 dit
1899 2366 2135 2446 partim
2164 2381 2237 2428 ea>
2254 2364 2439 2429 libero
2465 2362 2750 2432 arbitrio,
2787 2363 3020 2442 partim
3045 2378 3117 2424 em
3138 2359 3348 2424 divina

1781 2459 2078 2533 eleccione,
2110 2473 2221 2535 per
2245 2473 2423 2537 quam
2448 2455 2918 2519 misericorditer
2955 2457 3205 2536 effectus
3228 2471 3347 2517 me·

1782 2552 2044 2615 ridor-am
2085 2548 2317 2614 Clu-isti
2345 2549 2699 2632 quibusdam
2724 2549 3058 2626 confertur,
3102 2547 3345 2630 quibus-

1785 2645 1923 2707 dam
1978 2659 2111 2707 vero
2136 2643 2311 2723 justo
2356 2645 2597 2723 judicio
2652 2641 3073 2714 subto-ahicam
3114 2641 3345 2722 quibus

1783 2739 1991 2799 verbis
2030 2743 2225 2798 totam
2272 2738 2583 2797 rationem
2628 2733 2920 2797 efficaciae
2952 2741 3014 2796 et
3056 2735 3343 2816 applica-

1784 2831 1971 2895 tionis
1994 2832 2360 2893 meritornm
2380 2829 2601 2891 Christi
2630 2830 2821 2892 refert
2840 2829 2907 2890 in
2922 2829 3199 2890 divinam
3229 2829 3347 2892 mi-

1787 2926 2214 3000 scricordiam,
2267 2930 2329 2986 et
2356 2925 2530 2985 nullo
2573 2923 2763 2986 modo
2793 2923 2857 2984 in
2893 2923 3094 3004 ipsius
3122 2921 3349 2987 Christi

1786 3017 2030 3080 merita.
2080 3019 2157 3080 Et
2206 3017 2529 3080 evidenter
2564 3019 2633 3079 in
2663 3015 2971 3079 solutione
3022 3017 3103 3078 ad
3150 3017 3348 3080 l3in-

1785 3113 1939 3191 quit,
1981 3113 2102 3174 hoc
2130 3109 2337 3192 ipsum
2373 3110 2564 3192 gratis
2608 3111 2792 3172 alicui
2826 3121 3107 3172 nostrum
3155 3129 3192 3171 a
3220 3111 3348 3173 Deo

1785 3205 2079 3280 conferri,
2111 3205 2279 3284 quod
2314 3205 2657 3266 efficaciam
2704 3203 2909 3266 meriti
2950 3203 3169 3266 Christi
3200 3223 3349 3268 con-

1786 3305 2110 3377 sequatur,
2145 3305 2206 3360 et
2246 3297 2393 3360 ideo
2421 3298 2686 3377 gratiam
2728 3313 2855 3358 non
2907 3298 3194 3359 evacuari
3237 3315 3351 3378 per

1787 3391 2011 3453 Christi
2040 3391 2361 3453 meritum.

1865 3485 1925 3545 2.
1962 3485 2223 3564 Propter
2249 3501 2387 3564 quae
2405 3483 2761 3545 testimonia
2789 3483 2992 3548 tenuit
3018 3485 3182 3546 hanc
3210 3503 3352 3546 sen-

1787 3575 2050 3639 tentiam
2108 3576 2420 3658 Capreol„
2462 3577 2526 3636 in
2576 3579 2635 3649 3,
2688 3575 2829 3638 dist.
2878 3579 2977 3650 18,
3032 3577 3113 3639 ad
3166 3597 3352 3659 argu-

1789 3675 2003 3732 menta
2036 3671 2201 3732 Scoti
2254 3675 2469 3732 contra
2518 3675 2805 3749 quartam
2856 3671 3347 3748 conclusionem,

1789 3781 1980 3845 quem
2006 3763 2092 3825 ibi
2128 3765 2413 3843 sequitur
2442 3765 2672 3826 Paulus
2712 3763 3037 3837 Soncinas,
3070 3765 3131 3825 in
3162 3767 3351 3828 Sum-

1791 3875 1914 3934 ma,
1947 3875 2012 3938 q.
2054 3857 2263 3930 unica,
2297 3856 2570 3919 concluS.
2598 3859 2674 3931 3;
2703 3855 2814 3918 sed
2852 3857 3038 3919 latius
3064 3857 3183 3920 hoc
3231 3859 3351 3920 do-

1791 3951 1918 4014 cuit
1960 3949 2168 4014 Dried.
2200 3997 2215 4026 ‚
2266 3949 2345 4012 de
2384 3951 2618 4032 Captiv.
2668 3957 2731 4011 et
2778 3951 3061 4032 redemp.
3124 3971 3343 4034 gener.

1784 4046 1989 4118 hum,
2021 4049 2199 4108 tract.
2230 4047 2291 4120 2,
2320 4061 2375 4106 c.
2406 4049 2469 4121 2,
2518 4063 2579 4123 p.
2611 4043 2671 4118 3,
2721 4049 2841 4106 art.
2899 4049 2959 4118 4,
2992 4043 3099 4106 ubi
3130 4053 3344 4128 negat,

1787 4139 1891 4200 illa
1954 4137 2120 4200 dona
2164 4138 2407 4218 gratiae,
2460 4154 2601 4217 quse
2653 4141 2801 4198 ante
2852 4137 3159 4200 Christum
3201 4138 3350 4202 data

1787 4237 1932 4294 sunt
1947 4236 2019 4294 nt
2032 4231 2521 4312 praeparationes
2536 4231 2616 4290 ad
2632 4229 2835 4309 ipsam
2850 4231 3346 4296 incarnationem

1787 4339 1901 4390 seu
1930 4327 2013 4388 ad
2034 4325 2259 4389 Christi
2286 4324 2649 4400 adventum,
2680 4323 2871 4386 fuisse
2898 4325 3181 4406 impensa
3205 4346 3348 4408 pro·

1785 4427 1926 4501 pter
1952 4420 2172 4481 merita
2198 4416 2455 4489 Christi3
2490 4417 2774 4496 quamvis
2800 4435 2929 4480 non
2956 4425 3146 4500 neget
3158 4421 3349 4499 justi-

1785 4513 2081 4576 ficantem
2105 4512 2394 4593 gratiam,
2416 4517 2569 4573 tunc
2594 4511 2779 4574 etiam
2808 4512 3019 4574 datam
3048 4533 3185 4577 esse
3206 4533 3351 4596 pro-

1787 4612 1930 4686 pter
1966 4607 2191 4668 merita
2246 4605 2469 4666 Christi
2522 4603 2751 4667 futura.
2810 4603 2982 4667 Idem
3044 4607 3226 4670 docet
3284 4607 3346 4668 in

1789 4705 1968 4763 tract.
2004 4704 2068 4776 4,
2099 4717 2153 4760 c.
2204 4703 2267 4773 2,
2303 4717 2437 4779 par.
2495 4701 2556 4775 8,
2588 4699 2822 4762 memb.
2876 4701 2954 4776 33
2988 4707 3051 4762 et
3080 4701 3345 4778 Ruard.,

1791 4801 1906 4858 art.
1937 4797 1999 4871 6,
2030 4801 2245 4856 contra
2274 4793 2553 4867 Luther.,
2587 4799 2732 4856 unte
2760 4795 3069 4868 medium3
3098 4793 3345 4858 Ferrar-

1792 4889 2000 4963 etiam,
2034 4886 2142 4950 lib.
2169 4891 2205 4948 ll
2236 4893 2433 4949 contr.
2460 4885 2669 4963 Gent.‚
2707 4903 2844 4968 cap.
2876 4889 2978 4962 55,
3014 4886 3179 4950 circa
3215 4907 3349 4952 res-

1791 4982 2159 5062 ponsionem
2191 4983 2263 5042 D.
2296 4979 2547 5042 Thomae
2576 4981 2657 5042 ad
2684 4981 2725 5042 6
2754 4982 3087 5058 rationem,
3127 5000 3349 5063 quam-

1788 5074 1882 5135 vis
1923 5073 2003 5136 de
2058 5073 2477 5154 applicatione
2531 5080 3064 5136 sacramentorum
3095 5075 3196 5138 vel
3226 5095 3352 5138 me·

1788 5167 2051 5229 ritorum
2098 5165 2323 5229 Christi
2371 5165 2523 5227 nibil
2571 5183 2863 5247 expresse
2897 5167 3099 5241 dicat,
3134 5173 3350 5230 tamen

1788 5259 1870 5321 de
1895 5257 2406 5339 dispositionibus
2443 5255 2521 5320 ad
2554 5259 2815 5340 gratiam
2847 5257 3051 5333 docet,
3085 5257 3353 5340 disposi-

1787 5352 1993 5414 tiones
2018 5359 2292 5415 remotas
2312 5368 2439 5413 non
2463 5369 2601 5440 esse
2632 5369 2707 5414 ex
2734 5351 2973 5413 meritis
3000 5351 3242 5426 Christi,
3271 5351 3353 5416 de

1789 5443 2197 5525 dispositione
2249 5451 2461 5508 autem
2510 5443 2728 5507 ultima
2760 5444 2928 5517 dicit,
2970 5449 3188 5506 contra
3236 5441 3351 5510 Ca-

1789 5539 2016 5621 preol.,
2044 5539 2177 5602 duri
2210 5555 2287 5602 ex
2320 5537 2542 5601 Christi
2588 5537 2851 5613 meritiS,
2902 5541 3158 5618 propter
3186 5557 3353 5620 qnae-
