3892 6167
551 376 668 439 132

548 483 714 541 cont.
750 476 960 549 Gent.,
989 493 1129 555 cap.
1157 476 1260 549 5¹,
1299 472 1465 535 circa
1509 472 1723 535 finem.
1759 472 1882 537 Alii
1927 472 2109 535 deni-

547 588 672 651 que
709 568 882 631 1111110
931 586 1010 631 ex
1056 567 1156 629 his
1195 567 1425 642 modis,
1461 567 1574 629 sed
1622 565 2111 629 obedientialem

547 660 890 742 appellant,
920 666 984 724 et
1013 660 1117 722 hic
1171 664 1268 723 est
1313 659 1701 741 frequentior
1753 658 1983 723 modus
2015 660 2111 721 lo—

548 754 786 837 quendi
807 754 878 817 D.
910 756 1162 830 Thom.,
1191 759 1261 815 ut
1283 759 1456 833 patet
1485 771 1564 817 ex
1587 752 1743 816 locis
1774 753 1967 833 paulo
1993 772 2109 817 an-

551 855 652 911 tea
672 848 872 911 citatis
901 847 968 908 in
993 848 1237 909 ratione
1261 844 1534 909 secunda
1556 868 1574 923 3
1605 863 1796 927 quem
1816 845 2107 925 frequen-

550 941 680 1025 tius·
726 946 1075 1023 sequuntur
1125 938 1460 1001 Thomistae
1519 938 1756 1001 ibidem
1797 939 2001 1015 citati,
2044 944 2111 1001 et

549 1036 851 1111 Fonseca,
891 1035 998 1096 lib.
1035 1038 1062 1095 1
1111 1034 1413 1113 Metaph„
1437 1052 1576 1115 cap.
1610 1036 1672 1111 1,
1699 1050 1762 1115 q.
1794 1034 1856 1108 2,
1889 1039 2040 1096 sect.
2068 1036 2109 1095 2

551 1134 614 1193 et
643 1132 701 1193 3.
732 1128 807 1193 Et
837 1126 941 1191 hic
973 1127 1280 1209 posterior
1309 1127 1538 1189 modus
1569 1125 1871 1207 loquendi
1906 1126 2115 1189 verior

551 1229 617 1285 et
644 1224 854 1286 sanior
881 1228 996 1285 est.

633 1316 734 1379 64.
777 1315 1066 1381 Potentia
1107 1314 1513 1379 obedientialis
1543 1330 1664 1377 mm
1704 1313 2115 1397 distinguitur

553 1426 628 1475 σω
653 1414 878 1473 natura
904 1408 996 1473 rei
1013 1410 1087 1473 ab
1115 1410 1368 1475 antiteta
1393 1408 1460 1473 in
1496 1424 1620 1491 qua
1643 1413 1756 1473 est.
1792 1440 1873 1454 —
1905 1409 1997 1469 Ne
2022 1412 2113 1471 ta-

553 1520 700 1565 men
715 1521 820 1565 res
846 1508 974 1565 tota
987 1508 1319 1565 revocetur
1338 1502 1422 1565 ad
1450 1501 1858 1581 quaestionem
1873 1500 1954 1564 de
1980 1518 2113 1563 mo·-

554 1595 636 1660 do
663 1596 988 1675 loquendi,
1020 1613 1098 1657 00
1123 1594 1294 1675 quod
1319 1594 1502 1657 facile
1521 1595 1602 1655 sit
1641 1612 1722 1657 ex
1753 1594 1942 1659 variis
1972 1612 2112 1657 res-

550 1688 839 1769 pectibus
884 1687 1426 1752 denominationes
1469 1685 1674 1749 varias
1703 1705 1997 1761 sumere;
2044 1692 2117 1749 ut

551 1798 656 1845 res
681 1786 814 1845 tota
853 1781 1216 1861 explicetur,
1247 1780 1730 1863 supponendum
1775 1780 1842 1841 in
1891 1780 2117 1861 primis

553 1881 649 1937 est
672 1875 781 1953 huj
791 1874 1036 1938 asmodi
1058 1874 1404 1955 potentiam
1446 1873 1957 1951 obedientialem,
1981 1874 2117 1937 sive

553 1966 845 2043 activam,
863 1966 996 2029 sive
1021 1967 1357 2049 passivam,
1375 1967 1440 2029 in
1473 1984 1540 2029 re
1563 1967 1700 2047 ipsa
1725 1966 1899 2027 nullo
1925 1968 2115 2031 modo

553 2060 878 2143 distingui,
905 2080 1024 2125 nec
1047 2060 1322 2137 realiter,
1339 2078 1549 2140 neque
1575 2078 1654 2123 ex
1674 2066 1898 2123 natura
1910 2062 2005 2123 rei
2032 2063 2117 2123 ab

552 2154 659 2219 illa
685 2156 968 2231 entitate,
995 2156 1176 2236 cujus
1197 2160 1291 2217 est
1305 2153 1610 2235 potentia,
1633 2172 1840 2235 neque
1869 2157 1938 2217 ut
1956 2173 2111 2231 rem,

553 2268 762 2331 neque
789 2256 860 2313 ut
883 2249 1143 2313 modum
1169 2248 1330 2328 eJus.
1358 2248 1698 2329 thuidem
1720 2247 2029 2327 quodnon
2042 2248 2125 2311 sit

553 2362 658 2409 res
685 2344 972 2408 distincta
990 2344 1246 2407 omnino
1283 2343 1557 2417 realiter,
1582 2342 2121 2407 evidentissimum

556 2444 888 2521 est.ueque
900 2437 1382 2500 ullushactenus
1394 2436 1592 2519 (quod
1603 2454 1722 2516 ego
1739 2436 1957 2517 sciam)
1972 2453 2121 2498 con-

553 2533 816 2595 trarium
860 2530 1012 2596 dixit
1025 2547 1048 2609 ;
1090 2537 1157 2609 et
1183 2550 1224 2593 a
1263 2530 1508 2593 fortiori
1545 2530 1878 2605 constabit,
1910 2528 2121 2593 exclu-

553 2624 761 2689 dendo
787 2624 978 2689 etiam
1023 2622 1487 2687 distinctionem
1514 2642 1594 2685 ex
1629 2628 1854 2685 natura
1893 2622 2023 2695 rei;
2056 2627 2122 2682 et

550 2716 825 2781 rationes
865 2715 1198 2779 dubitandi
1250 2735 1363 2797 pro
1395 2722 1664 2794 utraque
1693 2721 1870 2795 parte
1923 2732 2113 2795 supra

553 2810 768 2891 positae
817 2810 940 2871 hoc
983 2809 1174 2873 etiam
1201 2810 1614 2883 convincunt;
1647 2809 1818 2889 quia,
1877 2808 1930 2869 si
1976 2807 2115 2871 talis

555 2902 783 2965 entitas
825 2908 921 2965 est
945 2902 1200 2964 omnino
1246 2902 1528 2981 ejusdem
1560 2901 1796 2964 ordinis
1825 2918 1970 2963 cum
2000 2918 2113 2961 en-

551 2998 727 3060 titate
753 3002 1019 3073 naturae,
1049 2996 1368 3075 superflue
1409 2997 1664 3079 ponitur
1709 3013 1785 3059 ac
1825 2992 2109 3075 fingitur.

554 3090 620 3155 Si
650 3109 796 3153 vero
839 3094 934 3153 est
975 3089 1314 3171 superioris
1365 3093 1428 3151 et
1471 3087 1967 3171 supernaturalis
2011 3107 2114 3151 or-

555 3180 742 3258 dinis,
772 3201 899 3245 non
935 3188 1140 3263 potest
1169 3201 1309 3247 esse
1335 3182 1542 3247 debita
1579 3188 1840 3256 naturae,
1871 3192 1936 3247 et
1964 3200 2117 3245 cou-

556 3281 896 3356 sequenter
949 3292 1159 3359 neque
1217 3294 1366 3339 cum
1409 3276 1517 3337 illa
1562 3276 1920 3357 congenita.
1963 3276 2113 3347 Quae

555 3370 711 3435 ratio
738 3375 907 3431 recte
935 3368 1254 3433 intellecta
1295 3368 1568 3432 ostendit
1593 3386 1734 3433 esse
1762 3369 2115 3449 impossibi-

554 3464 681 3527 lem
705 3464 896 3527 talem
921 3465 1270 3547 potentiam
1305 3464 1816 3539 obedientialem‚
1848 3482 1989 3545 quae
2040 3466 2121 3529 sit

553 3577 658 3621 res
712 3556 1002 3619 distincta
1035 3557 1287 3620 realiter
1319 3576 1358 3621 a
1389 3556 1672 3637 subjecto
1700 3556 1768 3619 in
1812 3575 1938 3637 quo
1984 3564 2117 3639 est3

554 3668 728 3728 nam,
754 3650 805 3713 si
833 3654 926 3715 est
957 3670 1060 3713 res
1091 3650 1412 3731 distincta,
1443 3652 1559 3713 erit
1587 3652 1791 3715 forma
1825 3652 1925 3714 vel
1966 3671 2119 3734 qua·

553 3744 696 3810 litas
723 3742 933 3827 aliqua
961 3763 978 3817 ;
1008 3744 1325 3825 interrogo
1355 3762 1504 3825 ergo
1555 3763 1638 3805 an
1669 3744 1780 3806 illa
1804 3746 1900 3807 vis
1927 3765 2119 3825 agen·

557 3838 623 3901 di
651 3840 728 3901 sit
770 3836 1194 3904 connaturalis
1229 3836 1320 3899 1111
1348 3836 1656 3919 qualitati,
1692 3837 1795 3899 vel
1815 3838 2119 3903 obedien·

557 3932 720 3995 tialis
743 3954 762 4009 3
796 3933 914 3993 1100
937 3930 1250 4012 posterius
1269 3928 1394 3992 dici
1419 3947 1549 3990 non
1579 3934 1811 4010 potest,
1833 3930 2117 4011 alioquin

558 4030 876 4107 oporteret
893 4024 1066 4087 illam
1095 4025 1225 4087 vim
1249 4042 1388 4087 esse
1422 4041 1560 4087 rem
1586 4023 1945 4087 distinctam
1975 4042 2015 4087 a
2033 4031 2121 4086 ta-

553 4118 601 4181 li
632 4118 830 4181 forma
861 4136 878 4192 ;
913 4124 977 4181 et
1006 4116 1095 4179 sic
1127 4116 1225 4181 vel
1261 4116 1639 4197 procedetur
1682 4117 1752 4179 in
1782 4116 2115 4193 infinitum,

556 4210 658 4273 vel
676 4210 743 4272 in
763 4207 968 4291 prima
997 4210 1258 4273 entitate
1290 4228 1419 4272 non
1459 4209 1769 4291 oportebit
1801 4210 1967 4273 banc
1994 4211 2121 4273 vim

559 4302 1043 4367 obedientialem
1073 4320 1211 4365 esse
1251 4320 1390 4365 rem
1428 4298 1810 4380 distinctam,
1837 4304 2008 4383 quod
2028 4305 2121 4364 in-

555 4394 897 4461 tendimus.
933 4395 1000 4459 Si
1036 4414 1184 4457 vero
1217 4394 1462 4457 dicatur
1503 4394 1806 4477 primum,
1837 4398 2121 4477 sequitur

558 4490 733 4553 illam
757 4486 1133 4551 activitatem
1155 4507 1282 4551 non
1307 4506 1445 4551 esse
1465 4488 1977 4568 obedientialem,
2008 4490 2123 4553 sed

559 4582 936 4647 naturalem.
983 4580 1236 4645 Dicetur
1281 4582 1550 4645 fortasse
1593 4581 1765 4645 illam
1808 4584 1935 4645 vim
1982 4602 2123 4647 esse

559 4674 1038 4741 connaturalem
1091 4674 1334 4753 formae,
1387 4694 1518 4739 non
1547 4681 1760 4739 autem
1811 4676 2119 4757 subjecto.

559 4772 686 4835 Sed
714 4777 952 4848 contra,
981 4788 1133 4831 nam
1159 4766 1297 4849 ipsa
1326 4768 1528 4831 forma
1565 4774 1660 4833 est
1701 4771 2123 4833 connaturalis

558 4864 862 4947 subjecto,
893 4880 1043 4927 nam
1074 4869 1170 4925 est
1205 4860 1543 4925 intrinsece
1588 4863 1806 4925 innata
1831 4863 1944 4937 1111,
1974 4882 2125 4927 nam

557 4960 764 5023 torma
811 4958 1198 5021 extrinsecus
1252 4954 1655 5038 superaddita
1685 4973 1813 5019 non
1865 4957 1985 5021 erit
2009 4977 2120 5039 po-

560 5053 754 5116 tentia
775 5050 1232 5125 obedientialiS,
1260 5050 1338 5112 de
1367 5066 1495 5129 qua
1525 5068 1693 5113 nunc
1717 5050 1989 5131 agimus,
2006 5051 2121 5115 sed

561 5146 680 5211 erit
704 5147 898 5209 virtus
925 5145 1031 5208 illa
1055 5143 1552 5207 instrumentalis
1590 5162 1704 5223 per
1735 5142 2121 5209 infusionem

560 5240 898 5323 qualitatiS,
930 5256 1068 5320 quse
1097 5257 1134 5299 a
1157 5237 1340 5299 nobis
1369 5256 1562 5317 supra
1581 5236 1822 5317 rejecta
1843 5243 1959 5301 cst.

642 5335 744 5399 65.
791 5330 968 5405 Quod
1017 5350 1164 5395 vero
1211 5348 1341 5393 non
1393 5329 1472 5391 sit
1510 5328 1734 5409 aliquis
1773 5331 2001 5393 modus
2046 5350 2125 5395 ex

561 5434 790 5493 natura
811 5426 903 5489 rei
927 5425 1252 5489 distinctus
1273 5424 1353 5485 ab
1377 5423 1634 5487 entitate
1660 5424 2124 5505 naturalirpro-

563 5522 750 5587 batur
785 5522 1012 5603 prime,
1053 5518 1201 5601 quia
1239 5516 1486 5581 nullum
1519 5520 1620 5579 est
1647 5516 1949 5580 indicium
1982 5517 2121 5582 talis

1771 372 2008 436 QUAEST.
2043 370 2172 427 xut.
2206 372 2407 427 Anne.
2446 372 2529 425 W.

2190 470 2645 548 distinctionis3
2690 470 2821 533 haec
2858 484 3025 533 enlm
3054 469 3325 550 potentia
3354 472 3662 541 obedientia·

2188 566 2265 627 lis
2316 568 2403 627 ita
2458 564 2747 627 convenit
2810 561 3049 627 entitati
3114 562 3439 643 unicnique
3488 586 3579 649 per
3618 592 3664 633 so

2187 660 2427 740 ipsam,
2458 664 2529 721 ut
2561 657 2640 721 sit
2670 674 2929 737 prorsus
2960 655 3385 735 inseparabilis
3414 660 3488 720 ab
3510 679 3597 738 ea,
3625 672 3667 727 ct

2188 752 2591 817 immutabilis
2630 752 2819 815 etiam
2848 750 2927 813 de
2957 750 3237 831 potentia
3264 752 3373 814 Dei
3398 753 3664 834 absoluta3

2186 848 2309 911 hoc
2344 852 2559 909 autem
2598 852 2693 909 est
2730 844 2983 924 signum
3012 844 3477 907 indistinctionis
3504 866 3569 909 ex
3590 867 3667 911 na·

2186 947 2327 1005 tara
2366 940 2483 1007 rei,
2534 945 2603 1001 nt
2639 940 2707 1003 in
2744 937 3269 1019 disputationibus
3302 941 3671 1021 metaphysicis

2186 1035 2373 1099 latius
2400 1034 2787 1097 declaratum
2824 1039 2889 1097 et
2918 1032 3253 1112 probatum
3282 1038 3390 1096 est.
3433 1035 3579 1108 Quod
3602 1054 3673 1099 se-

2192 1127 2397 1191 cundo
2448 1126 2719 1206 amplius
2760 1126 3135 1199 declaratur,
3176 1142 3325 1189 nam
3354 1143 3484 1205 quoe
3508 1128 3675 1191 eadem

2192 1221 2599 1303 generatione
2642 1237 2757 1300 per
2800 1236 2873 1283 se
2920 1220 3123 1299 primo
3161 1227 3543 1299 generantur,
3574 1230 3675 1285 sunt

2190 1315 2362 1377 idem
2392 1316 2557 1377 inter
2580 1330 2673 1387 se,
2703 1319 2861 1377 teste
2892 1313 3226 1377 Aristotele
3250 1314 3289 1374 4
3310 1313 3576 1395 Metaph.;
3600 1316 3677 1377 sed

2192 1409 2279 1471 ita
2320 1414 2416 1471 est
2454 1409 2523 1469 in
2565 1406 2887 1488 praesenti,
2938 1424 3089 1469 nam
3131 1412 3439 1482 creatura,
3482 1412 3677 1487 precise

2192 1501 2589 1565 considerata
2622 1500 2973 1563 secundum
3018 1516 3161 1563 eam
3200 1500 3509 1563 entitatem
3542 1520 3677 1581 quam

2194 1594 2385 1657 habet
2425 1610 2541 1675 per
2580 1610 2762 1659 suam
2808 1594 3197 1657 creationem
3242 1612 3355 1657 sen
3398 1594 3681 1674 productio·

2193 1705 2343 1751 nem
2362 1732 2383 1763 ‚
2424 1706 2539 1767 per
2568 1706 2638 1751 se
2668 1689 2869 1767 ipsam
2900 1694 2999 1751 est
3026 1687 3315 1768 subjecta
3348 1688 3683 1752 essentialiter

2197 1800 2312 1845 suo
2346 1782 2661 1857 creatori,
2701 1780 2943 1860 absque
2974 1798 3053 1845 eo
3082 1780 3263 1860 qnod
3290 1780 3489 1843 11111111
3518 1784 3681 1845 intelli-

2194 1882 2381 1955 gatur
2434 1874 2757 1938 dimanare
2802 1874 3017 1954 aliqua
3070 1874 3341 1951 entitas,
3380 1875 3473 1961 vel
3516 1874 3685 1957 aliquis

2192 1969 2421 2033 modus
2446 1968 2639 2033 realis
2668 1984 2797 2046 qao
2822 1967 3258 2030 habentinam
3282 1968 3682 2048 subjectionem,

2195 2064 2293 2125 vel
2323 2063 2390 2125 in
2414 2060 2805 2141 recipiendo,
2828 2060 2929 2125 vel
2952 2061 3022 2123 in
3046 2060 3333 2141 agend03
3364 2078 3502 2142 ergo
3524 2068 3687 2143 poten·
3784 2054 3790 2131 s

2196 2158 2285 2221 tia
2329 2158 2461 2219 boec
2500 2153 2936 2217 obedientialis
2972 2170 3101 2217 non
3144 2160 3245 2216 est
3280 2155 3594 2235 proprietas
3619 2155 3687 2216 vel

2197 2248 2425 2313 modus
2470 2266 2547 2311 ex
2596 2253 2819 2309 natura
2864 2247 2955 2311 rei
2998 2246 3331 2310 distinctus
3376 2250 3455 2310 ab
3494 2249 3691 2312 entitate
3787 2252 3790 2257 ’

2200 2349 2501 2407 creatum
2514 2386 2538 2419 ,
2578 2340 2855 2421 alioquin
2892 2358 3023 2403 11011
3064 2346 3285 2422 posset
3324 2342 3445 2419 illi,
3486 2344 3571 2404 vel
3592 2344 3691 2405 sine
3792 2417 3794 2432 Ι

2202 2436 2407 2516 aliqua
2435 2452 2598 2499 nova
2622 2435 2891 2508 actione,
2921 2435 3203 2515 propria,
3232 2442 3297 2498 et
3314 2436 3395 2497 ab
3414 2437 3693 2499 extrinseco

2198 2529 2631 2609 proveniente,
2662 2528 2763 2593 vel
2788 2528 3011 2591 saltem
3028 2529 3167 2592 sine
3200 2528 3411 2610 aliqua
3426 2530 3695 2591 intrinseca
3792 2554 3794 2557 ⁴

2201 2622 2649 2696 dimanatione,
2684 2622 3045 2685 convenire.
3084 2622 3296 2685 Minor
3320 2622 3695 2687 declamaret

2197 2716 2519 2797 probatur,
2550 2732 2725 2790 nam,
2756 2716 2811 2777 si
2838 2716 3099 2795 praecise
3128 2717 3485 2781 consideres
3510 2724 3690 2779 creatu-

2194 2828 2333 2871 ram
2372 2810 2719 2873 secundum
2758 2809 2917 2871 illud
2960 2827 3099 2871 esse
3140 2811 3320 2889 quod
3362 2811 3543 2873 habet
3574 2826 3633 2872 ex
3654 2808 3695 2868 11
3796 2832 3798 2867 i

2194 2904 2528 2967 creationis
2558 2922 2687 2965 suae
2706 2948 2729 2979 ,
2772 2902 3033 2967 omnino
3061 2904 3477 2967 essentialiter
3498 2900 3695 2965 includit
3798 2926 3800 2945 ε

2192 2996 2362 3059 illam
2390 2997 2845 3077 subjectionem
2870 2996 2953 3059 ad
2974 3002 3353 3072 creatorem,
3382 2997 3467 3059 ita
3482 3003 3543 3058 nt
3560 2994 3693 3057 etiam

2194 3092 2247 3153 si
2272 3097 2485 3155 mente
2516 3092 2944 3171 concipiamus
2970 3090 3143 3153 illam
3173 3092 3496 3154 entitatem
3516 3089 3697 3151 nudam
3800 3113 3802 3151 :

2194 3190 2260 3246 et
2290 3190 2610 3247 carentem
2640 3183 2813 3245 omni
2850 3182 3041 3247 modo
3068 3184 3509 3264 superaddito,
3538 3199 3697 3244 neces-
3798 3208 3802 3231 a

2196 3276 2359 3339 sario
2408 3283 2473 3339 et
2518 3275 2933 3339 essentialiter
2976 3276 3263 3341 includat
3308 3278 3468 3339 hanc
3501 3275 3699 3356 plenam

2199 3370 2655 3451 subjectionem
2690 3370 2773 3432 ad
2800 3371 3001 3432 Deum
3026 3389 3041 3443 ;

3084 3370 3253 3433 sicut
3286 3388 3323 3433 e
3363 3365 3699 3433 contmrioin
3789 3349 3799 3456 'j

2198 3464 2534 3527 intrinseca
2560 3464 2805 3527 ratione
2832 3464 3131 3527 creatoris
3166 3470 3243 3527 ut
3269 3462 3701 3531 staineinaim,
3792 3480 3801 3522 1'

2198 3557 2370 3639 quod
2396 3558 2627 3620 habeat
2657 3557 2913 3639 plenum
2942 3563 3006 3620 et
3038 3556 3391 3638 perfectum
3414 3554 3703 3620 dominium

2201 3670 2329 3715 suas
2356 3655 2685 3715 creaturas.

2278 3749 2383 3811 66.
2425 3748 2631 3811 Tertio
2663 3747 2725 3809 id
2752 3748 3111 3813 declaratur
3145 3749 3211 3811 in
3238 3754 3505 3829 utraque
3531 3748 3707 3825 poten·

2197 3841 2307 3915 tia,
2348 3858 2519 3915 nam,
2565 3842 2736 3903 verbi
2782 3843 3007 3921 gratia,
3052 3842 3269 3905 anima
3292 3838 3597 3905 rationalis
3624 3850 3707 3914 per

2201 3953 2269 3997 se
2296 3935 2499 4015 ipsam
2528 3940 2629 3997 est
2650 3952 2849 4015 capax
2872 3937 3109 4017 gratiae,
3142 3941 3207 3997 et
3230 3954 3351 4016 per
3374 3932 3709 3999 11110110οΜ11

2200 4027 2559 4091 immediate
2590 4034 2689 4091 est
2710 4046 2910 4109 capax
2938 4028 3109 4103 fidei,
3146 4030 3210 4091 et
3236 4046 3351 4109 per
3378 4027 3709 4091 voluntatem

2200 4118 2515 4183 charitatis
2534 4125 2598 4181 et
2620 4120 2775 4200 spei,
2802 4120 2887 4185 ita
2906 4126 2997 4195 ut,
3026 4120 3079 4182 si
3100 4122 3349 4186 ratione
3372 4128 3711 4199 separemus,

2200 4212 2391 4275 etiam
2428 4214 2741 4293 negative,
2786 4231 3043 4277 omnem
3072 4214 3449 4289 realitatem‚
3490 4209 3583 4273 vel
3608 4218 3713 4267 mo·

2202 4305 2357 4368 dum
2399 4306 2633 4369 realem
2688 4306 2971 4369 additum
3018 4306 3385 4371 substantiae
3428 4304 3635 4369 anima,
3670 4298 3715 4355 el

2201 4399 2495 4479 potentiis
2524 4400 2699 4479 ejus,
2737 4418 2819 4462 ex
2844 4401 2901 4462 vi
2931 4418 3063 4463 suae
3090 4399 3491 4481 perfectionis
3514 4402 3573 4459 et
3596 4388 3715 4455 sub-

2204 4495 2443 4557 stantiae
2486 4495 2603 4556 erit
2642 4512 2845 4573 capax
2886 4494 3111 4559 harum
3159 4495 3601 4573 perfectionum
3638 4500 3717 4547 su·

2202 4588 2720 4667 pei-naturalium,
2750 4587 2913 4651 sicut
2936 4606 3019 4651 ex
3045 4588 3103 4651 vi
3134 4602 3355 4651 earum
3384 4582 3573 4651 estad
3599 4581 3719 4641 ima-

2204 4678 2415 4760 ginem
2438 4680 2586 4756 Dei3
2624 4698 2777 4761 ergo
2808 4680 3091 4760 potentia
3120 4676 3580 4751 obedientiaIiS,
3606 4684 3719 4750 quae

2204 4779 2297 4834 est
2324 4773 2387 4837 in
2417 4773 2629 4835 anima
2656 4773 2739 4835 ad
2764 4772 3160 4854 recipiendos
3188 4774 3305 4835 hos
3330 4777 3504 4835 actus
3528 4765 3619 4831 vel
3638 4763 3723 4823 ha-

2202 4866 2418 4943 bitus,
2462 4884 2591 4927 non
2621 4871 2831 4946 potest
2862 4883 3001 4931 esse
3028 4865 3269 4947 aliquid
3292 4865 3639 4929 distinctum
3663 4868 3721 4915 ex

2202 4968 2428 5021 natura
2456 4959 2549 5021 rei
2578 4960 2660 5021 ab
2690 4960 2949 5023 entitate
2974 4960 3199 5023 animae
3230 4964 3292 5021 et
3314 4952 3719 5048 potentiarum·

2201 5051 2501 5131 Idemque
2522 5058 2971 5131 argumentum
2996 5052 3131 5115 fleri
3152 5057 3359 5130 potest
3380 5050 3461 5112 de
3483 5036 3725 5127 potentia

2204 5145 2603 5209 obedientiali
2631 5146 2855 5219 activa,
2886 5162 3029 5225 quai
3059 5145 3143 5209 ad
3172 5144 3427 5209 eosdem
3452 5146 3617 5203 actus
3638 5148 3723 5193 su-

2206 5239 2638 5319 pernaturales
2677 5246 2771 5301 est
2808 5239 2873 5301 in
2906 5238 3147 5301 eisdem
3183 5236 3475 5319 potentiis
3512 5229 3720 5295 ani-mte-

2205 5333 2283 5393 Et
2322 5332 2675 5395 confirmari
2714 5338 2959 5412 potest,
2998 5332 3181 5412 quia,
3224 5328 3477 5411 quando
3506 5324 3653 5387 fiunt
3674 5312 3723 5374 lu

2205 5431 2421 5499 actus,
2462 5425 2823 5489 immediate
2858 5426 3179 5506 profluunt
3204 5442 3283 5489 ex
3306 5422 3567 5503 ipsamet
3592 5406 3727 5475 enti·

2204 5524 2333 5581 tate
2360 5519 2707 5583 intellectus
2732 5526 2793 5582 et
2820 5518 3197 5595 voluntatis3
3230 5534 3381 5597 ergo
3400 5512 3503 5575 illa
3528 5502 3727 5571 entitas
