3892 6167
558 315 675 381 104

556 425 696 502 ejus
716 467 733 497 ,
762 425 969 502 potest
996 419 1267 500 amplius
1292 418 1497 500 prima
1532 417 1855 482 conclusio
1896 418 2125 482 confir-

554 515 735 590 mari,
764 515 913 595 quia
941 515 991 576 si
1019 519 1245 576 natura
1284 513 1483 576 semel
1510 516 1833 592 assumpta
1862 529 2124 592 peccas-

558 617 677 688 set,
700 609 803 672 vel
832 613 1163 674 manerent
1194 607 1383 670 simul
1408 607 1557 670 unio
1588 613 1652 670 et
1677 612 2030 687 peccatum,
2061 611 2126 668 et

556 703 681 767 hoc
709 709 804 766 est
826 701 1232 784 impossibile,
1260 705 1329 762 ut
1352 701 1689 780 probatum
1724 704 1853 774 est余
1878 699 1977 762 vel
2007 713 2124 778 per

556 797 766 878 ipsum
812 803 1143 878 peccatum
1196 794 1644 858 dissolveretur
1692 793 1868 871 unio,
1916 793 2008 856 ita
2051 796 2122 854 ut

556 893 831 974 primum
854 910 995 956 esse
1015 890 1253 972 peccati
1276 889 1661 970 intelligatur
1682 905 1821 950 esse
1845 885 2120 967 primum

556 1005 688 1050 non
738 1005 877 1050 esse
916 985 1198 1059 unionis,
1244 984 1403 1046 sicut
1452 983 1517 1044 in
1568 981 1873 1044 habituali
1918 980 2120 1062 gratia

558 1080 863 1160 contingit
884 1079 949 1140 in
973 1078 1201 1142 eodem
1220 1077 1473 1139 instanti
1496 1075 1716 1152 amitti,
1739 1073 1805 1136 in
1828 1091 1958 1154 quo
1982 1073 2124 1153 quis

556 1178 801 1254 peccat,
828 1171 1113 1252 quamvis
1139 1171 1325 1234 simul
1353 1187 1498 1233 eum
1524 1170 1632 1230 illa
1654 1185 1795 1232 esse
1824 1185 1953 1230 non
1977 1183 2124 1246 pos-

560 1267 663 1329 sit.
684 1267 818 1328 Hoc
848 1265 1017 1328 enim
1046 1263 1235 1327 modo
1263 1263 1583 1326 finxerunt
1604 1261 1820 1342 aliqui,
1848 1260 2122 1342 possein

554 1359 948 1424 humanitate
994 1363 1311 1439 assumpta
1358 1375 1498 1420 esse
1538 1362 1903 1437 peccatum3
1953 1355 2124 1436 quod

556 1454 611 1518 si
648 1471 868 1518 verum
902 1459 1090 1529 esset,
1128 1469 1256 1514 non
1308 1452 1489 1514 fieret
1537 1449 1899 1512 humanitas
1942 1467 2020 1512 ex
2061 1448 2122 1510 vi

556 1548 805 1610 unionis
824 1545 1273 1628 impeccabilis.
1294 1543 1418 1610 Sed
1438 1545 1539 1608 hic
1561 1543 1791 1606 modus
1814 1541 2004 1606 etiam
2027 1547 2122 1606 est

556 1641 980 1723 impossibilis,
1008 1641 1215 1722 primo
1246 1638 1501 1720 quidem
1528 1639 1675 1718 quia
1719 1637 1919 1720 gratia
1942 1637 2123 1700 unio-

555 1737 657 1798 nis
679 1737 908 1800 nostris
927 1735 1221 1817 operibus
1238 1751 1447 1813 neque
1467 1739 1885 1814 comparatur,
1910 1749 2121 1811 neque

556 1837 863 1912 augetur3
898 1849 1051 1912 ergo
1072 1875 1089 1904 ,
1118 1845 1237 1892 nec
1277 1827 1501 1890 iisdem
1530 1828 1845 1907 corrumpi
1872 1831 2116 1908 potest3

556 1924 761 2006 gratia
798 1922 968 1986 enim
1010 1920 1343 1985 habitualis
1367 1921 1509 1984 ideo
1550 1937 1666 2000 per
1695 1937 1886 2001 opera
1914 1921 2122 2000 potest

558 2017 899 2098 corrumpi,
926 2017 1075 2096 quia
1114 2035 1230 2098 per
1258 2015 1481 2080 eadem
1509 2019 1714 2095 potest
1740 2013 2117 2092 comparari,

556 2113 781 2176 saltem
814 2111 1197 2192 dispositive,
1218 2114 1281 2172 et
1328 2109 1649 2172 meritorie
1694 2109 1934 2190 augeri.
1969 2107 2122 2180 Quae

557 2214 773 2270 tamen
796 2205 957 2268 ratio
987 2223 1067 2268 ex
1093 2199 1285 2266 rebus
1312 2201 1678 2280 extrinsecis
1724 2201 2028 2278 sumitur,
2061 2207 2125 2264 et

556 2301 645 2364 ita
670 2317 808 2362 rem
834 2317 964 2362 non
990 2297 1285 2378 explicat余
1314 2297 1485 2378 quod
1515 2297 1685 2360 enim
1713 2297 1914 2377 gratia
1940 2295 2124 2356 unio-

558 2395 659 2456 nis
684 2393 901 2474 augeri
925 2409 1053 2455 non
1076 2391 1275 2473 possit
1301 2409 1417 2471 per
1447 2408 1662 2471 opera,
1684 2389 1830 2452 ideo
1862 2395 1958 2452 est
1975 2388 2124 2468 qnia

556 2489 697 2569 ipsa
740 2487 807 2550 in
854 2505 923 2550 se
966 2485 1360 2549 indivisibilis
1407 2492 1525 2561 est,
1560 2488 1623 2546 et
1668 2484 1937 2564 incapax
1969 2499 2126 2562 aug-

556 2583 785 2656 menti余
812 2581 1079 2644 obtineri
1108 2587 1321 2643 autem
1348 2597 1465 2660 per
1490 2595 1685 2658 opera
1704 2575 2126 2657 praecedentia

560 2676 627 2738 in
670 2675 925 2756 proprio
969 2673 1317 2754 supposito,
1354 2671 1715 2753 simpliciter
1764 2687 1897 2732 non
1942 2687 2130 2749 repu-

478 2839 483 2854 .
563 2772 811 2851 gnaret,
832 2767 1117 2846 quamvis
1142 2770 1455 2848 repugnet
1488 2763 1756 2826 obtineri
1782 2778 1898 2843 per
1932 2781 2129 2842 opera

560 2861 663 2926 vel
690 2861 1164 2941 dispositionem
1200 2857 1663 2942 praecedentem
1692 2855 1912 2918 ordine
1942 2861 2129 2918 natu-

560 2971 651 3018 rae
686 2953 749 3014 in
782 2953 915 3016 sola
956 2953 1092 3034 ipsa
1119 2960 1345 3018 natura
1389 2947 1803 3024 assumenda,
1836 2953 1905 3011 ut
1934 2965 2124 3029 supra

562 3045 896 3127 probatum
928 3053 1044 3110 est.
1070 3045 1147 3108 Et
1176 3045 1325 3108 inde
1350 3043 1521 3108 sumi
1550 3049 1761 3125 potest
1780 3044 2129 3123 proportio-

562 3137 709 3202 nale
760 3145 1247 3221 argumentum,
1300 3142 1480 3218 cujus
1529 3139 1853 3218 proprium
1901 3135 2129 3199 funda-

563 3239 853 3298 mentum
902 3233 1109 3296 statim
1161 3233 1591 3314 explicabitur.
1642 3231 1931 3294 Secundo
1977 3247 2126 3312 ergo

563 3328 867 3408 probatur
902 3326 1025 3390 boc
1069 3343 1209 3390 esse
1252 3325 1661 3408 impossibile,
1710 3325 1859 3404 quia
1902 3329 2129 3388 natura

564 3426 887 3500 assumpta
922 3437 1001 3482 ex
1039 3419 1103 3482 vi
1130 3420 1381 3482 unionis
1406 3423 1627 3480 manet
1654 3417 2024 3480 confirmata
2063 3417 2128 3478 in

562 3513 734 3578 bono
750 3559 772 3592 ,
801 3517 1057 3595 propter
1088 3514 1401 3578 rationem
1432 3530 1627 3594 supra
1648 3511 1880 3574 factam
1908 3511 1976 3572 in
2003 3509 2131 3591 pri-

564 3625 671 3672 ma
714 3609 1119 3670 conclusione
1130 3623 1151 3687 余
1196 3607 1355 3670 etin
1401 3607 1527 3668 hoc
1571 3607 1839 3668 multum
1886 3604 2130 3668 excedit

566 3699 767 3782 gratia
792 3700 1043 3762 unionis
1072 3701 1339 3782 gratiam
1361 3699 1769 3776 habitualem,
1792 3699 1941 3779 quia
1971 3697 2134 3761 mul-

567 3799 632 3856 to
680 3795 881 3858 altiori
918 3793 1107 3856 modo
1150 3791 1399 3856 deificat
1438 3799 1731 3854 naturam
1776 3793 1879 3856 cui
1924 3793 2126 3855 datur.

566 3884 801 3964 Tertio,
829 3887 895 3950 id
927 3887 1131 3968 magis
1170 3885 1422 3967 proprie
1469 3886 1814 3966 explicatur
1852 3903 1933 3948 ex
1961 3881 2136 3946 diffe-

568 3982 775 4046 rentia
815 3982 978 4044 inter
1010 3981 1276 4061 gratiam
1315 3979 1723 4054 habitualem,
1756 3985 1818 4042 et
1840 3979 2130 4053 unionis3

570 4073 679 4137 illa
706 4075 875 4136 enim
902 4091 1032 4138 non
1062 4071 1378 4136 constituit
1424 4071 1853 4152 suppositum,
1887 4079 1950 4136 et
1987 4072 2132 4134 ideo

570 4185 703 4232 non
750 4169 957 4230 omnis
1011 4165 1313 4246 operatio,
1354 4165 1704 4246 procedens
1738 4185 1777 4228 a
1810 4167 2134 4246 supposito

570 4261 847 4326 habente
878 4261 1170 4343 gratiam,
1218 4259 1503 4338 procedit
1528 4277 1565 4319 a
1610 4259 1844 4339 gratia3
1878 4279 1960 4322 ex
2007 4277 2133 4339 quo

572 4355 645 4420 fit
670 4362 739 4418 ut
756 4355 879 4420 tale
910 4355 1305 4435 suppositum
1332 4353 1583 4416 efficere
1603 4349 1797 4434 possit
1824 4355 2137 4436 operatio-

572 4463 726 4514 nem
776 4464 918 4530 quae
960 4448 1225 4531 gratiam
1274 4443 1473 4528 ipsam
1521 4447 1812 4528 expellat,
1862 4447 2024 4512 sicut
2067 4451 2135 4514 in

573 4543 717 4606 aliis
746 4543 964 4606 formis
996 4542 1097 4606 vel
1137 4539 1453 4604 habitibus
1498 4541 1832 4623 contingit3
1874 4549 1940 4606 at
1983 4561 2135 4606 vero

576 4637 779 4719 gratia
824 4634 1078 4700 unionis
1124 4634 1443 4698 constituit
1485 4633 1692 4714 ipsum
1740 4637 2136 4717 suppositum

574 4747 872 4812 operans,
904 4737 967 4792 et
984 4729 1125 4792 ideo
1154 4724 1361 4790 omnis
1388 4731 1692 4808 operatis),
1720 4731 2070 4811 procedens
2097 4750 2136 4794 a

572 4830 801 4888 natura
814 4816 1089 4886 habente
1102 4821 1267 4886 banc
1288 4822 1574 4902 gratiam,
1606 4823 1965 4888 necessario
1993 4843 2136 4906 pro-

572 4915 740 4982 cedit
768 4909 849 4980 ab
877 4913 1017 4998 ipso
1042 4917 1389 4997 suppositO,
1420 4915 1592 4998 quod
1615 4915 1708 4980 illi
1732 4920 1978 4980 unitum
2005 4928 2130 4997 est3

574 5002 791 5074 abillo
828 5011 996 5074 enim
1027 5005 1341 5092 praecipue
1366 5016 1463 5073 est
1500 5011 1703 5074 omnis
1732 5011 2043 5092 operati03
2071 5017 2136 5076 et

570 5095 716 5167 ideo
754 5095 893 5167 fleri
916 5117 1045 5166 non
1070 5109 1280 5183 potest
1304 5109 1375 5166 ut
1396 5115 1512 5186 per
1538 5107 1967 5186 operationem
1989 5119 2133 5188 pro-

572 5191 908 5262 cedentem
948 5215 987 5260 a
1032 5203 1281 5274 natura,
1326 5213 1468 5278 quae
1512 5200 1685 5279 prius
1725 5201 1919 5264 habet
1971 5201 2134 5264 hanc

572 5293 841 5373 gratiam
879 5291 1163 5366 unionis,
1195 5289 1347 5354 unio
1380 5291 1777 5356 dissolvatur.
1824 5293 2006 5367 Quod
2047 5297 2134 5360 ita

568 5385 832 5450 ulterius
852 5381 1212 5450 declaratur
1237 5389 1301 5450 et
1322 5385 1763 5452 confirmatur:
1790 5405 1942 5452 nam
1983 5406 2132 5471 ope-

566 5476 729 5546 ratio
754 5477 1039 5562 procedit
1076 5495 1112 5544 a
1146 5480 1499 5563 supposit03
1536 5495 1686 5563 ergo
1720 5481 1821 5548 vol
1847 5484 2127 5565 proprio,

1799 317 2040 384 QUAEST.
2073 317 2178 374 XV.
2211 317 2414 374 Alme.
2448 319 2510 374 11.

2203 420 2304 482 vel
2349 421 2591 494 alieno余
2623 419 2677 482 si
2715 437 2752 480 a
2791 419 3044 500 proprio
3057 461 3079 496 ,
3109 433 3264 500 ergo
3311 419 3478 500 prius
3521 431 3702 490 natura

2203 533 2394 595 quam
2429 514 2820 592 intelligatur
2843 513 3012 574 facta
3040 513 3354 593 operatio,
3381 514 3704 597 intelligetur

2203 609 2357 670 unio
2385 608 2716 683 dissoluta,
2743 611 2806 669 et
2845 611 3071 668 natura
3117 605 3476 686 subsistens-
3505 607 3566 670 in
3599 629 3706 690 pro

2201 702 2338 784 prio
2369 701 2716 782 supposito,
2741 706 2806 763 et
2845 698 2988 762 ideo
3013 699 3248 760 mirum
3295 718 3426 762 non
3464 707 3550 762 est
3579 707 3706 783 quod

2199 813 2466 876 peccare
2505 795 2642 875 jam
2671 793 2888 874 possit,
2923 811 3068 856 cum
3095 793 3336 855 unione
3384 793 3606 873 privata
3633 801 3704 873 sit,

2199 905 2318 949 nos
2347 887 2516 950 enim
2539 887 2858 968 loquimur
2873 887 2956 948 de
2983 892 3206 949 natura
3235 887 3445 960 unita余
3473 887 3520 949 si
3545 897 3708 952 autem

2201 981 2482 1062 operatio
2509 981 2786 1063 procedit
2809 999 2846 1041 a
2871 981 3194 1062 supposito
3215 981 3450 1056 alieno,
3477 982 3710 1062 impossi-

2201 1074 2328 1138 bile
2357 1081 2452 1138 est
2485 1082 2556 1137 ut
2601 1075 2666 1136 in
2720 1075 2944 1138 eodem
2971 1074 3253 1150 instanti,
3289 1074 3360 1136 in
3388 1091 3508 1152 quo
3535 1077 3604 1138 ab
3633 1079 3710 1140 illo

2201 1169 2506 1248 procedit,
2535 1169 2780 1232 desinat
2805 1167 2956 1230 unio
2991 1173 3232 1230 naturas
3261 1167 3346 1230 ad
3385 1167 3505 1230 tale
3535 1188 3710 1250 suppo-

2203 1263 2416 1338 situm,
2442 1264 2590 1344 quia
2608 1263 2996 1344 impossibile
3019 1268 3208 1325 estut
3231 1262 3428 1324 simul
3449 1263 3527 1324 sit
3546 1269 3602 1325 et
3617 1283 3708 1328 non

2203 1359 2284 1420 sit
2323 1359 2506 1436 unio余
2539 1363 2610 1420 nt
2645 1362 2858 1418 autem
2904 1355 3185 1436 operatio
3231 1357 3302 1418 in
3349 1355 3470 1418 hoc
3510 1357 3708 1421 instanti

2201 1451 2501 1534 procedat
2529 1469 2568 1513 a
2614 1450 2826 1512 divino
2875 1449 3200 1530 supposito
3217 1493 3239 1526 ,
3270 1465 3529 1512 necesse
3571 1456 3712 1514 estut

2205 1547 2267 1607 in
2290 1546 2413 1608 hoc
2431 1545 2687 1608 instanti
2707 1544 2894 1606 duret
2912 1543 3059 1606 unio
3081 1543 3162 1606 ad
3185 1542 3316 1606 tale
3337 1545 3708 1624 suppositum

2201 1657 2332 1702 non
2359 1658 2512 1722 ergo
2551 1643 2760 1718 potest
2795 1639 2864 1699 in
2905 1637 3130 1700 eodem
3174 1635 3442 1700 instanti
3479 1638 3712 1701 desinere

2203 1753 2343 1798 esse
2373 1753 2492 1815 per
2525 1733 2797 1814 primum
2824 1749 2955 1794 non
2989 1749 3162 1805 esse余
3191 1731 3362 1794 sicut
3387 1731 3710 1812 impossihile

2201 1834 2414 1903 estut,
2443 1828 2494 1889 si
2524 1845 2682 1907 opus
2709 1825 2988 1908 procedit
3015 1845 3055 1887 a
3079 1825 3284 1907 gratia
3307 1825 3616 1900 habituali,
3639 1825 3710 1887 de

2203 1923 2368 1984 sinat
2389 1923 2458 1984 in
2487 1921 2710 1986 eodem
2757 1920 3014 1982 instanti
3057 1921 3260 2001 gratia
3309 1918 3710 1994 habitualis3et

2201 2017 2372 2078 idem
2397 2019 2496 2077 est
2521 2015 2588 2078 in
2615 2015 2864 2091 calore,
2891 2021 2959 2077 et
2983 2013 3120 2075 aliis
3147 2013 3482 2076 similibus.

2283 2111 2383 2172 17.
2437 2106 3484 2190 Objectio.Rerponsio.-Neque
3511 2105 3616 2169 dici
3635 2125 3710 2186 po-

2204 2207 2326 2267 test
2351 2203 2476 2266 tale
2507 2221 2666 2284 opus
2709 2203 2952 2286 peccati
2977 2202 3326 2282 procedere
3351 2221 3392 2264 a
3411 2207 3616 2264 natura
3631 2199 3710 2262 hu-

2205 2317 2396 2362 mana
2441 2299 2793 2361 secundum
2823 2317 2892 2360 se
2927 2297 3062 2359 sine
3091 2297 3318 2360 ordine
3362 2297 3450 2358 >ad
3487 2296 3708 2376 supposi-

2204 2399 2364 2470 tum,
2400 2401 2464 2456 et
2489 2411 2607 2474 per
2633 2393 2790 2455 illud
2817 2391 3048 2454 mereri
3075 2391 3541 2472 separationem
3577 2409 3610 2451 a
3637 2389 3708 2449 tali

2207 2488 2554 2568 supposito,
2605 2485 2670 2548 in
2721 2485 2944 2548 eodem
2985 2485 3245 2548 instanti
3277 2483 3706 2566 perficiendam

2207 2581 2370 2644 sicut
2415 2581 2632 2644 dicunt
2671 2579 2866 2659 aliqui
2895 2578 3180 2659 potuisse
3225 2587 3522 2641 naturam
3547 2580 3712 2638 huma

2207 2693 2359 2736 nam
2403 2675 2750 2736 secundum
2800 2691 2868 2736 se
2922 2671 3296 2734 existentem
3349 2671 3521 2753 prius
3547 2675 3709 2731 natura

2210 2770 2477 2851 operari,
2507 2776 2572 2831 ct
2597 2769 2824 2831 mereri
2851 2768 3180 2844 unionem,
3203 2774 3274 2858 et
3291 2767 3566 2831 obtinere
3587 2765 3706 2826 illam

2207 2863 2274 2924 in
2321 2861 2548 2924 eodem
2583 2861 2858 2924 instanti.
2909 2863 3040 2923 Hoc
3086 2861 3427 2942 (inquam)
3481 2859 3588 2921 dici
3621 2875 3706 2918 non

2207 2961 2436 3036 potest,
2466 2956 2669 3036 primo
2698 2955 2956 3035 quidem
2985 2955 3132 3034 qnia
3157 2973 3356 3036 supra
3384 2952 3705 3016 ostendimus

2207 3048 2363 3110 illud
2403 3049 2485 3110 de
2531 3050 2750 3112 merito
2800 3065 2943 3110 esse
2981 3049 3214 3110 falsum
3243 3053 3312 3110 et
3350 3043 3706 3127 impossibile3

2207 3143 2332 3204 hoc
2368 3147 2582 3204 autem
2609 3141 3058 3224 impossibilius
3101 3147 3228 3216 est,
3259 3157 3414 3204 nam
3441 3141 3504 3201 in
3529 3140 3614 3200 via
3635 3153 3706 3214 ge-

2209 3237 2576 3310 nerati-onis,
2607 3255 2750 3298 cum
2781 3237 3140 3298 humanitas
3163 3235 3346 3315 prius
3381 3239 3592 3296 natura
3609 3245 3710 3306 sup-

2211 3337 2484 3412 ponatur
2529 3331 2802 3392 existens
2832 3347 3022 3409 quam
3051 3329 3266 3405 unita,
3307 3333 3516 3410 posset
3551 3325 3707 3401 aliquo

2209 3423 2399 3486 modo
2427 3423 2696 3503 intelligi
2738 3421 2914 3502 prius
2957 3427 3188 3484 natura
3237 3439 3544 3503 operans損,
3569 3429 3709 3496 quam

2209 3517 2596 3596 intelligatur
2623 3517 3016 3596 suppositum
3050 3533 3164 3596 per
3191 3515 3369 3578 illam
3397 3513 3637 3595 operari.
3657 3509 3709 3568 At

2211 3628 2360 3672 vero
2389 3616 2722 3690 postquam
2740 3611 2876 3689 jam
2903 3607 3082 3670 unita
3105 3614 3224 3684 est,
3245 3607 3392 3672 fieri
3417 3625 3538 3669 non
3561 3605 3710 3685 potest

2213 3707 2286 3766 ut
2309 3703 2520 3782 aliqua
2546 3704 2825 3785 operatio
2855 3701 2937 3764 eit
2964 3701 3046 3764 ab
3074 3702 3179 3764 illa
3207 3705 3437 3766 natura
3505 3699 3634 3778 quin
3656 3693 3708 3754 ab

2213 3797 2353 3878 ejus
2381 3797 2568 3858 etiam
2605 3797 2930 3877 supposito
2955 3795 3055 3871 sit,
3097 3794 3220 3858 nisi
3249 3798 3430 3876 prius
3459 3805 3710 3872 suppona-

2213 3896 2317 3952 tur
2341 3889 2491 3952 unio
2515 3891 2852 3964 dissoluta3
2883 3889 3031 3970 quia
3055 3907 3184 3952 non
3211 3889 3339 3952 alia
3365 3887 3590 3952 ratione
3608 3897 3707 3960 ope

2214 3983 2374 4046 ratio
2405 3987 2500 4045 est
2521 3983 2846 4064 suppositi,
2873 3983 2999 4046 nisi
3025 3983 3178 4062 quia
3211 3989 3441 4046 natura
3464 3986 3551 4044 est
3569 3977 3708 4039 etism

2213 4075 2408 4157 ipsius
2429 4077 2757 4158 suppositi,
2779 4093 2987 4157 neque
3007 4077 3136 4140 alia
3159 4077 3406 4140 ratione
3431 4087 3625 4137 omnes
3641 4085 3708 4128 ac-

2213 4171 2418 4234 tiones
2466 4179 2530 4235 et
2573 4171 2904 4252 passiones
2951 4171 3368 4236 humanitatis
3411 4167 3612 4234 Christi
3649 4160 3710 4222 di

2215 4267 2442 4328 cuntur
2483 4280 2623 4330 esse
2651 4267 2958 4347 suppositi
2985 4265 3200 4328 divini.
3229 4265 3510 4344 Denique
3541 4257 3708 4324 saltem

2217 4359 2338 4422 hoc
2367 4377 2560 4422 sensu
2599 4377 2718 4441 per
2765 4377 2836 4424 se
2883 4365 3102 4423 notum
3131 4365 3264 4433 est,
3317 4359 3582 4424 actiones
3613 4361 3711 4410 esse

2215 4453 2686 4534 suppositorum
2712 4467 2981 4534 quorum
3009 4459 3154 4516 sunt
3177 4459 3440 4518 naturae.
3461 4435 3711 4520 Relinqffl

2217 4555 2321 4611 tur
2367 4565 2522 4629 ergo
2567 4549 2954 4630 impossibile
2997 4567 3138 4612 esse
3185 4555 3260 4612 ut
3303 4565 3420 4630 per
3442 4543 3708 4628 peccatum

2217 4647 2456 4704 naturae
2505 4641 2696 4704 unitae
2741 4641 3110 4706 dissolvatur
3155 4641 3292 4723 ipsa
3331 4641 3504 4712 unio余
3543 4639 3704 4710 atque,

2215 4751 2364 4798 eum
2409 4733 2599 4796 etiam
2639 4735 3028 4815 impossibile
3055 4733 3138 4799 sit
3169 4739 3491 4816 peccatum
3517 4741 3631 4791 esse
3654 4717 3706 4780 si-

2214 4827 2348 4890 mul
2375 4845 2520 4890 cum
2549 4828 2823 4905 unione,
2851 4829 2922 4892 fit
2948 4831 3238 4894 omnibus
3264 4829 3462 4892 modis
3491 4839 3608 4888 esse
3628 4815 3708 4876 im

2215 4921 2508 5001 possibile
2539 4929 2608 4985 ut
2633 4930 2968 5002 peccatum
2995 4923 3219 4988 cadat
3199 4941 3268 4988 in
3302 4929 3574 4986 naturam
3597 4905 3707 4970 Ver-

2214 5013 2296 5078 bo
2325 5015 2744 5096 conjunctam.

2297 5107 2397 5172 18.
2441 5107 2589 5175 Non
2623 5117 2966 5194 repugnat,
3010 5108 3209 5176 Deum
3249 5121 3538 5177 mmmm
3567 5097 3704 5160 畚稽-

2213 5219 2352 5268 ram
2379 5221 2510 5286 quse
2549 5205 2892 5270 immediate
2916 5213 3054 5271 anto
3089 5209 3282 5286 tuerit
3320 5207 3386 5270 in
3406 5199 3682 5286 peccato

2217 5293 2501 5376 objectio.
2513 5299 2957 5382 Rerpoxsim
2975 5301 3160 5362 -Ex
3181 5299 3364 5362 dictis
3391 5311 3525 5359 vero
3548 5295 3702 5360 sequl
3792 5353 3793 5382 畆

2211 5395 2354 5466 tur,
2407 5410 2534 5454 non
2582 5411 2722 5456 esse
2773 5393 3156 5476 impossibile
3201 5395 3409 5457 Deum
3439 5383 3701 5452 assumere
3792 5419 3793 5424 虜

2209 5491 2524 5562 naturam,
2561 5503 2701 5567 quas
2747 5493 2876 5552 toto
2903 5487 3096 5569 priori
3143 5493 3425 5570 temporo
3453 5473 3630 5546 fuerit,
3649 5477 3697 5528 孫孫孫
3792 5499 3793 5560 j
