3892 6167
1310 396 1631 453 mspu'ra'r.
1664 394 1839 451 xxxi.
1872 395 2046 451 snm·-
2079 396 2166 451 lv.

114 502 385 585 proprie
406 502 607 565 oritur
640 516 717 564 ex
747 514 1043 581 suprema
1072 502 1383 581 potestate
1410 498 1689 562 auctoris

114 603 369 659 naturas
394 610 419 675 3
470 595 643 658 unde
705 594 969 675 intelligi
1030 610 1161 656 non
1224 600 1431 675 potest
1482 593 1691 657 forma

115 698 339 753 creata
384 697 459 753 et
484 690 702 764 finita,
752 690 855 753 cui
898 690 1187 751 naturale
1232 690 1313 751 sit
1350 689 1459 751 illo
1498 686 1689 751 modo

116 786 399 865 operari.
444 784 696 861 Quarto,
723 784 893 865 'quia
922 783 1280 863 hujusmodi
1310 783 1690 847 miraculosa

116 878 283 941 actio
304 895 477 958 soepe
492 882 591 941 est
608 877 1037 940 substantialis
1058 876 1347 951 mutati03
1372 876 1691 955 quomodo

124 990 281 1051 ergo
300 972 575 1051 qualitas
590 973 711 1035 erit
726 972 1051 1053 proprium
1070 977 1135 1033 et
1156 970 1501 1052 principale
1516 970 1687 1052 prin·

124 1068 357 1147 cipium
402 1066 617 1129 illius?
648 1066 912 1143 Quinto,
960 1066 1231 1145 qualitas
1275 1065 1452 1127 finita
1496 1064 1691 1127 habet

124 1162 467 1222 terminum
497 1167 563 1223 et
586 1161 846 1223 modum
874 1160 938 1221 in
966 1159 1215 1240 agendo
1240 1204 1257 1233 ‚
1308 1176 1460 1220 nam
1487 1162 1692 1238 potest

118 1254 415 1333 impediri
449 1272 487 1316 a
513 1254 721 1316 medio
741 1299 764 1329 ,
808 1255 911 1315 vel
938 1271 1017 1315 cx
1044 1252 1397 1315 resistentia
1428 1250 1691 1331 subjecti

108 1347 453 1422 retal-thri,
482 1364 625 1427 quae
650 1366 777 1409 non
802 1348 1185 1411 conveniunt
1210 1345 1277 1407 in
1305 1344 1475 1407 hanc
1496 1346 1691 1407 virtu-

108 1444 253 1500 tem
282 1440 731 1503 miraculorum
764 1440 1199 1522 operatricem.
1243 1440 1455 1515 Sexto,
1488 1439 1539 1501 si
1567 1438 1690 1501 fin·

110 1539 313 1612 gatar
338 1533 447 1595 illa
476 1536 745 1615 qualitas
772 1550 913 1597 esse
940 1532 1178 1597 ordinis
1203 1532 1529 1607 naturalis,
1557 1548 1691 1593 non

109 1633 335 1705 posset
362 1646 483 1689 sua
506 1630 760 1709 propria
786 1628 1013 1691 virtute
1040 1626 1289 1689 efficere
1316 1632 1690 1689 transmuta-

108 1720 327 1783 tiones
356 1724 866 1803 supernaturales
895 1739 911 1797 3
956 1722 1009 1784 si
1036 1738 1187 1784 vero
1214 1721 1295 1783 sit
1320 1719 1559 1781 ordinis
1586 1738 1691 1780 su·

106 1816 588 1892 pernaturalis,
634 1817 733 1879 vel
770 1818 886 1879 erit
919 1814 1298 1897 principium
1326 1812 1557 1894 agendi
1588 1830 1693 1875 so-

105 1907 250 1969 lum
274 1910 531 1973 actione
552 1912 901 1973 muscenti
925 1910 1007 1971 ad
1028 1908 1287 1971 modum
1308 1906 1691 1969 naturalium

100 1999 513 2078 formarum3
550 2012 613 2067 et
646 2004 751 2067 bic
790 2003 1045 2066 modus.
1084 2020 1226 2066 cum
1256 2003 1337 2065 sit
1362 2001 1545 2065 valde
1573 2000 1695 2063 im-

104 2094 463 2175 perfectus,
510 2098 750 2160 indicat
786 2098 1218 2178 imperfectam
1264 2102 1584 2171 naturam,
1628 2100 1693 2157 et

106 2190 255 2251 ideo
294 2208 435 2252 non
466 2192 761 2255 convenit
778 2192 930 2253 huic
956 2193 1175 2272 gratius
1202 2189 1687 2266 miraculorum3

102 2284 207 2345 vel
248 2284 375 2346 erit
410 2285 788 2365 principium
826 2291 1083 2347 actuum
1118 2283 1599 2347 immanentium
1632 2289 1693 2346 et

102 2377 429 2453 vitalium,
460 2384 529 2441 et
546 2380 639 2441 ita
664 2384 909 2460 oportet
932 2381 1005 2441 ut
1028 2380 1107 2442 sit
1134 2378 1387 2441 habitus
1410 2376 1693 2439 intellec·

111 2478 219 2531 tus
248 2474 360 2532 aut
378 2471 745 2537 voluntatis.
772 2474 935 2535 Talis
954 2478 1167 2535 autem
1190 2471 1460 2553 qualitas
1478 2475 1547 2532 ct
1562 2486 1694 2531 non

116 2563 377 2625 videtur
404 2584 597 2647 posse
634 2584 775 2628 esse
810 2566 1147 2647 perfectior
1172 2582 1367 2646 quam
1393 2562 1687 2637 charitas,

116 2658 217 2718 vel
244 2658 471 2721 lumen
500 2659 713 2740 glorias
729 2706 753 2739 ,
790 2678 931 2741 quas
960 2678 1085 2724 nou
1112 2660 1353 2721 habent
1376 2657 1543 2719 banc
1570 2657 1693 2719 vir·

112 2758 342 2827 tutem,
378 2758 446 2815 et
470 2772 599 2815 uon
627 2761 839 2834 posset
862 2755 1147 2834 proxime
1176 2754 1421 2815 efficere
1450 2752 1571 2813 nisi
1596 2768 1696 2813 ac-

111 2852 245 2905 tum
272 2846 639 2909 intellectus
666 2852 775 2910 aut
798 2848 1157 2921 voluntatis,
1186 2866 1303 2927 per
1326 2864 1487 2925 quos
1510 2862 1693 2924 opor-

110 2946 199 3001 tet
245 2940 471 3002 facere
510 2942 801 3005 effectum
836 2942 1309 3019 miraculosum,
1346 2940 1552 3002 solum
1579 2954 1694 3017 per

106 3032 385 3093 modurn
416 3032 664 3113 imperii
696 3042 804 3098 aut
831 3036 1100 3099 efficacis
1144 3035 1505 3097 voluntatis.
1540 3034 1693 3095 Pro-

106 3124 357 3187 ducere
402 3132 615 3190 autem
647 3127 883 3191 formas
919 3131 1043 3192 hoc
1086 3127 1313 3204 modo,
1350 3127 1453 3189 vel
1488 3130 1694 3189 trans-

106 3222 367 3281 mutare
402 3238 509 3283 res
529 3221 595 3283 in
622 3223 1027 3303 qualitatibus
1050 3223 1151 3283 vel
1176 3220 1543 3283 substantiis
1584 3238 1693 3282 ea·

106 3332 284 3387 rum,
310 3320 415 3379 est
440 3318 765 3397 proprium
789 3318 1131 3381 voluntatis
1150 3317 1398 3391 divium,
1421 3333 1563 3394 quae
1586 3335 1695 3378 su·

106 3424 419 3485 premam
442 3410 639 3473 habet
656 3410 1006 3474 dominium
1028 3416 1090 3473 et
1109 3398 1483 3491 potestatem
1502 3411 1567 3471 in
1588 3428 1694 3472 res

108 3518 389 3577 omnes;
418 3504 603 3584 cujus
630 3504 877 3585 signum
898 3510 1015 3579 est,
1042 3505 1189 3584 quia
1214 3502 1389 3565 nulla
1410 3503 1694 3566 voluntas

108 3602 335 3657 crema
366 3602 609 3676 potest,
642 3598 847 3659 solum
873 3597 1143 3660 volendo
1166 3596 1271 3659 vel
1298 3598 1691 3679 imperando,

112 3688 401 3751 naturali
434 3690 665 3753 virtute
692 3692 1046 3771 producere
1092 3690 1369 3772 aliquam
1398 3690 1688 3765 formam,

122 3783 324 3845 ctiam
344 3784 719 3856 naturalem.
747 3802 957 3867 neque
980 3791 1405 3849 transmutare
1428 3804 1553 3862 res,
1572 3786 1693 3849 nisi

120 3874 209 3937 ad
238 3886 479 3941 motum
497 3882 741 3942 tantum
768 3880 1061 3943 localem.

202 3976 267 4035 3.
313 3970 704 4037 Humanitas
736 3970 981 4039 Christi
1017 3990 1139 4037 non
1183 3978 1275 4039 est
1319 3973 1692 4054 manipulis

113 4084 315 4130 cama
367 4066 613 4148 pratioe.
636 4098 719 4115 -
764 4066 915 4129 Dico
969 4066 1249 4129 secundo
1284 4085 1299 4128 ε
1333 4066 1693 4128 humanitas

112 4160 351 4221 Christi
386 4176 517 4219 non
564 4158 756 4223 habet
782 4160 1075 4222 virtutem
1132 4160 1520 4241 producendi
1551 4177 1694 4240 gra-

108 4252 277 4314 tiam
318 4270 437 4313 seu
460 4253 1005 4333 supernaturalem
1029 4253 1343 4333 justitiam
1388 4258 1693 4332 tanquam

110 4345 491 4426 principalis
519 4364 709 4408 causa
755 4347 916 4427 ejus,
956 4344 1073 4408 sed
1114 4346 1319 4409 solum
1371 4355 1445 4407 ut
1469 4345 1692 4425 praeci-

108 4456 324 4519 puum
356 4439 840 4504 instrumentum
857 4438 1067 4503 Verbo
1097 4440 1524 4519 conjunctum.
1546 4441 1691 4501 Haec

109 4534 315 4594 etiam
349 4539 447 4594 est
478 4534 829 4596 communis
856 4533 1169 4596 sententia
1196 4533 1687 4613 Theologorum,

108 4626 175 4687 in
214 4630 281 4703 4,
315 4624 381 4687 d.
418 4630 476 4700 1,
508 4632 571 4688 et
616 4628 693 4689 D.
724 4628 1065 4704 Thom.,1.
1104 4630 1169 4701 2,
1202 4645 1266 4708 q.
1309 4628 1451 4702 ΗΞ,
1478 4630 1595 4689 art.
1626 4629 1686 4701 4,

110 4719 231 4799 qui
276 4718 443 4781 salso
484 4718 550 4780 in
584 4721 970 4782 contrarium
1022 4720 1195 4782 citari
1248 4719 1409 4781 solet
1458 4718 1525 4780 in
1570 4719 1691 4779 hac

112 4813 500 4893 quaestione,
538 4818 656 4875 art.
678 4816 753 4889 Ως
782 4832 931 4875 uam
974 4814 1078 4877 hic
1114 4832 1243 4875 non
1272 4813 1405 4893 agit
1432 4812 1513 4874 de
1544 4830 1693 4893 pro-

113 4906 429 4969 ductione
462 4908 697 4987 gratiae,
723 4924 837 4969 seu
883 4906 1359 4988 gratificatione,
1396 4906 1511 4969 sed
1552 4916 1691 4968 tan-

114 5004 258 5063 tum
290 5000 373 5061 de
402 4999 883 5075 illuminatione,
917 5000 996 5061 de
1026 5018 1153 5081 qua
1208 5000 1331 5062 alia
1372 5000 1532 5061 ratio
1570 5004 1687 5073 est,

120 5102 192 5156 ut
220 5091 711 5156 declarabimus.
740 5093 965 5155 Docuit
1008 5094 1196 5155 etiam
1244 5093 1409 5154 hanc
1438 5096 1693 5155 senten-

122 5189 279 5248 tiam
310 5184 563 5260 Driedo,
581 5184 661 5247 de
684 5185 859 5266 Capt.
890 5192 954 5249 et
972 5186 1281 5266 redempt.
1312 5204 1460 5267 gen.
1482 5186 1690 5262 hum.‚

128 5287 309 5344 tract.
343 5282 409 5353 2,
456 5296 597 5358 cap.
632 5282 695 5354 1,
724 5284 887 5359 part.
920 5282 985 5355 2,
1026 5279 1265 5343 memb.
1314 5282 1378 5356 2,
1410 5284 1473 5341 et
1526 5279 1691 5341 sumi

128 5380 331 5453 potest
357 5390 439 5435 ex
467 5372 739 5434 Concilio
762 5371 1151 5449 Tridentino,
1180 5391 1335 5436 sess.
1364 5376 1426 5451 6,
1458 5390 1596 5453 cap.
1626 5378 1688 5448 7,

132 5468 235 5529 ubi
280 5466 491 5529 solum
542 5464 741 5528 Deum
778 5467 957 5547 ponit
996 5484 1255 5529 causam
1316 5468 1691 5530 efficientem

134 5560 376 5641 gratim
420 5564 483 5621 et
512 5558 787 5638 loquitur
814 5560 897 5623 de
926 5561 1181 5645 propria
1227 5567 1292 5623 et
1321 5561 1685 5645 principem

1766 514 1917 561 nam
1942 497 2232 574 inferius,
2263 500 2346 562 de
2373 500 2836 567 instrumentali
2865 502 3156 585 loquens,
3195 526 3340 575 eam

1768 592 2202 655 causalitatem
2227 592 2542 676 baptismo
2565 596 2806 661 tribuit.
2829 600 2904 663 Et
2929 601 3218 666 similiter
3243 604 3343 669 fa-

1768 691 1919 749 vent
1946 704 2166 751 omnes
2178 688 2684 770 Scripturoe,quae
2703 693 3028 775 proprium
3059 696 3168 759 Dei
3189 716 3334 763 esse

1770 778 1992 842 dieunt
2009 781 2274 861 gratiam
2295 788 2360 844 et
2383 784 2644 864 gloriam
2659 787 3208 865 conferre,Psalm.
3229 794 3334 867 83,

1773 878 1839 937 et
1856 891 1895 935 a
1921 880 2184 953 peccato
2213 878 2547 955 mundare,
2569 880 2714 943 Joh.
2747 884 2847 955 14,
2873 879 3064 947 Marc.
3085 886 3147 957 23
3167 888 3338 965 quod

1770 984 2030 1030 necesse
2051 974 2144 1029 est
2171 969 2434 1053 intelligi
2471 973 2554 1035 de
2597 992 2788 1037 causa
2827 976 3156 1058 principali
3186 996 3339 1059 qua-

1773 1078 2084 1142 cumque3
2115 1082 2266 1127 nam
2297 1066 2349 1126 si
2371 1066 2574 1127 solum
2601 1072 2765 1131 esset
2793 1086 3001 1131 sermo
3041 1070 3122 1133 dc
3149 1090 3338 1135 causa

1771 1156 1998 1235 prima,
2049 1158 2170 1221 hoc
2223 1159 2412 1221 modo
2461 1160 2652 1221 etiam
2698 1168 2792 1225 est
2849 1164 3174 1243 proprium
3224 1166 3334 1227 Dei

1772 1266 2216 1331 quemcunque
2267 1252 2464 1315 alium
2507 1254 2802 1317 effectum
2850 1256 3229 1336 producere,
3263 1263 3338 1319 ut

1772 1358 1966 1421 supra
1990 1343 2382 1407 dicebamus,
2399 1347 2666 1409 Ratione
2693 1348 2816 1411 hoc
2837 1350 3046 1430 ipsum
3079 1351 3332 1431 probari

1770 1441 2003 1515 potest,
2031 1444 2094 1500 et
2121 1440 2396 1519 primum
2423 1442 2725 1521 applicari
2753 1449 3021 1521 possunt
3045 1443 3182 1507 fere
3201 1462 3338 1507 om·-

1770 1548 1889 1591 ncs
1916 1530 2097 1594 factoe
2137 1550 2252 1613 pro
2297 1534 2704 1597 conclusione
2748 1536 3155 1617 praecedcnti3
3187 1539 3336 1619 quia

1770 1625 1972 1703 gratia
2007 1629 2072 1687 et
2094 1626 2332 1707 justitia
2359 1627 2796 1707 producuntur
2845 1631 2910 1691 in
2939 1630 3172 1705 anima,
3202 1648 3332 1693 non

1766 1718 1945 1799 juxta
1971 1721 2384 1800 capacitatem
2407 1722 2784 1797 naturalem,
2804 1724 2918 1785 sed
2945 1724 3334 1787 obedientia·

1771 1812 1920 1887 lem,
1955 1832 2094 1894 quta
2149 1815 2355 1877 solum
2400 1818 2528 1881 Deo
2557 1817 2866 1889 subditur,
2896 1824 2966 1881 ut
3005 1818 3334 1900 principali

1774 1909 2011 1987 agenti,
2043 1913 2112 1971 ut
2137 1910 2370 1973 ibidem
2409 1912 2744 1992 probatum
2774 1920 2890 1974 est.

1853 2006 1913 2065 4.
1963 2001 2336 2083 Omma—-
2357 2006 2711 2087 Responsio.
2729 2006 3100 2071 -Habitus
3127 2024 3338 2087 opera·

1774 2096 1939 2161 tim
1963 2114 2074 2161 cur
2101 2114 2222 2161 non
2239 2101 2330 2164 cit
2357 2101 2752 2181 productivus
2781 2101 3041 2166 alterius
3064 2102 3332 2166 babitus.

1770 2222 1855 2237 —
1874 2192 2086 2255 Dices:
2121 2192 2240 2254 hac
2291 2193 2534 2255 ratione
2580 2194 2956 2274 probaretur
2993 2212 3122 2256 non
3149 2210 3338 2275 posse

1772 2284 2050 2347 animam
2077 2286 2302 2348 Christi
2333 2287 2580 2349 efficere
2609 2288 2893 2369 proprios
2917 2294 3094 2351 actus
3119 2304 3340 2369 super-

1774 2378 2118 2453 naturale8‚
2137 2385 2204 2441 ut
2224 2382 2784 2461 supernaturaliter
2801 2380 3156 2443 illuminare
3185 2381 3340 2443 alios

1770 2488 1887 2551 per
1912 2470 2174 2535 modum
2203 2472 2566 2555 principalis
2593 2476 2864 2555 agentis,
2897 2474 3076 2555 cujus
3095 2479 3341 2535 contra·

1770 2564 1937 2625 rium
1983 2582 2174 2645 supra
2213 2568 2450 2630 dictum
2482 2573 2597 2630 est.
2651 2568 2922 2649 Sequela
2961 2571 3155 2648 patet,
3184 2564 3334 2649 qnia

1772 2658 1966 2720 etiam
1995 2660 2092 2721 isti
2121 2666 2298 2723 actus
2348 2666 2494 2724 sunt
2529 2661 2863 2742 qualitates
2887 2667 3344 2741 supernatura-

1773 2751 1893 2827 les,
1924 2756 1988 2812 et
2014 2760 2474 2833 consequenter
2498 2756 2894 2835 recipiuntur
2926 2754 2990 2816 in
3023 2754 3333 2833 subiecto,

1765 2846 1947 2924 juxta
1963 2847 2375 2926 capacitatem
2423 2848 2916 2912 obedientialem
2949 2850 3112 2929 ejus.
3173 2848 3334 2911 Res·

1770 2938 2126 3019 pendeturt
2161 2941 2417 3019 quando
2447 2942 2513 3002 hi
2561 2948 2739 3005 actus
2781 2942 2944 3005 flunt
2975 2960 3014 3003 a
3053 2940 3336 3023 potentia

1772 3040 2028 3097 carente
2051 3034 2269 3097 habitu
2292 3036 2778 3115 supernaturali,
2804 3053 3026 3099 verum
3073 3040 3170 3097 est
3207 3050 3340 3097 nou

1771 3124 1913 3189 ficri
1934 3126 2020 3189 ab
2059 3128 2166 3189 illa
2191 3134 2262 3191 ut
2293 3146 2331 3191 a
2357 3130 2686 3211 principali
2735 3130 3064 3210 principio,
3103 3128 3217 3191 sed
3269 3132 3340 3189 ut

1772 3220 1855 3280 ab
1878 3219 2298 3284 instrumento
2339 3228 2512 3285 moto
2537 3230 2602 3286 ct
2649 3223 2892 3285 elevato
2921 3221 3132 3284 divino
3165 3219 3342 3283 auxi-

1773 3314 1883 3388 lio,
1911 3332 2278 3395 quanquam
2332 3316 2414 3378 sit
2441 3317 2929 3380 instrumentum
2963 3315 3152 3378 vitale
3181 3320 3246 3377 et
3271 3313 3341 3375 li-

1772 3408 2026 3483 berum,
2049 3414 2292 3469 motum
2337 3414 2399 3470 et
2449 3409 2764 3472 elevatum
2813 3408 3004 3471 modo
3032 3407 3150 3470 sibi
3197 3425 3342 3488 pro·

1776 3500 2154 3582 portionato.
2183 3500 2406 3563 Christi
2438 3508 2652 3565 autem
2679 3503 2890 3563 anima
2911 3520 3038 3563 non
3069 3502 3158 3563 sic
3193 3516 3340 3581 ope-

1775 3594 2034 3656 rabatur
2055 3610 2358 3674 unquam,
2381 3596 2492 3658 sed
2522 3614 2640 3677 per
2661 3595 2914 3658 habitus
2939 3595 3198 3670 infusos,
3229 3594 3339 3673 qui

1772 3688 1841 3749 iu
1868 3706 1984 3749 suo
2025 3687 2244 3750 ordine
2307 3695 2452 3751 sunt
2496 3689 2803 3772 principia
2843 3688 3236 3769 principalia,
3275 3692 3342 3748 et

1773 3782 2246 3863 proportionata
2273 3784 2516 3846 actibus
2539 3782 3104 3863 ejusdemprdiniS,
3119 3788 3186 3844 et
3211 3780 3341 3843 cle·

1773 3882 1925 3939 vant
1951 3878 2321 3957 potentiam,
2354 3884 2425 3939 ut
2453 3877 2532 3940 sit
2555 3896 2685 3940 non
2731 3876 2940 3939 solum
2985 3874 3341 3958 proportio-

1772 3976 1994 4031 natum
2025 3970 2427 4051 principium,
2461 3970 2576 4033 sed
2605 3972 2792 4033 etiam
2827 3972 3008 4053 quasi
3035 3975 3343 4032 connatu-

1771 4063 1905 4127 rale
1951 4064 2302 4145 subjectum
2351 4064 2572 4127 talium
2622 4072 2903 4142 actuum,
2951 4068 3016 4125 et
3064 4064 3210 4125 idco
3259 4060 3340 4125 de

1772 4157 1895 4219 illis
1916 4163 2011 4219 est
2039 4158 2330 4237 specialis
2352 4160 2532 4221 ratic.
2555 4158 2632 4220 Et
2659 4157 2739 4219 ad
2765 4157 3058 4220 eumdem
3079 4155 3342 4218 modum

1774 4250 2114 4312 dicendum
2143 4258 2236 4313 est
2266 4252 2348 4315 de
2373 4252 2860 4328 illuminatione,
2889 4256 2960 4313 ut
3009 4266 3200 4331 supra
3238 4248 3340 4311 di-

1772 4344 2014 4418 ximus;
2045 4361 2196 4405 nam
2227 4345 2329 4408 vel
2355 4364 2472 4427 per
2501 4364 2644 4409 eam
2689 4344 2846 4407 nibil
2873 4360 3022 4407 vere
3048 4343 3340 4424 produci-

1772 4438 1971 4499 turin
2000 4456 2080 4499 eo
2121 4438 2226 4519 qui
2267 4438 2656 4503 illuminatur
2685 4440 2790 4518 (ut
2832 4437 3012 4499 multi
3052 4435 3334 4516 volunt),

1772 4532 1887 4594 sed
1904 4532 2112 4593 solum
2135 4532 2219 4592 illi
2247 4532 2506 4613 speciali
2557 4532 2748 4593 modo
2776 4530 3154 4612 proponitur
3177 4529 3339 4591 veri-

1770 4632 1891 4700 tae,
1924 4625 2089 4687 circa
2125 4642 2316 4705 quam
2347 4626 2755 4701 illuminatur,
2787 4642 2904 4705 per
2932 4622 3192 4685 modum
3232 4621 3340 4682 ob-

1762 4718 1947 4798 jecti3
1985 4718 2107 4792 vel,
2135 4720 2188 4779 si
2212 4720 2452 4798 aliquid
2482 4719 2873 4800 producitur,
2901 4716 3056 4779 illud
3083 4722 3180 4778 est
3202 4712 3338 4777 sola

1772 4812 2039 4892 species,
2067 4828 2209 4892 quae
2236 4813 2534 4894 supponit
2560 4812 2908 4893 potentiam
2952 4808 3192 4873 habere
3237 4808 3340 4869 lu·-

1770 4920 1920 4966 men
1965 4906 2072 4967 tali
2125 4908 2359 4986 speciei
2412 4906 2978 4987 proportionatum,
3008 4922 3126 4985 per
3163 4898 3338 4982 quod

1774 5005 1867 5061 est
1888 4999 2067 5079 quasi
2095 5000 2504 5062 connaturale
2529 5000 2882 5080 subjectum
2912 4997 3336 5076 susceptivum

1770 5092 1972 5167 illius;
1999 5093 2124 5168 vel,
2151 5092 2206 5153 si
2237 5095 2702 5173 oportetipsum
2733 5094 2923 5154 ctiam
2955 5091 3167 5154 lumen
3188 5107 3338 5169 pro-

1770 5186 1941 5265 duci,
1967 5192 2212 5269 eportct
2235 5193 2305 5250 ut
2331 5186 2487 5250 illud
2513 5188 2622 5249 flat
2651 5188 2732 5249 ab
2754 5186 3146 5249 humanitate
3161 5183 3338 5245 Chri-

1772 5282 1853 5343 sti
1876 5286 2182 5361 tauquam
2211 5282 2292 5344 ab
2319 5283 2734 5345 instrumento
2769 5280 2976 5352 Verbi,
3007 5283 3070 5340 et
3095 5294 3227 5339 non
3263 5276 3338 5336 ut

1770 5394 1809 5438 a
1836 5378 2166 5459 principali
2219 5379 2553 5459 principio,
2587 5384 2656 5439 ut
2709 5394 2900 5457 supra
2931 5373 3168 5435 dictum
3212 5374 3332 5445 est,

1774 5476 1835 5532 et
1862 5472 2020 5534 ratio
2070 5472 2235 5535 facta
2267 5472 2510 5553 probat.
2545 5470 2726 5535 Unde
2770 5470 3181 5548 argumentor
3230 5478 3331 5523 se-

1772 5564 2004 5639 cundo,
2035 5566 2202 5645 qnia,
2230 5566 2280 5625 si
2327 5566 2536 5625 anima
2576 5563 2795 5627 Christi
2835 5561 3052 5645 posset
3079 5556 3328 5621 efficere
