3892 6167
1346 355 1665 410 DISPUTAT.
1701 355 1845 408 XLV.
1884 355 2053 410 SECT.
2090 357 2149 408 n.

60 458 480 524 tbsurdum
510 457 821 522 existimat
864 459 1151 538 Rupert.,
1182 465 1403 520 utnon
1448 463 1707 520 censeat

61 573 259 618 esse
292 551 690 618 Catholicum
730 551 837 632 qui
868 552 986 614 hoc
1016 551 1205 614 modo
1236 559 1396 625 orat,
1434 551 1581 631 quia
1616 549 1705 612 vi-

60 647 319 710 letur
347 648 527 712 maie
548 647 631 708 de
656 645 882 711 Christi
910 646 1235 711 divinitate
1268 653 1327 708 et
1370 647 1703 726 majestate

60 744 397 817 sentire,
434 741 676 821 et‘quia
704 748 924 802 contra
955 739 1473 802 consuetudinem
1513 741 1701 802 totius

60 837 433 899 Ecclesiae
460 841 621 911 orat,
646 842 709 897 et
732 833 879 916 quia
900 832 1032 915 ipse
1060 835 1359 910 Christus„
1380 835 1565 898 Joan.
1600 835 1699 908 16,

60 929 347 994 locuit
376 949 496 994 nos
539 949 721 994 orare
756 931 1003 992 Patrem
1060 945 1177 1012 per
1217 947 1285 992 se
1333 929 1563 1012 ipsum,
1610 927 1747 990 di·-

60 1041 281 1087 cens
316 1047 331 1090 z
396 1025 481 1091 Si
534 1025 687 1106 qaid
722 1023 1026 1105 petieritis
1074 1025 1324 1090 Patrem
1364 1025 1433 1086 in
1462 1023 1704 1088 nomine

60 1139 270 1194 meo,
314 1119 489 1184 dabit
534 1121 727 1194 vobis,-
774 1121 1044 1184 etJoan.
1096 1121 1196 1194 14,
1244 1119 1465 1182 eodem
1512 1115 1699 1182 modo

60 1211 349 1274 docuit
376 1231 556 1276 orare
578 1213 662 1276 ad
683 1231 751 1276 se
780 1215 1011 1294 ipsum,
1042 1213 1291 1276 dicens:
1331 1211 1414 1276 St
1442 1212 1589 1292 qaid
1607 1227 1702 1290 pe-

60 1307 363 1370 riseritis
396 1327 485 1370 me
508 1309 579 1372 in
624 1309 863 1372 nomino
916 1325 1063 1384 meo,
1099 1309 1207 1371 hoo
1243 1307 1519 1385 faciam:
1546 1319 1702 1365 nun-

61 1415 324 1475 quam
354 1405 571 1462 tamen
618 1401 831 1464 docuit
876 1419 1057 1464 orare
1084 1403 1311 1482 ipsum,
1349 1403 1419 1462 ut
1448 1417 1561 1478 pro
1592 1417 1703 1459 no·

64 1492 211 1552 his
252 1499 442 1569 oret3
475 1495 629 1574 quin
656 1495 883 1576 potius,
931 1495 1240 1558 dicendo:
1271 1495 1409 1558 Hoc
1450 1492 1697 1571 faciam,

64 1587 413 1650 ostendit
440 1605 509 1650 se
555 1587 691 1668 jam
734 1605 865 1650 non
910 1589 1197 1670 indigere
1238 1588 1541 1661 oratione,
1592 1585 1703 1648 sed

68 1699 237 1740 usu
268 1683 605 1760 potestatis
628 1695 778 1744 suas.
812 1683 886 1745 Et
913 1681 1063 1744 hinc
1090 1685 1299 1762 potest
1318 1679 1571 1743 formari
1602 1697 1703 1741 ra·-

68 1773 231 1849 tiO,
275 1775 435 1853 quia
458 1775 595 1854 jam
642 1774 887 1840 Christo
914 1777 1059 1841 data
1091 1782 1179 1841 est
1204 1776 1401 1838 omnis
1434 1777 1704 1854 potestas

75 1869 179 1928 in
222 1869 383 1930 coelo
412 1876 466 1932 et
490 1869 561 1932 in
599 1875 787 1946 terra,
828 1875 893 1932 et
915 1871 1141 1949 plenus
1168 1869 1336 1932 illius
1380 1867 1705 1950 potestatis

78 1977 280 2022 usus
300 1985 323 2040 3
376 1977 529 2042 ergo
554 1964 687 2044 jam
716 1976 843 2026 non
875 1964 1118 2044 indiget
1166 1963 1449 2024 oratione
1480 1961 1563 2024 ad
1588 1958 1706 2021 im·-

80 2055 535 2136 pe'trandum.
572 2057 696 2120 Nec
730 2073 879 2120 vero
908 2058 991 2118 ad
1036 2057 1433 2130 merendum,
1467 2054 1569 2116 vel
1610 2065 1705 2114 sa-

86 2149 600 2224 tisfaciendum,
658 2150 805 2231 quia
854 2149 952 2229 (ut
998 2167 1191 2230 supra
1240 2147 1543 2228 vidimus)
1570 2147 1701 2227 jam

94 2244 600 2308 consummavit
648 2261 763 2305 sua
820 2245 1042 2307 merita
1100 2252 1163 2307 et
1202 2243 1699 2318 satisfactione33

90 2353 255 2398 non
299 2341 403 2400 est
426 2355 579 2419 ergo
608 2337 777 2417 quod
804 2355 919 2418 pro
947 2339 1133 2402 nobis
1160 2345 1318 2401 oret.

200 2435 271 2494 4.
328 2431 621 2496 Christus
647 2434 713 2496 in
745 2433 887 2496 cerlo
919 2451 1195 2516 expresse
1223 2451 1337 2514 pro
1369 2430 1703 2495 hominibus

104 2531 291 2589 orat.
324 2524 847 2589 *Nihilominus
902 2533 967 2588 et
1015 2527 1351 2607 Scripturis
1396 2533 1459 2588 ct
1486 2524 1704 2605 pietati

106 2621 345 2700 magis
372 2628 867 2685 consentaneum
924 2621 1205 2696 videtur,
1258 2621 1491 2684 sentire
1532 2617 1705 2680 Chri-

114 2721 329 2790 stum,
360 2733 490 2776 non
520 2715 723 2777 solum
752 2715 939 2778 tacita
965 2733 1078 2778 seu
1117 2713 1589 2795 interpretativa
1614 2713 1707 2773 in-

114 2810 517 2886 sinuatione,
548 2810 663 2872 sed
693 2817 914 2890 aperta
946 2817 1008 2872 ct
1042 2827 1341 2889 expressa
1368 2805 1705 2869 voluntatis

113 2919 263 2962 suae
320 2903 873 2982 repraesentatione
922 2921 997 2965 ac
1044 2902 1551 2965 manifestatione
1589 2917 1704 2980 pro

116 2995 319 3056 nobis
353 2997 423 3056 in
478 2996 634 3058 coelo
676 3014 881 3059 orare.
932 2997 1080 3058 Haec
1134 3003 1227 3058 est
1258 2993 1569 3058 sententia
1622 2993 1697 3055 D.

116 3093 385 3166 Tliom„
420 3091 483 3152 in
512 3093 575 3165 4,
606 3092 669 3153 d.
720 3095 841 3167 15,
874 3111 936 3171 q.
968 3093 1030 3164 4,
1067 3095 1184 3153 art.
1216 3093 1279 3166 θ,
1312 3107 1375 3169 q.
1424 3093 1489 3164 2,
1526 3087 1607 3150 ad
1639 3097 1697 3162 1,

121 3189 189 3246 et
222 3185 545 3264 super-ad
590 3186 775 3248 Rom.
806 3185 868 3262 8,
920 3185 1065 3247 lect.
1112 3187 1187 3259 ’1,
1230 3181 1336 3245 ubi
1383 3182 1702 3264 duplicem

126 3277 703 3357 interpellationem
734 3280 957 3341 Christi
986 3277 1349 3358 distinguit,
1384 3276 1569 3337 aliam
1590 3293 1703 3354 per

128 3371 512 3447 orationem,
544 3374 732 3434 aliam
776 3389 891 3453 per
916 3369 1536 3450 repraesentationem
1573 3385 1699 3430 suae

128 3464 579 3541 humanitatis3
612 3473 677 3529 et
702 3468 1083 3546 expressim,
1115 3463 1257 3527 lect.
1286 3465 1351 3540 4,
1396 3479 1591 3544 super
1614 3462 1697 3524 ad

132 3559 333 3619 Hehr.
364 3563 405 3621 'l'
431 3579 447 3622 t
472 3559 857 3640 Interpellat,
888 3559 1113 3638 inquit,
1135 3575 1252 3641 pro
1278 3557 1470 3635 nobis,
1494 3557 1699 3640 primo

132 3655 589 3719 humanitatem·
603 3673 799 3734 suam,
822 3671 1001 3738 quam
1014 3673 1131 3735 pro
1152 3655 1321 3717 nobis
1344 3651 1695 3732 assumpsit,

130 3749 649 3828 repraesentando.-
688 3749 834 3812 item
876 3747 1281 3813 sanctissima.»
1314 3745 1535 3809 animer
1575 3761 1701 3809 επα-

135 3841 519 3916 desiderium,
540 3843 699 3924 quod
713 3843 781 3907 de
793 3843 997 3906 saluto
1010 3848 1221 3906 nostra
1242 3839 1475 3913 habuit,
1495 3839 1703 3919 eapti-

134 3935 367 3996 memdo.
399 3935 477 3997 Et
503 3938 534 3998 1
566 3935 750 3999 Joan.
800 3939 862 4013 2,
896 3933 1045 3998 dicit
1086 3931 1399 4000 Christum
1434 3933 1499 3995 in
1539 3931 1699 3995 coelo

140 4029 511 4091 existentem
562 4030 812 4110 placare
866 4031 1135 4106 Patrem,
1194 4025 1701 4109 repraesentando

142 4127 433 4184 naturam
457 4140 662 4198 snam,
698 4123 1084 4185 cicatricibus
1122 4122 1453 4202 signatam,
1499 4125 1563 4181 et
1611 4117 1701 4181 al-

142 4214 413 4293 legando
440 4233 553 4278 sua
573 4218 814 4295 merita,
844 4223 904 4278 et
920 4215 1370 4284 intercefflsndo
1392 4231 1471 4275 ex
1494 4211 1698 4276 officio

146 4327 281 4370 sno.
334 4309 633 4372 Eamdem
686 4310 1071 4373 sententiam
1096 4313 1267 4371 tenet
1308 4311 1649 4370 Bonavent.
1678 4353 1697 4384 ‚

148 4409 313 4464 tomo
348 4407 371 4464 1
410 4403 664 4484 Ορτιεο.,
696 4405 974 4483 opuscul.
1024 4403 1104 4465 39
1128 4403 1207 4464 de
1265 4403 1401 4463 Vita
1448 4399 1695 4477 Christi,

148 4513 201 4558 c.
254 4497 355 4571 98,
382 4495 461 4560 de
508 4498 924 4571 Ascensione;
979 4496 1306 4570 Abuteris„
1362 4511 1425 4576 q.
1479 4497 1597 4558 142
1637 4496 1701 4557 in

146 4589 380 4666 Matth„
409 4609 467 4652 c.
502 4593 612 4668 1⁴3
646 4598 709 4652 et
734 4589 1079 4654 cardinalis
1106 4591 1379 4664 Teletos,
1412 4607 1600 4670 super
1632 4593 1687 4652 c.

150 4685 225 4746 16
249 4685 450 4759 Joan„
478 4691 692 4747 annot.
727 4687 829 4758 35,
859 4703 987 4745 non
1020 4684 1225 4746 solum
1252 4683 1418 4744 hanc
1446 4691 1698 4746 senten·

150 4779 293 4839 tiam
322 4777 622 4856 sequitur,
677 4778 790 4840 sed
819 4779 1199 4840 contrariam
1239 4776 1387 4839 dicit
1414 4793 1555 4838 esse
1580 4777 1699 4838 im·

154 4869 552 4950 prohabilem.
586 4873 665 4934 Et
688 4872 993 4952 probatur
1034 4873 1237 4952 primo
1282 4889 1359 4933 ex
1408 4869 1699 4932 omnibns

159 4967 604 5045 Scripturarum
648 4965 1023 5028 testimoniis
1067 4981 1255 5044 supra
1297 4965 1520 5042 citatis,
1558 4981 1699 5044 quae

159 5062 271 5120 hoe
296 5061 483 5120 sensu
506 5060 801 5140 proprius
830 5065 1231 5139 exponuntur
1258 5065 1321 5120 et
1346 5057 1703 5138 intelligun-

160 5163 273 5218 tur.
305 5155 537 5216 Deinde
566 5155 794 5217 Joann.
846 5158 944 5229 14,
999 5154 1149 5215 dicit
1194 5154 1329 5233 ipse
1381 5152 1698 5215 Christus:

3233 356 3350 420 439

1790 461 1951 518 statu
1981 463 2123 537 post
2164 476 2342 519 suam
2382 458 2905 523 resurrectionem
2947 465 3011 522 et
3039 463 3352 524 ascensio-

1786 567 1974 630 nem3
2005 551 2364 614 consolatur
2393 554 2561 614 enim
2591 551 2946 632 discipulae,
2975 559 3037 616 et
3062 555 3352 620 adhorta-

1784 651 1888 706 tur
1924 651 1994 706 ut
2021 645 2191 708 bono
2235 646 2448 708 animo
2489 647 2694 708 ferant
2746 645 3092 710 discessum
3139 668 3349 726 suum,

1786 739 1933 818 quia
1957 739 2124 820 apud
2153 741 2398 804 Patrem
2427 741 2699 803 existens
2725 745 3061 820 rogaturus
3083 749 3216 806 erat
3241 746 3354 806 Pa-

1786 837 1968 907 trem,
1998 838 2068 895 ut
2087 834 2280 896 alium
2305 835 2694 898 Paracletum
2719 834 2801 896 ad
2820 853 2927 898 eos
2956 837 3229 900 mitteret
3244 854 3265 915 ;
3291 841 3355 901 et

1786 943 1863 988 ex
1898 927 2150 992 illismet
2181 929 2384 992 verbis
2426 928 2669 1004 Christi,
2707 931 2892 994 Joan.
2944 931 3055 994 16:
3111 933 3195 996 In
3233 931 3356 996 illa

1785 1021 1881 1084 dio
1906 1039 2026 1084 noa
2058 1023 2184 1086 dico
2224 1024 2388 1088 vobis
2425 1025 2584 1105 qaod
2621 1025 2841 1104 roqabo
2870 1025 3145 1093 Patrem,
3179 1026 3354 1089 idem

1784 1115 1990 1194 colligi
2042 1123 2270 1196 potest,
2328 1117 2498 1196 quia,
2531 1121 2600 1180 ut
2647 1117 2945 1182 indicavit
2969 1119 3192 1202 cyril„
3239 1121 3351 1182 lib.

1784 1213 1856 1272 11
1892 1211 1956 1272 in
1983 1211 2166 1276 Joan.
2192 1257 2208 1284 ,
2257 1229 2314 1274 c.
2363 1215 2426 1290 9,
2458 1213 2541 1274 ita
2583 1215 2810 1292 exponi
2843 1219 3094 1294 potest:
3126 1217 3212 1280 In
3243 1215 3352 1278 illo

1784 1304 1899 1378 dio,
1925 1321 2044 1366 non
2071 1305 2264 1370 nolum
2296 1305 2706 1370 exaudiemini
2733 1307 2802 1370 ia
2821 1309 3060 1372 nomine
3096 1327 3220 1373 meo
3249 1327 3355 1388 pe-

1784 1401 1992 1470 tentur,
2023 1399 2170 1478 quia
2197 1416 2300 1481 ⁶9⁰
2323 1400 2544 1480 royabo
2571 1399 2845 1477 Patrem,
2871 1401 2980 1464 ced
3002 1401 3188 1465 etiam
3208 1403 3356 1482 quia

1784 1491 1913 1569 ipse
1936 1491 2128 1556 Pater
2157 1499 2322 1556 amat
2337 1509 2460 1556 vos.
2495 1493 2632 1570 Vel,
2657 1500 2728 1554 ut
2751 1495 3038 1573 exposuit
3059 1495 3352 1568 Hilarius,

1782 1583 1892 1646 lib.
1934 1587 1972 1648 6
2005 1585 2084 1647 de
2139 1586 2383 1660 Trinit„
2425 1587 2576 1666 quia
2617 1586 2890 1652 Christus
2938 1607 3068 1651 non
3111 1588 3354 1672 dixit—se

1784 1697 1915 1741 non
1939 1686 2334 1760 rogaturum,
2365 1681 2476 1742 sed
2507 1681 2658 1744 dixit
2686 1703 2700 1744 :
2750 1681 2844 1746 Et
2878 1701 2999 1744 non
3034 1683 3163 1746 dico
3191 1683 3357 1746 vobis

1784 1773 1928 1854 quia
1967 1791 2068 1856 eqo
2101 1776 2316 1858 royaba
2349 1775 2628 1858 Ratmm,
2669 1775 3072 1838 subindicans
3121 1793 3190 1838 se
3217 1777 3358 1855 qui-

1786 1865 1929 1928 dem
1955 1873 2324 1948 rogaturum
2349 1887 2364 1943 ;
2397 1873 2635 1943 tamen,
2665 1875 2738 1932 nt
2771 1867 3125 1950 intelligant
3153 1887 3356 1949 quan-

1784 1963 1920 2021 tum
1957 1979 1995 2021 a
2043 1962 2224 2024 Patre
2276 1959 2568 2042 discipuli
2596 1963 2692 2025 sui
2724 1971 3039 2039 amantur,
3071 1982 3142 2026 se
3187 1962 3355 2028 nolle

1787 2071 1966 2115 suam
1997 2053 2512 2118 intercessionem
2541 2073 3066 2130 commemorare,
3097 2057 3209 2118 sed
3232 2057 3355 2119 exi-

1785 2148 1981 2210 miam
2010 2149 2205 2212 Patris
2235 2169 2384 2230 erga
2410 2167 2525 2213 nos
2563 2151 2959 2242 charitatem:

1865 2245 1925 2304 ὅ.
1972 2245 2261 2306 Secundo
2291 2245 2596 2324 probatur
2624 2265 2700 2308 ex
2738 2245 3045 2309 Patribus.
3093 2246 3354 2330 Cypria-

1786 2353 1926 2408 nus,
1957 2337 2137 2417 epist.
2173 2341 2234 2415 8,
2267 2339 2420 2400 alias
2442 2339 2553 2400 lib.
2586 2343 2650 2415 4,
2681 2339 2862 2420 epist.
2894 2344 2957 2415 4,
2987 2341 3156 2402 inter
3185 2341 3346 2403 alia:

1784 2429 2119 2507 Habemus,
2151 2431 2376 2510 inquit,
2421 2435 2794 2510 advocatum,
2826 2439 2886 2498 et
2920 2435 3353 2516 deprecatore-m

1784 2523 1997 2588 Jesum
2055 2525 2382 2589 Dominam
2437 2526 2628 2592 Deum
2683 2534 2980 2592 nostrum.
3038 2529 3300 2610 August.
3326 2574 3348 2606 ,

1786 2619 2024 2699 praefat.
2051 2621 2116 2680 in
2134 2621 2361 2682 Psalm.
2389 2623 2503 2686 85:
2530 2623 2782 2702 Oratwr,
2801 2621 3026 2703 inquit,
3057 2624 3128 2686 in
3148 2627 3355 2701 forma

1788 2715 1939 2788 Dei,
1981 2719 2118 2777 orat
2144 2714 2212 2777 ia
2236 2720 2437 2792 forma
2473 2717 2664 2789 servi,
2698 2727 2835 2780 orat
2860 2735 2974 2796 pro
2995 2719 3185 2791 nobis,
3217 2723 3356 2782 orat

1785 2809 1855 2870 in
1892 2807 2083 2884 nobis,
2113 2817 2168 2870 et
2209 2817 2425 2873 oratur
2452 2827 2490 2874 a
2517 2811 2710 2883 nobis,
2752 2817 2824 2872 ut
2849 2813 3126 2874 sacerdos
3153 2815 3356 2876 noster

1788 2905 1922 2964 orat
1944 2921 2059 2986 pro
2090 2901 2277 2978 nobis,
2314 2905 2540 2968 aratia
2565 2903 2734 2966 nobis
2759 2911 2830 2966 at
2851 2911 3032 2984 caput
3053 2911 3350 2981 nostrum,

1786 3001 2004 3058 oratur
2051 3014 2091 3059 a
2139 2997 2312 3060 nobis
2347 3003 2422 3061 ut
2469 2997 2655 3073 Deus,
2711 3015 2956 3062 oramus
3000 3001 3084 3062 ad
3126 2999 3307 3063 illum
3328 3046 3349 3076 ,

1776 3089 2114 3173 perillam,
2153 3089 2220 3151 in
2247 3091 2379 3166 illo,
2408 3097 2465 3154 et
2492 3093 2754 3156 dicimus
2791 3111 2921 3156 oum
2956 3093 3088 3170 illo,
3117 3099 3175 3156 et
3201 3095 3354 3158 dicit

1782 3179 2105 3245 nobiscum.
2154 3185 2229 3245 Et
2253 3184 2321 3244 in
2349 3183 2478 3246 fine
2510 3186 2797 3266 ejusdem
2837 3186 3224 3265 praei'ationis
3256 3185 3347 3247 di·

1784 3275 1895 3347 xit,
1929 3275 2238 3337 Christum
2283 3283 2344 3338 et
2388 3277 2546 3338 alios
2591 3286 2900 3358 martyres
2954 3279 3352 3360 interpellare

1782 3387 1894 3448 pro
1936 3367 2141 3444 nobie,
2188 3387 2376 3449 quam
2432 3371 2998 3451 interpellationem
3035 3373 3184 3435 dicit
3212 3391 3351 3435 esse

1782 3461 2220 3524 misericordias
2259 3483 2439 3544 opus,
2472 3471 2534 3526 et
2563 3471 2711 3526 tunc
2754 3471 3166 3542 cessaturam,
3207 3485 3350 3528 cum

1782 3557 2122 3618 cessaverit
2143 3557 2398 3618 miseria
2428 3563 2674 3636 nostra3
2731 3565 2974 3620 certum
3005 3565 3096 3621 est
3128 3565 3349 3620 autem

1783 3669 1859 3712 ex
1894 3651 2116 3712 eodem
2147 3652 2519 3732 Augustino.
2565 3653 2705 3715 libr.
2741 3653 2820 3715 de
2849 3652 3010 3715 Cura
3036 3671 3149 3734 pro
3179 3657 3350 3715 mor-

1782 3743 1903 3806 tuis
1959 3745 2226 3825 agenda,
2279 3763 2416 3825 cap.
2468 3749 2566 3821 16,
2621 3753 2932 3826 martyres
2984 3753 3046 3808 et
3089 3747 3348 3808 Sanctus

1784 3857 1964 3900 orare
2012 3839 2262 3920 proprie
2297 3858 2409 3918 pro
2463 3841 2665 3903 nobis,
2717 3839 2892 3901 Idem
2937 3843 3343 3920 AugustinuS,

1785 3930 2024 4012 praefat.
2059 3933 2141 3994 ad
2170 3950 2377 3994 enarr.
2409 3936 2448 3994 2
2489 3933 2554 3994 in
2589 3933 2751 3996 Psal.
2787 3935 2889 4009 29,
2938 3951 3230 4014 expresse
3259 3933 3350 3996 di-

1785 4027 1889 4100 cit,
1921 4023 2230 4089 Christum
2275 4025 2464 4088 etiam
2494 4033 2639 4106 post
2682 4029 3206 4089 resurrectionem
3234 4043 3348 4106 per

1783 4119 2236 4182 humanitatem
2257 4137 2432 4181 suam
2451 4137 2566 4200 pro
2589 4121 2774 4183 nobis
2802 4139 3004 4182 orare.
3037 4119 3347 4183 Praeterea

1781 4211 2168 4291 Ambrosius,
2199 4231 2388 4294 super
2417 4215 2498 4276 ad
2526 4217 2704 4298 Ronm.
2739 4217 2801 4287 8,
2833 4213 3001 4290 dicit,
3036 4213 3348 4278 Christum

1781 4325 2012 4386 semper
2037 4325 2214 4389 affere
2237 4325 2454 4370 causas
2482 4315 2725 4372 nostras
2751 4309 2914 4388 apud
2941 4307 3216 4383 Patrem,
3247 4325 3349 4370 ca·

1768 4402 1886 4480 jas
1905 4401 2235 4484 postulatio
2261 4403 2553 4464 contemni
2576 4420 2691 4462 non
2699 4407 2920 4483 potest,
2943 4401 3092 4481 quia
3115 4403 3182 4463 in
3211 4403 3349 4465 dea-

1784 4501 1916 4560 tera
1944 4497 2058 4560 Dei
2089 4500 2181 4560 est
2199 4520 2228 4568 ‚·
2255 4503 2320 4558 et
2345 4495 2508 4557 infra
2553 4495 2706 4558 dixit
2734 4497 2820 4556 ita
2846 4513 3016 4556 nunc
3055 4495 3350 4574 interpel-

1782 4587 1914 4650 lare
1942 4607 2059 4670 pro
2075 4589 2280 4664 nobiS,
2313 4589 2470 4652 sicut
2499 4590 2741 4668 rogavit
2761 4607 2874 4669 pro
2907 4587 3107 4662 Petro,
3141 4607 3222 4650 ne
3245 4589 3350 4652 de-

1779 4681 1990 4744 ficeret
2013 4683 2172 4744 fides
2216 4684 2378 4762 ejus,
2414 4685 2490 4745 Et·
2521 4683 2632 4744 lib.
2691 4683 2772 4744 de
2799 4683 2973 4744 Isaac
3025 4689 3087 4744 ct
3113 4685 3346 4761 anima,

1780 4794 1833 4836 c.
1869 4777 1929 4849 8,
1963 4783 2106 4855 post
2132 4777 2410 4838 medium
2439 4795 2454 4837 τ
2495 4779 2663 4856 Ipso,
2695 4776 2921 4856 inquit,
2946 4775 3030 4839 sit
3065 4793 3184 4838 vox
3210 4795 3352 4840 nos-

1780 4873 1905 4943 tra,
1932 4887 2044 4950 per
2070 4887 2250 4952 qaam
2278 4871 2600 4951 loquamur
2627 4871 2709 4934 ad
2735 4871 3008 4934 Patre-m.
3047 4867 3345 4931 Bernard.

1782 4963 1996 5038 etiam,
2044 4965 2109 5024 in
2158 4981 2448 5026 sermone
2479 4963 2558 5025 de
2595 4963 2841 5024 Nativit.
2872 4963 3049 5043 Virg.
3079 4979 3096 5024 ε
3131 4965 3351 5029 Eoeau-

1782 5056 1925 5134 diet,
1955 5055 2180 5138 inquit,
2209 5059 2478 5122 Matrem
2502 5057 2737 5134 Filius,
2764 5063 2820 5121 et
2858 5059 3096 5122 Filiam
3127 5062 3346 5124 Pater.

1783 5153 2094 5214 Praeterea
2141 5151 2422 5214 Justinus
2471 5155 2679 5228 Mart„
2721 5169 2782 5232 q.
2821 5155 2974 5228 105,
3007 5153 3089 5214 ad
3134 5153 3353 5215 Ortho-

166 5249 289 5328 Egm
314 5245 529 5330 raqabo
558 5247 833 5324 Patrem,
872 5253 927 5312 et
955 5249 1147 5312 aliam
1180 5248 1566 5310 Paracletum
1595 5246 1707 5310 da·
1788 5245 2028 5308 doxos:
2071 5245 2174 5321 Si,
2200 5249 2527 5329 superatis,
2560 5248 2783 5325 inquit,
2813 5246 3352 5312 resurrectionem-

168 5343 250 5406 bit
270 5342 457 5412 vobis:
500 5358 672 5418 nam,
696 5343 839 5403 licet
866 5345 1125 5421 Rupert.
1152 5342 1516 5417 contendat,
1538 5339 1709 5402 Chri-

1788 5339 2192 5417 firmitatibus
2237 5344 2442 5406 carnis
2468 5388 2483 5413 ,
2527 5347 2600 5404 ‘at
2641 5343 2926 5421 Paetina·
2972 5341 3358 5416 conffissionis

170 5441 317 5497 stum
362 5432 532 5514 loqui
564 5435 641 5495 de
697 5439 862 5496 statu
906 5437 1051 5508 viss,
1076 5501 1081 5507 ,
1104 5441 1342 5512 tamen,
1394 5434 1444 5496 si
1485 5435 1710 5515 planus
1786 5437 2016 5496 nastroe
2043 5433 2242 5498 Deum
2269 5449 2382 5514 pro
2408 5434 2577 5498 nobis
2604 5435 2975 5519 interpellat,
3007 5451 3199 5498 nonna
3224 5451 3357 5498 ma-

174 5531 483 5590 mmertus·
524 5528 993 5604 consideretur,
1046 5542 1262 5590 revera
1306 5528 1585 5608 loquitur
1632 5527 1709 5589 de
1792 5527 1910 5610 qis,
1949 5543 2084 5592 aaut
2128 5527 2324 5592 adhuc
2347 5527 2678 5610 subjaceret
2721 5528 3084 5608 infirmitati
3123 5529 3352 5604 carnis,
