3892 6167
1522 352 1711 407 mccx
1744 352 1972 407 RERUM.

132 455 373 507 ueritum
398 454 767 509 beatitudinis
802 466 915 507 non
938 466 1058 507 esse
1084 456 1249 508 simul
1272 466 1397 508 eum
1430 455 1547 521 ipsa
1566 456 1701 509 bea-

195 530 431 583 titudine
452 532 695 596 qualiter
714 531 1065 597 intelligatur,
1094 532 1171 584 ib.

130 607 375 659 Meritum
410 606 487 659 ad
504 620 683 672 genus
704 618 879 661 causae
898 607 1233 674 dispositivae
1252 612 1553 670 revocatur,
1578 607 1655 659 ib.

131 683 237 735 Sub
266 682 533 735 meritum
561 683 617 736 id
640 682 801 747 eadit,
835 684 985 750 quod
1026 686 1167 737 Deus
1200 682 1471 746 conferre,
1508 690 1563 736 et
1590 696 1701 736 non

191 757 446 811 conferre
482 764 678 825 potest,
696 758 779 810 ib.

131 836 206 887 Ad
237 836 577 889 merendum
609 834 839 901 aliquid,
875 848 987 888 non
1017 840 1097 888 est
1117 840 1425 889 necesse‘ut
1456 836 1619 889 hemo
1640 846 1701 887 ex

188 910 413 976 propria
436 910 751 965 intentione
768 911 987 965 ordinet
1007 923 1145 977 opus
1166 912 1236 964 ad
1264 912 1369 964 tale
1398 910 1699 977 praemium,

190 985 263 1037 ib.

128 1061 305 1115 Merita
338 1066 539 1115 nostra
574 1068 705 1116 sunt
734 1063 881 1117 dona
906 1062 1000 1115 Dei
1028 1067 1083 1116 et
1112 1062 1331 1125 Christi,
1366 1062 1583 1116 diversa
1612 1068 1703 1115 ta·-

186 1150 315 1189 men
340 1137 585 1200 ratione,
610 1138 665 1192 d.
697 1143 775 1203 ⁴1,
800 1153 845 1191 s.
882 1142 929 1189 8.

129 1212 369 1265 Meritum
414 1212 597 1266 unius
646 1226 759 1267 non
798 1219 971 1281 potest
1014 1226 1131 1267 esse
1178 1214 1435 1267 meritum
1464 1213 1704 1267 alterius,

188 1287 439 1353 quamvis
460 1289 566 1341 uni
592 1289 761 1356 pessit
778 1291 897 1343 dari
922 1289 1207 1357 praemium
1243 1290 1313 1345 ob
1344 1290 1601 1343 meritum
1620 1289 1702 1342 al·

190 1364 371 1427 terina,
403 1363 490 1416 ib.

136 1440 367 1493 liei-itum
396 1452 519 1492 non
552 1446 727 1507 potest
753 1442 812 1493 in
850 1455 951 1495 suo
983 1454 1183 1509 genere
1214 1442 1433 1495 allicere
1452 1442 1700 1495 volunta-

200 1522 309 1577 tem,
334 1515 381 1567 si
408 1515 599 1569 solum
618 1522 681 1569 ut
696 1517 977 1584 possibile,
998 1520 1085 1573 vel
1106 1524 1166 1572 ut
1186 1519 1429 1573 summm
1448 1518 1549 1571 sub
1569 1528 1700 1573 con-

193 1591 395 1645 ditione
418 1598 917 1659 praecognoseatur,
942 1609 987 1647 5.
1012 1599 1059 1647 4.

132 1667 363 1721 Christus
390 1669 581 1735 potuit
607 1670 677 1721 de
698 1670 941 1735 petentia
968 1671 1215 1726 absoluta
1243 1684 1354 1725 non
1379 1671 1595 1735 mereri,
1618 1684 1697 1723 se·

188 1756 283 1796 cus
306 1744 381 1797 de
406 1744 717 1811 ordinaria,
735 1746 795 1799 d.
814 1751 897 1809 39,
926 1760 970 1799 5.
1004 1750 1054 1798 1.

687 1876 909 1916 nentrum
942 1876 1151 1917 enuisti.

130 1974 367 2029 Meritum
390 1976 619 2041 Christi,
658 1976 771 2031 imo
784 1983 839 2030 et
863 1976 1097 2043 quilibet
1122 1978 1241 2043 ejus
1258 1982 1424 2043 actua,
1462 1976 1567 2030 suit
1586 1976 1698 2030 sur-

190 2051 377 2104 ficiens
404 2052 481 2105 ad
518 2052 803 2119 quodlibet
830 2053 1119 2119 praemium
1148 2058 1385 2106 creatum
1406 2058 1461 2106 et
1480 2053 1697 2107 increa-

192 2132 320 2190 tum,
338 2128 601 2189 divisive,
618 2128 731 2181 imo
752 2128 1095 2184 etcollective
1116 2134 1413 2196 sumptum,
1437 2130 1491 2182 d.
1510 2134 1558 2193 a,
1580 2144 1624 2182 s.
1650 2133 1697 2190 t,

131 2204 308 2255 lilereri
336 2204 525 2269 potuit
540 2204 783 2259 Christus
800 2217 898 2271 per
925 2205 1173 2259 diversos
1194 2212 1345 2259 aetus
1363 2205 1551 2259 omnia
1570 2218 1703 2272 prae-

186 2276 295 2331 mia
321 2279 571 2338 infinita.
594 2280 873 2333 collective
896 2287 1133 2347 sumpta,
1155 2280 1231 2333 ib.

132 2354 312 2407 Meteri
338 2356 529 2423 potuit
556 2368 675 2410 nnc
696 2361 821 2410 actu
838 2362 1011 2411 totum
1036 2358 1187 2423 quod
1208 2357 1474 2424 pluribus,
1500 2362 1555 2412 et
1574 2364 1698 2412 actu

192 2431 413 2486 remisso
436 2436 616 2487 totum
636 2434 787 2499 quod
808 2432 1045 2497 intenso,
1084 2433 1158 2486 ib.

132 2506 243 2559 Non
268 2508 445 2573 potuit
464 2508 713 2561 christus
740 2508 940 2562 mereri
964 2509 1177 2575 aliquid
1212 2508 1566 2575 impossibile,
1590 2510 1665 2562 ib.

136 2582 370 2636 ueritum
392 2584 597 2638 christi
620 2589 683 2638 ut
702 2588 787 2638 est
810 2585 870 2639 in
898 2590 1040 2651 actu,
1061 2598 1277 2652 semper
1300 2585 1530 2639 refertur
1548 2587 1618 2639 ad
1639 2585 1700 2638 ti-

196 2660 367 2713 nitum
397 2660 715 2729 praemium,
744 2660 823 2713 ib.

140 2733 317 2787 illei-uit
342 2736 597 2791 Christus
616 2736 839 2803 Angelis
870 2736 1101 2803 gratiam
1134 2741 1189 2789 et
1220 2736 1469 2803 gloriam,
1498 2737 1701 2803 quibus

196 2810 575 2866 remissionem
594 2812 769 2878 culpoe
794 2817 889 2865 aut
916 2824 1096 2878 poenae
1120 2824 1232 2865 non
1258 2814 1481 2875 meruit,
1504 2812 1584 2865 ib.

138 2883 257 2938 Plus
280 2888 485 2941 meruit
502 2887 759 2941 christus
772 2891 885 2941 toto
914 2888 1039 2943 vitae
1058 2893 1319 2955 tempore,
1340 2902 1508 2955 quam
1532 2889 1701 2943 unico

205 2962 453 3029 instante,
485 2963 563 3020 ib.

144 3034 259 3087 Non
280 3041 459 3091 tarnen
478 3039 603 3105 plus
622 3051 791 3105 quam
812 3040 955 3093 Deus
982 3040 1153 3106 possit
1172 3040 1479 3106 praemiare,
1514 3041 1589 3094 ib.

152 3109 337 3165 meruit
364 3115 601 3169 Christus
648 3126 747 3181 per
778 3120 961 3169 actum
1002 3116 1208 3169 amoris
1249 3116 1342 3169 Dei
1372 3130 1406 3168 a
1444 3117 1702 3171 charitate

215 3186 467 3255 elicitum,
493 3194 545 3244 et
566 3204 599 3243 a
618 3190 869 3245 beatifico
900 3190 1237 3253 distinctum,
1258 3192 1315 3244 d.
1345 3196 1423 3254 39,
1446 3206 1491 3244 5.
1525 3197 1575 3242 2.

214 3262 275 3313 Et
302 3276 395 3328 per
418 3270 599 3319 actum
624 3265 905 3319 charitatis
928 3265 1320 3333 proximorum,
1353 3265 1701 3331 reliquosque

208 3342 309 3388 tam
322 3340 581 3395 virtutum
601 3341 932 3405 infusarum,
957 3355 1121 3407 quam
1148 3341 1351 3395 liberos
1372 3353 1485 3395 suae
1504 3341 1699 3395 volun-

208 3413 341 3479 tatis,
377 3415 458 3469 ib.

144 3486 318 3541 mereri
358 3492 535 3559 potuit
581 3493 871 3559 praemium
908 3493 1325 3559 supernaturale
1357 3492 1698 3546 naturalibus

202 3566 422 3633 actibus„
454 3574 511 3621 et
536 3569 833 3634 quomodo,
870 3568 949 3622 ib.

142 3640 259 3693 Sola
292 3645 424 3698 unio
458 3646 791 3712 hypostatica
823 3646 1091 3699 sufficeret
1136 3646 1217 3697 illi
1257 3646 1329 3698 ad
1372 3646 1695 3701 merendum

199 3718 265 3769 de
295 3721 591 3787 condigno,
616 3734 661 3774 5.
686 3726 734 3772 3.

137 3792 336 3861 incepit
354 3797 555 3849 mereri
581 3796 879 3850 intrinsece
906 3810 939 3850 a
959 3796 1141 3862 primo
1177 3795 1415 3849 instante
1443 3796 1699 3849 incarna-

196 3868 378 3936 tionis,
404 3872 462 3926 d.
489 3877 571 3935 49,
596 3886 641 3925 s.
667 3878 718 3926 2.

137 3939 285 4002 Quod
302 3959 478 4013 usque
499 3948 568 4001 ad
596 3948 807 4000 instans
829 3947 1037 4011 mortis,
1060 3946 1156 4013 qui
1180 3945 1285 4000 fuit
1306 3946 1573 4001 terminus
1588 3958 1700 3998 me-

202 4021 289 4073 riti
314 4024 435 4089 ejus
460 4024 817 4087 continuavit,
852 4025 929 4077 ib.

138 4094 313 4152 Potuit
340 4101 536 4154 mereri
568 4115 722 4155 suam
748 4102 975 4167 gratiam
1008 4104 1062 4153 et
1099 4098 1329 4166 gloriam
1374 4099 1431 4153 in
1466 4100 1699 4153 instante

190 4186 301 4229 suae
312 4178 688 4245 conceptionis
700 4191 802 4245 per
816 4190 955 4244 opus
970 4176 1126 4245 prius
1144 4182 1341 4230 natura
1355 4188 1426 4229 an
1432 4178 1697 4241 teeedens,

198 4250 291 4304 sed
322 4254 395 4307 de
422 4254 565 4307 sacto
588 4266 703 4307 non
724 4253 942 4318 meruit,
968 4254 1025 4306 d.
1063 4256 1141 4317 tc,
1167 4264 1211 4305 s.
1248 4257 1296 4304 1.

198 4326 299 4381 Nec
323 4328 515 4383 lumen
542 4328 749 4397 gloriae,
774 4342 878 4384 nee
896 4328 1035 4383 alios
1057 4327 1277 4381 habitus
1296 4326 1526 4392 infusos
1560 4327 1635 4380 ib.

140 4400 245 4454 Non
276 4406 457 4471 potuit
500 4406 699 4459 mereri
748 4407 988 4474 primum
1031 4418 1193 4458 suum
1225 4410 1445 4459 actuum
1476 4404 1702 4457 merito-

198 4478 362 4543 rium,
398 4494 503 4535 nee
530 4482 837 4535 necessaria
858 4482 928 4535 ad
964 4481 1138 4543 illum,
1170 4494 1214 4533 s.
1248 4487 1297 4531 2.

196 4555 297 4609 Nee
319 4569 452 4610 suos
477 4562 630 4610 actus
650 4563 713 4611 ut
733 4558 803 4612 ab
824 4558 973 4610 illius
1004 4559 1247 4611 humana
1278 4556 1553 4610 voluntate
1572 4567 1703 4621 pro-

155 4682 165 4692 ,
196 4632 483 4695 cedebant,
512 4645 615 4685 nec
653 4632 931 4686 infinitum
954 4634 1193 4686 valorem
1227 4645 1391 4698 quem
1422 4632 1493 4683 ab
1533 4630 1699 4684 unio-

204 4718 269 4759 ne
294 4708 593 4772 habebant,
624 4708 703 4759 ib.

197 4781 303 4834 Nec
335 4795 491 4835 suam
526 4780 1051 4849 impeccabilitatem,
1072 4787 1167 4834 aut
1194 4780 1411 4834 habitus
1438 4779 1701 4833 seientia-

198 4868 321 4908 rum
352 4863 407 4909 et
423 4856 685 4911 virtutum
706 4856 999 4911 moralium
1018 4854 1433 4922 acquisitarum,
1468 4868 1570 4908 nec
1597 4868 1701 4907 na-

201 4931 398 4986 turalia
418 4933 584 4996 bona,
607 4946 704 4998 per
724 4946 781 4985 se
809 4931 1104 4997 loquendo,
1135 4932 1211 4983 ih.

138 5004 239 5057 Nec
260 5007 476 5061 titulum
504 5008 743 5073 supremi
770 5006 1022 5071 dominii,
1054 5006 1148 5071 qui
1180 5006 1433 5071 proprius
1475 5011 1556 5057 est
1584 5005 1699 5071 Dei,

198 5084 293 5137 sed
318 5096 483 5149 quem
506 5082 915 5136 inhumanitate
930 5081 1237 5147 assumpsit,
1268 5092 1371 5133 nec
1392 5079 1700 5133 dominium

203 5158 439 5213 radicale
460 5160 607 5226 quod
631 5158 821 5211 habuit
836 5159 907 5210 ab
926 5157 1151 5209 instanti
1170 5164 1289 5210 'suae
1309 5155 1699 5221 conceptioniS,

200 5246 245 5285 S.
276 5241 327 5289 8.

145 5305 331 5363 Meruit
353 5322 544 5364 omnes
563 5314 714 5363 actus
726 5308 1163 5377 supernaturales
1180 5320 1317 5374 quos
1330 5310 1452 5373 post
1468 5306 1706 5373 primum

208 5386 548 5441 meritorium
576 5386 781 5449 habuit,
806 5391 1077 5453 quatenus
1103 5390 1233 5451 sunt
1258 5384 1407 5437 dona
1432 5384 1547 5447 Dei,
1580 5396 1623 5435 s.
1654 5388 1703 5435 2.

208 5462 269 5514 Et
288 5462 537 5529 gloriam,
566 5462 1037 5526 resurrectionem,
1072 5466 1127 5514 et
1148 5461 1303 5514 dotes
1337 5457 1423 5511 sui
1464 5458 1708 5525 corporis

212 5539 451 5605 gloriosi,
486 5538 825 5603 triumphum
854 5536 1209 5603 ascensionis,
1244 5542 1297 5590 et
1328 5535 1703 5590 exaltationem

3235 364 3350 426 707

1842 456 1929 507 sui
1961 458 2222 521 nominiS,
2277 459 2588 513 testimonia
2619 472 2742 527 quat
2788 464 2858 517 de
2903 464 3022 531 eJus
3067 467 3354 525 divinitate

1845 535 1974 657 ἱιὲῐιι
2004 532 2062 584 in
2102 534 2415 601 Evangelio,
2458 536 2767 591 dominium
2807 540 2864 591 in
2911 542 3229 597 universum
3257 560 3352 599 or-

1918 618 1993 672 m,
2021 607 2096 661 ib.

1845 680 2200 737 iudiciariam
2237 683 2400 739 etiam
2433 692 2768 755 potestatem,
2805 689 2880 743 ib.

1785 755 2110 812 Hominibus
2143 760 2402 815 omnibus
2435 762 2635 817 meruit
2679 765 3056 821 remissionem
3101 770 3351 825 omnium

1847 838 2210 900 peccatorum,
2234 841 2286 889 et
2308 838 2537 903 gratiam
2559 845 2612 892 et
2628 840 2858 906 gloriam
2881 843 3062 908 quoad
3084 844 3354 899 sufficien-

1846 906 1998 973 tiam,
2029 922 2142 965 non
2171 912 2353 977 quoad
2378 913 2692 981 efficaciam,
2718 922 2774 969 et
2793 916 3187 984 praedestinatis
3207 934 3351 989 prae-

1844 981 2285 1053 destinationem‚
2311 989 2468 1051 (1.41,
2493 1004 2536 1043 s.
2562 996 2613 1043 4.

1780 1056 2074 1125 Aliquibus
2093 1062 2260 1115 etiam
2285 1065 2545 1130 specialia
2564 1066 2730 1132 dona,
2758 1067 2961 1135 quibus
2987 1069 3350 1127 infallibiliter

1854 1134 2050 1188 merita
2069 1138 2492 1206 applicarentur,
2528 1156 2570 1194 5.
2607 1148 2655 1193 2.

1851 1210 2118 1340 Omniblus
2131 1219 2312 1269 autem
2325 1216 2526 1271 adultis
2540 1217 2926 1285 dispositiones
2940 1234 3130 1277 omncs
3149 1222 3218 1277 ad
3233 1236 3352 1291 gra-

1848 1285 1999 1351 tiam,
2023 1288 2040 1339 i
2084 1326 2099 1341 .

1845 1362 1908 1414 Et
1938 1364 2316 1419 remissionem
2342 1379 2522 1433 poenae
2551 1371 2882 1438 temporalis,
2905 1372 3070 1427 etiam
3097 1386 3221 1441 quoe
3249 1376 3352 1429 da-

1844 1442 1931 1491 tur
1963 1452 2060 1507 per
2077 1442 2476 1498 satisfactiones
2493 1446 2802 1512 hominum,
2824 1460 2867 1501 s.
2894 1455 2940 1501 3.

1778 1512 1964 1567 Merita
1982 1516 2177 1570 Christi
2205 1518 2423 1573 duobus
2447 1522 2628 1575 modis
2653 1522 2817 1576 nobis
2838 1522 3202 1591 applicantur,
3221 1538 3267 1579 s.
3295 1530 3342 1579 1.

1778 1588 2081 1655 applicatio
2099 1604 2292 1647 eorum
2315 1608 2413 1661 per
2443 1604 2782 1651 sacramenta
2803 1607 2868 1652 ex
2891 1598 3102 1653 meritis
3123 1600 3347 1668 christi,

1842 1679 1886 1717 s.
1908 1671 1958 1719 2.

1778 1742 1996 1795 Nullum
2017 1744 2274 1799 meritum
2298 1746 2465 1801 fuisse
2486 1748 2714 1815 Christe,
2735 1751 2883 1817 quod
2905 1764 3019 1805 non
3035 1754 3352 1819 spectaverit

1840 1818 1911 1869 ad
1934 1824 2175 1873 nostram
2205 1822 2657 1889 redemptionem,
2689 1838 2799 1891 quo
2827 1838 2991 1881 sensu
3019 1840 3228 1893 verum,
3271 1828 3346 1882 ib.

1777 1893 1901 1945 llaec
1916 1896 2112 1949 merita
2143 1897 2322 1953 solum
2354 1900 2415 1952 in
2453 1901 2797 1967 praescientia
2823 1904 2917 1957 Dei
2945 1910 3352 1959 antecesserunt

1838 1971 2068 2035 gratiam
2091 1974 2444 2040 antiquorum
2471 1978 2708 2039 Patrum,
2741 1977 2818 2031 ib.

1781 2045 1977 2099 Christi
2007 2049 2262 2103 meritum
2291 2051 2526 2117 qualiter
2560 2052 2754 2107 influat
2785 2054 2844 2107 in
2869 2059 3072 2121 nostra,
3106 2057 3349 2123 explica-

1842 2127 1949 2189 tur,
1983 2138 2026 2177 S.
2063 2131 2110 2178 3.

1782 2198 1973 2254 Christi
2007 2203 2265 2256 meritum
2294 2209 2349 2259 et
2373 2211 2556 2259 nostra
2588 2206 2882 2262 satisfactio
2905 2208 3180 2275 quomodo
3207 2208 3349 2263 inter

1844 2289 1901 2329 se
1920 2285 2250 2333 concurrant
2273 2280 2394 2335 sine
2427 2282 2652 2336 alterius
2690 2282 3104 2350 imperfectione
3131 2286 3220 2339 vel
3259 2299 3348 2340 re-

1844 2350 2170 2419 dundantia,
2203 2356 2278 2409 ib.

1778 2428 1963 2481 Merita
2009 2430 2206 2485 Christi
2248 2434 2636 2499 respondentia
2677 2436 2892 2491 actibus
2926 2438 3130 2491 amoris
3161 2438 3256 2491 Dei
3295 2446 3351 2493 et

1840 2504 2096 2571 proximi,
2133 2507 2362 2573 praevisa
2389 2508 2541 2563 fuere
2563 2515 2690 2565 ante
2717 2512 3038 2566 electionem
3063 2514 3349 2580 praedesti·

1842 2586 2114 2645 natorum,
2140 2594 2184 2634 s.
2217 2585 2262 2634 t.

1776 2655 1998 2785 ‘⁴¹¹{9ns
2021 2657 2196 2743 gratia
2215 2662 2270 2712 et
2293 2658 2468 2725 gloria
2488 2661 2612 2715 data
2641 2666 2724 2716 est
2741 2668 2961 2729 propter
2985 2663 3177 2719 merita
3189 2664 3348 2719 Chri-

1842 2744 1908 2784 si
1940 2744 2188 2799 praevisa.

2450 2866 2666 2907 umiae.

1781 2962 1941 3029 Quid,
1972 2968 2025 3016 et
2056 2964 2223 3027 unde,
2255 2968 2307 3018 et
2333 2978 2432 3019 cur
2459 2966 2540 3019 sic
2561 2967 2790 3031 dicatur,
2813 2970 2866 3020 et
2891 2980 3040 3022 eura
3064 2971 3229 3026 Jacob
3261 2972 3350 3025 si-

1844 3038 1950 3091 loth
1975 3040 2292 3096 nominetur
2336 3043 2391 3095 d.
2423 3046 2472 3105 1,
2499 3048 2615 3095 s.1.
2815 3069 2822 3075 -

1780 3116 1985 3169 Hessiae
2007 3116 2121 3169 veri
2145 3118 2436 3184 appellatio
2465 3118 2646 3185 qualis
2673 3116 2778 3181 sits
2795 3132 2838 3171 s.
2861 3124 2910 3171 2.

1843 3192 1962 3243 Jam
1981 3192 2196 3245 venisse
2213 3194 2378 3258 (quod
2393 3194 2655 3247 omnibus
2669 3194 2993 3249 christianis
3013 3204 3350 3265 compertum

1844 3266 1937 3391 gat)
1956 3278 2189 3393 extsacra
2204 3266 2479 3333 Scriptura
2497 3269 2898 3322 demonstratur
2915 3277 3103 3325 contra
3115 3272 3351 3337 Judaeos,

1886 3351 1962 3392 rae
1985 3354 2020 3393 a
2044 3374 2059 3389 .

1780 3416 2002 3469 Cunctis
2022 3416 2278 3483 gentibus
2295 3415 2651 3479 desideratus»,
2673 3416 2730 3469 d.
2760 3420 2806 3480 1,
2838 3432 2882 3470 s.
2919 3424 2966 3471 3.

1778 3490 1960 3553 Qualis
1981 3491 2297 3558 promissus,
2327 3498 2382 3544 et
2407 3490 2592 3557 qualia
2609 3492 2756 3544 bona
2779 3492 2900 3545 orbi
2925 3494 3184 3561 attinet-it,
3211 3512 3256 3551 s.
3279 3502 3327 3549 t.

1778 3566 2023 3619 Messium
2042 3565 2394 3633 temporalem
2414 3578 2598 3632 regem
2618 3566 2800 3619 adhuc
2811 3575 3037 3633 sperant
3055 3570 3248 3638 Iudaei,
3271 3572 3347 3625 ib.

1776 3641 1974 3694 Verum
1990 3644 2178 3707 Deum,
2199 3646 2253 3694 et
2261 3642 2541 3695 hominem
2560 3640 2804 3696 futurum
2821 3656 2887 3697 ex
2907 3657 3059 3699 sacra
3075 3646 3352 3713 Scriptura

1798 3722 1801 3725 ’
1842 3717 2166 3781 ostenditur,
2204 3717 2279 3769 ib.

2167 3842 2436 3895 niueum,
2465 3843 2718 3883 niueum
2748 3845 2958 3887 088181'1.

1782 3945 2098 4000 miraculum
2126 3948 2206 3999 est
2227 3956 2364 4011 opus
2388 3943 2670 3999 insolitum
2691 3950 2747 3999 et
2765 3960 2930 4013 supra
2947 3947 3094 4001 vires
3117 3952 3346 4015 naturae,

1843 4023 1897 4076 d.
1926 4027 2006 4084 31,
2040 4036 2084 4075 s.
2113 4027 2162 4073 2.
2306 4020 2316 4031 ‘
2563 4044 2577 4053 ·

1778 4096 2034 4151 miracula
2052 4096 2294 4150 Christus
2315 4108 2414 4161 per
2433 4096 2826 4150 humanitatem
2849 4104 3119 4165 operatus,
3157 4099 3232 4154 ib.

1779 4173 1871 4226 Eis
1896 4172 2086 4225 debuit
2104 4184 2256 4225 suam
2275 4170 2442 4224 tidem
2465 4172 2806 4238 confirmare,
2825 4178 3003 4240 etqua
3027 4174 3236 4229 ratione
3257 4174 3347 4230 in-

1843 4247 2216 4301 carnationem
2237 4258 2358 4300 esse
2379 4246 2578 4300 factam
2607 4248 2919 4315 ostendant,
2941 4250 2997 4303 d.
3022 4256 3070 4314 c,
3105 4264 3149 4304 s.
3177 4256 3224 4302 2.

1844 4326 1917 4377 Ea
1939 4331 1997 4378 ut
2018 4336 2147 4379 vera
2177 4329 2287 4376 tam
2307 4323 2497 4391 Angeli
2528 4323 2660 4377 boni
2690 4337 2856 4390 quam
2899 4327 3027 4379 mali
3067 4327 3349 4382 evidenter

1844 4404 2242 4466 cognoverunt3
2271 4403 2566 4465 potuerunt
2597 4399 2768 4453 etiam‘
2795 4400 3078 4455 evidenter
3097 4403 3350 4457 homines

1843 4488 2169 4543 cognoscere
2203 4476 2297 4542 qui
2331 4476 2590 4529 viderunt
2611 4492 2622 4541 3
2669 4478 2764 4543 qui
2811 4482 2990 4532 autem
3038 4492 3148 4533 non
3190 4480 3348 4534 vide-

1846 4559 2002 4614 runt·,
2037 4553 2336 4619 quomode,
2369 4552 2430 4605 d.
2453 4556 2533 4616 31,
2557 4567 2602 4605 5.
2637 4560 2687 4605 2.

1782 4628 2162 4682 miraculorum
2182 4627 2355 4681 virtus
2388 4626 2446 4680 in
2471 4629 2684 4684 Christo
2717 4629 2822 4682 suit
2845 4635 3228 4697 permanenter
3255 4645 3351 4698 per

1844 4705 2070 4757 modum
2099 4703 2316 4756 habitus
2342 4716 2375 4756 a
2397 4704 2576 4769 primo
2599 4704 2822 4758 instanti
2847 4704 3258 4772 incarnationis,
3293 4713 3355 4762 ut

1845 4778 2146 4846 proprietas
2171 4778 2439 4831 unionem
2473 4792 2834 4844 consequenS,
2868 4779 2944 4831 ib.

1782 4854 1952 4915 Quam
1969 4866 2254 4919 nunquam
2275 4853 2478 4907 deinde
2501 4854 2701 4917 amisit,
2715 4854 2830 4906 imo
2849 4854 3012 4907 etiam
3033 4861 3153 4921 post
3165 4868 3352 4911 ascen-

1845 4930 2058 4982 sionem
2085 4930 2246 4981 habet
2269 4942 2427 4983 usum
2451 4928 2589 4993 ejus,
2612 4928 2688 4980 ib.

1781 5004 1903 5056 liaec
1928 5004 2102 5057 virtus
2121 5016 2232 5056 non
2252 5009 2332 5056 est
2353 5004 2604 5068 qualitas,
2629 5006 2825 5067 motus,
2849 5005 2932 5057 vel
2965 5004 3176 5071 aliquid
3197 5008 3350 5063 aliud

1846 5080 2168 5131 humanitati
2189 5078 2620 5145 superadditum,
2640 5077 2737 5129 scd
2757 5082 2996 5144 potentia
3015 5081 3352 5137 obedientia-

1847 5154 1916 5205 lis
1934 5154 2128 5217 activa,
2153 5167 2198 5205 5.
2225 5158 2272 5204 5.

1787 5228 2065 5294 Objectum
2092 5229 2255 5293 hujus
2279 5228 2556 5293 potestatis
2576 5229 2758 5294 quate,
2791 5242 2836 5281 s.
2865 5236 2913 5281 9.

1788 5305 1869 5359 Ad
1888 5304 2110 5359 effectus
2134 5305 2254 5358 leco
2275 5303 2538 5357 distantes
2559 5304 2675 5356 haec
2695 5304 2869 5357 virtus
2889 5304 3212 5371 extenditur,
3237 5322 3279 5363 s.
3304 5316 3351 5363 8.

1787 5381 2105 5435 Humanitas
2132 5384 2212 5433 est
2231 5378 2474 5432 effectrix
2507 5380 2917 5443 miraculorum,
2943 5380 3132 5449 estque
3165 5386 3354 5439 eadem

1850 5458 2094 5523 operatio
2113 5458 2234 5524 ejus
2255 5461 2314 5512 ut
2343 5456 2708 5523 instrumenti,
2733 5462 2786 5509 et
2821 5458 2932 5527 bei,
2959 5467 3012 5513 ιιι
3037 5460 3358 5530 principalis

1850 5535 2078 5599 agentiS,
2113 5548 2156 5587 5.
2190 5538 2236 5585 3.
