3892 6167
632 490 761 532 non
795 466 1010 531 tendat
1032 467 1097 529 in
1128 468 1299 531 illam
1324 488 1457 533 rem
1486 488 1627 553 quae
1655 476 1751 533 est
1798 469 2062 533 formale
2093 470 2199 531 ob-

634 566 899 647 jectum,
928 570 1232 645 tanquam
1255 566 1321 627 in
1369 584 1507 629 rem
1536 584 1651 629 seu
1681 566 2012 629 materiam
2031 567 2199 627 circa

636 676 829 741 quam
853 660 1105 740 proprie
1135 665 1439 733 versetur,
1468 678 1607 741 quae
1632 661 1793 724 solet
1820 660 1941 722 dici
1989 659 2200 739 objec-

632 760 769 816 tum
805 753 1005 833 quod;
1058 770 1207 833 ergo
1260 754 1449 814 etiam
1484 754 1549 815 in
1590 754 1889 837 praesenti
1928 752 2194 815 intentio

634 846 937 909 adorandi
992 852 1201 929 potest
1244 848 1483 909 versari
1528 848 1695 911 circa
1756 849 2100 929 imaginem
2127 851 2199 911 ut

633 943 949 1022 objectum
980 942 1174 1021 quod,
1219 959 1334 1005 seu
1376 960 1513 1005 rem
1562 944 1885 1008 adoratam
1940 947 2199 1025 propter

632 1036 957 1117 exemplar
984 1041 1055 1097 ut
1077 1036 1387 1097 rationem
1416 1038 1747 1114 adorandi,
1784 1036 2073 1121 quamvis
2099 1035 2199 1097 di·

632 1136 799 1193 recte
828 1148 955 1191 non
986 1126 1271 1191 intendat
1299 1130 1565 1195 adorare
1595 1133 1805 1213 ipsum
1851 1129 2194 1210 exemplar,

636 1230 704 1285 ut
729 1240 862 1285 rem
894 1222 1129 1285 directe
1156 1221 1504 1287 adoratam.
1534 1226 1933 1289 Antecedens
1975 1224 2196 1306 proba-

634 1324 737 1379 tur
758 1318 961 1397 primo
1006 1316 1331 1397 exemplis,
1362 1323 1498 1380 tum
1547 1319 1615 1381 in
1644 1319 1990 1393 intellectu,
2047 1333 2196 1379 nam

632 1408 837 1470 fidelis
856 1409 1193 1471 assentitur
1213 1410 1579 1475 veritatibus
1593 1412 1764 1488 fidei,
1782 1414 1963 1475 nixus
1982 1410 2192 1473 divino

634 1502 990 1564 testimonio
1017 1507 1079 1564 et
1098 1504 1347 1565 veritati
1374 1505 1678 1569 infallibili
1707 1508 1845 1589 ejus
1871 1520 1941 1569 ut
1969 1502 2199 1569 rationi

632 1594 902 1671 formali,
936 1596 1223 1677 quamvis
1252 1615 1327 1659 eo
1378 1606 1521 1663 actu
1550 1619 1675 1682 quo
1714 1600 1911 1664 credit
1936 1618 2072 1663 rem
2101 1617 2198 1661 re·

634 1689 931 1765 velatam,
966 1706 1095 1751 non
1130 1692 1347 1755 credat
1374 1692 1475 1755 vel
1507 1692 1709 1757 Deum
1753 1712 1890 1757 esse
1928 1695 2198 1775 primam

636 1782 967 1845 veritatem
996 1782 1414 1863 infallibilem,
1453 1788 1554 1849 vel
1605 1788 1802 1851 Deum
1846 1788 1968 1849 hoc
2022 1804 2198 1849 reve·

634 1876 823 1937 lasse.
844 1876 1023 1939 Idem
1048 1876 1269 1941 dicunt
1281 1879 1594 1943 Dialectici
1618 1881 1699 1943 de
1721 1887 1863 1943 actu
1894 1880 2194 1956 scientiae,

638 1970 745 2049 qui
782 1968 1001 2031 nititur
1046 1972 1387 2050 praemissis
1414 1979 1486 2035 ut
1515 1976 1743 2039 rationi
1788 1972 2192 2051 assentiendi,

638 2064 923 2141 quamvis
948 2080 1079 2126 non
1110 2064 1349 2128 feratur
1372 2067 1607 2131 directe
1620 2069 1685 2131 in
1714 2070 1887 2151 ipsas
1914 2066 2197 2149 praemis-

638 2175 745 2218 sas
768 2162 1071 2238 tanquam
1096 2158 1159 2219 in
1208 2160 1525 2242 objectum
1565 2161 1791 2225 scitum
1818 2180 1933 2225 seu
1956 2161 2202 2241 judica-

640 2254 775 2311 tum
804 2266 917 2331 per
943 2250 1122 2313 illum
1148 2258 1382 2315 actum.
1412 2256 1571 2316 Tum
1624 2256 1814 2317 etiam
1853 2256 1921 2315 in
1957 2254 2201 2317 actibus

640 2344 1002 2421 voluntatis,
1030 2346 1186 2409 utin
1206 2364 1443 2422 amore,
1485 2364 1611 2429 quo
1643 2354 1891 2413 amatur
1922 2366 2052 2411 uua
2097 2366 2201 2409 res

638 2444 893 2519 propter
944 2438 1136 2501 aliam
1172 2446 1243 2503 ut
1285 2446 1541 2523 propter
1594 2442 1901 2505 rationem
1944 2440 2201 2503 amandi

638 2531 1076 2609 extrinsecam,
1130 2533 1337 2615 qualis
1412 2540 1508 2599 est
1560 2534 1787 2615 aliquis
1840 2552 2020 2597 amor
2073 2552 2200 2613 quo

640 2630 887 2686 amatur
910 2627 1235 2707 proximus
1253 2633 1513 2709 propter
1524 2630 1760 2706 Deum3
1782 2630 1935 2691 item
1955 2628 2024 2690 in
2042 2645 2201 2708 pura

645 2718 954 2781 electione
983 2721 1173 2783 medii
1210 2727 1465 2803 propter
1512 2723 1928 2785 extrinsecum
1979 2721 2197 2799 tinem,

640 2828 781 2893 quae
811 2812 1048 2877 directe
1078 2832 1206 2877 non
1237 2822 1525 2879 versatur
1558 2816 1723 2879 circa
1750 2816 1970 2893 finem,
1997 2817 2202 2895 ipsum

640 2905 933 2980 volendo,
974 2906 1087 2970 sed
1116 2912 1358 2970 tantum
1390 2910 1453 2969 in
1484 2909 1741 2989 obliquo
1768 2910 1978 2991 ipsum
2005 2910 2207 2991 respi-

641 3000 720 3062 cit
761 3006 1064 3080 tanquam
1093 3002 1403 3065 rationem
1429 3001 1683 3064 volendi
1708 3001 1952 3075 media;
1993 3003 2081 3065 sic
2109 3021 2204 3065 er-

644 3112 725 3175 go
752 3095 1121 3175 contingere
1160 3102 1365 3175 potest
1402 3096 1471 3157 in
1510 3095 1879 3159 adoratione
1906 3096 2201 3175 imaginis

645 3192 902 3267 propter
930 3189 1273 3269 exemplar.
1316 3190 1445 3251 Nee
1472 3187 1665 3252 refert
1685 3189 2072 3253 differentias
2099 3208 2203 3252 ve·

646 3281 763 3343 luti
793 3281 1151 3345 materiales
1184 3282 1510 3363 assignare
1553 3282 1719 3345 inter
1766 3283 1939 3345 bunc
1965 3290 2200 3361 actum,

646 3381 709 3436 et
728 3380 1004 3450 caeteros,
1036 3376 1211 3439 verbi
1236 3377 1463 3457 gratia,
1490 3375 1653 3438 inter
1675 3374 2048 3439 electionem
2075 3395 2204 3439 me-

644 3468 755 3543 dii,
800 3474 863 3530 et
888 3469 1277 3535 voluntatem
1306 3470 1611 3533 adorandi
1652 3470 2036 3551 imaginem3
2075 3490 2204 3534 non

646 3562 817 3624 enim
841 3563 1279 3625 contendimus
1300 3563 1473 3626 hunc
1498 3569 1710 3627 actum
1740 3581 1881 3626 esse
1906 3566 1976 3627 iu
1999 3566 2208 3627 omni-

648 3655 768 3717 bus
808 3655 1094 3735 ejusdem
1130 3658 1389 3721 rationis
1432 3676 1579 3719 eum
1632 3658 1896 3736 coeteris,
1928 3666 2038 3720 aut
2063 3676 2202 3721 esse

649 3750 968 3829 propriam
1018 3749 1389 3813 electionem
1408 3767 1429 3829 ;
1478 3751 1593 3813 sed
1620 3758 2144 3832 argumentamur
2166 3770 2206 3815 a

648 3842 915 3921 paritate
952 3843 1215 3905 rationis
1234 3887 1256 3921 ,
1295 3850 1387 3919 ut,
1424 3846 1587 3907 sicut
1638 3845 1709 3905 in
1750 3845 2058 3909 electione
2105 3846 2207 3909 vel

651 3934 789 3998 aliis
817 3936 1059 3999 actibus
1085 3942 1293 4018 potest
1330 3954 1471 4001 esse
1520 3944 1733 4001 motus
1773 3938 2112 4005 voluntatis
2137 3942 2208 4003 in

652 4046 847 4091 unam
888 4048 1026 4093 rem
1072 4035 1331 4112 propter
1365 4031 1581 4108 aliam,
1630 4032 1821 4095 etiam
1868 4032 1919 4093 si
1971 4033 2207 4096 directe

654 4140 785 4184 non
805 4122 1023 4187 tendat
1048 4124 1115 4186 in
1160 4125 1245 4201 id,
1278 4124 1451 4205 quod
1488 4130 1585 4187 est
1610 4124 1770 4187 ratio
1812 4126 2112 4189 tendendi
2143 4129 2208 4189 in

650 4217 845 4293 aliud,
873 4224 1177 4298 tanquam
1202 4220 1265 4281 in
1291 4220 1607 4299 objectum
1628 4220 1825 4301 quod,
1858 4222 1970 4283 sed
2001 4223 2210 4285 solum

648 4310 828 4391 quasi
853 4308 1107 4393 oblique
1141 4312 1307 4377 utin
1334 4314 1645 4376 rationem
1674 4314 1994 4389 tendendi,
2022 4317 2108 4377 ita
2141 4314 2208 4376 id

647 4406 845 4487 possit
873 4408 1159 4471 accidere
1187 4410 1251 4470 in
1280 4415 1423 4471 actu
1452 4409 1835 4473 adorationis
1866 4410 2200 4489 imag-iui83

650 4500 824 4563 nulla
853 4501 1022 4563 enim
1044 4501 1201 4563 ratio
1226 4502 1533 4565 hactenus
1554 4500 1799 4564 reddita
1822 4508 1937 4579 est,
1957 4521 2070 4565 cur
2083 4502 2206 4567 hoc

644 4595 848 4676 magis
888 4595 953 4657 in
996 4594 1381 4659 adorationis
1406 4603 1553 4659 actu
1582 4603 1893 4677 repugnet
1920 4615 2108 4677 quam
2139 4598 2204 4659 in

646 4688 908 4763 caeteris,
932 4689 1275 4769 praesertim
1306 4706 1449 4752 cum
1476 4708 1606 4751 non
1634 4707 1899 4771 agamus
1926 4708 2098 4751 nunc
2125 4690 2204 4752 de

644 4785 953 4861 potestate
980 4783 1228 4855 morali,
1257 4782 1323 4843 id
1354 4786 1469 4859 est,
1501 4801 1585 4844 an
1620 4782 1809 4845 liceat
1836 4783 1939 4845 vel
1966 4801 2096 4845 non
2125 4782 2204 4844 li-

645 4881 805 4953 ceat,
836 4875 951 4939 se'd
980 4876 1344 4957 simpliciter
1380 4876 1457 4939 de
1484 4882 1790 4957 potestate
1820 4877 1911 4939 sic
1935 4894 2206 4959 operan-

643 4968 728 5031 di.
756 4969 917 5043 Quin
948 4970 1155 5050 potius
1181 4970 1247 5031 in
1276 4970 1563 5031 absoluta
1599 4969 1966 5033 adoratione
1991 4968 2202 5032 existi-

641 5069 817 5125 mant
842 5062 1020 5125 multi
1048 5062 1113 5124 id
1144 5064 1459 5137 accider03
1508 5081 1681 5139 nam,
1732 5081 1877 5124 cum
1902 5062 2202 5125 adoratur

640 5174 751 5219 rex
782 5162 1041 5237 propter
1072 5156 1442 5238 dignitatem
1476 5156 1716 5237 regiam
1740 5199 1757 5232 ,
1788 5174 2058 5239 persona
2106 5162 2200 5220 est

640 5268 781 5330 quae
822 5270 936 5331 per
962 5268 1054 5325 se,
1104 5256 1168 5313 et
1192 5257 1263 5313 ut
1287 5250 1480 5330 quod,
1510 5250 1811 5313 adoratur
1826 5266 1850 5327 3
1876 5252 2052 5331 regia
2089 5270 2198 5311 au·

640 5351 767 5407 tem
798 5344 1071 5426 dignitas
1100 5362 1229 5407 non
1257 5344 1509 5427 proprie
1548 5348 1645 5407 est
1673 5344 1845 5424 quod
1872 5344 2194 5420 adoratur,

642 5437 753 5499 sed
778 5444 876 5501 est
902 5456 1026 5519 qua
1047 5456 1157 5503 rex
1182 5438 1501 5515 adoratur,
1526 5456 1641 5501 seu
1668 5440 1827 5503 ratio
1856 5439 2195 5517 adorandi;

641 5529 811 5611 quod
833 5532 882 5593 si
910 5532 1172 5595 fortasse
1201 5532 1343 5595 talis
1370 5532 1637 5613 dignitas
1656 5532 2035 5596 coadoratur
2053 5552 2198 5597 cum

1852 372 2090 436 QuAEs‘r.
2125 370 2276 425 XXV.
2311 370 2512 425 Anno.
2549 372 2632 425 111.

2279 487 2573 551 persona,
2596 469 2744 549 quia
2763 474 2860 531 est
2872 468 3202 531 intrinseca
3223 474 3366 535 ratio
3391 476 3638 559 adorandi,
3657 492 3697 551 in

2279 564 2630 625 extrinseca
2686 563 2929 625 ratione
2966 562 3156 627 etiam
3196 564 3339 629 illud
3381 586 3486 633 nen
3517 576 3698 645 eritne.

2278 657 2620 719 cessarium
2639 702 2655 729 ,
2704 657 2820 719 sed
2853 658 3034 727 satis,
3049 657 3165 721 erit
3209 660 3367 739 quod
3403 663 3634 733 indirecte
3660 682 3697 738 et

2278 750 2530 829 oblique
2558 750 2877 813 adoretur.

2359 847 2458 907 12.
2505 844 2798 907 Secundo
2819 888 2842 921 ,
2883 848 3088 927 potest
3113 844 3350 928 probari
3371 850 3568 917 ratione
3601 858 3700 925 illud

2279 938 2660 1001 antecedens
2687 944 3104 1019 assumptum,
3133 940 3280 1021 quia
3313 942 3553 1011 voluntas
3573 956 3702 1020 tendit

2278 1032 2344 1093 in
2373 1050 2562 1096 suum
2589 1031 2909 1113 objectum
2945 1036 3133 1113 prout
3179 1037 3522 1115 propositum
3543 1060 3622 1123 per
3639 1050 3700 1111 in.

2278 1126 2600 1190 tellectum
2617 1144 2634 1199 ς
2655 1126 2766 1189 sed
2787 1130 2998 1207 potest
3021 1124 3362 1190 intellectus
3378 1137 3501 1195 actu
3516 1140 3701 1219 cogitare

2280 1227 2342 1282 et
2365 1236 2717 1301 proponere
2747 1238 2940 1283 unam
2961 1236 3100 1281 rem
3125 1226 3195 1282 ut
3217 1224 3530 1301 amabilem,
3549 1232 3620 1293 vel
3633 1234 3704 1297 ho.

2275 1314 2648 1391 norabilem,
2695 1314 2940 1379 ratione
2969 1313 3224 1375 alterius
3241 1359 3260 1393 ‚
3289 1315 3364 1379 ad
3393 1336 3550 1399 quam
3581 1322 3704 1395 habet

2277 1408 2709 1471 habitudinem
2727 1454 2746 1483 ‚
2793 1426 2924 1471 non
2973 1407 3409 1477 considerando
3449 1433 3557 1479 rem
3576 1420 3700 1497 illam,

2278 1519 2416 1583 quae
2443 1510 2541 1565 est
2577 1502 2889 1565 terminus
2919 1501 3066 1567 talis
3094 1502 3470 1580 habitudinis,
3495 1514 3548 1571 ut
3568 1528 3701 1591 perse

2279 1596 2614 1658 amabilem
2643 1596 2740 1659 vel
2769 1596 3206 1659 honorabilem
3231 1615 3246 1673 3
3279 1616 3416 1661 nam
3451 1603 3585 1681 prior
3613 1625 3703 1669 con-

2281 1688 2574 1751 sideratio
2617 1706 2745 1751 non
2776 1688 3014 1769 pendet
3039 1688 3359 1753 intrinsece
3403 1710 3470 1755 ex
3499 1695 3589 1758 hac
3615 1718 3704 1779 pos·

2277 1782 2522 1857 teriori;
2555 1800 2731 1859 nam,
2762 1782 2912 1845 licet
2945 1782 3210 1847 fortasse
3237 1785 3459 1861 virtute,
3485 1790 3562 1851 vel
3591 1796 3704 1869 quasi

2277 1876 2344 1936 in
2371 1876 2608 1951 habitu,
2643 1876 2819 1938 illam
2851 1883 3170 1959 supponat
3207 1868 3300 1940 ⁴vel
3339 1878 3598 1959 includat,
3625 1903 3705 1949 non

2276 1974 2492 2031 tamen
2519 1987 2770 2051 semper
2793 1970 3062 2053 requirit
3083 1970 3257 2033 illam
3283 1970 3562 2038 iot-malem
3578 1984 3622 2041 et
3640 1996 3705 2042 ex·

2281 2080 2561 2145 pressam
2589 2064 3200 2137 considerationem;
3231 2072 3296 2129 ut
3319 2064 3450 2131 licet
3479 2067 3622 2131 homo
3639 2090 3705 2153 ap-

2281 2156 2632 2236 prehendat
2681 2159 3042 2239 proximum
3097 2164 3165 2221 ut
3213 2160 3510 2225 amabilem
3536 2174 3706 2247 propter

2281 2251 2504 2325 Deum,
2538 2268 2667 2311 non
2694 2257 2940 2333 oportet
2967 2256 3042 2313 ut
3069 2258 3212 2313 actu
3237 2259 3296 2313 et
3313 2251 3594 2317 formaliter
3617 2274 3706 2317 con·

2283 2343 2518 2405 sideret
2543 2345 2742 2409 Deum
2769 2362 2910 2407 esse
2939 2344 3276 2407 amabilem
3314 2353 3530 2429 propter
3551 2368 3616 2423 se,
3639 2360 3705 2411 aut

2284 2445 2591 2517 quantum
2620 2438 2720 2501 vel
2743 2438 3066 2518 quomodo
3091 2437 3385 2501 amandus
3405 2439 3492 2515 sit,
3515 2440 3596 2501 sed
3611 2444 3703 2503 satis

2285 2531 2565 2612 estquod
2589 2533 2816 2595 virtute
2839 2540 2903 2595 et
2925 2531 3224 2613 implicite
3241 2532 3382 2595 illud
3395 2532 3610 2597 includat
3624 2556 3634 2606 ;
3648 2556 3704 2597 er-

2285 2642 2366 2705 go
2403 2630 2463 2687 et
2505 2626 2794 2689 voluntas
2821 2633 3032 2707 potest
3055 2625 3310 2689 tendere
3335 2626 3532 2691 directe
3551 2629 3596 2689 in
3615 2646 3699 2689 eam

2280 2736 2442 2795 rem,
2470 2737 2608 2799 quoe
2641 2725 2898 2801 propter
2917 2719 3113 2782 aliam
3141 2718 3408 2781 amabilis
3426 2719 3512 2783 vel
3527 2720 3698 2783 honora·

2281 2810 2424 2873 bilis
2451 2810 2792 2891 judicatur,
2821 2832 2950 2875 non
2979 2811 3295 2877 tendendo
3325 2812 3528 2875 directe
3547 2813 3592 2873 in
3608 2814 3698 2875 alte·

2283 2922 2443 2983 ram,
2473 2922 2615 2987 quae
2645 2912 2740 2969 est
2765 2907 3080 2969 terminus
3102 2908 3262 2970 illius
3289 2904 3612 2981 habitudinis,
3633 2908 3700 2969 sed

2289 3004 2533 3063 tantum
2570 3000 2824 3083 oblique
2847 3044 2864 3075 ‚
2895 3008 2966 3063 ut
2998 3002 3062 3063 in
3089 3001 3384 3065 rationem
3410 2998 3634 3063 tendendi
3662 3002 3701 3059 in

2287 3092 2475 3154 aliam
2501 3112 2518 3167 ς
2555 3100 2626 3155 ut
2653 3095 2717 3155 in
2745 3096 3038 3177 exemplo
3065 3096 3262 3177 posito
3289 3094 3363 3157 de
3388 3112 3559 3157 amore
3573 3099 3702 3175 polest

2287 3186 2578 3249 voluntas
2625 3206 2703 3249 ex
2755 3188 3064 3255 charitate
3111 3208 3320 3253 amare
3361 3188 3632 3271 proximum
3663 3194 3700 3247 ut

2285 3279 2437 3359 quid
2462 3281 2575 3342 Dei
2605 3288 2724 3359 est,
2753 3300 2826 3345 ac
2853 3288 3116 3365 propter
3141 3284 3348 3359 Deum,
3375 3301 3486 3343 non
3523 3282 3698 3343 amando

2283 3380 2434 3435 tunc
2473 3374 2708 3437 directe
2735 3382 2798 3437 et
2825 3374 3177 3439 formaliter
3201 3379 3378 3438 Deum
3405 3382 3462 3437 ut
3490 3376 3701 3455 objectum
3756 3410 3757 3419 κ

2285 3486 2401 3549 per
2429 3486 2498 3529 se
2529 3474 2592 3531 et
2637 3487 2825 3551 super
2862 3471 3079 3534 omnia
3117 3478 3380 3533 amatum
3391 3493 3408 3547 ;
3436 3472 3508 3531 sic
3533 3488 3636 3549 ergo
3663 3470 3698 3529 in
3756 3534 3757 3559 ἦ

2289 3567 2433 3623 actu
2460 3562 2864 3639 adorationiS,
2885 3568 3080 3645 prout
3101 3584 3139 3629 a
3160 3564 3453 3627 voluntate
3476 3562 3701 3645 proficisci·
3756 3568 3757 3651 l

2289 3660 2412 3730 tur,
2447 3656 2732 3719 accidere
2782 3662 3016 3739 potest,
3071 3659 3122 3719 si
3177 3658 3358 3723 semel
3393 3673 3702 3739 supponamus
3756 3652 3757 3700 l

2286 3766 2473 3829 posse
2500 3750 2886 3815 intellectum
2911 3758 3354 3835 repraesentare
3383 3770 3539 3813 unam
3559 3768 3650 3811 rem
3667 3754 3702 3808 et

2287 3843 2722 3907 honorabilem
2768 3852 3028 3927 propter
3067 3846 3452 3911 extrinsecam
3491 3842 3703 3907 excellen-

2289 3938 2441 4000 tiam
2468 3939 2748 4015 alterius,
2780 3939 2863 4002 ad
2881 3957 3077 4021 quam
3105 3942 3252 4005 dicit
3274 3940 3638 4011 habitudinem,
3652 3936 3704 3994 si·

2291 4050 2366 4095 ve
2395 4033 2458 4095 id
2481 4034 2680 4113 possit
2705 4051 2850 4097 vere
2869 4035 3178 4113 judicare,
3205 4036 3332 4101 sive
3357 4038 3555 4097 tantum
3578 4048 3630 4091 ex
3649 4046 3705 4089 er-

2289 4145 2454 4197 rore,
2485 4134 2554 4189 ut
2587 4134 2804 4209 postea
2831 4128 3210 4193 videbimus.

2373 4222 2469 4283 13.
2515 4220 2798 4283 Tandem
2841 4222 2962 4285 hoc
2992 4222 3197 4303 ipsum
3241 4220 3546 4287 declaratur
3565 4237 3618 4281 ex
3639 4216 3703 4277 illo
3754 4262 3755 4295 ᾖ

2286 4316 2618 4397 principio,
2646 4316 2816 4395 quod
2842 4316 3054 4399 imago
3083 4318 3324 4398 proprie
3346 4315 3550 4379 adorari
3572 4316 3702 4393 potest
3754 4318 3755 4366 l

2289 4408 2471 4471 simul
2497 4427 2640 4471 cum
2683 4408 3024 4491 exemplari
3053 4430 3167 4493 per
3198 4429 3264 4473 se
3289 4410 3466 4492 primo
3491 4408 3697 4474 adora103

2285 4520 2433 4563 nam
2463 4503 2529 4563 in
2575 4502 2684 4563 illo
2737 4503 3046 4565 adorandi
3097 4505 3300 4583 modo,
3327 4519 3544 4565 necesse
3575 4502 3701 4561 estut

2285 4596 2636 4659 intercedat
2685 4598 2978 4679 cogitatio
3028 4597 3108 4663 de
3161 4598 3290 4681 ipso
3337 4593 3634 4675 exemplari,
3661 4592 3700 4647 ¹¹²

2285 4696 2539 4769 propter
2584 4709 2652 4751 se
2701 4689 2891 4769 digno
2939 4693 3358 4767 veneratione,
3397 4696 3451 4751 et
3487 4684 3624 4747 simul
3651 4682 3696 4741 de

2283 4782 2558 4863 imagine
2591 4792 2660 4844 ut
2699 4783 2962 4847 colenda
2991 4792 3246 4865 propter
3272 4781 3562 4865 exemplar,
3585 4778 3640 4837 ita
3660 4780 3698 4833 ul

2285 4883 2346 4939 et
2375 4876 2526 4939 illud
2553 4878 2621 4939 in
2654 4879 2814 4957 ipsa,
2837 4898 2912 4943 ac
2941 4898 3056 4961 per
3082 4879 3296 4961 ipsam,
3321 4886 3376 4939 et
3399 4877 3511 4955 ipsa
3531 4874 3698 4953 propter
3752 4882 3753 4927 l

2281 4969 2462 5047 illud,
2488 4988 2601 5051 per
2625 4970 2883 5033 modum
2923 4974 3110 5037 unius
3137 4970 3430 5037 adoranda
3451 4962 3694 5062 appreherf-
3751 4936 3753 5034 l

2282 5063 2540 5139 dantur;
2569 5066 2739 5145 quia,
2767 5066 2888 5127 nisi
2915 5066 3267 5147 hujiismodi
3295 5061 3489 5143 objecti
3507 5070 3691 5139 proposl·

2281 5160 2366 5221 tio
2411 5159 2765 5236 antecedat,
2805 5178 2934 5221 non
2982 5166 3184 5242 potest
3224 5158 3475 5221 voluntas
3515 5166 3616 5215 vere
3645 5160 3690 5203 ac

2279 5252 2528 5333 proprie
2565 5253 2824 5316 tendere
2859 5254 2922 5315 in
2953 5260 3151 5317 totum
3178 5252 3322 5315 illud
3333 5267 3354 5330 ;
3381 5248 3478 5313 sed
3507 5240 3689 5341 nihilfe-

2279 5352 2521 5427 pugnat
2546 5354 2616 5407 ut
2638 5348 2991 5412 intellectus
3013 5345 3469 5411 consideratione
3493 5346 3690 5437 praeffvlfl·

2279 5439 2388 5503 dat
2415 5440 2568 5501 illud
2597 5440 2944 5521 objectum,
2975 5444 3072 5505 vel
3115 5460 3190 5505 ex
3215 5441 3464 5505 libertate
3483 5432 3686 5527 homin-³,
3749 5470 3751 5521 i

2279 5534 2377 5595 vel
2419 5535 2611 5613 (quod
2639 5534 3028 5616 frequentius
3057 5534 3292 5615 accidit)
3319 5551 3386 5595 ex
3409 5520 3606 5591 naturali
3629 5532 3686 5575 m·
3750 5530 3751 5537 ³
