3892 6167
592 352 713 415 2⁸14
1006 378 1018 397 ¹
1806 348 2042 413 QUAEST.
2077 344 2252 403 xvm.
2285 348 2496 403 ARTlc.
2529 350 2568 403 1.

590 474 724 521 sum
750 459 835 519 est
853 456 896 516 ¹.
929 450 1037 513 Ad
1040 446 1470 533 perfectionem
1498 442 1700 510 autem
1726 448 2004 513 hiemante
2031 466 2152 511 na·-

593 556 751 613 turoe
768 546 1041 631 pertinet
1067 540 1369 615 voluntas,
1400 558 1537 621 quoe
1564 547 1651 605 est
1680 542 1997 607 natwazis
2025 541 2152 622 ejus

580 641 885 727 potentia,
930 637 1086 701 sicut
1124 638 1181 698 et
1226 633 1571 699 intellectus
1588 682 1604 710 ,
1655 640 1725 698 ut
1748 640 1927 718 patet
1953 652 2026 699 ecc
2055 635 2153 699 liis

592 754 727 821 qua·
752 734 821 798 in
835 732 1047 817 prima
1057 734 1243 813 parte
1266 728 1433 795 dicta
1448 734 1588 795 sunt
1616 730 1664 795 ².
1720 731 1901 794 Unde
1924 746 2151 795 necesse

594 834 682 895 est
711 828 925 905 dicere,
956 822 1118 906 quod
1141 820 1353 886 Filius
1370 822 1491 887 Dei
1517 822 1845 888 humanam
1870 824 2152 888 volunta·

600 928 722 988 tem
748 918 1141 1003 assumpserit
1183 918 1253 980 in
1299 918 1565 983 numana
1609 924 1859 984 natura.
1891 918 2020 983 Per
2045 934 2152 982 as·-

599 1018 994 1099 sumptionem
1038 1016 1240 1077 autem
1284 1013 1563 1075 liumanoe
1600 1016 1863 1086 naturoe,
1906 1010 2153 1075 nullam

591 1109 1049 1175 diminutionem
1066 1122 1289 1187 passus
1310 1109 1397 1168 est
1414 1104 1627 1168 Filius
1643 1106 1785 1180 Dei,
1806 1106 1875 1168 in
1898 1104 1996 1167 liis
2013 1121 2148 1184 quoe

580 1204 896 1288 pertinent
924 1202 1010 1264 ad
1050 1199 1325 1263 divinam
1372 1203 1681 1275 naturam,
1726 1200 1823 1263 cui
1866 1198 2150 1279 competit

588 1296 961 1362 voluntatem
989 1292 1224 1366 habere,
1246 1292 1413 1354 utin
1431 1292 1644 1373 prima
1662 1294 1851 1375 parte
1876 1290 2152 1353 habitum

590 1394 679 1455 est
708 1388 756 1454 ³.
808 1388 988 1453 Unde
1013 1402 1239 1450 necesse
1268 1389 1357 1449 est
1384 1386 1601 1460 dicere,
1628 1385 1788 1466 quod
1813 1386 1882 1449 in
1908 1384 2152 1449 Christo

588 1484 715 1549 sint
744 1484 879 1547 duoe
917 1479 1281 1555 voluntates,
1308 1496 1454 1554 una,
1512 1478 1743 1544 scilicet
1764 1530 1779 1559 ,
1814 1477 2049 1552 divina,
2095 1480 2151 1541 et

588 1576 723 1641 alia
750 1577 1036 1639 humana.

668 1668 779 1733 Ad
808 1670 1081 1753 primum
1107 1684 1246 1751 erqo
1289 1666 1625 1740 dicendam,
1667 1666 1827 1747 quod
1859 1664 2153 1749 quicquid

589 1764 719 1843 suit
749 1761 817 1826 in
844 1764 1111 1825 humana
1134 1762 1361 1825 natura
1386 1760 1644 1834 Christi,
1662 1760 2008 1823 movebatur
2031 1776 2152 1823 nu-

589 1862 661 1921 tu
684 1856 1019 1921 voluntatis
1042 1854 1291 1926 dicinoe;
1322 1870 1441 1916 non
1468 1858 1671 1918 tamen
1695 1853 1969 1935 sequitur
1995 1854 2156 1933 qnod

590 1952 661 2014 in
690 1950 937 2015 Christo
959 1964 1079 2011 non
1092 1949 1285 2028 fuerit
1304 1952 1500 2010 motus
1516 1946 1851 2011 voluntatis
1858 1946 2154 2029 proprius

589 2048 833 2108 naturoe
858 2044 1174 2120 humanam
1204 2041 1352 2121 quia
1378 2040 1563 2104 etiam
1582 2038 1847 2104 aliorum
1880 2038 2152 2105 Sancto-

590 2155 731 2201 rum
746 2136 877 2218 pia·
898 2134 1239 2200 voluntates
1254 2138 1567 2197 moventur
1592 2134 1911 2199 seeundum
1930 2131 2152 2197 volun-

592 2234 781 2296 tatem
801 2230 942 2304 Dei,
964 2230 1073 2311 qui
1100 2230 1389 2309 operatur
1410 2228 1481 2291 in
1508 2228 1595 2291 eis
1636 2226 1789 2292 velle
1818 2231 1875 2291 et
1892 2224 2153 2310 perfice-

598 2342 687 2400 re,
722 2328 793 2386 ut
818 2322 1047 2388 dicitnr
1069 2318 1353 2403 Philipp.
1388 2324 1447 2386 2.
1493 2318 1666 2386 Licet
1689 2320 1846 2385 enim
1873 2320 2155 2384 voluntas

593 2432 713 2479 non
729 2416 927 2499 possit
950 2414 1214 2479 interius
1233 2414 1459 2478 moveri
1488 2415 1561 2477 ab
1600 2414 1817 2497 aliqua
1844 2418 2148 2489 creatura,

589 2510 852 2576 interius
888 2516 1093 2576 tamen
1119 2514 1388 2573 movetur
1434 2528 1475 2572 a
1512 2508 1661 2585 Deo,
1710 2514 1781 2573 ut
1832 2508 1901 2572 in
1938 2508 2153 2591 prima

578 2610 768 2687 parte
797 2606 1024 2669 dictum
1051 2608 1137 2668 est
1156 2602 1203 2667 ⁴.
1250 2602 1345 2666 Et
1372 2602 1461 2667 sic
1511 2602 1697 2667 etiam
1746 2600 2030 2667 Christus
2056 2620 2153 2664 se·-

592 2698 850 2762 cundum
874 2698 1246 2761 voluntatem
1291 2696 1621 2759 humanam
1649 2696 2008 2777 sequebatur
2043 2714 2150 2759 vo-

592 2790 889 2856 luntatem
916 2792 1211 2867 divinam,
1234 2791 1554 2855 secuaidum
1565 2789 1734 2854 illud
1760 2788 2001 2854 Psalm.
2025 2793 2099 2853 39
2128 2810 2144 2850 :

603 2886 695 2951 Ut
724 2888 989 2965 facerem
1008 2882 1379 2950 voluntatem
1412 2888 1605 2961 tuam,
1636 2884 1802 2948 Deus
1836 2902 2021 2957 meets,
2047 2902 2152 2946 vo-

592 2978 701 3043 lni.
744 2980 923 3043 Unde
953 2978 1341 3061 Anqustinus
1369 2978 1523 3043 dicit
1546 2982 1758 3043 contra
1775 2976 2040 3041 Maxim.
2076 2978 2099 3018 ⁵
2130 2992 2147 3038 ε

606 3072 671 3137 U
672 3072 732 3135 bi
760 3072 923 3138 dimit
947 3070 1163 3135 Filius
1200 3070 1441 3135 Patri:
1474 3068 1625 3135 Non
1660 3072 1819 3151 quod
1860 3088 1966 3153 eqo
1991 3070 2146 3147 volo,

588 3169 695 3230 sed
720 3168 879 3247 quod
903 3172 971 3229 tu
1007 3167 1121 3238 vis,
1149 3164 1301 3247 quid
1324 3166 1381 3229 te
1403 3162 1683 3245 adjnvat,
1708 3166 1869 3245 quod
1894 3169 2001 3229 tua
2019 3182 2154 3229 ‘oer-

589 3262 663 3323 ba
692 3260 1005 3342 snbjunqis
1036 3264 1093 3322 et
1136 3258 1290 3323 dicis
1318 3284 1341 3321 .·
1380 3256 1655 3322 Ostendit
1682 3276 1817 3322 vere
1846 3276 2020 3322 suam
2046 3278 2152 3322 vo-

589 3354 909 3429 luntatem,
957 3350 1285 3432 subjectam
1337 3368 1441 3415 suo
1485 3350 1793 3435 qenitoii?
1840 3352 2020 3432 quasi
2045 3368 2153 3415 nos

586 3464 863 3531 neqemus
881 3448 1141 3511 hominis
1167 3446 1557 3524 voluntatem,
1580 3446 1887 3512 voluntati
1911 3448 2031 3510 Dei
2044 3448 2152 3511 de-

588 3542 719 3605 bere
745 3558 865 3606 esse
892 3540 1239 3622 subjectam.

670 3634 779 3699 Ad
804 3636 1124 3700 seeundum
1152 3634 1499 3709 dicendum,
1531 3632 1691 3715 quod
1708 3634 2036 3717 proprium
2065 3639 2152 3699 est

588 3728 1002 3803 instrumenti,
1022 3729 1183 3810 quod
1204 3734 1514 3819 moveatur
1538 3748 1577 3793 a
1598 3726 1947 3810 principali
1972 3744 2154 3810 aqen-

592 3828 673 3901 te,
707 3823 1101 3887 diversimode
1130 3826 1335 3887 tam-en
1370 3824 1691 3889 seeundum
1710 3822 2154 3905 proprietatem

590 3920 831 3979 naturae
874 3916 1088 3998 ipsius.
1121 3914 1297 3983 Nam
1341 3918 1807 3981 instrumentum
1838 3914 2152 3979 inanima-

590 4013 744 4088 tmn,
768 4008 923 4074 sicut
962 4010 1209 4085 securis,
1232 4016 1341 4073 aut
1365 4028 1561 4085 serra,
1590 4012 1859 4075 movetur
1882 4008 1960 4072 ab
1985 4010 2153 4072 arti-

588 4100 703 4181 fiee
724 4122 841 4185 per
866 4100 1059 4166 solum
1083 4108 1309 4166 motum
1346 4102 1738 4187 corporalem.
1772 4104 2153 4167 Instrumen-

588 4202 718 4259 tum
739 4213 897 4271 cero,
929 4198 1267 4260 animatum
1297 4198 1505 4261 anima
1537 4194 1851 4271 sensibili,
1881 4202 2151 4260 movetur

577 4306 697 4371 per
719 4289 1057 4371 appetitwm
1078 4290 1452 4365 sensitivam,
1474 4290 1633 4356 sicut
1651 4306 1832 4371 equus
1846 4308 1884 4354 a
1900 4308 2142 4355 sessore.

586 4382 1072 4446 Instrumentmn
1084 4400 1239 4459 vero,
1255 4384 1595 4449 animatum
1608 4386 1817 4448 anima
1830 4384 2151 4463 rationali,

591 4480 865 4539 movetur
892 4494 1013 4559 per
1046 4476 1419 4541 voluntatem
1446 4476 1609 4558 ejus,
1640 4478 1797 4543 sicut
1823 4494 1936 4559 per
1962 4476 2157 4561 impe-

584 4568 751 4633 rium
778 4568 1009 4633 domini
1037 4576 1307 4634 movetur
1333 4588 1541 4637 servus
1568 4572 1655 4635 ad
1690 4570 1939 4652 aliquid
1958 4590 2151 4655 aqen-

585 4665 731 4726 dum
748 4687 773 4735 ;
802 4664 1177 4745 quiquidem
1213 4682 1419 4729 servus
1465 4671 1552 4729 est
1594 4666 1748 4729 sicut
1778 4666 2150 4731 instrumen-

581 4760 715 4818 tum
740 4757 1103 4831 animatum,
1133 4761 1205 4820 ut
1223 4756 1632 4840 Philosophus
1654 4758 1825 4834 dicit,
1855 4758 1924 4822 in
1941 4760 2150 4843 primo

590 4847 998 4915 Politicorum
1021 4852 1071 4911 θ.
1130 4849 1245 4916 Sic
1295 4866 1435 4935 erqo
1486 4852 1752 4917 humana
1805 4858 2035 4919 natura
2081 4854 2151 4917 in

668 5029 685 5067 ¹
732 5029 802 5101 Q.
828 5032 892 5105 2,
920 5035 1034 5092 art.
1070 5030 1128 5092 ὃ.

668 5122 693 5161 2
736 5123 806 5194 Q.
839 5126 915 5186 79
944 5130 1007 5186 et
1034 5126 1134 5187 80.

668 5216 693 5256 ³
746 5221 897 5298 tp„
922 5234 985 5295 q.
1019 5220 1118 5291 19,
1150 5238 1209 5279 a.
1244 5220 1301 5281 4.

666 5311 689 5349 ⁴
735 5310 805 5385 Q.
841 5312 984 5387 105,
1014 5316 1132 5373 art.
1158 5313 1220 5373 4.

668 5406 692 5445 ⁵
735 5403 867 5465 Lib.
900 5406 975 5479 3r
991 5422 1045 5467 o.
1074 5406 1175 5482 20,
1206 5412 1353 5471 ante
1372 5406 1569 5481 med..
1602 5412 1755 5473 tom.
1780 5412 1842 5475 6.

667 5498 692 5535 ⁸
730 5496 869 5558 (1.9
897 5502 957 5559 et
987 5502 1047 5573 4,
1082 5506 1140 5561 et
1193 5499 1301 5563 lib.
1336 5502 1625 5578 assthic„
1673 5522 1728 5564 c.
1764 5504 1862 5581 Η,
1895 5510 2047 5567 tom.
2083 5507 2140 5566 5.

2237 446 2482 511 Christo
2508 448 2636 527 suit
2663 448 3140 513 instrumentum
3167 445 3506 523 divinitatis,
3533 460 3582 515 at
3601 474 3682 519 mo-

2229 544 2470 605 veretur
2483 558 2602 623 per
2617 536 2944 623 propriam
2971 538 3352 602 voluntatem.
3786 599 3788 620 ,

2310 634 2419 697 Ad
2463 636 2713 699 tertium
2757 634 3074 699 dicendum
3091 680 3106 707 ,
3154 632 3308 713 quod
3342 633 3471 715 ipsa
3491 646 3684 717 potentia

2231 727 2565 791 voluntatis
2611 732 2697 791 est
2737 726 3070 799 naturalis,
3108 730 3168 789 et
3195 728 3544 805 consequitur
3565 744 3687 801 natr-

2230 840 2370 887 ram
2397 840 2469 885 ea
2495 822 2861 887 necessitate.
2897 818 3028 885 Sed
3055 823 3250 881 motus
3286 818 3382 882 vel
3407 824 3554 888 actia
3573 829 3688 908 hijs
3785 876 3788 915 ÷

2222 918 2515 999 potentia»
2545 914 2690 1000 (qni
2712 916 2896 981 etiam
2921 915 3204 981 voluntas
3227 914 3478 999 dicitur)
3509 928 3688 997 quande
3785 950 3788 1007 i

2231 1030 2345 1093 que
2367 1012 2608 1093 quidem
2637 1016 2723 1075 est
2761 1008 3077 1075 naturalis
3105 1014 3162 1072 et
3185 1010 3555 1085 necessarius,
3571 1026 3689 1095 pue,
3786 1062 3788 1087 ,

2227 1111 2500 1187 respectu
2518 1104 2844 1185 felicitatis
2853 1128 2878 1176 ;
2897 1104 3254 1185 quandoque
3278 1106 3472 1167 autem
3495 1124 3554 1169 ex
3575 1108 3693 1176 libers
3785 1154 3788 1199 1

2229 1200 2488 1264 arbitrio
2509 1198 2774 1263 rationis
2783 1198 3166 1281 proveniens,
3199 1200 3256 1261 et
3283 1214 3402 1258 non
3421 1208 3695 1271 necessarius
3785 1206 3788 1289 j

2231 1311 2417 1375 neque
2443 1290 2759 1357 naturalis
2785 1288 2813 1375 (
2825 1290 2980 1355 sicut
3009 1292 3179 1373 patet
3201 1308 3274 1353 ecc
3300 1288 3396 1353 liis
3411 1308 3532 1371 qua·
3551 1296 3600 1357 in
3613 1304 3694 1376 pn·-
3785 1346 3788 1361 ,

2231 1406 2333 1451 ma
2371 1390 2560 1469 parte
2605 1386 2774 1451 dicta
2799 1390 2943 1449 sunt
2967 1382 3058 1469 ¹),
3091 1386 3148 1447 et
3179 1386 3386 1445 tame-n
3431 1384 3586 1447 etiam
3613 1392 3694 1471 ipa
3786 1376 3788 1385 ’

2232 1482 2418 1558 ratio,
2450 1498 2585 1561 quoe
2611 1484 2698 1543 est
2716 1478 3098 1561 principium
3127 1477 3308 1557 hiijns
3332 1481 3534 1551 motus,
3555 1488 3618 1543 est
3637 1504 3698 1547 aa·
3785 1528 3788 1557 ,

2232 1572 2480 1639 turalis.
2523 1572 2618 1636 Et
2657 1572 2813 1647 ideo,
2835 1576 3070 1655 proeter
3097 1570 3469 1634 voluntatem
3492 1572 3696 1651 divim,

2233 1672 2460 1751 oportet
2482 1669 2549 1731 in
2562 1666 2806 1731 Christo
2815 1684 3039 1749 ponere
3051 1662 3423 1728 voluntatem
3442 1662 3698 1740 laumense,
3785 1658 3788 1665 ’

2231 1780 2350 1824 non
2394 1760 2590 1825 solum
2620 1764 2813 1843 prout
2856 1764 2942 1823 est
2979 1759 3256 1841 potentia
3296 1759 3606 1835 naturalis,
3636 1772 3698 1828 en
3782 1814 3788 1841 2

2222 1860 2413 1939 prout
2440 1860 2523 1921 est
2553 1860 2748 1919 motus
2781 1850 3113 1927 naturalis,
3143 1850 3252 1916 sed
3274 1853 3460 1916 etiam
3475 1860 3624 1935 prout
3651 1864 3700 1921 est
3785 1848 3788 1919 ζ

2233 1954 2428 2013 motus
2453 1947 2802 2012 rationalis.
3785 1942 3788 2021 ζ

2313 2042 2421 2107 Ad
2458 2046 2748 2123 quartum
2776 2038 3094 2105 dicendum
3132 2040 3314 2121 quod,
3347 2056 3465 2121 per
3489 2038 3578 2105 hoc
3607 2048 3702 2121 qui
3785 2028 3788 2113 J

2234 2138 2466 2203 dicitur
2507 2134 2874 2215 aliqualiter
2899 2134 3053 2199 ‘oelle
3071 2183 3088 2209 ,
3119 2136 3482 2217 desiqnatnr
3506 2135 3703 2201 determi-
3785 2128 3788 2201 Ϊ

2231 2234 2416 2295 natus
2441 2230 2650 2293 modus
2676 2226 2954 2301 volendi,·
2987 2230 3428 2292 determinatus
3456 2232 3620 2291 autem
3637 2250 3704 2291 m·
3786 2211 3788 2232 '

2235 2324 2348 2389 dus
2363 2324 2622 2407 ponitur
2647 2324 2811 2389 circa
2839 2324 3041 2407 ipsam
3064 2340 3213 2397 rm,
3243 2319 3425 2403 eujus
3452 2326 3530 2385 est
3551 2326 3702 2391 modu.
3785 2381 3788 2413 ἱ

2247 2416 2448 2492 Unde,
2473 2436 2606 2483 cum
2625 2416 2908 2482 voluntas
2918 2416 3232 2498 pertineat
3255 2418 3345 2479 ad
3371 2418 3639 2489 naturam,
3657 2417 3708 2499 ip·
3785 2414 3788 2497 ζ

2229 2528 2364 2574 sum
2396 2511 2602 2589 etiam,
2629 2512 2792 2593 quod
2817 2514 2904 2574 est
2933 2506 3298 2590 aliqualiter
3325 2504 3502 2581 velle,
3521 2510 3708 2590 pertiae
3775 2502 3788 2585 ’ζ

2233 2606 2318 2667 ad
2343 2608 2632 2667 naturam
2654 2653 2671 2679 ,
2715 2623 2835 2667 non
2861 2604 3183 2669 seeundum
3227 2600 3398 2683 quod
3423 2604 3506 2665 est
3527 2598 3706 2665 absolue
3785 2590 3788 2673 ζ

2233 2699 2636 2774 considerata,
2666 2700 2772 2764 sed
2794 2700 3116 2764 secundum
3139 2698 3300 2779 qnod
3333 2700 3426 2760 est
3450 2696 3513 2758 in
3531 2694 3708 2775 talilzy·
3785 2688 3788 2703 ’

2221 2791 2481 2873 pos-tasi.
2522 2792 2704 2857 Unde
2737 2792 2922 2857 etiam
2947 2788 3228 2857 voluntas
3255 2793 3525 2854 humana
3555 2786 3708 2853 Cia-s:
3783 2852 3788 2877 J

2233 2886 2444 2948 habuit
2471 2888 2792 2966 quemdam
2819 2884 3289 2972 detemninatum
3336 2886 3590 2956 modum,
3613 2902 3706 2944 ers
3785 2880 3788 2959 ζ

2231 2982 2392 3061 quod
2415 2982 2544 3060 suit
2570 2982 2639 3044 in
2661 2982 2978 3065 hypostasi
3001 2982 3234 3057 divina,
3270 2984 3369 3055 ut,
3399 2976 3620 3051 scilicet,
3637 2998 3710 3038 τιτι,
3785 2962 3788 2987 ¹

2232 3078 2472 3137 veretur
2493 3092 2726 3159 semper
2747 3074 3067 3141 seeundum
3091 3080 3306 3139 nutum
3337 3072 3558 3137 divinoe
3579 3070 3710 3135 tolen-
3786 3136 3788 3139 ,

2233 3166 2403 3231 tatis.

2709 3338 3332 3403 COMMENTARIUS.

2315 3550 2374 3608 1.
2421 3545 2686 3620 Quaestio
2731 3544 2866 3609 haec
2894 3590 2910 3619 ,
2953 3550 3080 3607 tam
3142 3544 3221 3608 de
3271 3542 3562 3607 facultate
3601 3542 3712 3623 ipsa,
3786 3544 3788 3546 ’

2232 3656 2424 3721 quam
2467 3638 2546 3700 de
2593 3642 2737 3699 actu
2765 3636 3124 3711 voluntatiS,
3169 3636 3440 3719 intelligi
3468 3642 3652 3718 potest..
3673 3634 3712 3695 D.
3785 3686 3788 3703 .

2233 3730 2507 3793 Thomas
2537 3736 2744 3793 autem
2772 3730 3025 3812 proprie
3054 3728 3302 3793 videtur
3327 3727 3504 3793 illam
3531 3734 3712 3791 tractare
3785 3712 3788 3735 '

2235 3823 2313 3885 de
2340 3822 2475 3905 ipsa
2503 3823 2810 3903 potentia,
2835 3830 2906 3885 ut
2934 3828 3107 3903 patet
3137 3840 3213 3886 ex
3243 3824 3494 3885 ratione
3517 3818 3718 3893 articuli5

2235 3916 2521 3993 quamvis
2546 3914 2611 3977 in
2636 3914 3053 3979 solutionibus
3083 3923 3714 3999 argumentorum‚pre
3785 3936 3788 3967 ε

2233 4009 2450 4071 serum
2475 4009 2554 4071 ad
2584 4008 2644 4087 3,
2665 4007 2746 4072 ad
2773 4016 3018 4071 motum
3046 4028 3160 4072 seu
3188 4016 3408 4074 aetum
3439 4006 3714 4079 voluntatis,

2231 4098 2706 4182 responsionem
2736 4102 3066 4177 extendat;
3099 4102 3338 4167 directe
3362 4122 3510 4165 vero
3538 4102 3602 4163 de
3623 4118 3715 4179 ope
3786 4134 3788 4139 ·

2230 4196 2473 4261 ratione
2506 4200 2644 4278 ipsa
2677 4198 2742 4260 in
2783 4199 3070 4279 sequenti
3097 4198 3454 4277 quaestione
3497 4196 3712 4275 disputat.

2319 4294 2381 4354 2.
2407 4292 2606 4354 Antea
2620 4310 2770 4354 vero
2793 4310 2984 4373 quam
3002 4292 3068 4352 D.
3093 4289 3370 4353 Thomas
3391 4290 3714 4371 quaestionem

2238 4382 2536 4461 definiat,
2575 4382 2764 4445 refert
2817 4382 3169 4460 haeretioOS‚
3195 4381 3304 4464 qui
3333 4401 3524 4446 unam
3550 4384 3716 4442 tantum

2236 4478 2624 4541 voluntatem
2651 4476 2718 4538 in
2743 4476 2984 4539 Christo
3013 4482 3364 4559 posuerunt
3393 4460 3597 4552 ,⁹inter
3615 4488 3714 4551 quos

2237 4574 2530 4633 numerat
2581 4568 3049 4650 Apollinarem,
3091 4568 3506 4651 Eutychetem
3532 4614 3545 4643 ,
3571 4568 3714 4627 Nesto·

2229 4662 2416 4739 rium,
2459 4668 2524 4725 et
2565 4663 2954 4725 Macharium
2993 4662 3478 4741 Antiochenum,
3530 4678 3642 4723 cum
3673 4654 3714 4715 s:-

2229 4756 2352 4818 lius
2399 4756 2845 4833 sectatoribu53
2895 4774 2973 4819 ex
3022 4756 3252 4837 quibus
3293 4758 3498 4818 solum
3534 4754 3591 4815 hi
3623 4770 3712 4831 pos·

2231 4848 2437 4924 tremi,
2464 4848 2573 4931 qui
2597 4848 3020 4913 Monothelitae
3059 4844 3205 4911 dicti
3233 4856 3404 4927 sunt,
3429 4850 3581 4911 hunc
3603 4858 3714 4905 erro-

2226 4960 2363 5005 rem
2377 4942 2612 5004 directe
2631 4934 3054 5019 asseruerunt,
3083 4939 3161 5004 de
3191 4960 3460 5021 quo—rum
3489 4956 3639 5001 sensu
3658 4936 3712 4993 in·

2229 5036 2325 5097 fra
2370 5036 2658 5098 nonnihil
2703 5037 3007 5099 dicemus.
3053 5036 3430 5117 Apollinaris
3473 5051 3618 5107 vero,
3643 5048 3710 5087 n(-

2235 5128 2441 5208 gando
2464 5129 2758 5191 habuisse
2773 5130 3083 5193 Christum
3098 5130 3378 5190 animam
3400 5124 3707 5193 rationalem.

2235 5238 2628 5303 consequens
2665 5232 2759 5285 est
2803 5240 2872 5287 ut
2917 5225 3104 5287 etiam
3143 5220 3468 5305 negaverit
3493 5217 3710 5282 habuisse

2231 5314 2619 5379 voluntatem
2651 5324 2954 5397 creatam,
2983 5322 3046 5381 et
3079 5316 3308 5381 eodem
3334 5316 3514 5379 modo
3539 5312 3711 5374 videtur

2315 5510 2330 5547 ¹
2381 5508 2448 5581 Q.
2487 5510 2545 5583 5,
2579 5528 2636 5571 a.
2669 5510 2728 5587 8,
2757 5514 2828 5594 ,et
2857 5528 2917 5590 q.
2949 5513 3010 5588 6,
3045 5515 3156 5573 art.
3199 5512 3250 5571 1.
