3892 6167
507 311 623 369 702
1873 313 2065 366 iNbEx
2096 314 2326 368 RERUM.

564 425 684 468 eam
727 411 835 465 nisi
883 410 1110 476 tigurato
1151 422 1402 466 sermono
1441 422 1630 477 preces
1671 409 1859 474 fundi,
1895 411 1951 464 d.
1986 415 2062 474 tt,
2145 413 2329 466 Fuisse
2348 410 2590 466 medium
2610 409 3187 464 convenientissimum
3207 409 3476 464 omnium
3500 407 3712 474 possibi-

567 503 611 542 s.
633 495 682 540 2.

503 565 782 628 Quomodo
814 576 912 631 per
945 563 1240 630 imaginem
1274 565 1468 619 Christi
1516 570 1578 619 ut
1599 564 1838 620 hominis
1871 565 2068 617 huma-

567 640 708 693 nitas
735 654 768 692 a
801 639 1087 693 divinitate
1121 652 1231 693 non
1280 641 1593 703 dividatur,
1627 647 1688 694 ut
1729 641 2071 694 contendunt

568 716 829 782 hoeretici,
863 717 916 770 d.
957 721 1033 780 53,
1070 731 1114 770 s.
1141 722 1188 767 3.

507 795 648 846 Duas
691 791 776 845 sui
829 791 1002 858 ipsius
1051 791 1318 858 imagines
1363 791 1604 848 Salvator
1645 793 1762 859 ipse
1807 793 2065 861 reliquit,

569 881 801 934 quarum
846 881 1044 929 unam,
1090 869 1220 922 dum
1261 869 1496 929 viveret,
1527 869 1596 923 ad
1627 870 1963 936 Abagarum3
2000 870 2070 922 ad

569 943 740 997 alium
759 957 940 1009 regem
963 943 1156 996 Persice
1179 944 1342 996 aliam
1374 945 1541 1006 misit,
1575 945 1627 997 d.
1658 949 1739 1010 54,
1764 961 1808 998 s.
1839 950 1888 997 1.

507 1021 778 1086 Imagines
819 1020 1014 1074 Christi
1045 1019 1290 1074 crucifixi
1317 1033 1352 1072 a
1379 1021 1672 1075 Nicodemo
1699 1022 1927 1088 depietae
1954 1020 2068 1074 his-

570 1096 707 1150 toria
733 1110 766 1148 a
793 1097 880 1150 vn
907 1097 1122 1164 Synodo
1147 1097 1458 1162 approbata,
1493 1097 1568 1152 ib.

506 1175 688 1239 imago
715 1184 810 1228 scu
847 1178 1020 1226 statua
1054 1172 1342 1226 salvatoris
1383 1173 1634 1226 Gaesareae
1676 1177 1853 1226 erecta
1884 1185 1916 1226 a
1943 1184 2070 1225 mu-

570 1249 703 1302 liere
727 1263 762 1302 a
787 1248 1074 1315 sanguinis
1091 1249 1236 1302 fluxa
1265 1253 1469 1314 sanata,
1508 1251 1582 1303 ib.

507 1327 690 1392 imago
728 1325 924 1378 Christi
952 1326 1055 1378 sub
1083 1325 1257 1392 figura
1294 1325 1442 1393 agni,
1486 1327 1551 1378 Vi
1589 1327 1825 1392 synodo,
1859 1337 2073 1379 canone

571 1407 651 1464 82,
679 1401 1028 1468 approbatur,
1063 1416 1106 1453 s.
1144 1406 1192 1452 2.

509 1477 768 1544 imaginis
811 1477 1006 1532 Christi
1050 1477 1333 1540 adorati0,
1373 1491 1484 1545 qua
1529 1479 1772 1532 Christus
1804 1479 2071 1546 primario

569 1553 842 1616 adoratur,
869 1555 1190 1608 coadoratur
1211 1553 1409 1621 imago,
1429 1568 1554 1609 vera
1577 1554 1736 1608 latria
1751 1561 1848 1619 est,
1875 1569 2072 1622 quam-

569 1631 654 1684 vis
682 1632 828 1685 idom
859 1631 975 1698 ipse
997 1637 1164 1696 actm,
1191 1636 1250 1685 ut
1281 1633 1492 1686 ratione
1523 1638 1705 1686 nostra
1749 1633 2073 1699 intelligitur

571 1707 848 1762 terminari
869 1708 938 1760 ad
959 1713 1298 1774 prototypon,
1323 1708 1394 1761 sit
1411 1709 1648 1775 perfecta
1670 1708 1844 1772 latria,
1861 1713 1924 1763 ut
1942 1722 2071 1764 vcro

568 1781 637 1836 ad
660 1783 974 1849 imaginem,
1013 1783 1330 1850 imperfecta
1360 1790 1590 1850 tantum,
1613 1799 1656 1838 s,
1682 1788 1729 1835 t.

1135 1954 1442 1994 tucannmo.

507 2084 908 2140 incarnationis
959 2087 1198 2152 mysterii
1255 2086 1500 2140 tractatio
1551 2087 1716 2140 totius
1765 2086 2071 2153 Theologiae

573 2161 1035 2228 praestantissima,
1069 2169 1290 2229 excepto
1323 2161 1605 2216 Trinitatis
1637 2162 1914 2229 mysterio,
1933 2164 2077 2215 Prae-

572 2237 667 2290 fat.

509 2315 678 2378 Hujus
712 2313 949 2379 mysterii
980 2318 1184 2380 quanta
1209 2313 1518 2378 difficultas,
1543 2314 1620 2368 ib.

509 2389 817 2442 incarnatio
866 2389 1126 2444 omnibus
1171 2390 1358 2456 gratiae
1394 2395 1448 2444 ct
1485 2389 1778 2444 creationis
1817 2390 2076 2457 operibus

572 2462 939 2526 excellentior,
971 2465 1045 2518 ib.

509 2540 906 2594 incarnationis
933 2539 1298 2594 consideratio
1345 2541 1616 2608 triplicem
1643 2541 1950 2607 Theologioe
1990 2547 2073 2594 to-

574 2616 680 2670 tius
700 2616 1192 2670 considerationem
1225 2617 1618 2683 complectitur,
1650 2617 1726 2669 ib.

509 2693 908 2746 incarnationis
930 2705 1034 2746 vox
1058 2704 1168 2746 non
1197 2693 1544 2759 refugienda,
1567 2693 1772 2761 optime
1799 2692 1947 2746 enim
1972 2695 2073 2746 hoc

571 2769 888 2834 mysterium
908 2781 972 2822 ex
995 2768 1310 2835 ignobiliori
1333 2775 1482 2835 parte
1502 2773 1776 2836 assumpta
1803 2768 2071 2836 exprimit,

576 2845 650 2898 ib.

511 2919 910 2975 incarnationis
935 2932 1138 2974 nomen
1179 2920 1600 2974 fundamentum
1634 2921 1796 2974 habet
1823 2919 1880 2972 in
1923 2929 2076 2972 sacra

573 2997 868 3064 Scriptura,
896 2998 971 3050 ib.

511 3073 816 3127 incarnatio
847 3076 958 3128 Deo
993 3073 1226 3126 maxime
1249 3072 1584 3128 conveniens
1603 3073 1675 3128 ad
1699 3073 1818 3138 ejus
1852 3073 2074 3126 bonita-

574 3153 682 3202 tem
703 3149 1113 3212 ostendendam,
1150 3149 1204 3202 d.
1232 3154 1280 3210 a,
1320 3163 1362 3201 s.
1385 3151 1433 3200 4.

511 3223 849 3288 incarnatio,
885 3225 1186 3278 secundum
1226 3223 1604 3290 augustinum,
1640 3229 1720 3278 est
1761 3237 2074 3292 supremum

571 3300 846 3367 exemplar
876 3300 1082 3367 gratiae,
1109 3301 1183 3354 ib.

508 3376 608 3429 Per
636 3376 786 3430 illam
813 3390 872 3430 se
891 3377 1284 3443 perfectissime
1305 3377 1746 3442 communicavit,
1775 3378 1852 3431 ib.

509 3451 571 3505 L’t
617 3453 843 3506 mutatio
885 3458 982 3516 est,
1018 3459 1280 3507 creaturae
1329 3453 1602 3516 convenit,
1639 3455 1748 3506 Deo
1787 3457 1968 3507 autom
2016 3457 2075 3506 ut

570 3527 996 3582 communicatio
1015 3529 1148 3582 boni
1175 3528 1397 3594 infiniti,
1434 3529 1508 3582 ib.

509 3605 663 3658 Nulla
685 3606 893 3659 ratione
923 3605 1278 3672 impossibilis
1297 3607 1514 3672 probari
1548 3611 1738 3672 potest,
1767 3617 1869 3660 nec
1897 3606 2075 3673 possi-

573 3681 704 3734 bilis
725 3682 1108 3746 demonstrari,
1126 3681 1254 3734 licet
1267 3682 1544 3748 supposita
1563 3683 1690 3745 tide,
1711 3682 1878 3736 variis
1898 3694 2078 3735 exem-

573 3757 680 3824 plis
709 3765 762 3810 et
784 3757 1112 3822 conjecturis
1137 3758 1348 3812 ratione
1363 3757 1600 3811 'naturali
1631 3757 1954 3812 verisimilis
1984 3771 2075 3812 os-

573 3835 846 3899 tendatur,
877 3833 932 3886 d.
955 3840 1003 3899 3,
1034 3847 1079 3886 s,
1102 3837 1150 3886 t.

513 3911 749 3975 Qualiter
777 3912 881 3964 hoc
913 3909 1230 3976 mysterium
1255 3910 1310 3963 in
1344 3911 1437 3964 Dei
1463 3909 1676 3965 visione
1703 3915 2076 3978 cognoscatur,

576 4001 620 4041 s.
656 3991 704 4038 2.

513 4062 947 4116 incarnationem
969 4061 1163 4114 factam
1189 4073 1305 4116 esse
1338 4075 1512 4116 unum
1539 4075 1606 4116 ex
1625 4061 1924 4129 potissimis
1947 4062 2081 4117 fun-

577 4139 860 4193 damentis
889 4143 1088 4191 nostrae
1121 4137 1269 4202 fidei,
1303 4139 1378 4191 ib.

574 4217 691 4269 Non
721 4221 902 4269 tamen
937 4219 1110 4281 potest
1139 4213 1423 4268 evidenter
1470 4214 1688 4281 probari
1733 4220 1924 4269 contra
1960 4216 2083 4268 inii·-

577 4291 746 4356 dcles,
773 4291 848 4343 ib.

515 4370 596 4422 An
623 4366 860 4433 potuerit
876 4379 941 4418 ex
967 4366 1154 4432 aliquo
1183 4365 1372 4419 effectu
1395 4367 1670 4433 cognosci,
1708 4367 1780 4421 ib.

515 4443 796 4506 Quomodo
815 4447 868 4494 et
883 4441 1136 4508 cognosci
1161 4445 1216 4494 et
1236 4441 1460 4508 praedici
1487 4441 1726 4508 potuerit
1741 4455 1776 4495 a
1795 4441 2081 4496 nonnullis

575 4518 893 4585 gentilibuS,
926 4517 1000 4570 ib.

513 4593 914 4648 incarnationis
956 4606 1094 4659 opus
1129 4596 1184 4644 et
1211 4594 1320 4645 Deo
1351 4591 1452 4658 ipsi
1488 4593 1832 4658 etihumanae
1875 4598 2081 4646 naturae

577 4670 814 4726 maxime
839 4668 1164 4731 conveniuS,
1191 4667 1263 4720 ib.

515 4747 604 4800 Est
633 4745 788 4812 quasi
832 4744 1290 4812 complementum
1320 4749 1372 4796 et
1418 4743 1677 4809 perfectio
1709 4741 1991 4806 universi3
2031 4747 2083 4794 et

578 4821 812 4888 qualiter
839 4833 906 4874 cx
935 4820 1030 4872 ilia
1061 4821 1134 4872 ad
1153 4831 1347 4872 omnes
1377 4824 1652 4871 creaturas
1688 4816 1959 4872 redundet
1992 4819 2082 4872 di-

579 4897 776 4965 gnitas„
809 4895 886 4950 ib.
1879 4931 1884 4938 -

515 4972 791 5038 Rationes,
803 4983 927 5038 qtiae
945 4971 1380 5024 incarnationem
1393 4969 1814 5024 convenientem
1829 4967 2080 5034 probant,

579 5047 695 5101 vim
717 5047 880 5099 etiam
909 5046 1113 5098 habent
1131 5046 1190 5098 in
1220 5051 1359 5098 statu
1385 5051 1593 5098 naturae
1625 5044 1867 5109 integrae,
1891 5043 1967 5096 ib.

515 5123 656 5188 Fuit,
685 5121 964 5190 supposita
989 5122 1080 5174 Dei
1127 5121 1422 5185 voluntate,
1457 5121 1526 5173 ad
1572 5118 1812 5173 hominis
1855 5119 2084 5173 salutem

582 5197 904 5260 necessaria,
941 5208 1052 5251 non
1082 5203 1262 5250 tamen
1283 5194 1604 5262 simpliciter
1625 5193 1697 5248 ad
1729 5194 1975 5248 hominis
1992 5208 2080 5246 re-

583 5275 939 5342 parationem,
973 5286 1038 5329 ex
1065 5275 1224 5340 cujus
1254 5271 1410 5340 lapsu
1440 5272 1677 5326 maxima
1703 5272 1822 5338 ejus
1849 5271 2085 5326 necessi-

586 5359 665 5408 tas
690 5358 830 5415 orta,
858 5352 933 5404 ib.
1079 5397 1084 5402 .

524 5431 720 5492 Patres,
750 5428 844 5495 qui
861 5440 980 5481 eam
1007 5424 1363 5480 necessariam
1391 5424 1600 5490 dieunt,
1624 5425 1900 5494 quomodo
1921 5425 2078 5478 intel·-

589 5503 812 5569 ligendi,
845 5503 898 5556 d.
925 5504 972 5566 t,
998 5515 1038 5554 s.
1068 5505 1112 5552 1.

2210 489 2405 541 bilium
2427 489 2498 542 ad
2526 487 2951 553 redemptionem
2984 493 3223 540 nostram
3252 485 3458 538 multis
3486 487 3716 536 ostendi-

2210 571 2318 628 tur,
2348 579 2391 617 s.
2420 569 2467 617 Ξ.

2150 641 2455 694 incarnatio
2500 639 2668 694 unius
2706 638 2911 693 divinae
2950 651 3199 706 personae
3242 642 3391 691 esset
3436 636 3727 704 praemium

2211 719 2554 784 adaequatum
2582 716 2683 769 uni
2714 714 3161 776 actuijneritorio
3182 713 3410 776 Christi,
3442 711 3727 774 intensive,

2214 806 2326 847 non
2358 791 2649 854 extensive,
2680 805 2724 844 s.
2756 795 2803 842 t.

2150 869 2547 923 incarnationis
2590 879 2807 920 causam
2858 879 2971 919 esse
3016 873 3300 934 peccatum
3348 875 3481 916 non
3536 863 3731 928 ubique

2212 945 2489 1012 Scriptura
2513 943 2695 1007 tradit,
2718 954 2816 996 cur
2832 954 2964 996 vcro
2984 942 3063 994 illi
3088 940 3449 1008 frequentius
3474 937 3733 992 attribua-

2213 1027 2319 1084 tur,
2341 1035 2385 1072 S.
2412 1025 2491 1072 12.

2152 1097 2457 1152 incarnatio
2484 1097 2556 1150 ab
2583 1097 2753 1150 Adam
2780 1095 2997 1161 cognita
3025 1093 3130 1148 suit
3152 1101 3205 1148 et
3221 1089 3647 1161 praenunciata,
3668 1092 3732 1142 ib.

2151 1173 2549 1227 incarnationis
2587 1185 2804 1226 causam
2833 1171 3003 1226 fuisse
3029 1176 3313 1238 peccatum
3346 1183 3427 1222 ex
3472 1167 3731 1224 Patribus

2215 1249 2496 1304 effectibus
2524 1255 2577 1302 et
2600 1248 2929 1315 conjecturis
2952 1247 3275 1308 ostenditur,
3302 1246 3387 1298 ib.

2214 1329 2329 1380 Non
2362 1339 2555 1381 omnes
2580 1326 2835 1388 rationes,
2862 1325 2933 1377 ob
2962 1338 3097 1390 quas
3127 1320 3457 1377 incarnatio
3494 1318 3641 1372 sacta
3666 1330 3723 1374 est

2216 1403 2275 1455 in
2304 1415 2537 1469 persona
2562 1401 2744 1464 Verbi,
2770 1405 2901 1455 ortae
2929 1405 3056 1454 sunt
3088 1414 3151 1452 ex
3188 1397 3455 1454 bominis
3484 1395 3663 1462 lapsu,
3684 1401 3727 1450 d.

2218 1486 2263 1543 5,
2288 1493 2331 1532 s.
2358 1485 2404 1533 a.

2152 1555 2551 1609 incarnationis
2570 1555 2821 1610 voluntas
2842 1553 3114 1620 praeeessit
3142 1553 3504 1607 voluntatem
3530 1547 3737 1615 permit-

2216 1632 2365 1686 tendi
2414 1636 2692 1698 peccatum
2740 1629 3058 1696 simpliciter
3098 1635 3151 1682 et
3198 1628 3255 1681 in
3305 1637 3533 1694 genere
3576 1637 3735 1678 causa·

2218 1709 2415 1768 linaiis,
2440 1721 2486 1760 s.
2516 1715 2563 1760 8.

2214 1784 2492 1837 Praecessit
2514 1785 2642 1837 item
2671 1783 3005 1837 voluntatem
3028 1781 3195 1836 dandi
3220 1780 3471 1848 gratiam
3498 1777 3649 1836 Adae.
3674 1778 3735 1831 ib.

2152 1863 2281 1914 item
2311 1859 2713 1927 praescientiam
2736 1859 3039 1912 absolutam
3072 1858 3279 1925 peccati
3310 1853 3643 1921 originalis
3674 1853 3737 1905 ib.

2213 1938 2483 1990 Posterior
2520 1941 2701 1990 tamen
2750 1935 2856 1989 fuit
2896 1945 3060 2000 quam
3094 1933 3325 1988 scientia
3355 1929 3739 1986 conditionata

2218 2013 2384 2077 illius,
2417 2013 2491 2065 ib.

2153 2089 2460 2143 incarnatio
2484 2093 2537 2142 et
2562 2089 2743 2155 passio
2766 2087 2823 2140 in
2854 2099 2919 2140 eo
2939 2085 3218 2146 differunt,
3239 2085 3400 2152 quod
3432 2082 3735 2136 incarnatio

2216 2178 2313 2232 per
2336 2178 2396 2218 se
2428 2164 2683 2218 amabilis
2708 2164 2795 2228 sit,
2816 2162 2997 2230 passio
3020 2175 3149 2216 vero
3178 2173 3315 2223 non,
3344 2161 3429 2213 ib.
3487 2159 3503 2170 ’”

2152 2241 2553 2294 incarnationis
2568 2241 2914 2306 adaequatum
2934 2240 3202 2293 motivum
3220 2245 3277 2291 et
3294 2235 3608 2298 sufficiens,
3630 2247 3731 2289 non

2218 2317 2326 2371 suit
2356 2317 2585 2370 unicum
2628 2321 2874 2382 tantum,
2916 2316 3014 2370 sed
3046 2315 3205 2382 plura
3236 2313 3438 2368 totalia
3472 2319 3529 2366 et
3559 2325 3657 2380 per
3682 2325 3732 2366 se

2218 2393 2561 2454 sufficientia,
2592 2399 2647 2446 et
2672 2405 2795 2458 quae
2826 2391 3050 2454 fuerint,
3071 2405 3114 2444 s.
3140 2397 3189 2444 t.

2154 2471 2217 2524 in
2245 2482 2355 2537 quo
2385 2472 2489 2523 hoc
2516 2470 2711 2523 habeat
2739 2469 3180 2532 fundamentum,
3206 2467 3286 2520 ib.

2155 2545 2555 2600 incarnationis
2586 2547 2903 2611 mysterium
2930 2557 3027 2612 per
3058 2557 3116 2597 se
3145 2543 3456 2596 amabilius
3476 2545 3555 2595 est
3577 2556 3722 2609 quam

2220 2621 2333 2676 sint
2352 2620 2543 2688 Angeli
2573 2626 2627 2673 et
2648 2621 2918 2682 homines,
2945 2633 3057 2674 non
3078 2620 3259 2673 solum
3280 2617 3347 2671 in
3366 2631 3491 2671 esse
3513 2627 3714 2676 namra‘.

2216 2697 2313 2750 sed
2344 2697 2509 2749 etiam
2539 2696 2595 2748 in
2626 2707 2743 2749 esse
2771 2697 2975 2763 gratiae.
2999 2695 3075 2748 ib.

2218 2773 2343 2826 Sola
2384 2772 2671 2826 bominum
2700 2772 3003 2840 redemptio
3036 2771 3326 2824 sufficiens
3360 2771 3489 2824 ratio
3516 2769 3622 2834 suit.
3647 2779 3697 2823 ut

2220 2853 2438 2915 propter
2462 2861 2585 2900 eam
2612 2849 2784 2902 solam
2808 2850 2953 2901 Deus
2974 2847 3139 2900 vellet
3164 2845 3611 2904 incarnationem,
3632 2847 3701 2898 ib.

2218 2925 2372 2978 Unde
2400 2928 2611 2978 constat
2639 2920 3036 2977 incarnationis
3062 2923 3269 2976 motiva
3302 2921 3477 2976 fuisse
3506 2921 3707 2975 delacio

2218 3000 2393 3067 plura,
2425 3001 2501 3052 ib.

2216 3077 2391 3138 Quare
2433 3075 2738 3130 incarnatio
2786 3077 3003 3130 dicatur
3040 3087 3157 3130 esse
3190 3075 3339 3129 facta
3380 3075 3459 3130 ob
3506 3081 3715 3129 nostram

2218 3153 2669 3219 redemptionem.
2704 3153 2779 3207 ib.

2156 3228 2557 3283 incarnationis
2581 3228 2753 3282 solam
2779 3240 2998 3282 causam
3026 3239 3141 3281 esse
3171 3228 3491 3280 remedium
3518 3229 3721 3293 peccati,

2221 3305 2401 3358 Sancti
2434 3305 2678 3359 dicentes
2704 3303 3060 3371 explicantur,
3090 3304 3162 3357 ib.

2156 3381 2560 3435 incarnationis
2612 3380 2790 3447 prima
2831 3393 2994 3434 causa
3036 3380 3141 3438 fuit
3184 3379 3521 3434 excellentia
3576 3379 3729 3446 ipn'us

2218 3457 2482 3524 mysterii,
2512 3461 2567 3510 et
2590 3457 2699 3510 alia
2733 3456 2912 3519 bona,
2950 3469 3073 3523 quae
3112 3457 3291 3524 ipsum
3325 3461 3731 3522 consequuntur

2220 3533 2425 3599 absque
2446 3531 2691 3586 remedio
2714 3533 2941 3599 peccati,
2962 3533 3203 3586 secunda
3222 3531 3545 3597 redemptio
3563 3539 3729 3584 nostra

2218 3608 2381 3662 etiam
2400 3608 2580 3674 quoad
2608 3608 2967 3662 substantiam
2998 3608 3173 3675 ipsius
3204 3607 3480 3675 mysterii,
3505 3607 3584 3660 ib.

2218 3684 2457 3747 Qualiter
2484 3685 2601 3737 haec
2640 3684 2782 3737 inter
2813 3697 2871 3736 se
2895 3686 3220 3749 cohaereant,
3246 3685 3467 3751 optimo
3492 3683 3731 3750 exemplo

2220 3760 2543 3821 declaratur,
2570 3759 2647 3812 ib.

2222 3835 2503 3900 Quodnam
2526 3849 2593 3888 ex
2621 3836 2709 3889 his
2732 3836 2953 3890 motivis
2975 3835 3141 3890 merit
3164 3837 3517 3903 praecipuum
3544 3842 3602 3889 et
3627 3836 3731 3888 effl-

2222 3912 2424 3975 cacius,
2448 3919 2557 3965 tam
2579 3920 2825 3979 respectu
2848 3911 3053 3966 divinoe
3074 3912 3390 3976 voluntatis„
3414 3925 3592 3978 quam
3616 3926 3735 3966 nos-

2223 3987 2313 4050 tri,
2338 3992 2523 4054 utpote
2549 3987 2797 4040 divinam
2824 3989 3137 4042 charitatem
3158 4001 3288 4054 enga
3312 3999 3421 4040 nos
3448 3989 3634 4056 magis
3656 4001 3735 4042 os-

2222 4064 2459 4117 tendens
2484 4069 2538 4117 et
2574 4065 2984 4130 commendans,
3016 4064 3090 4117 ib.

2221 4140 2409 4193 Modus
2449 4139 2712 4206 loquendi
2760 4140 3049 4207 Scriptura
3080 4141 3149 4194 de
3188 4139 3301 4194 fine
3337 4140 3739 4195 incarnationis

2224 4216 2543 4284 explicatur,
2572 4216 2650 4268 ib.

2222 4292 2389 4346 Unica
2432 4299 2485 4346 et
2522 4293 2807 4360 adaequata
2846 4293 2983 4347 ratio
3011 4292 3413 4351 incarnationis
3448 4298 3651 4351 Christi
3685 4297 3732 4350 in

2222 4381 2391 4422 carne
2416 4367 2683 4436 passibili,
2714 4374 2899 4424 nostra
2926 4369 3247 4437 redemptio,
3278 4371 3354 4426 ib.

2223 4446 2300 4497 Ex
2332 4445 2611 4512 Scriptura
2642 4445 2963 4510 ostenditur,
2996 4446 3069 4499 ib.
3454 4479 3461 4489 -

2162 4522 2601 4576 incarnationem
2642 4522 2759 4576 fleri
2790 4524 3159 4578 necessarium
3192 4525 3314 4588 suit,
3355 4526 3539 4593 posito
3568 4527 3729 4594 primo

2224 4596 2440 4650 decreto
2460 4597 2757 4650 voluntatis
2774 4598 2979 4652 divinae
3006 4599 3068 4652 in
3090 4613 3253 4654 sensu
3274 4603 3609 4668 composito,
3628 4617 3669 4655 s.
3688 4609 3727 4654 5.

2161 4671 2468 4725 incarnatio
2504 4673 2781 4738 quomodo
2822 4686 2932 4727 non
2978 4675 3197 4740 suisset,
3226 4677 3275 4729 si
3308 4684 3601 4743 peccatum
3630 4691 3721 4730 non

2226 4747 2349 4811 suit,
2375 4747 2451 4800 ib.

2163 4822 2598 4876 incarnationem
2621 4823 2860 4877 futuram
2887 4825 3099 4879 etiamsi
3132 4828 3296 4880 homo
3327 4840 3449 4882 non
3478 4837 3711 4896 peccaret,

2224 4899 2503 4962 quomodo
2526 4911 2741 4966 verum,
2761 4913 2806 4953 s.
2830 4905 2881 4954 o.

2224 4974 2468 5028 Praesens
2496 4975 2776 5030 decretum
2804 4977 2873 5031 de
2901 4978 3297 5040 incarnatione,
3319 4978 3458 5035 lieet
3476 4979 3713 5047 praecedat

2226 5051 2645 5116 permissionem
2694 5054 2899 5120 peccati
2920 5095 2933 5117 ,
2990 5054 3154 5108 habet
3196 5062 3382 5108 tamen
3400 5097 3413 5120 ,
3464 5057 3719 5124 supposita

2226 5126 2455 5253 scientlia
2500 5129 2889 5254 cgnditionata,
2926 5131 3289 5185 necessariam
3332 5134 3718 5186 connexionem

2228 5211 2354 5253 cum
2379 5215 2396 5252 1
2440 5213 2489 5260 a,
2516 5201 2533 5254 i
2580 5243 2591 5254 .

2228 5276 2413 5329 Utrum
2450 5277 2642 5332 saltem
2686 5293 2753 5333 ex
2790 5280 2901 5334 alio
2948 5281 3165 5336 decreto
3210 5283 3529 5338 incarnatio
3572 5283 3719 5344 fieret,

2227 5357 2466 5406 cessante
2488 5359 2727 5421 peccato,
2750 5370 2793 5409 s.
2817 5362 2866 5410 7.

2226 5427 2383 5554 {aazia
2414 5435 2493 5554 es:
2518 5430 2665 5484 circa
2690 5437 2880 5500 quater
2898 5433 3252 5490 millesimum
3288 5436 3489 5491 mundi
3510 5449 3719 5496 annum,

2272 5539 2281 5554 .
2339 5543 2351 5567 ,
2381 5515 2425 5556 s.
2486 5544 2497 5558 .
