3892 6167
1333 333 1652 388 DlSPUTA'l'.
1687 335 1853 390 xux.
1887 335 2055 390 SECT.
2090 339 2175 391 111.

69 419 614 490 humanitatem
633 443 770 492 esse
789 427 1282 494 substantialiter
1301 433 1540 496 unitam
1556 435 1710 497 Filio

66 514 255 578 Dei
289 520 592 597 naturali,
613 539 744 583 non
771 525 990 584 tamen
1018 529 1114 586 est
1141 524 1220 586 de
1243 525 1370 588 fide
1401 527 1490 588 ita
1517 528 1712 592 fuisse

79 611 603 675 sanctificatam
651 632 730 678 ex
783 615 846 676 vi
886 615 1054 678 illius
1081 617 1356 694 unionis,
1387 625 1458 681 ut
1481 621 1714 684 habeat

77 701 560 768 intrinsecum
579 708 686 787 jus
707 707 788 770 ad
811 711 1352 789 supernaturalem
1377 712 1714 778 beatitudi-

73 813 324 872 nem,
360 817 500 878 quie
553 807 652 862 est
695 801 903 864 divina
945 803 1316 879 haer-editam
1351 824 1498 867 nam
1533 809 1714 870 multi

77 890 454 974 Theologi
485 897 847 975 opinantur,
887 897 938 960 si
977 899 1148 960 Deus
1177 901 1620 980 assumpsisset
1639 903 1712 964 il-

77 982 272 1046 lam
302 986 760 1052 humanitatem
807 991 944 1054 sine
985 993 1187 1071 gratia
1217 993 1546 1070 habituali,
1581 1013 1709 1058 non

81 1076 282 1140 fore
329 1080 420 1142 iili
467 1080 744 1145 debltam
777 1085 1328 1165 supernaturalem
1379 1087 1713 1151 beatitudi-

87 1189 336 1247 nem;
367 1175 496 1236 imo
524 1191 736 1255 neque
770 1177 1010 1240 babere
1037 1180 1432 1242 sanctitatem
1463 1199 1602 1262 quas
1631 1182 1713 1244 ad

87 1266 445 1328 meritum
465 1267 870 1332 beatitudinis
896 1272 1166 1334 sufficiat
1189 1291 1206 1347 ;
1238 1273 1432 1354 quod,
1463 1275 1612 1338 licet
1633 1277 1713 1337 sit

85 1359 376 1422 falsum
407 1367 470 1424 et
493 1361 932 1442 improbabile,
952 1371 1316 1429 nontamen
1343 1374 1438 1430 est
1461 1370 1713 1432 haereti-

91 1471 322 1528 enm3
349 1454 458 1516 ubi
481 1455 658 1518 enim
683 1470 782 1519 est
811 1459 1199 1522 contrarium
1229 1467 1447 1540 aperte
1487 1461 1713 1523 defini-

91 1551 279 1608 tum
323 1553 438 1609 ant
459 1549 807 1612 traditum?
829 1554 1070 1614 Rursus
1091 1554 1283 1616 etiam
1319 1554 1371 1616 si
1401 1554 1712 1616 conceda-

95 1645 240 1701 tur
263 1639 724 1706 humanitatem
749 1662 828 1706 ex
839 1644 900 1707 vi
919 1645 1176 1709 unionis
1195 1647 1284 1709 ita
1311 1647 1704 1724 sanctificari,

95 1739 202 1794 ut
233 1733 392 1796 huic
415 1735 660 1797 homini
692 1737 1056 1818 acquiratur
1083 1740 1489 1805 intrinsecum
1518 1747 1584 1804 et
1609 1762 1708 1804 ra-

99 1825 348 1889 dicale
373 1829 574 1906 jusad
593 1833 898 1894 internam
925 1833 1380 1912 hareditatem,
1399 1854 1515 1916 per
1529 1853 1710 1900 suam

101 1921 606 1986 humanitatem
633 1924 1064 2001 obtinendam,
1093 1933 1306 1990 tamen
1336 1947 1464 1991 non
1504 1933 1599 1993 est
1629 1931 1710 1994 de

109 2015 298 2090 fide,
329 2015 416 2078 ad
439 2017 754 2079 rationem
775 2017 890 2081 filii
913 2022 1216 2083 naturalis
1241 2023 1360 2084 hoc
1385 2023 1671 2088 sufficere
1691 2044 1706 2100 ;

113 2127 298 2170 nam
335 2116 555 2189 posset
586 2112 814 2192 aliquis
863 2115 1272 2190 contendere,
1299 2116 1498 2180 filium
1527 2125 1716 2182 natu-

115 2203 352 2264 ralem
375 2204 502 2267 dici
529 2223 660 2266 non
687 2223 902 2285 posse,
931 2208 1056 2270 nisi
1083 2210 1167 2272 ob
1187 2209 1584 2274 identitatem
1613 2212 1714 2274 vel

119 2296 628 2361 similitudinem
697 2303 984 2378 naturae,
1031 2320 1226 2382 quam
1285 2304 1567 2367 Christus
1587 2351 1604 2380 ,
1643 2305 1708 2366 in

120 2397 462 2470 quantum
488 2391 706 2471 homo,
730 2413 860 2456 non
881 2395 1102 2473 habet;
1129 2415 1340 2478 neque
1369 2399 1436 2460 in
1463 2415 1540 2461 eo
1563 2417 1710 2462 cen-

119 2485 268 2547 seri
298 2494 516 2566 posset
527 2486 886 2564 haereticus,
914 2509 1060 2551 cum
1087 2492 1446 2571 oppositum
1476 2513 1606 2556 non
1629 2495 1710 2555 sit

123 2579 504 2658 definitum,
545 2599 756 2661 neque
798 2600 876 2644 ex
914 2582 1184 2646 definitis
1209 2591 1424 2664 aperte
1453 2586 1710 2666 colliga-

123 2673 422 2747 tumim)
436 2673 594 2735 illud
614 2675 902 2738 videatur
929 2683 1428 2740 consentaneum
1447 2679 1546 2741 his
1561 2697 1704 2759 qure

123 2785 180 2827 a
211 2767 456 2828 sanctis
497 2768 784 2831 Patribus
841 2769 912 2830 in
949 2772 1216 2833 materia
1275 2772 1354 2834 de
1407 2773 1706 2836 Trinitate

123 2859 262 2922 dici
297 2860 531 2933 solent,
547 2861 632 2924 ad
655 2862 1048 2942 probandam
1077 2883 1294 2926 veram
1317 2865 1706 2930 divinitatem

125 2952 338 3014 Verbi
364 2952 582 3030 divini,
621 2975 699 3020 ex
727 2975 808 3019 eo
835 2958 1012 3037 quod
1036 2965 1132 3020 est
1158 2959 1350 3021 Filius
1377 2960 1488 3021 Dei
1517 2967 1708 3022 natu·

119 3047 332 3118 ralis;
372 3048 524 3127 quia
563 3051 818 3130 propria
865 3051 1088 3114 filiatio
1115 3053 1422 3115 naturalis
1445 3056 1710 3134 requirit

125 3140 440 3203 eamdem
473 3149 768 3205 naturam
802 3161 944 3206 cum
975 3152 1348 3225 generante.
1387 3147 1568 3218 Quod
1593 3166 1713 3210 au-

125 3242 270 3296 tem
298 3239 530 3315 prater
573 3237 745 3299 hunc
787 3237 868 3301 sit
923 3238 1086 3300 alius
1127 3241 1357 3301 modus
1383 3239 1710 3303 filiationis

126 3328 476 3406 naturalis,
509 3331 732 3392 nullibi
759 3339 858 3394 est.
895 3332 976 3396 de
1004 3331 1134 3394 fide
1161 3333 1513 3396 definitum.
1546 3335 1709 3409 Quin

129 3423 356 3504 potius
382 3430 534 3486 sunt
559 3425 776 3505 plures
801 3427 1104 3507 Theologi
1143 3427 1314 3508 apud
1349 3447 1510 3508 quos
1541 3430 1706 3491 male

123 3517 362 3580 audiat
377 3517 690 3597 (quamvis
705 3518 1044 3600 immerito)
1061 3519 1204 3582 talis
1219 3521 1447 3583 modus
1461 3521 1709 3585 filiatio·

125 3613 240 3674 nis
271 3611 386 3673 Dei
411 3612 756 3691 naturali33
789 3615 938 3693 quia
967 3615 1226 3678 omnino
1257 3623 1556 3679 recusant
1592 3618 1705 3679 ad-

127 3704 395 3768 mittere
413 3706 482 3768 in
500 3707 747 3768 Christo
763 3706 1081 3786 duplicem
1095 3709 1358 3770 modum
1383 3710 1703 3774 filiationis

127 3797 447 3862 naturalis
479 3800 828 3862 secundum
883 3801 1164 3868 diversas
1211 3809 1495 3866 naturas.
1529 3805 1702 3868 Adeo

129 3899 210 3954 ut
235 3892 448 3971 potius
474 3901 712 3974 negent
729 3893 1068 3970 Christum,
1093 3899 1166 3956 ut
1189 3893 1538 3973 hominem,
1559 3913 1702 3960 esse

125 3986 346 4047 fllium
367 3985 510 4062 Dei,
537 4003 728 4066 quam
768 3987 1096 4051 admittant
1117 4006 1258 4051 esse
1289 3989 1492 4051 filium
1515 3997 1702 4054 natu-

127 4079 382 4154 ralem;
421 4094 573 4141 nam
600 4080 790 4142 etiam
829 4080 1082 4162 fugiunt
1115 4081 1465 4146 concedere
1489 4083 1701 4146 Chris-

131 4183 280 4236 tum
315 4177 387 4235 ut
415 4173 743 4235 hominem
785 4192 924 4236 esse
943 4173 1147 4237 filium
1173 4175 1436 4255 Spiritus
1461 4177 1694 4252 Sancti,

128 4265 317 4346 quod
337 4271 576 4344 tamen,
603 4268 780 4346 juxta
813 4267 984 4330 illam
1021 4271 1401 4332 sententiam
1427 4287 1579 4332 vere
1606 4270 1699 4331 in-

129 4361 482 4435 tellectam,
493 4365 558 4424 et
577 4359 1322 4442 seclusaoequivocatione
1337 4363 1696 4438 verborum,

133 4453 624 4516 eoncedendum
673 4459 792 4529 est,
821 4472 968 4516 cum
996 4455 1134 4518 hoec
1187 4455 1407 4518 filiatio
1457 4457 1701 4520 dicatur

134 4563 276 4609 nun
302 4546 616 4626 respicere
642 4546 912 4627 primam
939 4565 1278 4628 personam
1318 4554 1388 4610 ut
1435 4549 1550 4626 sic,
1579 4566 1699 4614 nec

134 4639 394 4702 fundari
423 4641 704 4718 proxime
735 4640 801 4702 iu
835 4642 1236 4704 emanatione
1264 4641 1346 4704 ad
1375 4641 1560 4717 intra,
1585 4643 1702 4706 sed

137 4737 213 4797 in
236 4733 602 4813 operatione
629 4733 714 4797 ad
733 4739 942 4808 extra;
963 4751 1106 4812 qnae
1134 4737 1347 4801 omnia
1365 4736 1704 4814 probabili-

141 4835 246 4891 ter
271 4827 666 4908 disputantur
695 4847 732 4888 a
764 4827 1146 4907 gravissimis
1186 4829 1542 4910 TheologiS,
1572 4849 1704 4892 non

141 4921 586 5002 ignorantibus
605 4920 1040 4984 definitionem
1064 4921 1320 4986 concilii
1345 4923 1706 4988 Francofor-

147 5015 409 5088 diensis,
428 5014 546 5076 sed
563 5031 707 5077 eam
733 5019 971 5078 attente
989 5015 1352 5096 legentibus
1390 5035 1466 5080 ac
1507 5018 1708 5081 medi-

151 5109 452 5184 tantibus,
479 5115 544 5170 et
576 5126 694 5188 pro
729 5114 900 5172 certo
944 5107 1326 5174 habentibus
1353 5109 1528 5174 illam
1564 5129 1710 5190 pro-

149 5202 528 5284 positionem
543 5219 672 5266 non
697 5220 842 5266 esse
864 5202 930 5264 in
949 5219 1030 5266 eo
1053 5203 1326 5268 Concilio
1355 5203 1678 5270 definitam
1684 5226 1703 5281 3

153 5316 284 5360 non
313 5315 465 5378 ergo
503 5301 602 5360 est
639 5297 720 5360 de
739 5297 890 5360 fide.

233 5393 334 5454 34.
379 5391 590 5454 Unum
615 5389 820 5454 solum
851 5398 968 5470 est,
993 5392 1167 5474 qnod
1195 5411 1274 5456 ex
1303 5393 1410 5456 illo
1433 5392 1708 5458 Concilio

161 5483 338 5563 objici
385 5489 590 5564 potest
639 5489 855 5550 canu-a
881 5484 1047 5550 hanc
1074 5486 1526 5562 assertionem;
1559 5503 1710 5550 nam

476 5601 648 5650 xvm.

3240 341 3357 402 513

1792 435 2107 499 Adrianus
2134 439 2325 518 Papa,
2358 438 2423 500 in
2458 455 2573 500 sua
2610 438 2909 519 epistola,
2940 439 3265 505 adducens
3290 443 3360 504 in

1791 529 2340 594 confirmationem
2370 549 2497 593 sum
2544 533 2875 596 sententiaa
2922 533 3132 596 locum
3176 535 3358 597 illum

1791 623 2011 686 Mattb.
2036 627 2075 687 3
2106 631 2168 686 et
2196 625 2310 687 17:
2345 624 2481 689 Hic
2519 632 2611 689 eat
2635 625 2845 690 Filius
2872 643 3037 690 meus
3080 627 3354 702 dilectur,

1789 717 1861 780 in
1891 734 2007 799 quo
2060 719 2219 782 mihi
2265 718 2399 782 beno
2430 718 2781 798 complacui,
2814 719 2967 782 dicit
3016 720 3123 782 illa
3164 721 3359 784 verba

1795 826 1936 870 esse
1966 809 2130 871 dicta
2162 829 2201 872 a
2222 816 2357 873 tota
2384 811 2711 886 Trinitate,
2734 829 2877 874 cum
2906 817 3123 875 tamen
3146 814 3359 876 certis-

1795 903 2025 964 simum
2054 903 2153 979 sit,
2190 909 2251 966 et
2290 905 2374 966 ibi
2408 905 2598 966 etiam
2620 905 2923 968 doceatur
2950 924 2988 967 a
3022 907 3347 983 Pontifice,

1793 1013 2153 1059 sermonem
2180 997 2269 1060 ibi
2296 1016 2437 1062 esse
2465 998 2543 1061 de
2570 998 2727 1060 Filio
2757 999 3066 1074 naturali3
3094 1018 3245 1081 ergo
3277 1019 3357 1062 ex

1795 1090 2109 1154 sententia
2154 1091 2469 1154 Pontifieis
2534 1098 2667 1156 tota
2719 1093 2993 1154 Trinitas
3032 1101 3219 1156 vocat
3268 1094 3353 1155 ibi

1793 1183 2106 1248 Christum
2137 1191 2205 1248 ut
2233 1185 2581 1262 hominem,
2600 1185 2843 1249 Filium
2870 1204 3047 1250 emm
3092 1192 3355 1251 natura-

1791 1278 1928 1341 lem.
1963 1277 2171 1339 Verba
2216 1277 2477 1341 Adriani
2532 1285 2717 1340 sunt:
2744 1281 2964 1344 Patris
3018 1278 3355 1344 testimonio

1793 1372 1862 1434 de
1879 1369 2049 1433 Filio
2062 1371 2429 1451 perhibentis
2446 1389 2567 1436 non
2584 1372 2851 1448 evaditis,
2878 1373 2985 1454 qui
3002 1373 3167 1436 dimit
3180 1398 3204 1434 .·
3222 1374 3321 1436 Hi
3323 1391 3355 1438 0

1791 1469 1882 1527 eat
1896 1465 2119 1528 Filius
2142 1483 2309 1528 mm
2331 1465 2630 1529 dilectus?
2658 1467 2997 1530 Declarans
3030 1473 3245 1529 autem
3274 1467 3355 1529 de

1791 1575 1917 1638 quo
1960 1558 2072 1620 illa
2122 1558 2315 1622 verba
2342 1559 2509 1621 dicta
2550 1558 2696 1634 sint,
2744 1560 3001 1635 scilicet,
3050 1561 3131 1624 de
3150 1580 3249 1632 ,eo
3290 1562 3355 1624 in

1789 1669 1981 1731 quem
2028 1651 2297 1732 Spiritus
2360 1652 2630 1715 Sanctus
2680 1652 3039 1729 descendit,
3098 1654 3167 1716 id
3218 1659 3315 1717 eat
3338 1699 3354 1728 ,

1789 1745 2035 1808 Christo
2066 1751 2139 1806 ut
2192 1746 2475 1821 homine,
2508 1744 2635 1808 ait:
2670 1747 2791 1811 Dei
2828 1749 2987 1810 mim
3030 1746 3243 1811 Filius
3269 1765 3357 1810 re-

1793 1841 2055 1904 numm
2082 1837 2153 1902 id
2176 1839 2335 1920 quod
2352 1840 2523 1903 Deus
2550 1844 2663 1916 est,
2704 1839 3011 1905 Sanctum
3040 1839 3357 1920 Spintum

1794 1951 1926 1996 cum
1962 1931 2155 1996 Patre
2182 1949 2490 2015 nunquam
2537 1950 2578 1996 a
2618 1951 2679 1997 so
2704 1934 3005 1998 recedente
3030 1933 3357 1998 inenarra-

1795 2025 1906 2088 bili
1931 2026 2101 2089 modo
2128 2026 2345 2104 mittit,
2377 2029 2435 2090 et
2456 2028 2771 2091 secundum
2799 2028 2869 2090 id
2890 2027 3049 2108 quod
3068 2027 3237 2089 homo
3266 2033 3356 2090 est

1793 2137 1981 2198 super
2000 2137 2063 2182 ει
2090 2120 2415 2184 venientem
2441 2120 2705 2200 suscepit
2720 2147 2745 2193 ;
2776 2121 2927 2184 duo
2954 2136 3123 2202 erqo,
3148 2119 3220 2184 id
3244 2125 3355 2194 est,

1795 2213 1864 2274 de
1892 2211 2159 2277 umenti
2178 2213 2312 2294 filio
2340 2231 2457 2277 vom
2480 2213 2599 2277 illa
2618 2211 2907 2277 sumit.
2939 2213 3163 2276 Statim
3202 2229 3355 2276 vero

1794 2305 2129 2368 declarans
2166 2307 2309 2387 quis
2336 2306 2443 2369 illa
2479 2307 2672 2370 verba
2718 2306 3075 2386 protulerit,
3110 2305 3311 2385 inquit
3339 2323 3351 2366 :

1793 2399 1878 2464 δι’
1897 2401 2223 2464 seeundum
2244 2401 2621 2466 divinitatem
2646 2400 2923 2475 divisset,
2942 2417 3247 2480 nunquam
3260 2399 3357 2462 di-

1789 2495 2082 2556 ceret-In.-
2106 2513 2221 2574 quo
2244 2493 2401 2558 mihi
2426 2496 2563 2558 hm
2590 2493 2943 2574 complacui,
2958 2494 3067 2558 aad
3088 2497 3351 2568 tantun,

1787 2587 1872 2648 In
1899 2605 2013 2667 quo
2040 2588 2200 2650 milti
2222 2589 2359 2652 beno
2390 2586 2621 2668 placui,
2646 2589 2755 2652 red
2789 2589 2931 2651 dum
2968 2588 3155 2651 dicit:
3182 2585 3354 2651 Con-

1782 2678 2013 2758 placui,
2044 2685 2235 2743 totam
2260 2681 2449 2744 simul
2478 2680 2855 2746 Trinitatem
2882 2679 3353 2759 comprehendit,

1787 2774 1936 2854 quia
1960 2774 2033 2836 in
2055 2774 2291 2838 homino
2316 2773 2567 2839 Christo
2598 2780 2727 2838 tota
2744 2773 3113 2855 complacuit
3142 2771 3351 2836 Trini-

1789 2872 1924 2936 tas,-
1954 2867 2149 2948 igitur
2182 2886 2261 2930 ex
2286 2868 2351 2930 vi
2378 2868 2545 2930 illius
2572 2867 2771 2942 verbi,
2800 2865 3153 2948 complacui,
3180 2865 3354 2948 quod

1791 2959 2043 3023 videtur
2088 2961 2413 3024 includere
2444 2961 2829 3024 consortium
2872 2959 3239 3035 multorum,
3294 2965 3356 3022 et

1793 3071 1874 3115 ex
1899 3072 1978 3116 eo
2002 3055 2175 3135 qnod
2196 3056 2275 3117 de
2290 3055 2539 3117 Christo
2563 3055 2821 3118 homine
2851 3060 2945 3117 est
2976 3071 3213 3128 samo,
3228 3053 3351 3116 col-

1792 3146 1932 3226 ligit
1970 3148 2280 3222 Pontifex,
2306 3147 2673 3212 Trinitatem
2702 3165 2842 3210 esse
2869 3163 3011 3225 quie
3034 3146 3119 3208 ibi
3144 3146 3356 3227 loqui-

1789 3243 1926 3318 tur-3
1968 3259 2120 3321 ergo
2152 3241 2455 3316 Christus,
2486 3246 2561 3303 ut
2586 3242 2801 3316 homo,
2826 3245 2923 3304 est
2964 3239 3134 3302 filius
3174 3246 3355 3304 natu-

1791 3333 1944 3394 ralis
1966 3334 2309 3407 Trinitatis,
2337 3353 2417 3396 ex
2436 3334 2744 3397 sententia
2770 3333 3108 3396 Pontificis.

1877 3429 1977 3490 35.
2000 3427 2385 3507 Responderi
2420 3432 2619 3506 potest
2646 3427 2871 3506 primo,
2902 3426 3091 3488 etiam
3114 3425 3168 3486 si
3192 3427 3353 3488 Pon-

1787 3521 1940 3584 tifex
1986 3523 2107 3583 boc
2163 3523 2351 3583 modo
2390 3521 2603 3584 locum
2648 3521 2824 3582 illum
2878 3519 3344 3600 interpretetur,

1785 3635 1914 3678 non
1939 3617 2149 3679 faeere
2173 3621 2411 3678 certam
2434 3617 2653 3691 fidem,
2680 3616 2827 3695 quia
2851 3633 2979 3676 non
3008 3621 3103 3678 est
3130 3632 3348 3678 neces·

1787 3711 2022 3773 sarium
2044 3716 2115 3772 ut
2140 3710 2351 3772 omnia
2380 3709 2763 3780 testimonia,
2784 3725 2929 3786 quae
2964 3707 3033 3768 in
3062 3706 3347 3769 Consiliis

1782 3805 1886 3865 vel
1917 3804 2191 3884 epistolis
2220 3802 2641 3865 decretalibus
2678 3801 3027 3864 afferuntur
3062 3805 3129 3862 et
3155 3817 3348 3879 expo-

1781 3901 2045 3971 nuntur,
2075 3897 2145 3959 in
2180 3914 2373 3958 sensu
2401 3902 2569 3958 certo
2600 3900 2663 3958 et
2686 3892 3039 3956 indubitato
3080 3892 3347 3956 afferan-

1781 3996 1907 4053 tur.
1954 3991 2063 4052 Est
2092 4007 2245 4070 ergo
2276 3989 2381 4051 ilie
2410 4005 2633 4050 sensus
2676 3985 3050 4066 probabilis,
3082 4001 3211 4048 non
3250 3991 3345 4048 ta-

1781 4101 1929 4146 men
1968 4089 2177 4146 certus
2194 4103 2216 4158 3
2267 4087 2331 4144 et
2368 4081 2511 4143 ideo
2556 4097 2687 4145 non
2728 4079 2875 4142 facit
2902 4078 3343 4142 certitudinem

1779 4175 1950 4238 fidei.
1997 4177 2146 4238 Hoec
2186 4192 2337 4236 vero
2390 4173 2719 4252 responsio
2740 4216 2757 4245 ‚
2802 4170 3087 4251 quamvis
3128 4172 3343 4250 quoad

1779 4269 2213 4332 testimonium
2262 4267 2599 4346 Scriptura
2646 4265 2797 4328 ferri
2847 4265 3075 4345 possit,
3128 4271 3343 4328 tamen

1781 4361 1995 4441 quoad
2042 4359 2477 4423 definitionem
2514 4357 2829 4422 pontificis
2869 4364 3101 4420 nostrae
3140 4359 3345 4420 inten-

1781 4455 1936 4517 tioni
1962 4473 2095 4516 non
2120 4453 2463 4528 satisfacit,
2495 4451 2644 4532 quia
2672 4451 2957 4514 Pontifex
2986 4451 3243 4516 adducit
3270 4451 3342 4514 il·

1781 4548 1896 4610 lud
1924 4547 2357 4610 testimonium
2401 4546 2483 4608 ad
2524 4563 2705 4608 suam
2734 4544 3165 4608 definitionem
3196 4561 3343 4608 con·

1779 4640 2195 4714 firmandam;
2228 4658 2405 4720 ergo,
2433 4639 2563 4702 sive
2604 4637 2997 4702 confirmatio
3042 4639 3339 4714 situatis,

1783 4735 1914 4797 sive
1938 4733 2281 4815 probabilis
2307 4739 2589 4808 tantum,
2626 4735 2839 4795 tamen
2874 4733 3235 4796 necessario
3264 4749 3343 4794 ex

1785 4847 1862 4891 ea
1890 4828 2239 4907 colligitur,
2269 4832 2553 4890 mentem
2589 4825 2845 4888 Adriani
2876 4825 3069 4888 fuisse
3116 4825 3344 4888 defini-

1785 4941 1880 4998 re,
1909 4923 2223 4985 Christum
2248 4927 2319 4983 ut
2344 4920 2668 4982 hominem
2694 4937 2833 4984 esse
2860 4919 3061 4982 tilium
3094 4925 3346 4982 namra·

1787 5017 1914 5078 lem
1954 5017 2151 5079 totins
2176 5014 2514 5078 Trinitatis.
2542 5012 2979 5092 Respondetur
3024 5031 3175 5094 ergo
3232 5032 3348 5077 ne·

1789 5108 1999 5189 gando
2024 5107 2461 5172 testimonium
2497 5105 2655 5168 illud
2700 5105 2909 5168 afferri
2960 5112 3070 5169 aut
3116 5106 3347 5186 exponi

1789 5203 1872 5264 ab
1898 5201 2172 5266 Adriano
2218 5201 2286 5263 in
2334 5198 2639 5279 praedicto
2668 5215 2881 5260 sensu.
2926 5197 3105 5271 Quod
3143 5199 3345 5280 probo

1787 5296 2015 5377 primo,
2034 5295 2185 5376 quia
2202 5311 2333 5358 non
2356 5297 2455 5356 est
2476 5291 2812 5354 verisimile
2832 5292 3167 5355 adduxisse
3186 5291 3347 5356 Pon-

1789 5390 2047 5466 tificem,
2065 5390 2148 5455 ad
2167 5383 2667 5453 confirmandam
2682 5386 2898 5462 fldem,
2916 5387 3345 5450 testimonium

1793 5486 2127 5566 Scripturas
2170 5485 2233 5546 in
2268 5501 2491 5560 sensu,
2524 5500 2651 5546 non
2685 5479 2887 5544 solum
2928 5480 3169 5544 incerto
3190 5527 3205 5558 ,
3236 5482 3349 5544 sed

2954 5587 3029 5646 33
