3892 6167
1347 400 1670 457 msru'rxr.
1703 400 1878 455 xxxl.
1915 402 2085 457 SECT.
2120 402 2204 457 w.

151 498 296 560 ratio
323 498 408 559 de
439 496 778 561 effectione
807 500 1028 580 gratiae
1047 542 1066 576 ,
1097 500 1200 561 vel
1243 499 1324 561 de
1367 500 1490 561 alio
1525 517 1718 578 opere

149 594 634 671 supernaturali.
690 595 850 655 Nam
909 612 1054 657 cum
1101 594 1462 657 humanitas
1497 593 1720 655 Christi

145 694 366 749 natura
383 706 506 749 sua
533 688 734 767 possit
753 690 1006 751 efficere
1029 689 1303 769 aliquam
1325 688 1716 767 qualitatem,

145 788 332 859 atque
371 781 546 843 adeo
583 782 900 863 attingere
945 784 1254 845 rationem
1297 782 1616 861 qualitatis
1651 787 1722 843 ut

143 874 250 949 sic,
285 874 520 936 eadem
549 876 800 937 ratione
845 878 1076 939 elevari
1129 877 1358 957 poterit
1396 881 1466 939 ut
1495 874 1724 937 efficiat

144 968 546 1047 superiorem
607 970 982 1048 qualitatem
1015 1016 1031 1046 ‚
1101 988 1332 1050 nempe
1406 971 1670 1050 gratiam
1697 1012 1720 1044 ,

149 1064 444 1143 quamvis
493 1065 872 1129 naturaliter
913 1067 1088 1129 illam
1135 1065 1382 1131 efficere
1434 1083 1562 1127 non
1613 1082 1722 1127 va-

147 1158 290 1219 leat.

224 1254 288 1313 5.
330 1252 432 1313 Ad
485 1253 973 1317 fundamentum
1022 1254 1350 1318 contrariae
1397 1252 1722 1315 sententiae

143 1347 670 1427 respondendum
721 1355 820 1411 est
873 1367 954 1411 ex
1000 1350 1284 1429 professo
1333 1349 1398 1409 in
1439 1354 1594 1409 sect.
1641 1346 1716 1417 ὃς

143 1458 316 1501 nunc
361 1440 648 1503 breviter
701 1442 932 1504 dicitur
976 1444 1430 1504 humanitatem
1488 1440 1722 1503 elevari

143 1554 262 1615 per
287 1536 648 1614 potentiam
695 1536 1184 1599 obedientialem
1202 1581 1218 1610 ‚
1251 1537 1530 1599 adhibito
1569 1554 1726 1597 con-

143 1648 336 1691 cursu
363 1629 458 1689 illi
487 1632 986 1709 proportionata.
1021 1632 1114 1693 Ad
1142 1632 1297 1693 illud
1323 1648 1472 1693 vero
1493 1678 1507 1706 ‚
1555 1628 1726 1708 quod

143 1724 228 1785 ibi
269 1724 508 1785 dicitur
535 1722 618 1786 de
645 1727 1014 1788 causalitate
1037 1727 1282 1802 morali,
1315 1731 1424 1787 aut
1449 1725 1528 1787 de
1567 1741 1723 1785 con-

144 1816 386 1877 ditione
417 1816 504 1877 ad
553 1818 737 1899 cujus
765 1821 1162 1899 praesentiam
1201 1822 1370 1881 Deus
1397 1822 1716 1899 operatur,

143 1909 578 1988 respondetur
605 1911 730 1974 hoc
757 1932 888 1975 non
929 1915 1076 1975 satis
1105 1932 1248 1975 esse
1293 1914 1374 1975 ad
1415 1928 1632 1975 veram
1661 1916 1724 1972 et

145 2004 476 2085 propriam
518 2005 948 2085 efficientiam,
973 2026 1164 2088 quam
1201 2008 1516 2087 Scriptura
1543 2022 1723 2067 sacra

145 2106 206 2159 et
251 2100 464 2160 sancti
515 2102 734 2162 Patres
775 2103 1149 2165 humanitati
1177 2103 1400 2166 Christi
1445 2100 1724 2163 tribucre

147 2193 470 2255 videntur.
491 2196 624 2257 Nec
645 2198 1009 2259 testimonia
1033 2199 1406 2259 Sanctorum
1426 2196 1514 2257 ibi
1539 2196 1728 2258 citata

147 2287 392 2366 aliquid
415 2288 672 2367 juvant,
701 2292 948 2353 namin
975 2291 1111 2353 aliis
1137 2291 1290 2353 locis
1317 2292 1470 2353 satis
1495 2291 1730 2353 docue-

149 2387 298 2443 runt
325 2382 490 2461 quid
516 2382 602 2445 de
648 2384 768 2446 hac
805 2384 1034 2447 virtute
1079 2390 1144 2446 et
1177 2384 1512 2447 efficientia
1537 2383 1730 2445 senti·

155 2480 336 2547 rent3
368 2474 438 2535 in
469 2474 598 2539 illis
633 2496 786 2540 vero
813 2479 968 2541 locis
1011 2481 1215 2541 solum
1243 2478 1576 2541 intendunt
1615 2476 1732 2539 do-

163 2586 310 2629 cere
361 2570 516 2649 quid
573 2573 914 2635 conveniat
953 2574 1330 2637 humanitati
1379 2590 1457 2633 ex
1503 2573 1730 2634 virtute

163 2663 414 2741 propria
431 2706 454 2738 ,
487 2669 554 2726 et
581 2665 738 2743 quid
767 2684 846 2727 ex
871 2667 1098 2729 virtute
1143 2668 1506 2730 divinitatis.
1537 2668 1612 2727 Et
1643 2666 1730 2728 ita

161 2754 559 2835 distinguunt
585 2759 904 2821 actionem
953 2762 1132 2840 quasi
1179 2761 1477 2841 praeviam
1506 2759 1731 2821 huma·

165 2850 394 2925 nitatis,
429 2858 502 2913 nt
529 2856 630 2913 est
655 2856 860 2915 tactus
875 2897 897 2929 ‚
937 2855 1040 2916 vel
1073 2853 1304 2917 locutio
1343 2855 1408 2913 in
1441 2870 1567 2932 qua
1607 2854 1732 2915 vir-

167 2947 262 3004 tus
295 2944 715 3007 humanitatis
741 2946 1090 3019 secundum
1144 2964 1214 3010 se
1261 2946 1654 3021 terminatur,
1693 2964 1731 3009 a

165 3037 494 3117 principali
539 3039 772 3101 effectu
791 3084 810 3115 ,
849 3041 1027 3103 verbi
1063 3042 1284 3121 gratia,
1325 3042 1730 3103 suscitatione

167 3132 420 3207 mortui,
449 3133 568 3211 qui
597 3134 1031 3215 principaliter
1057 3136 1128 3196 fit
1154 3154 1232 3197 ex
1257 3136 1483 3197 virtute
1509 3134 1734 3196 divini-

169 3225 332 3298 tatis;
361 3244 496 3287 non
523 3233 740 3289 tamen
771 3228 986 3305 soline,
1027 3228 1142 3291 sed
1167 3229 1378 3291 medio
1403 3234 1597 3304 tactu,
1633 3228 1732 3289 vel

169 3336 338 3393 voce,
366 3325 482 3381 aut
501 3321 632 3382 alio
659 3322 847 3383 simili
865 3330 1008 3385 actu
1027 3324 1456 3384 humanitatis,
1476 3324 1550 3384 Et
1567 3324 1734 3385 hunc

173 3430 302 3473 esse
326 3432 558 3475 verum
587 3434 874 3493 sensum,
899 3422 1124 3495 proeter
1147 3418 1358 3489 citata,
1385 3421 1630 3478 constat
1657 3434 1736 3477 ex

173 3506 586 3581 Damascene,
613 3511 800 3571 tertio
831 3510 911 3572 de
939 3511 1111 3586 Fide,
1139 3528 1278 3591 cap.
1313 3514 1415 3586 15,
1449 3510 1556 3571 uhi
1587 3510 1738 3572 dicit

173 3599 346 3661 aliter
399 3602 738 3680 passiones
795 3604 1204 3665 humanitatis
1251 3604 1441 3666 tribui
1495 3606 1736 3666 Christo

175 3693 321 3767 Deo,
351 3700 416 3757 et
441 3712 645 3774 opera
675 3696 1016 3758 divinitatis
1037 3697 1278 3758 Christo
1311 3698 1572 3759 homini.
1602 3699 1738 3759 Pri—

185 3802 348 3847 mum
367 3788 544 3848 enim
573 3806 798 3851 verum
823 3795 920 3851 est
947 3796 1202 3870 propter
1227 3792 1427 3852 solam
1459 3808 1738 3853 commu·

189 3878 554 3942 nicationem
583 3883 991 3959 idiomatum,
1023 3902 1152 3945 non
1184 3884 1330 3964 quia
1361 3884 1480 3945 illae
1506 3886 1740 3964 passio·

185 3988 286 4033 nes
304 3973 384 4035 ad
409 3974 814 4039 divinitatem
833 3982 1158 4039 transeant
1177 3996 1192 4050 ;
1217 3979 1565 4039 secundum
1587 3996 1740 4041 vero

183 4084 300 4126 non
349 4074 622 4149 propter
669 4071 872 4132 solam
921 4072 1556 4133 communicationem
1589 4072 1744 4134 idio-

185 4168 412 4223 matum
436 4208 454 4238 ,
505 4164 624 4225 sed
663 4166 852 4227 etiam
891 4167 1038 4244 quia
1069 4164 1384 4227 interdum
1410 4165 1518 4227 illa
1550 4182 1742 4245 opera

183 4272 290 4331 per
313 4256 522 4335 ipsam
551 4260 1008 4321 humanitatem
1043 4260 1318 4339 perfecta
1349 4266 1513 4321 sunt.

253 4352 314 4411 6.
335 4351 438 4411 Ad
461 4350 753 4413 ultimam
775 4353 1338 4428 confirmationem,
1367 4371 1508 4432 quae
1537 4370 1746 4415 sume-

184 4440 358 4504 batur
383 4462 470 4506 ex
499 4444 878 4524 quibusdam
903 4446 1255 4522 effectibus,
1278 4448 1340 4507 in
1360 4448 1591 4525 quibus
1613 4463 1744 4507 non

187 4536 426 4599 videtur
455 4538 696 4599 habere
723 4539 936 4601 locum
957 4540 1290 4601 efficientia
1313 4539 1596 4619 physica,
1619 4558 1747 4601 res-

185 4630 496 4707 pondetur
549 4632 823 4711 primum
889 4634 1037 4694 satis
1096 4650 1236 4695 esse
1290 4634 1748 4696 humanitatem

185 4722 403 4786 Christi
445 4724 749 4787 habuisse
797 4728 956 4787 hanc
993 4726 1320 4806 physicam
1349 4727 1750 4789 efficientiam

187 4816 342 4879 circa
385 4818 536 4879 illos
573 4818 838 4881 effectus
889 4818 971 4879 ad
1020 4836 1180 4897 quos
1219 4827 1314 4881 est
1345 4820 1748 4897 necessaria3

187 4927 350 4987 nam,
387 4912 442 4973 si
489 4912 576 4973 ad
609 4913 859 4991 aliquos
893 4914 1248 4976 necessaria
1275 4932 1403 4977 non
1435 4919 1569 4991 est,
1621 4930 1752 4975 non

188 5004 322 5067 ideo
359 5007 428 5067 in
461 5007 604 5068 aliis
631 5010 730 5069 est
771 5009 1100 5089 neganda;
1135 5026 1280 5071 cum
1323 5011 1491 5071 enim
1529 5008 1754 5071 dicitur

191 5096 464 5162 Christus
493 5102 752 5163 efficere
792 5102 1046 5180 aliquod
1081 5103 1526 5165 miraculosum
1571 5120 1752 5181 opus,

189 5206 328 5255 vere
353 5212 430 5255 ac
461 5195 722 5273 proprie
753 5194 1122 5277 intelligitur
1147 5197 1323 5259 illum
1345 5198 1592 5258 efficere
1619 5212 1757 5257 mo-

189 5284 264 5347 do
289 5290 678 5363 necessario,
707 5288 811 5349 vel
833 5291 942 5351 tali
973 5290 1223 5353 effectui
1255 5291 1750 5365 accommodam,

195 5386 248 5442 et
277 5382 360 5443 ita
385 5382 662 5446 effectus
681 5384 972 5463 physicos
993 5384 1300 5447 efficiebat
1323 5386 1604 5465 physice,
1623 5401 1759 5445 mo-

191 5476 348 5538 rales
369 5476 728 5539 moraliter.
753 5478 943 5551 Sicut,
967 5496 1112 5541 cum
1134 5478 1358 5541 dicitnr
1383 5478 1758 5541 satisfecisse

189 5570 464 5647 perfecte
493 5586 620 5653 per
653 5569 1146 5651 humanitatem,
1175 5574 1326 5654 quia
1361 5572 1624 5637 effectus
1653 5572 1760 5637 ille

1803 500 2061 561 moralis
2086 505 2203 573 est,
2224 496 2459 577 optime
2484 496 2851 579 intelligitur
2874 498 2953 563 de
2978 504 3201 565 morali
3222 406 3369 585 pezo·

1799 593 2093 665 fectione,
2126 610 2241 655 seu
2286 591 2595 667 efficacia3
2648 598 2708 655 et
2748 612 2891 655 cum
2932 598 3214 675 permisit
3246 600 3369 662 Do-

1801 689 2011 749 minus
2036 687 2429 749 daemonibus
2453 692 2523 749 ut
2544 686 2610 747 in
2632 704 2857 767 porcos
2882 688 3207 767 intrarent,
3234 710 3365 755 non

1803 789 1898 845 est
1923 800 2183 845 necesse
2210 780 2623 844 intervenisse
2648 780 2971 863 physicam
2996 784 3361 863 efficaciam,

1803 876 1916 939 sed
1970 882 2213 937 tantum
2266 875 2778 955 permissionem,
2832 883 2895 938 et
2939 876 3020 938 ad
3066 878 3363 941 eumdem

1801 970 2061 1031 modum
2090 969 2213 1031 dici
2237 974 2443 1048 potest
2468 969 2535 1029 in
2562 968 2884 1032 similibus.
2920 969 3097 1033 Addo
3118 988 3267 1034 vero
3294 972 3367 1034 in

1803 1064 2097 1127 omnibus
2138 1063 2465 1125 effectibus
2501 1062 2567 1125 in
2600 1062 3075 1127 confirmatione
3102 1066 3209 1128 illa
3246 1082 3367 1127 nu-

1798 1159 2081 1234 meratis,
2101 1174 2287 1237 posse
2304 1156 2567 1237 intelligi
2588 1157 2913 1237 physicam
2936 1158 3361 1233 efficientiam3

1801 1252 2005 1332 potuit
2032 1251 2203 1313 enim
2238 1256 2309 1313 ut
2340 1250 2685 1331 expelleret
2708 1248 3055 1328 daemones,
3080 1252 3367 1315 effective

1802 1345 1942 1406 loco
1984 1364 2241 1407 movere
2284 1345 2475 1407 etiam
2513 1348 2983 1425 repugnantes,
3024 1344 3127 1407 vel
3164 1344 3371 1425 potuit

1807 1440 1998 1503 etiam
2022 1438 2459 1501 necessitatem
2506 1439 2831 1520 physicam
2868 1438 2989 1499 illis
3017 1438 3269 1513 inferre,
3300 1443 3371 1501 ut

1805 1534 1922 1614 ipsi
1980 1534 2411 1595 consentirent
2460 1538 2525 1595 et
2560 1550 2627 1595 se
2672 1538 3021 1595 moverent.
3065 1534 3141 1595 Et
3182 1532 3369 1593 simili

1803 1628 1999 1691 modo
2040 1629 2243 1707 potuit
2268 1644 2563 1689 revocare
2603 1626 2879 1688 animam
2908 1626 3143 1698 Lazari,
3169 1643 3372 1705 quan-

1805 1726 1940 1783 tum
1970 1721 2051 1783 ad
2070 1728 2311 1783 motum
2340 1722 2479 1800 ejus
2506 1719 2772 1783 localem
2794 1720 3090 1800 pertinet,
3112 1736 3263 1780 nam
3290 1717 3371 1779 de

1803 1816 2037 1878 unione
2061 1816 2225 1877 illius
2254 1812 2337 1876 ad
2362 1832 2616 1895 corpus,
2638 1830 2765 1874 non
2799 1819 2897 1875 est
2920 1812 3181 1874 dubium
3217 1812 3371 1892 quin

1801 1927 1918 1990 per
1952 1908 2279 1989 physicam
2310 1908 2709 1971 efficientiam
2739 1906 2878 1969 fieri
2912 1906 3225 1969 debuerit.
3250 1908 3373 1967 De·-

1803 2004 2019 2083 nique,
2051 2018 2195 2065 cum
2237 2002 2603 2067 ambulabat
2640 2019 2831 2081 super
2856 2017 3080 2081 aquas,
3125 2006 3374 2081 poterat

1806 2099 1904 2161 vel
1950 2098 2233 2161 effective
2294 2098 2605 2159 sustinere
2640 2096 2890 2177 pondus
2925 2096 3204 2176 corporis
3246 2093 3368 2169 sui,

1805 2192 1904 2254 vel
1924 2192 2249 2253 continere
2270 2208 2468 2271 aquas
2488 2210 2568 2254 ne
2594 2192 2734 2253 loco
2754 2188 3075 2253 cederent.
3090 2190 3163 2251 Et
3184 2190 3271 2251 sic
3290 2188 3373 2251 de

1809 2285 1949 2347 aliis
1977 2284 2305 2347 similibus,

2424 2470 2642 2525 sssc'rlo
2674 2470 2757 2523 w.

1817 2594 2007 2656 Utrum
2028 2594 2140 2652 haec
2168 2596 2344 2652 virtus
2373 2592 2651 2668 efficiendi
2676 2592 2970 2665 miracula,
2996 2608 3094 2652 seu
3112 2596 3371 2668 qratiam,

1881 2683 2057 2755 fuerit
2076 2682 2482 2739 communicata
2510 2680 2845 2737 humanitati
2872 2684 3132 2755 tanquam
3156 2681 3380 2755 princi-

1879 2768 2003 2841 pali
2026 2768 2230 2840 acenti,
2264 2766 2351 2823 vel
2381 2770 2641 2839 tanquam
2666 2766 3051 2824 instrumento.

1895 2954 1952 3011 1.
2000 2950 2136 3011 Non
2168 2948 2415 3029 agimus
2454 2946 2533 3009 de
2560 2962 2753 3009 causa
2781 2946 2983 3026 prima
3012 2962 3151 3026 quae
3178 2946 3243 3008 in
3274 2962 3379 3007 ac-

1809 3042 1983 3105 tione
2024 3060 2141 3105 sua
2186 3060 2225 3103 a
2267 3040 2612 3121 superioris
2650 3040 2891 3101 influxu
2942 3058 3071 3101 non
3114 3036 3372 3119 pendet.

1814 3139 1946 3199 Hoc
1978 3136 2147 3201 enim
2173 3135 2389 3211 modo,
2418 3150 2548 3197 non
2576 3134 2783 3196 solum
2817 3134 3121 3215 gratiam,
3149 3132 3252 3194 vel
3277 3150 3381 3195 su-

1812 3228 2241 3311 pernaturalia
2295 3245 2489 3309 opera
2517 3272 2533 3303 ‚
2590 3244 2811 3289 verum
2878 3244 3000 3288 nec
3060 3224 3383 3287 naturales

1811 3323 1985 3404 ipsas
2013 3324 2294 3385 actiones
2312 3370 2333 3395 ,
2374 3322 2619 3402 poterat
2646 3318 2924 3383 Christus
2951 3337 3067 3399 per
3090 3316 3385 3380 humani-

1815 3425 2012 3481 tatem
2040 3418 2286 3497 operari
2316 3440 2333 3492 ;
2375 3416 2524 3496 quia
2556 3418 2643 3493 (ut
2670 3432 2861 3493 supra
2904 3414 3141 3477 dictum
3170 3418 3289 3489 est,
3322 3416 3386 3475 et

1817 3530 1932 3593 per
1982 3530 2049 3573 se
2098 3513 2381 3588 constat)
2428 3510 2496 3569 in
2536 3508 2655 3570 illis
2686 3507 3070 3587 operabatur
3096 3513 3165 3568 ut
3192 3522 3389 3567 causa

1819 3604 2123 3677 secunda,
2156 3603 2445 3683 indigens
2470 3602 2710 3664 influxu
2738 3600 2957 3681 primae
2985 3618 3210 3663 causae.
3246 3598 3391 3678 Agi-

1819 3719 1963 3762 mus
1992 3716 2143 3779 ergo
2180 3696 2258 3759 de
2288 3714 2477 3759 causa
2510 3694 2841 3777 principali
2871 3740 2887 3768 ,
2934 3712 3011 3756 eo
3040 3692 3229 3754 modo
3261 3708 3389 3771 quo

1821 3810 2012 3856 cansa
2044 3791 2321 3853 secunda
2347 3790 2537 3853 habet
2563 3790 2632 3850 in
2662 3806 2777 3849 suo
2826 3786 3043 3848 ordine
3081 3786 3393 3847 sufficien-

1821 3894 1949 3949 tem
1990 3886 2283 3947 virtutem
2326 3884 2408 3945 ad
2454 3882 2745 3945 effectum
2782 3878 3283 3961 producendum.
3316 3878 3393 3940 Et

1823 3978 2169 4061 praesertim
2204 3994 2341 4040 esse
2370 3982 2577 4057 potest
2601 3974 2933 4037 difficultas
2956 3972 3037 4035 de
3060 3972 3392 4034 effectione

1827 4073 2083 4155 gratiae3
2118 4072 2360 4132 namin
2400 4068 2717 4147 Scriptura
2760 4084 2939 4129 sacra
2966 4064 3247 4129 Christus
3272 4064 3399 4126 Do-

1825 4168 2033 4229 minus
2059 4164 2286 4225 dicitur
2313 4163 2457 4225 fons
2490 4168 2553 4224 et
2582 4167 2802 4224 auctor
2832 4160 3072 4241 gratiae,
3114 4160 3291 4240 juxta
3322 4157 3398 4219 il-

1824 4261 1936 4321 lud
1982 4258 2168 4321 Joan.
2216 4260 2247 4318 1
2308 4276 2321 4318 ε
2382 4256 2607 4323 Gratia
2652 4261 2711 4321 et
2763 4253 2991 4317 veritas
3034 4268 3143 4335 per
3184 4253 3396 4315 Jesum

1827 4353 2137 4418 Christum
2178 4353 2347 4430 facta
2375 4355 2515 4421 πω
2540 4355 2603 4411 et
2631 4348 2713 4410 ad
2742 4348 2972 4428 Ephes.
3012 4350 3035 4409 l
3081 4366 3096 4405 ε
3146 4344 3401 4424 &ratifi-

1825 4448 1991 4513 cavit
2016 4440 2133 4509 ποί
2152 4445 2218 4507 in
2248 4444 2457 4508 dilecto
2484 4443 2660 4507 Filio
2684 4460 2789 4507 ruo
2806 4469 2833 4516 ;
2864 4459 3013 4523 ergo
3040 4447 3133 4503 est
3160 4440 3399 4520 princi-

1827 4540 1985 4620 palis
2034 4556 2225 4601 causa
2274 4539 2513 4619 gratiae.
2560 4537 2874 4610 Secunde,
2928 4536 3077 4615 quia
3118 4534 3424 4597 Christus'

1833 4640 1926 4695 est
1956 4650 2071 4712 per
2106 4650 2177 4693 se
2206 4636 2423 4713 gratus
2450 4648 2565 4711 per
2594 4632 2956 4706 essentiam,
2984 4630 3086 4690 alii
3112 4644 3226 4708 per
3255 4644 3397 4707 par-

1831 4728 2302 4807 ticipationem3
2354 4728 2489 4805 ipse
2532 4724 2728 4787 habet
2774 4744 2811 4786 a
2858 4742 2927 4785 se
2973 4724 3262 4805 gratiam,
3294 4720 3401 4782 alii

1833 4820 1914 4881 ab
1937 4822 2116 4899 ipso;
2156 4820 2291 4898 ipse
2339 4822 2431 4879 est
2478 4818 2801 4897 exemplar
2828 4818 2929 4879 cui
2964 4816 3067 4877 alii
3106 4832 3223 4895 per
3260 4828 3403 4895 gra-

1833 4914 1985 4977 tiam
2014 4912 2371 4975 efficiuntur
2398 4910 2633 4973 similes
2654 4924 2676 4989 3
2706 4910 2815 4973 sed
2836 4908 2934 4971 hoe
2962 4913 3107 4970 sunt
3126 4906 3406 4988 proprie·

1833 5014 1997 5071 tates
2028 5024 2234 5068 causae
2254 5006 2655 5085 principalis;
2690 5020 2865 5084 ergo,
2892 5002 3125 5079 Tertia,
3157 5000 3328 5083 quia,
3354 5000 3405 5063 si

1834 5102 2193 5164 humanitas
2219 5101 2442 5163 Christi
2466 5105 2707 5163 tantum
2732 5104 2895 5161 esse-t
2916 5100 3402 5160 instrumentum

1839 5198 2079 5278 gratiis,
2112 5194 2371 5257 baberet
2398 5196 2661 5276 gratiam
2682 5194 2870 5256 modo
2892 5196 3101 5255 minus
3126 5191 3403 5270 perfecto

1839 5306 2032 5369 quam
2062 5288 2141 5351 sit
2166 5289 2233 5352 in
2256 5288 2517 5367 effectu,
2558 5289 2707 5366 quia
2730 5289 3253 5359 instrumentum,
3286 5298 3405 5342 nec

1837 5384 2207 5461 formaliter,
2227 5400 2435 5462 neque
2462 5382 2811 5445 eminenter
2829 5381 3111 5443 continet
3136 5376 3406 5438 formam

1841 5493 2035 5560 quam
2082 5476 2330 5541 effectui
2378 5476 2832 5565 communicat,
2884 5474 2997 5535 sed
3040 5468 3317 5533 inferiori
3348 5472 3412 5529 et

1839 5576 2052 5636 minus
2103 5570 2380 5655 perfecto
2428 5570 2640 5633 modo.
2698 5569 2951 5644 Quarto,
3000 5565 3149 5645 quia
3204 5576 3413 5625 sacra·
