3892 6167
518 436 837 518 gatiouem
884 449 1243 514 repugnare
1290 448 1435 494 cum
1473 427 1751 511 perfecta
1794 424 2078 491 satisfac·

516 531 688 594 tione
737 527 821 592 de
860 529 1069 609 rigore
1106 527 1359 608 justitia
1380 532 1499 600 ,ut
1524 525 1679 587 sutis
1708 523 1945 585 dictum
1979 523 2078 583 est

516 623 585 685 iu
612 641 675 702 q.
707 626 773 697 v41,
798 627 919 684 nrt.
943 622 1007 682 2.
1036 620 1344 683 Probatur
1370 637 1521 700 ergo
1550 616 1897 688 conclusio,
1927 615 2078 696 quis

518 716 801 780 Christus
816 713 1151 777 tenebatur
1166 731 1381 776 amare
1408 713 1631 787 Deum,
1654 717 1721 773 et
1746 726 1874 772 non
1902 727 2076 771 meu-

516 807 646 882 tiri,
666 816 730 871 et
748 807 949 870 vilare
970 807 1097 868 alia
1124 824 1269 885 quae
1288 805 1789 868 suntintrinsecs
1804 802 1994 864 mala.

600 904 663 962 3.
708 898 991 979 objectio.
1020 931 1098 948 —
1130 898 1487 978 Responsio.
1522 929 1603 946 ·-
1628 897 1805 958 Dices
1837 915 1854 957 ι
1888 894 2074 957 etiam

518 993 794 1063 mentiri,
824 991 927 1054 vel
968 1009 1109 1053 esse
1136 990 1463 1052 infidelem
1489 991 1555 1051 in
1580 989 1907 1069 promissis
1944 1004 2080 1050 scr·-

517 1085 763 1161 vaudis,
790 1092 885 1146 est
915 1085 1251 1147 intrinsece
1272 1084 1508 1146 malum
1532 1089 1829 1163 respectu
1846 1081 2074 1143 divium

516 1180 877 1254 voluntatiS,
908 1183 1213 1240 ettamen
1238 1195 1363 1238 uon
1390 1183 1723 1258 propterea
1734 1177 1899 1238 Deus
1920 1174 2075 1236 obli-

518 1279 703 1354 gutur
728 1276 1061 1352 precepto,
1090 1270 1203 1334 sed
1230 1270 1523 1332 voluntas
1550 1269 1690 1349 ejus
1714 1271 1937 1331 natum
1960 1285 2076 1329 sua

518 1365 833 1428 abstractu
876 1370 994 1440 est,
1022 1367 1085 1426 et
1116 1363 1373 1426 omuino
1402 1362 1611 1424 aliena
1636 1362 1721 1424 ab
1752 1361 1923 1424 omni
1959 1361 2076 1422 hu·

510 1456 789 1537 Jusmodi
818 1459 1009 1518 mule.
1050 1455 1492 1536 Respondetur
1506 1500 1527 1531 ,
1561 1454 1707 1516 hinc
1754 1461 1927 1517 recte
1975 1471 2076 1516 se-

518 1551 631 1630 qui
654 1597 669 1620 ,
718 1549 1023 1612 voluntati
1074 1549 1297 1610 Christi
1340 1566 1421 1610 ex
1474 1549 1533 1612 vi
1586 1555 1651 1610 et
1704 1553 1933 1610 natura
1987 1553 2076 1608 ta-

516 1643 672 1704 lium
701 1641 1091 1722 objectorum
1113 1641 1538 1704 necessarium
1566 1657 1731 1717 esse,
1746 1640 1830 1702 ad
1847 1639 2076 1702 hones·

518 1742 717 1798 tatem
740 1751 1024 1809 morum,
1055 1753 1137 1797 ea
1166 1734 1363 1797 vitare
1392 1753 1535 1814 quai
1562 1739 1709 1796 suut
1734 1733 2074 1798 intrinsece

516 1827 708 1906 mala,
740 1829 985 1892 etiamsi
1026 1845 1137 1908 per
1166 1828 1552 1890 intellectum
1578 1826 2075 1908 praescindamus

518 1939 775 1986 omnem
820 1921 1030 2001 legem
1078 1921 1423 2001 superioris
1446 1967 1465 1994 ‚
1512 1920 1685 2001 quod
1740 1935 2074 1983 commuue

520 2020 619 2078 est
654 2015 899 2078 Christo
951 2032 1097 2076 cum
1146 2013 1289 2076 eliis
1332 2015 1625 2078 omnibus
1672 2013 1781 2094 qui
1829 2013 2076 2076 ratione

520 2113 803 2184 utuntur,
826 2112 897 2168 ut
923 2107 1111 2169 latius
1139 2107 1205 2168 in
1236 2111 1295 2169 1.
1318 2111 1357 2170 2
1380 2113 1699 2170 tracmtur.
1724 2108 1815 2170 Ex
1842 2107 1966 2170 hoc
1987 2112 2080 2167 ta·

518 2219 667 2265 meu
695 2201 959 2264 ulterius
986 2201 1292 2280 sequitur,
1316 2201 1703 2262 voluntatem
1724 2199 1941 2262 Christi
1965 2199 2078 2261 bu-

518 2311 797 2370 manam,
828 2312 907 2356 eo
932 2294 1107 2372 quod
1130 2293 1445 2356 inferioris
1470 2293 1707 2354 ordinis
1732 2299 1849 2367 est,
1881 2298 1943 2354 et
1971 2309 2074 2352 su-

516 2387 834 2467 periorem
860 2387 1073 2459 habet,
1104 2387 1307 2448 teneri
1338 2403 1417 2448 ex
1450 2393 1765 2467 praecepto
1790 2386 2075 2464 superio-

516 2479 626 2557 ris,
675 2480 846 2559 quod
886 2499 1003 2560 per
1040 2481 1392 2542 naturalem
1420 2480 1731 2542 rationem
1758 2479 1844 2540 illi
1872 2479 2077 2542 maui-

512 2571 798 2647 testatur,
825 2572 959 2636 haeo
978 2574 1189 2636 omnia
1210 2573 1380 2634 mala
1408 2574 1627 2649 vitare,
1642 2573 1743 2634 vel
1760 2573 2075 2634 contraria

514 2665 685 2732 bone
724 2667 935 2730 facere
955 2711 977 2743 ,
1018 2669 1167 2748 quia
1215 2667 1347 2730 lucc
1391 2667 1693 2747 obligatio
1750 2673 1845 2729 est
1894 2667 2076 2746 quasi

514 2760 869 2841 proprietas
904 2761 1245 2824 intrinseca
1296 2767 1361 2822 et
1398 2759 1827 2822 connaturalis
1876 2760 2075 2822 ratio-

514 2852 645 2916 nali
685 2860 927 2916 natura
947 2898 967 2929 ,
1006 2871 1151 2934 quat,
1204 2854 1595 2934 superiorem
1635 2853 1863 2928 babet,
1894 2853 2076 2932 cujus

516 2943 955 3028 gubernationi
1004 2952 1071 3008 et
1118 2945 1525 3027 providentiae
1568 2945 1815 3008 subdita
1864 2945 1964 3008 sit.
1997 2947 2074 3006 Et

512 3039 649 3102 boe
674 3039 993 3102 conclusio
1022 3039 1309 3119 procedit
1336 3046 1467 3101 tam
1495 3038 1575 3101 do
1605 3057 1765 3119 pura
1790 3039 1934 3120 lege
1961 3057 2074 3100 na-

516 3130 701 3196 tus-ali
717 3175 741 3208 ‚
784 3148 929 3210 quoe
974 3131 1407 3195 consideratur
1446 3139 1737 3212 respectu
1778 3133 2072 3194 humana

516 3231 757 3288 naturoe
784 3225 1039 3305 praecise
1066 3231 1353 3307 sumptos,
1372 3241 1563 3304 quam
1586 3225 1667 3288 de
1684 3225 1827 3306 lege
1852 3243 2074 3305 super-

516 3318 828 3392 naturali,
878 3336 1023 3398 quae
1068 3319 1491 3380 connaturalis
1541 3325 1639 3381 est
1682 3320 1919 3399 gratiae,
1961 3335 2076 3380 seu

514 3417 759 3474 natum
786 3419 855 3474 ut
880 3413 1141 3474 elevata
1164 3429 1283 3491 per
1320 3415 1589 3494 gratiam
1617 3416 1683 3474 et
1706 3417 2077 3492 supernatu-

514 3505 713 3568 ralem
740 3506 1197 3585 cognitionem3
1232 3511 1325 3568 est
1352 3505 1525 3568 euim
1550 3505 1775 3568 eadem
1801 3505 1964 3569 ratio
1991 3505 2074 3566 ds

515 3603 805 3678 utraque.
842 3599 967 3660 Nec
1008 3617 1159 3660 vero
1196 3605 1296 3660 est
1334 3597 1506 3678 quod
1552 3598 1949 3677 inquiramus
1989 3615 2074 3659 eu

512 3693 791 3770 potuerit
820 3693 1099 3754 Christus
1124 3709 1255 3754 nou
1286 3692 1553 3771 obligari
1582 3694 1701 3754 hac
1722 3693 1865 3773 lege
1888 3699 2074 3755 natu·-

514 3783 629 3848 rali
644 3831 667 3862 ,
702 3784 805 3848 vel
844 3803 925 3848 un
956 3787 1228 3866 potuerit
1266 3805 1411 3848 cum
1454 3805 1531 3848 eo
1574 3787 1639 3848 iu
1668 3787 1789 3848 hoc
1818 3785 2076 3866 dispen-

514 3895 691 3951 sare;
728 3896 857 3942 non
888 3879 1057 3940 enim
1084 3879 1513 3960 magis‘potuit
1537 3879 1674 3941 haec
1698 3878 2001 3958 obligatio
2031 3897 2074 3940 a

514 3971 757 4036 Christo
788 3972 1065 4048 homine,
1093 3991 1287 4052 quum
1310 3973 1395 4034 ab
1420 3973 1561 4034 aliis
1587 3973 1947 4034 homiuibus
1973 3990 2074 4034 se-

505 4066 717 4146 jungi,
756 4067 905 4146 quin
934 4067 1043 4144 (ut
1068 4065 1233 4143 dixi)
1262 4074 1359 4127 est
1390 4066 1571 4146 quasi
1596 4065 1901 4128 naturalis
1926 4083 2070 4146 pro·

512 4160 747 4239 prietes
788 4178 1185 4240 consequens
1224 4161 1571 4234 humanam
1616 4163 1929 4222 usturam.
1976 4162 2071 4220 An

512 4269 664 4316 vero
710 4253 1015 4314 naturalis
1064 4252 1166 4314 lex
1206 4252 1570 4332 simpliciter
1608 4251 1841 4316 auferri
1874 4252 2074 4331 possit

516 4349 626 4406 aut
641 4343 1015 4423 dispensari,
1028 4362 1157 4405 non
1174 4350 1273 4406 est
1288 4347 1407 4406 hoc
1430 4344 1570 4408 loco
1596 4345 2070 4424 disputandum,

514 4453 660 4498 cum
694 4436 761 4498 in
792 4438 1059 4500 materia
1086 4437 1165 4500 de
1204 4437 1451 4516 legibus
1490 4438 1819 4519 proprium
1844 4438 2076 4501 bahem

512 4531 743 4594 locum.
1875 4582 1887 4595 .

592 4627 653 4688 4.
700 4623 983 4689 Christus
1004 4627 1295 4692 immunis
1320 4627 1521 4706 laeum
1544 4626 1970 4690 humanarum.
1992 4659 2075 4678 --·

510 4716 662 4780 Dico
694 4718 1009 4780 secundo:
1054 4719 1332 4782 Christus
1374 4720 1673 4781 Dominus
1722 4719 1911 4780 nullis
1955 4719 2074 4782 hu·

513 4811 723 4880 manis
750 4811 999 4892 legibus
1026 4811 1350 4892 subjectus
1375 4813 1514 4887 fuit,
1536 4813 1825 4892 quamvis
1852 4812 1933 4876 de
1962 4812 2076 4874 ab·-

513 4899 717 4967 soluta
738 4903 851 4966 Dei
882 4905 1163 4983 potentia
1186 4906 1539 4985 subjectum
1566 4923 1705 4968 esse
1736 4924 1864 4968 uon
1884 4924 2074 4987 repu-

514 4995 821 5072 gnaverit.
854 4996 1027 5059 Prior
1046 5016 1195 5078 pars
1220 4999 1529 5078 probatur
1552 4999 1785 5078 optime
1829 4999 1936 5061 illa
1973 5018 2072 5062 ra-

511 5087 709 5161 tione,
744 5089 894 5168 quin
918 5091 1197 5153 Christus
1220 5093 1413 5154 etiam
1442 5093 1507 5154 iu
1534 5092 1925 5155 humanitate
1956 5111 2072 5154 sua

514 5178 735 5244 hahuit
784 5181 1133 5246 dominium
1190 5193 1253 5247 et
1291 5186 1399 5266 jus
1448 5185 1785 5268 superioris
1830 5185 2072 5248 ordinis

514 5289 703 5354 super
734 5291 953 5340 omues
990 5275 1281 5339 hemines
1308 5297 1423 5358 per
1459 5283 1833 5358 potestatem
1868 5279 2074 5342 excel·

512 5366 751 5443 leutioe,
781 5374 853 5434 ut
876 5369 1064 5432 latius
1088 5370 1257 5433 iufra
1274 5418 1297 5448 ‚
1324 5391 1384 5452 q.
1416 5376 1521 5446 22,
1560 5371 1785 5436 dicturi
1806 5389 2067 5448 sumus;

514 5475 645 5522 non
676 5477 829 5542 ergo
853 5463 1055 5543 magis
1078 5465 1281 5546 poluit
1301 5463 1597 5530 humanis
1630 5466 1877 5546 legibus
1916 5466 2070 5528 obli·

1756 328 1990 392 QUAEST.
2027 327 2133 380 XX.
2167 327 2373 386 AR‘UG,
2407 329 2468 383 ll.

2157 427 2316 508 gari,
2347 445 2538 508 quam
2569 427 2906 509 possitrex
2935 424 3078 507 lege
3103 424 3232 492 leta
3255 425 3347 490 sb
3379 425 3604 506 aliquo
3622 429 3721 490 sihi

2155 519 2404 583 subdito
2433 520 2718 601 obligari.
2751 519 2954 595 Unde,
2979 519 3200 584 Mattb.
3229 522 3338 596 Π,
3355 519 3466 582 ‘de
3495 519 3720 599 legibus

2155 613 2532 678 tributorum
2560 633 2756 696 agens
2773 659 2792 688 ,
2819 613 2952 694 ipsc
2977 613 3322 677 conclusit:
3355 613 3546 692 Eryo
3567 613 3720 678 litam·

2157 709 2302 770 sust
2323 705 2480 786 fiai,-
2495 723 2690 787 quem
2709 707 2917 770 locum
2947 708 3162 770 Patres
3195 724 3449 770 omnes
3471 704 3556 766 de
3575 705 3724 768 Clui-

2157 803 2254 861 sto
2283 798 2664 878 intelligunt,
2693 806 2864 864 etex
2899 799 3008 864 illo
3035 800 3348 881 colligunt
3377 799 3718 878 Theolcgi.

2157 891 2222 954 in
2249 893 2312 968 2,
2330 892 2394 957 d.
2411 895 2514 970 44,
2535 893 2850 956 Christum
2873 911 3004 956 non
3027 892 3217 956 fuisse
3237 892 3618 972 subiectum
3641 911 3723 954 re-

2157 985 2342 1064 gibus
2369 986 2846 1066 temporalibus.
2886 986 2972 1048 De
2997 1003 3125 1066 quo
3153 985 3364 1048 videri
3415 989 3635 1064 potest.
3660 987 3716 1049 D.

2155 1077 2428 1142 Thomas
2475 1079 2587 1154 ibi,
2617 1097 2680 1159 q.
2715 1083 2781 1155 2,
2817 1084 2936 1143 art.
2961 1083 3036 1152 Ως
3068 1080 3305 1142 Bonas.
3329 1123 3361 1155 ,Α
3389 1085 3529 1140 art.
3563 1081 3624 1154 3,
3663 1096 3721 1156 q.

2159 1174 2226 1244 ις
2253 1174 2426 1248 Soto,
2447 1173 2514 1234 in
2527 1173 2668 1255 ΛΑ.
2690 1175 2794 1251 25,
2807 1189 2876 1252 q.
2893 1173 2956 1246 2,
2977 1175 3150 1234 arm
3169 1191 3186 1246 ;
3208 1173 3714 1246 Turn-serenata,

2155 1265 2264 1328 lib.
2301 1269 2340 1327 4
2365 1266 2580 1343 Sum.,
2619 1284 2685 1346 p.
2733 1267 2798 1341 4,
2841 1283 2898 1327 c.
2945 1265 3050 1341 37,
3093 1263 3202 1326 ubi
3253 1263 3514 1336 mser-t,
3539 1264 3718 1327 dosu-

2155 1377 2306 1422 uem
2331 1361 2516 1433 XXII,
2549 1360 2928 1424 contrariam
2951 1359 3336 1422 senteutiam
3355 1403 3378 1432 ,
3430 1373 3583 1437 que
3621 1357 3719 1419 fuit

2153 1453 2409 1516 Hersilii
2451 1454 2764 1531 Patavini,
2807 1452 3039 1516 erroris
3073 1451 3458 1516 damnsaee.
3496 1452 3576 1514 Et
3603 1453 3722 1514 haec

2156 1547 2472 1610 conclusio
2497 1548 2701 1627 magis
2729 1545 3042 1611 constabit
3071 1563 3148 1608 ox
3173 1543 3484 1610 dicendis
3503 1545 3576 1609 in
3591 1563 3720 1606 cou-

2156 1641 2436 1704 clusione
2461 1642 2776 1720 sequenti.

2235 1736 2297 1796 5.
2345 1733 2628 1814 objectio.
2651 1767 2730 1782 -
2757 1735 3107 1816 Respmsio.
3134 1763 3216 1784 --
3243 1731 3552 1799 caristus
3591 1749 3718 1814 quo-

2153 1827 2324 1892 modo
2361 1826 2556 1892 matri
2597 1827 2926 1909 sumens.
2955 1861 3038 1876 -
3073 1826 3200 1892 Sed
3254 1829 3498 1890 consta
3523 1873 3541 1899 ,
3592 1825 3720 1903 qnia

2155 1921 2436 1984 Clu-istus
2485 1920 2824 1984 tenebatur
2873 1921 3131 1985 obedire
3175 1920 3408 1996 Matri,
3461 1919 3568 1981 cui
3605 1925 3718 1980 erat

2157 2012 2468 2084 subditus,
2491 2013 2637 2078 Luc.
2665 2017 2728 2076 2.
2755 2015 3216 2094 Respondemr,
3247 2019 3495 2094 sponte
3523 2029 3638 2072 sua
3659 2027 3716 2072 sc

2155 2107 2244 2169 illi
2275 2105 2628 2188 subdidisse
2659 2107 2820 2170 sieut
2858 2108 3174 2188 sompho,
3211 2107 3368 2187 ,inre
3403 2109 3630 2167 tumen
3665 2107 3716 2164 ct

2155 2199 2220 2260 iu
2247 2200 2456 2279 rigore
2485 2217 2616 2264 non
2640 2199 2835 2262 fuisse
2865 2200 3240 2281 obligatum,
3259 2199 3424 2280 quia
3453 2203 3712 2278 potestas

2157 2291 2539 2355 excellentias
2575 2299 2642 2356 et
2661 2293 3036 2374 jurisdictio,
3079 2311 3272 2372 quam
3297 2293 3590 2355 Christus
3622 2290 3712 2350 ba·

2153 2384 2370 2463 hebet,
2422 2385 2614 2448 etiem
2661 2387 2723 2448 in
2779 2392 3048 2449 matrem
3099 2401 3324 2461 suam,
3359 2391 3512 2446 erat
3549 2399 3708 2462 supe·

2153 2477 2284 2540 rior
2319 2484 2384 2540 et
2425 2479 2665 2541 altioris
2695 2479 2954 2542 ordinis.
3003 2478 3232 2542 Dices:
3265 2495 3440 2558 ergo
3465 2494 3597 2539 uon
3641 2483 3708 2537 te·

2155 2570 2428 2634 uebatur
2451 2571 2732 2636 Christus
2761 2572 2868 2635 illu
2893 2571 3040 2654 lege
3081 2572 3359 2634 naturali
3411 2589 3545 2652 qua
3573 2569 3704 2630 obli-

2157 2673 2386 2746 gentur
2413 2664 2528 2726 filii
2557 2665 2764 2729 celere
2788 2670 3088 2745 parentes
3105 2709 3131 2743 ,
3179 2671 3245 2728 et
3281 2665 3555 2726 obedire
3579 2662 3701 2732 illis,

2155 2758 2328 2840 quod
2353 2765 2450 2822 est
2473 2765 2692 2822 contra
2717 2759 3186 2841 praecedentem
3216 2757 3700 2820 conclusionem.

2153 2852 2596 2934 Respondetur
2615 2853 2982 2935 simpliciter
3003 2853 3300 2934 negando
3327 2866 3702 2931 consequen·

2153 2947 2344 3020 tinam
2371 2948 2708 3012 tenebatur
2730 2947 2902 3010 enim
2939 2946 3219 3010 Christus
3243 2944 3562 3026 pietatem
3591 2959 3700 3002 ser·

2151 3058 2304 3102 vare
2325 3043 2622 3119 respectu
2645 3042 2901 3117 matris3
2935 3047 3174 3114 tamen,
3207 3038 3366 3120 quia
3409 3038 3540 3100 hoc
3567 3053 3700 3116 pm-

2153 3141 2408 3215 ceptum
2437 3135 2878 3197 affirmativum
2907 3141 3004 3198 est
3025 3181 3042 3210 ,
3087 3152 3218 3197 nou
3261 3149 3526 3213 semper
3557 3129 3696 3192 obli·

2154 3233 2282 3307 gat,
2323 3243 2536 3305 neque
2559 3227 2786 3290 eedem
2827 3227 3058 3305 modo,
3079 3245 3292 3307 neque
3335 3226 3428 3288 ad
3466 3223 3696 3286 eosdem

2156 3325 2359 3396 actus,
2397 3320 2512 3382 sed
2531 3321 2714 3399 juxta
2747 3327 3150 3384 occurrentes
3175 3317 3688 3390 circumstantis83

2155 3414 2390 3492 etquis
2417 3415 2514 3476 hee
2531 3415 2599 3476 iu
2621 3414 2864 3477 Christo
2897 3419 3082 3478 eruut
3107 3415 3306 3478 multo
3327 3413 3590 3476 alterius
3612 3427 3690 3470 ra·

2153 3507 2344 3569 tionis
2367 3525 2559 3587 quum
2585 3508 2652 3569 in
2685 3509 2826 3570 aliis
2853 3507 3250 3584 hominibus,
3281 3507 3431 3571 ideo
3471 3506 3686 3568 divense

2154 3598 2344 3662 modo
2373 3599 2636 3681 obligari
2665 3601 2870 3681 potuit
2897 3601 3008 3664 illo
3031 3607 3374 3682 praecepto.

2233 3694 2293 3755 6.
2341 3693 2684 3777 Leqislator
2703 3695 2988 3776 quomodo
3015 3695 3320 3775 obliyatm·
3341 3693 3474 3778 loys
3493 3708 3680 3756 suae-

2153 3786 2306 3848 Dico
2342 3786 2530 3848 tertio
2577 3805 2593 3848 ι
2627 3787 2908 3850 Christus
2941 3786 3242 3849 nonnum
3271 3803 3406 3849 non
3431 3785 3544 3846 fuit
3567 3781 3686 3844 sub·

2149 3878 2355 3958 jectus
2391 3878 2512 3940 illis
2548 3879 2776 3941 divinis
2813 3879 3061 3959 legibus
3104 3879 3388 3960 positivis
3430 3893 3566 3959 quae
3587 3891 3680 3954 pro

2152 3972 2446 4034 universa
2471 3973 2752 4036 Ecclesia
2781 3979 2890 4036 aut
2925 3973 3264 4036 Israelitico
3293 3972 3528 4054 populo
3549 3969 3680 4032 dstoe

2153 4077 2318 4128 sunt.
2347 4065 2735 4142 Declaratur,
2756 4067 2906 4147 quia
2926 4068 3056 4130 baec
3079 4067 3182 4130 lex
3209 4071 3458 4130 tantum
3485 4071 3572 4128 est
3589 4061 3678 4123 du·

2151 4160 2320 4240 plex,
2345 4175 2510 4220 nova
2527 4164 2594 4222 et
2620 4165 2838 4235 vetus3
2872 4159 2954 4223 de
2981 4177 3145 4223 nova
3173 4160 3354 4223 facile
3388 4157 3674 4241 probatur.-

2155 4253 2304 4332 quia
2327 4252 2591 4334 ipsemet
2615 4253 2890 4317 Christus
2915 4255 3031 4318 fuit
3053 4261 3275 4317 auctor
3305 4260 3372 4316 et
3395 4251 3674 4333 legislatol’

2153 4347 2343 4426 huJus
2368 4345 2553 4427 legis.
2579 4347 3113 4411 Considerandum
3153 4367 3311 4411 vero
3343 4356 3451 4410 est·
3463 4341 3671 4425 legisla-

2154 4447 2322 4502 tores
2339 4439 2653 4502 bumauos
2667 4440 2986 4504 interdum
3007 4442 3270 4520 obligari
3289 4441 3532 4522 legibus
3543 4433 3664 4500 suis,

2154 4531 2410 4612 quaudo
2427 4533 2548 4596 iuae
2572 4540 2906 4596 versantur
2929 4535 2996 4596 in
3018 4535 3282 4597 materia
3307 4550 3486 4614 mque
3505 4529 3576 4592 ad
3595 4527 3666 4604 ip·

2155 4643 2260 4688 sos
2289 4625 2681 4706 legislatores
2709 4627 3094 4707 pertinente,
3131 4628 3263 4690 sive
3301 4627 3426 4689 boc
3449 4626 3522 4687 sit
3547 4618 3664 4699 quit

2156 4717 2274 4780 sub
2317 4719 2436 4780 bac
2463 4719 2822 4782 conditione
2866 4727 3205 4783 censentur
3239 4720 3548 4800 accepisse
3573 4729 3662 4791 po·

2153 4817 2446 4874 testatem
2473 4807 2718 4875 ferendi
2747 4813 2960 4895 leges;
2989 4813 3122 4876 sive
3148 4813 3298 4894 quia
3323 4813 3424 4874 lex
3449 4815 3662 4872 naturu—

2151 4906 2230 4970 lis
2261 4923 2371 4968 eos
2401 4905 2650 4987 subjicit
2671 4907 2906 4970 talibus
2942 4907 3214 4988 legibus,
3257 4925 3336 4970 eo
3375 4907 3500 4988 ipso
3523 4895 3658 4981 quod

2153 5005 2300 5062 suut
2325 4998 2610 5080 ejusdem
2645 5006 2844 5064 status
2869 5006 2934 5062 et
2957 5000 3330 5063 conditionis
3371 5015 3504 5062 cum
3527 4989 3654 5060 aliis,

2151 5093 2232 5154 ad
2259 5109 2422 5170 quos
2444 5092 2620 5172 leges
2643 5093 2971 5167 {ornatui-3
3005 5093 3070 5154 in
3091 5094 3334 5155 Christo
3359 5097 3548 5155 autem
3561 5085 3654 5144 Do·

2149 5187 2324 5249 mino
2351 5185 2470 5247 boc
2495 5203 2627 5248 nou
2655 5184 2841 5248 babet
2865 5186 3078 5248 locum
3103 5192 3392 5266 respectu
3411 5181 3552 5262 legis
3568 5190 3651 5236 110‘

2149 5295 2246 5341 γε,
2273 5296 2314 5339 a
2337 5295 2408 5340 se
2427 5277 2716 5354 couditae,
2753 5283 2888 5340 tum
2919 5280 3066 5358 quia
3098 5297 3230 5341 uon
3265 5279 3388 5341 sub
3412 5279 3650 5338 haccon·

2151 5371 2388 5436 ditione
2415 5373 2658 5453 accepit
2679 5377 3060 5452 potestatem
3085 5371 3486 5454 legislativum
3501 5413 3517 5440 ,
3541 5375 3646 5442 111¹ae

2153 5469 2216 5530 in
2244 5467 2376 5546 ipso
2405 5465 2433 5528 f
2433 5467 2520 5531 uit
2543 5465 2798 5530 alterius
2826 5471 2894 5529 et
2913 5467 3370 5532 excellentioris
3395 5456 3638 5528 rationisz
