3892 6167
575 397 700 462 294
1333 375 1340 382 ’
1789 399 2028 464 ρυιεετ.
2060 401 2237 456 xvm.
2269 398 2473 456 Amic.
2506 399 2594 456 lv.

576 510 806 580 natur,
852 501 1024 584 quod
1053 517 1245 584 supra
1271 501 1578 580 diximus,
1624 501 1824 566 Deum
1857 501 2147 566 absoluta
2227 517 2375 566 nem
2416 519 2494 564 ex
2530 499 2591 564 vi
2630 495 2862 562 amoris
2912 492 3127 574 divini,
3171 493 3317 579 quia
3354 493 3486 562 illud
3521 518 3675 582 praee·
3782 503 3785 564 f

577 595 898 660 voluntate
941 595 1428 678 proedefinivisse
1463 615 1686 660 omnes
1726 601 1900 660 actus
1923 595 2146 659 volun·
2228 602 2409 675 ptum
2436 593 2587 658 satis
2618 590 2936 656 observari
2967 592 3206 672 potest,
3252 589 3347 652 vel
3386 593 3612 675 eligendo
3628 597 3677 660 il-
3782 577 3785 614 ²

579 691 727 756 tatis
750 690 996 766 Christi,
1024 707 1184 770 quos
1206 691 1498 754 habitura
1517 696 1652 756 erat
1671 690 1965 754 omnibus
1992 696 2147 754 tem·
2226 687 2341 752 lud
2380 693 2685 768 tanquam
2730 683 3010 748 medium
3050 685 3455 747 necessarium
3487 687 3552 749 ad
3573 707 3679 753 amo
3782 667 3785 706 ³

583 785 838 868 poribus
861 790 925 847 et
944 783 1320 870 momentisj
1351 785 1524 866 quod
1545 783 1848 866 possibile
1868 801 2008 848 esse
2032 785 2146 848 du·
2229 799 2389 858 rem,
2416 781 2516 846 vel
2542 799 2659 862 per
2705 797 2841 844 sese
2872 777 3027 840 illud
3055 775 3320 840 volendo
3342 787 3558 862 propter
3572 785 3681 846 saria
3783 771 3784 782 ’

585 880 772 946 bituri
795 898 926 942 non
947 881 1192 960 potest3
1221 879 1309 942 ita
1326 899 1476 944 vero
1495 880 1733 944 factum
1757 898 1922 958 esse,
1950 897 2151 960 quan·
2232 873 2465 937 motiva
2496 891 2636 956 quae
2665 871 2733 935 in
2762 871 2899 954 ipso
2940 868 3198 952 reperiri
3226 879 3489 954 possunt.
3520 873 3589 936 Ex
3608 893 3683 956 qua

588 992 783 1055 quam
806 991 936 1036 non
965 972 1046 1036 sit
1067 978 1308 1037 certum
1331 1020 1348 1050 ‚
1389 973 1580 1054 longe
1606 979 1820 1038 tamen
1848 971 2155 1038 verisimi-
2234 968 2657 1032 indifferentia
2686 967 2988 1044 nascitur,
3018 971 3089 1028 ut
3108 965 3341 1028 haheat
3364 967 3543 1031 locum
3558 967 3687 1032 libera

588 1067 710 1130 lius
731 1073 846 1141 est,
879 1070 949 1130 ut
975 1067 1243 1130 ostendi.
1270 1065 1404 1132 Hoc
1433 1072 1646 1131 autem
1675 1068 2023 1150 supposito,
2056 1085 2157 1128 ur·
2242 1063 2545 1144 operatio,
2580 1061 2729 1144 quia
2759 1079 2837 1123 ex
2860 1059 2926 1122 vi
2955 1057 3153 1140 ipsius
3182 1057 3406 1120 amoris
3429 1077 3535 1122 non
3556 1061 3689 1124 deter—
3783 1073 3784 1138 j

585 1165 694 1242 get
735 1159 1007 1222 maxime
1052 1159 1383 1222 difficultas
1420 1161 1764 1242 proposita,
1803 1161 1955 1242 quia
1982 1159 2153 1226 Chri-
2234 1159 2508 1222 minatur
2549 1157 2632 1222 ad
2671 1161 2915 1222 certum
2955 1153 3215 1216 modum
3252 1155 3554 1233 operandi3
3579 1173 3690 1218 amor
3783 1150 3784 1172 ¹

587 1259 724 1316 stus
749 1252 1052 1318 Dominus
1087 1251 1412 1318 evidenter
1448 1243 1808 1320 intuebatur
1833 1261 1897 1318 et
1921 1273 2153 1336 cogno·
2238 1253 2407 1316 enim
2446 1249 2591 1316 finis
2630 1269 2759 1314 non
2801 1245 3037 1311 inducit
3074 1247 3493 1311 necessitatem
3525 1246 3691 1312 eiectio-

587 1343 804 1412 scebat
831 1347 994 1410 hanc
1018 1345 1581 1428 proedefinitionem
1613 1348 1838 1412 divinoe
1866 1349 2153 1414 volunta-
2238 1347 2335 1408 nis
2358 1392 2375 1422 ‚
2412 1356 2482 1408 ut
2508 1343 2732 1410 electio
2760 1347 2890 1419 est,
2923 1338 3047 1403 nisi
3074 1339 3329 1422 quando
3355 1343 3481 1424 ipsa
3500 1339 3693 1404 formatis

587 1442 668 1504 tis
687 1463 706 1516 ;
740 1439 892 1520 quia
931 1439 1066 1504 haec
1093 1437 1368 1522 cognitio
1403 1441 1675 1522 pertinet
1711 1443 1794 1506 ad
1827 1443 2154 1508 scientiam
2238 1439 2460 1504 electio
2500 1437 2870 1520 proponitur
2900 1438 2968 1496 ut
2994 1428 3351 1498 necessu-ia
3384 1431 3461 1496 ad
3491 1451 3694 1497 consecu-
3782 1415 3785 1454 ἶ

587 1534 892 1608 visionis;
949 1533 1174 1598 Christi
1233 1539 1448 1596 autem
1517 1537 1730 1598 anima
1795 1537 2157 1600 intuebatur
2238 1533 2478 1596 tionem
2500 1530 2639 1594 talis
2662 1529 2845 1604 finis;
2878 1545 3028 1589 nam
3049 1525 3103 1590 si
3129 1525 3291 1589 alius
3321 1531 3480 1590 actus
3502 1527 3695 1604 sufficiat,
3783 1555 3784 1568 κ

592 1627 804 1688 omnia
853 1643 996 1708 quae
1047 1628 1166 1690 suh
1213 1627 1540 1692 seientiam
1589 1629 1844 1693 visionis
1896 1629 2151 1694 cadunt.
2238 1625 2411 1688 nulla
2430 1627 2527 1688 est
2549 1621 2865 1686 sufficiens
2892 1641 3083 1684 causa
3102 1619 3591 1699 necessitatis3ita
3608 1639 3697 1685 vero

589 1719 756 1798 Ergo
802 1717 867 1781 in
915 1717 1178 1799 singulis
1227 1721 1566 1784 momentis
1609 1727 1672 1786 et
1723 1723 2157 1786 occasionibus
2240 1726 2335 1784 est
2380 1717 2445 1784 in
2486 1717 2818 1801 praesenti,
2865 1720 2935 1780 ut
2986 1713 3367 1797 explicatum
3407 1721 3509 1778 est.
3551 1717 3699 1778 Contra

591 1809 843 1874 videbat
907 1812 1064 1894 quid
1129 1819 1297 1878 esset
1361 1821 1854 1880 consentaneum
1927 1815 2156 1880 divinae
2242 1813 2404 1874 hanc
2442 1829 2591 1874 vero
2626 1810 3104 1890 responsionem
3144 1809 3392 1872 videtur
3426 1827 3608 1890 urgere
3624 1807 3701 1886 Joh-
3782 1817 3785 1828 ¹

592 1903 924 1984 voluntati,
970 1925 1086 1968 seu
1131 1907 1283 1988 quid
1317 1904 1506 1973 vellet
1541 1910 1712 1974 Deus
1751 1909 1961 1991 ipsum
2008 1917 2159 1974 tunc
2234 1905 2423 1986 jectio
2470 1903 2655 1968 facta.
2700 1901 2909 1966 Primo
2948 1901 3229 1982 quidem,
3283 1903 3449 1984 quia,
3488 1901 3533 1962 si
3558 1917 3701 1962 verum
3782 1883 3785 1922 ÷

595 1999 846 2079 operari
875 2018 894 2073 ;
959 2018 1112 2081 ergo
1166 1999 1419 2065 videbat
1481 2003 1636 2084 quid
1695 2009 1866 2068 esset
1919 2005 2159 2086 gratius
2243 2005 2357 2076 est,
2389 1999 2590 2061 Deum
2617 1993 3111 2078 praedefinivisse
3139 2011 3365 2058 omnes
3388 2001 3539 2058 actus
3562 1995 3701 2056 volun·
3774 1995 3779 1998 '

592 2093 748 2168 Deo,
795 2097 858 2154 et
891 2093 1093 2173 magis
1135 2099 1634 2160 consentaneum
1675 2095 1967 2162 charitati
2008 2097 2160 2160 divi·
2241 2089 2385 2155 tatis
2414 2089 2661 2168 Christi,
2693 2107 2843 2172 ergo
2874 2085 3002 2154 sive
3033 2097 3207 2153 actus
3234 2086 3391 2152 fiant
3410 2104 3513 2169 per
3532 2087 3703 2149 modum

593 2203 731 2262 nse3
769 2204 922 2266 ergo
961 2187 1320 2252 necessario
1360 2187 1518 2253 illud
1544 2189 1819 2267 volebat,
1851 2210 1926 2256 ex
1974 2209 2161 2274 argu-
2244 2183 2564 2248 electionis
2585 2231 2602 2258 ,
2648 2181 2779 2245 sive
2802 2199 2916 2263 per
2940 2181 3199 2246 modum
3229 2179 3569 2246 intentionis
3587 2227 3601 2254 ,
3629 2179 3705 2241 sire
3780 2191 3785 2204 ⁴

591 2282 810 2342 mento
837 2279 1022 2343 facto.
1074 2283 1204 2344 Imo
1231 2281 1595 2365 simpliciter
1620 2283 1868 2348 videtur
1895 2284 2033 2348 hoec
2060 2304 2165 2348 ra-
2246 2297 2323 2342 ex
2348 2279 2470 2342 hoc
2496 2277 2731 2340 motivo
2749 2324 2772 2356 ,
2796 2277 2948 2339 'Sive
2982 2296 3061 2339 01
3088 2275 3215 2350 illo,
3254 2272 3515 2355 denique
3534 2289 3707 2354 ‘1¹¹⁰ffl0·
3782 2353 3785 2366 ,

595 2373 687 2436 tio
707 2373 1112 2452 concludere,
1151 2376 1300 2458 quia
1335 2375 1616 2442 Christus
1651 2377 1906 2442 videbat
1935 2397 2003 2442 se
2034 2397 2163 2442 non
2246 2371 2579 2452 docunque
2602 2369 2780 2449 flant,
2800 2370 2890 2432 ita
2913 2369 3169 2432 fuerunt
3188 2364 3705 2452 praedeflnitianeo;
3782 2373 3785 2391 2

595 2483 784 2548 posse
805 2467 1096 2532 resistere
1119 2469 1357 2534 efficaci
1378 2471 1686 2536 voluntati
1701 2472 1810 2536 Dei
1833 2492 1852 2549 ς
1879 2491 2031 2554 ergo
2050 2491 2165 2536 ne·
2246 2471 2310 2530 et
2338 2463 2579 2530 Christo
2607 2463 2873 2528 Domino
2904 2472 3039 2528 erat
3060 2471 3292 2547 patens
3312 2463 3444 2528 haec
3469 2456 3633 2525 divina
3650 2475 3709 2518 vo-
3782 2457 3785 2486 ⁴

599 2559 876 2622 cessario
902 2561 1156 2626 volebat
1181 2563 1488 2644 quidquid
1518 2565 1756 2630 sciehat
1779 2584 1919 2631 esse
1946 2585 1987 2628 a
2012 2565 2163 2630 divi-
2244 2556 2489 2634 luntas3
2521 2573 2670 2642 ergo
2698 2576 2774 2620 ex
2798 2559 2860 2620 vi
2890 2561 3122 2621 amoris
3146 2556 3350 2620 divini
3368 2553 3657 2621 necessario
3673 2571 3709 2614 se
3782 2539 3785 2580 ³

601 2671 688 2714 na
715 2653 1030 2719 voluntate
1057 2657 1523 2737 praedefinitum
1535 2704 1558 2737 ,
1590 2664 1660 2723 nt
1685 2659 1820 2741 ipse
1845 2656 2003 2722 illud
2027 2658 2164 2722 vel-
2248 2651 2335 2714 illi
2365 2649 2818 2716 conformabat.
2854 2653 2931 2714 Et
2958 2657 3224 2733 augetur
3250 2651 3518 2716 secundo
3538 2645 3710 2712 difficul-
3782 2657 3784 2734 j

600 2745 714 2810 let.
753 2749 830 2810 Et
869 2749 1003 2814 hmo
1039 2751 1310 2830 objectio
1340 2751 1588 2818 videtur
1624 2753 1816 2816 etiam
1843 2753 2167 2817 confutare
2252 2752 2343 2810 tas
2363 2791 2384 2824 ,
2430 2745 2577 2828 quia
2622 2746 2914 2807 voluntas
2965 2743 3077 2808 Dei
3129 2741 3424 2808 absoluta
3466 2747 3522 2807 et
3554 2743 3710 2808 efficax,
3782 2737 3785 2766 ³

604 2841 1080 2920 responsionem
1107 2843 1320 2923 aliam,
1351 2864 1492 2926 quae
1517 2845 1671 2909 mihi
1689 2845 2047 2910 satisfacere
2074 2865 2169 2908 so·
2246 2857 2375 2920 qua
2401 2839 2534 2902 vult
2571 2855 2675 2901 me
2718 2837 2957 2918 aliquid
2994 2837 3193 2916 velle,
3232 2839 3294 2900 si
3335 2837 3415 2902 sit
3442 2837 3574 2900 mihi
3594 2839 3711 2904 nom.
3782 2901 3785 2926 ,

604 2931 714 2996 lita
743 2939 838 2998 est
858 2979 876 3011 ,
918 2941 1224 3016 quantum
1254 2935 1338 3002 ad
1379 2941 1796 3004 necessariam
1831 2939 2170 3004 connexio·
2250 2941 2316 2998 et
2340 2931 2719 2998 sufficienter
2741 2935 3101 3016 proposita,
3146 2933 3402 2997 videtur
3425 2931 3623 2995 habere
3642 2927 3713 2989 rim
3782 2927 3785 3028 ζ

611 3043 759 3088 nem
801 3045 944 3108 quae
985 3029 1230 3094 ratione
1264 3033 1564 3113 praecepti
1594 3033 1744 3096 oriri
1771 3038 1982 3116 potest
2006 3034 2171 3098 inter
2256 3032 2320 3090 et
2342 3025 2681 3090 efficaciam
2704 3025 3022 3108 praecepti,
3048 3027 3196 3108 quia
3223 3031 3478 3091 tenetur
3492 3026 3639 3087 homo
3658 3037 3715 3100 pa·
3782 3035 3785 3104 ζ

613 3125 824 3183 actum
845 3129 1226 3204 proeceptum
1251 3127 1315 3188 et
1339 3143 1618 3189 amorem
1637 3127 1774 3204 Dei,
1807 3127 1872 3190 in
1894 3145 2021 3209 qua
2036 3127 2176 3190 hoec
2254 3141 2395 3188 rere
2432 3121 2657 3186 divinae
2697 3121 3047 3202 voluntati3
3094 3139 3247 3204 ergo
3290 3122 3547 3184 maxime
3576 3132 3715 3200 parere
3783 3107 3784 3192 ]

614 3213 948 3278 difficultas
968 3216 1288 3283 fundatur.
2256 3220 2507 3282 tenetur
2551 3215 2856 3280 voluntati
2906 3215 3185 3294 efficaci,
3235 3213 3304 3279 et
3345 3210 3433 3278 illi
3469 3212 3717 3296 praesertin

695 3309 756 3370 5.
817 3307 1146 3392 Responsio
1198 3319 1441 3396 quarta.
1497 3347 1580 3364 -··
1638 3313 2035 3390 confutatur.
2094 3348 2177 3366 —
2258 3329 2385 3392 qua
2420 3311 2585 3373 Deus
2618 3309 2750 3372 vult
2778 3307 3103 3372 hominem
3130 3309 3318 3371 velle.
3368 3307 3431 3372 Si
3471 3323 3596 3388 ergo
3620 3305 3718 3366 Deus

615 3399 848 3476 Quarto
893 3403 1064 3468 enim
1107 3407 1470 3486 responderi
1509 3415 1738 3489 potest,
1775 3415 1987 3473 actum
2018 3429 2175 3492 prae-
2256 3405 2541 3468 absoluta
2581 3401 2901 3466 voluntate
2942 3401 3365 3485 praedefinivit
3400 3419 3593 3466 omnes
3614 3403 3719 3459 actus
3782 3471 3784 3484 γ

615 3503 868 3580 ceptum
895 3499 1224 3581 dupliciter
1249 3501 1640 3568 considerari
1663 3523 1872 3587 posse.
1919 3503 2126 3570 Primo
2149 3551 2173 3580 ,
2257 3499 2593 3562 voluntatis
2629 3492 2878 3574 Christi,
2922 3501 2993 3583 et
3034 3497 3527 3561 circumstantias
3561 3505 3717 3556 eorum.

617 3589 736 3652 sub
775 3591 1019 3656 ratione
1065 3593 1407 3674 electionis,
1459 3617 1571 3662 seu
1611 3599 1950 3664 voluntatis
1986 3599 2178 3666 medii
2262 3599 2324 3656 et
2354 3593 2518 3656 hanc
2546 3591 2937 3654 voluntatem
2960 3589 3201 3654 Christo
3226 3589 3635 3660 manifestavit,
3652 3585 3721 3645 hoe
3782 3611 3784 3624 ι

614 3685 956 3748 necessarii
985 3687 1067 3750 ad
1091 3687 1502 3754 obtinendum
1527 3691 1760 3770 finem,
1787 3712 1904 3758 seu
1927 3713 2182 3758 conser-
2260 3687 2397 3768 ipso
2448 3683 2759 3748 intimavit
2814 3681 2904 3746 illl
2956 3689 3350 3766 praeceptum
3401 3680 3475 3745 de
3522 3675 3723 3744 omnibus

623 3777 894 3840 vandum
941 3797 1224 3844 amorem
1271 3783 1575 3848 divinum.
1624 3786 1913 3868 Secundo
1939 3829 1957 3864 ,
1993 3793 2181 3867 prout
2262 3777 2523 3860 agendis
2550 3779 2617 3840 in
2659 3775 3019 3861 particulari
3050 3777 3153 3840 hic
3182 3781 3245 3840 et
3273 3794 3473 3852 nunc,
3512 3781 3565 3836 et
3588 3789 3643 3834 ex
3662 3761 3723 3829 tali

621 3875 720 3934 est
758 3876 934 3934 aetus
965 3869 1210 3936 habens
1244 3894 1322 3938 ex
1349 3875 1595 3958 objecto
1625 3897 1742 3942 suo
1779 3879 2180 3944 intrinsecam
2261 3872 2530 3946 motivo,
2574 3878 2690 3934 0¹20·
2720 3895 2739 3948 3
2782 3888 2956 3951 ergo,
3006 3869 3334 3952 8ηΡΡΟΞῙΠ)
3370 3885 3586 3944 amore,
3618 3859 3725 3922 ”⁰¹³³

623 3965 898 4045 aliquam
939 3965 1310 4042 bonitatem,
1359 3969 1478 4032 sub
1515 3971 1760 4034 ratione
1803 3957 2187 4036 obedientie
2262 3965 2633 4046 relinquitur
2653 3961 3076 4027 indifferentia
3104 3961 3205 4027 vel
3227 3963 3506 4026 libertas
3533 3953 3725 4022 Ettertio

623 4065 736 4122 aut
755 4057 1218 4138 misericordiae,
1249 4069 1358 4126 aut
1386 4063 1508 4128 alia
1537 4065 1747 4142 simili,
1781 4065 1898 4130 sub
1923 4086 2051 4149 qua
2078 4065 2184 4130 ille
2265 4066 2524 4140 urgetur
2552 4057 2820 4137 amplius
2840 4105 2857 4134 ‚
2897 4055 3048 4138 qui&
3080 4075 3209 4120 non
3239 4057 3544 4140 repugnat
3566 4065 3725 4134 Prfflsse·

624 4158 798 4215 actus
830 4157 924 4216 est
945 4170 1062 4233 per
1087 4172 1156 4216 se
1184 4155 1493 4234 amabilis,
1525 4165 1588 4222 et
1612 4177 1740 4222 non
1769 4159 1961 4224 habet
1988 4161 2183 4224 ratio·
2265 4159 2442 4236 ptum
2470 4145 2661 4214 fuisse
2686 4151 2805 4214 hoc
2832 4151 3020 4214 modo
3047 4149 3411 4234 impositum
3437 4150 3510 4212 de
3529 4141 3725 4209 omnibus

623 4263 772 4308 nem
818 4245 1052 4322 medii,
1105 4243 1222 4310 sed
1273 4249 1600 4330 cujusdam
1653 4247 1799 4315 finis
1855 4251 2123 4334 proximi
2164 4271 2181 4328 ;
2269 4244 2509 4309 actibus
2542 4263 2687 4308 curn
2717 4242 3009 4307 omnibus
3043 4243 3519 4308 circumstantiis
3542 4245 3593 4301 et
3615 4231 3727 4296 moti-

625 4335 912 4419 quamvis
963 4357 1115 4420 orgo
1162 4347 1342 4404 actus
1389 4351 1741 4426 proeceptus
1788 4345 2022 4410 haheat
2066 4343 2185 4410 suh
2266 4339 2359 4402 vis
2398 4355 2659 4417 eorum3
2700 4337 2819 4400 erit
2857 4356 3008 4418 ergo
3038 4335 3143 4400 illa
3182 4333 3599 4400 conditionalis
3620 4341 3726 4394 vera,

623 4433 820 4513 priori
843 4433 1088 4499 rationo
1109 4437 1528 4500 necessariam
1553 4438 2013 4504 connexionem
2042 4461 2185 4504 cum
2269 4431 2439 4514 quod
2480 4429 2533 4494 si
2561 4429 2823 4508 Christo,
2867 4433 3102 4496 amanti
3138 4431 3343 4494 Deum
3374 4421 3727 4513 perfectissimo

627 4541 878 4603 amore,
924 4546 1054 4591 non
1094 4533 1312 4594 tamen
1347 4531 1466 4594 sub
1503 4529 1878 4613 posteriori;
1921 4534 2088 4597 unde
2116 4535 2189 4598 fit
2268 4526 2455 4588 modo
2500 4543 2578 4587 ex
2617 4523 2990 4590 necessitate
3031 4523 3400 4608 simpliciter
3426 4524 3549 4585 sine
3577 4515 3668 4579 ulla
3689 4509 3729 4568 li·

625 4619 904 4700 potuisse
925 4619 1237 4687 Christum
1253 4623 1654 4688 considerare
1671 4625 1918 4706 singula
1941 4626 2187 4707 objecta
2266 4615 2531 4697 bertate,
2562 4617 2920 4700 impositum
2949 4621 3047 4682 est
3069 4613 3188 4682 hoc
3208 4619 3401 4682 modo
3422 4615 3728 4699 praeoepfflffl’

623 4713 912 4794 proxima
929 4716 1278 4779 secundum
1296 4717 1581 4798 proprias
1605 4725 1668 4782 et
1690 4717 2059 4784 intrinsecas
2078 4721 2189 4782 ho·
2269 4713 2623 4778 necessario
2670 4711 2949 4776 obedivit
2995 4711 3129 4776 sine
3179 4713 3487 4777 libertate.
3530 4703 3729 4771 Redeunt

627 4813 906 4870 nestates
935 4853 952 4884 ‚
1001 4817 1066 4872 et
1090 4815 1160 4871 ut
1189 4809 1278 4874 sic
1306 4809 1502 4874 libere
1531 4811 1638 4873 illa
1665 4809 1850 4875 vello.
1902 4812 2068 4876 Nihil
2096 4820 2191 4877 est
2272 4825 2422 4888 ergo
2457 4803 2853 4870 difficultates
2886 4825 3077 4888 supra
3120 4812 3322 4884 tactae,
3364 4803 3595 4874 scilicet,
3623 4790 3729 4856 unde

630 4899 798 4964 enim
814 4899 986 4982 quod
1001 4897 1084 4966 ad
1097 4909 1272 4966 actus
1287 4902 1628 4968 eliciendos
1643 4905 2084 4970 necessitatem
2104 4903 2193 4968 illi
2272 4905 2515 4964 constet
2544 4918 2672 4963 non
2698 4899 2783 4966 ita
2814 4918 2953 4964 esse
2978 4897 3373 4984 propositum
3402 4895 3727 4982 praeceptum,

625 4993 878 5078 inferat,
927 4997 1076 5078 quia
1107 4997 1176 5059 in
1213 4995 1336 5060 illis
1375 4997 1617 5062 actibus
1658 5017 1788 5062 non
1823 4999 2190 5082 intelligitur
2270 5001 2389 5060 etc.

627 5089 878 5170 operari
901 5109 980 5154 ex
1001 5091 1354 5156 necessaria
1381 5091 1728 5158 intentione
1745 5093 2001 5158 alterius
2018 5093 2184 5170 finis3
2348 5093 2411 5153 6.
2443 5085 2773 5171 Responsio
2802 5087 3039 5172 quinta.
3070 5121 3153 5138 —
3171 5089 3433 5169 Propter
3466 5079 3580 5149 haec
3594 5073 3729 5162 potest

627 5182 744 5245 sed
771 5183 974 5246 solum
1002 5184 1150 5266 quia
1175 5185 1263 5248 illi
1293 5183 1634 5248 secundum
1671 5205 1739 5248 se
1769 5187 2017 5251 honesti
2042 5195 2191 5252 sunt
2270 5181 2605 5266 excogitari
2644 5183 2901 5264 quintus
2942 5180 3365 5266 respondendi
3407 5177 3637 5248 modus,
3678 5163 3728 5228 ad

627 5282 692 5340 et
711 5277 1180 5357 convenientes,
1213 5279 1500 5361 quamvis
1524 5297 1652 5342 non
1675 5280 1803 5344 sint
1825 5277 2183 5346 necessarii.
2269 5297 2459 5360 quem
2486 5296 2798 5360 suppono,
2826 5275 3134 5341 Christum
3173 5296 3302 5339 non
3329 5271 3596 5336 habuisse
3616 5275 3729 5346 prae·

625 5371 715 5434 Ex
759 5390 884 5452 quo
927 5371 1190 5436 ulterius
1233 5373 1372 5436 fieri
1415 5373 1682 5450 videtur,
1727 5393 1936 5455 neque
1986 5377 2187 5458 ipsam
2268 5375 2520 5454 ceptum
2562 5371 2883 5454 proprium
2919 5371 3237 5434 charitatis
3284 5367 3525 5432 amandi
3553 5363 3726 5459 Dauni,

629 5461 1133 5530 observationem
1172 5467 1469 5548 proeoepti
1499 5486 1637 5536 esse
1675 5467 2039 5550 simpliciter
2068 5488 2185 5531 ne·
2268 5475 2403 5530 tum
2431 5465 2580 5546 quia
2608 5485 2748 5528 cum
2791 5465 3079 5530 voluntas
3107 5468 3244 5547 ejus
3272 5465 3435 5528 esset
3458 5465 3725 5524 necessario

625 5559 963 5624 cessariam
1007 5559 1218 5642 quoad
1259 5561 1625 5628 exercitium
1663 5568 1730 5630 et
1771 5561 2187 5645 specificatio·
2268 5561 2679 5626 determinata
2706 5559 2787 5623 ad
2814 5559 2980 5622 hunc
3019 5576 3321 5637 amorem,
3351 5575 3475 5621 non
3492 5545 3727 5627 indigebat
