3892 6167
585 391 708 455 390

585 494 674 558 tio
715 490 871 558 libro
903 494 949 569 ¹,
986 490 1190 557 disens
1209 517 1231 555 .·
1274 490 1483 558 Unum
1523 494 1684 557 euim
1725 507 1828 557 ens
1874 491 2160 557 Christus

591 604 716 651 uon
753 590 958 669 potest
999 604 1207 651 servus
1235 605 1354 651 esse
1381 588 1480 651 sui
1520 588 1715 669 ipsius
1755 592 1810 651 et
1856 588 2150 650 dominus.

587 679 720 745 Sed
745 680 1080 744 intantum
1110 679 1394 747 Christus
1421 680 1650 745 dieitur
1675 698 1880 743 servus
1907 680 2153 752 Patris,

587 775 659 838 in
699 782 996 857 quantum
1042 778 1128 838 est
1187 773 1242 837 ei
1285 773 1599 853 sub-iectus.
1642 772 1820 857 Erqo
1871 773 2156 837 Christus

588 884 712 931 nore
739 872 824 931 est
851 866 1149 947 subjectus
1175 868 1294 931 sibi
1317 868 1459 951 ipsi.

671 966 729 1027 2.
765 962 1082 1025 Proeterea
1101 1013 1115 1039 ,
1143 980 1350 1027 servus
1383 964 1654 1043 refertur
1691 963 1776 1025 acl
1817 962 2147 1025 dominum.

590 1054 724 1119 Sed
749 1055 971 1120 relatio
997 1073 1118 1121 nou
1146 1066 1234 1120 est
1259 1056 1526 1137 alie-ujus
1544 1058 1630 1121 ad
1649 1075 1711 1120 se
1737 1056 1936 1138 ipsum
1952 1084 1970 1113 .-
1993 1056 2155 1118 uncle

591 1154 650 1212 et
675 1148 973 1214 Hilarius
1014 1149 1164 1213 dieit
1191 1150 1261 1213 iu
1291 1148 1446 1213 libro
1476 1151 1547 1212 de
1575 1148 1896 1213 Trinitate
1915 1152 1965 1225 ²,
1996 1151 2155 1229 quod

591 1242 756 1305 nihil
779 1246 868 1305 est
889 1244 1006 1306 sibi
1022 1240 1221 1306 simile
1252 1248 1361 1307 aut
1389 1242 1640 1325 oequale.
1665 1242 1845 1327 E'rqo
1871 1242 2157 1306 Christus

591 1352 713 1397 uon
729 1340 933 1417 potest
965 1337 1088 1401 diei
1110 1354 1318 1401 servus
1343 1338 1440 1400 sui
1466 1338 1694 1421 ipsius,
1735 1342 1791 1401 et
1808 1355 1928 1419 per
1952 1354 2156 1403 eonse-

591 1446 778 1511 quens
803 1447 910 1495 nee
934 1432 1053 1496 sibi
1080 1450 1200 1496 esse
1227 1430 1542 1512 subjectus.

673 1528 732 1587 3.
772 1522 1088 1590 Proeterea
1105 1573 1123 1603 ,
1149 1526 1308 1591 siout
1335 1526 1545 1590 anima
1574 1526 1908 1591 rationalis
1936 1533 1994 1591 et
2022 1547 2160 1593 earo

593 1634 749 1681 uuus
777 1622 864 1681 est
889 1621 1081 1697 homo,
1109 1620 1202 1684 ita
1221 1622 1388 1685 Deus
1413 1626 1468 1684 et
1497 1622 1666 1685 homo
1683 1639 1838 1685 uuus
1858 1626 1945 1685 est
1970 1620 2162 1685 Chri-

589 1717 742 1789 stus,
767 1717 838 1776 ut
863 1712 1253 1779 Athanasius
1285 1714 1440 1779 dieit
1471 1714 1516 1779 ³.
1553 1712 1684 1777 Sed
1709 1716 1878 1779 homo
1905 1732 2025 1779 uon
2057 1716 2161 1779 di·-

599 1806 760 1869 citur
799 1806 1097 1885 subjectus
1129 1808 1247 1872 sibi
1282 1809 1426 1891 ipsi,
1461 1806 1557 1872 vel
1585 1825 1791 1873 servus
1815 1809 1914 1873 sui
1939 1809 2156 1891 ipsius,

600 1904 711 1961 aut
735 1898 936 1978 major
957 1902 1172 1983 seipso,
1193 1907 1452 1985 propter
1474 1903 1582 1967 hoe
1605 1902 1769 1983 quod
1793 1921 2009 1984 eorpus
2035 1902 2163 1982 ejus

598 1994 929 2074 subjeetum
953 1998 1040 2057 est
1069 1996 1308 2061 auimoe.
1333 1996 1509 2079 Erqo
1529 2015 1714 2077 neque
1745 1996 2031 2061 Christus
2058 1998 2161 2061 di·-

598 2088 761 2151 eitur
784 2088 1080 2168 subJ'eetus
1109 2090 1228 2153 sibi
1264 2090 1388 2173 ipsi
1412 2096 1672 2174 propter
1697 2092 1804 2156 hoo
1841 2092 2001 2171 quod
2032 2092 2162 2172 ejus

597 2180 953 2247 humanitas
981 2182 1246 2263 subjecta
1279 2189 1365 2247 est
1395 2184 1714 2247 divinitati
1740 2184 1954 2269 ipsius.

675 2274 812 2340 Sed
827 2280 1038 2341 eontra
1062 2282 1149 2341 est
1169 2278 1332 2359 quod
1354 2277 1742 2361 Auqustiuus
1766 2280 1918 2343 clieit
1932 2280 2001 2343 in
2020 2279 2163 2361 pri·

600 2386 696 2432 mo
726 2371 799 2433 de
845 2368 1164 2435 Trinitate
1189 2372 1212 2413 4
1237 2370 1519 2441 :Veritas
1556 2373 1816 2436 ostendit
1843 2374 2165 2437 seeundum

593 2462 781 2526 istum
817 2466 1080 2545 modum,
1117 2483 1268 2547 quo,
1301 2466 1554 2542 scilieet,
1596 2466 1794 2531 Pater
1831 2468 2033 2547 major
2080 2473 2166 2531 est

603 2554 850 2622 Christo
891 2560 1216 2625 secuudum
1255 2562 1586 2624 humanam
1625 2564 1939 2635 naturam,
1982 2560 2166 2624 etiam

598 2667 661 2714 se
691 2652 823 2733 ipso
849 2654 1141 2717 minorem
1171 2653 1435 2720 Filium.

680 2746 742 2808 2.
785 2745 1121 2825 Proeterea,
1164 2746 1321 2813 sieut
1363 2748 1492 2829 ipse
1531 2750 2000 2831 arqumentatur
2038 2748 2162 2812 ibi-

601 2839 756 2913 dem,
785 2838 876 2905 sie
915 2846 1160 2924 aceepta
1187 2848 1276 2906 est
1301 2860 1343 2907 a
1365 2840 1543 2905 Filio
1575 2841 1696 2905 Dei
1736 2844 1939 2921 forma
1979 2843 2159 2918 servi,

597 2938 670 2995 ut
713 2950 834 2997 uon
874 2936 1262 2999 amitteretur
1287 2939 1488 3019 forma
1522 2936 1642 2999 Dei
1659 2958 1686 3007 ,·
1708 2936 1815 2999 sed
1841 2936 2165 3001 seeundum

596 3028 864 3107 sormam
889 3028 1030 3102 Dei,
1056 3046 1188 3109 quoe
1217 3032 1304 3095 est
1337 3030 1662 3095 eommunis
1681 3028 1874 3093 Patri
1893 3034 1947 3092 et
1964 3028 2160 3109 Filio,

601 3118 803 3183 Pater
829 3126 916 3185 est
929 3120 1104 3185 Filio
1132 3121 1332 3203 major
1355 3125 1675 3189 seeundum
1695 3124 2025 3188 humanam
2047 3142 2168 3189 na-

607 3217 836 3279 turam.
872 3214 1050 3299 Erqo
1075 3215 1260 3279 etiam
1288 3220 1372 3281 est
1398 3216 1601 3299 major
1625 3218 1816 3301 seipso
1845 3220 2169 3283 secuudum

607 3306 940 3371 humanam
972 3314 1280 3375 naturam.

680 3402 737 3465 3.
776 3399 1095 3467 Proeterea
1115 3452 1132 3478 ,
1169 3402 1456 3469 Christus
1482 3406 1808 3469 seeundum
1839 3406 2170 3469 humanam

600 3496 898 3559 naturam
937 3501 1023 3561 est
1067 3516 1271 3563 servus
1296 3498 1416 3563 Dei
1442 3498 1690 3579 Patris,
1721 3500 2045 3563 seeundum
2080 3498 2172 3563 il-

615 3584 728 3651 lud
753 3587 1018 3655 Joauuis
1065 3592 1350 3677 viqesimo
1381 3619 1403 3656 .·
1447 3592 1724 3659 Ascendo
1775 3594 1860 3657 ad
1913 3592 2172 3657 Patrem

599 3700 796 3747 meum
817 3731 835 3759 ‚
867 3689 927 3750 et
974 3686 1232 3751 Patrem
1272 3692 1534 3752 vestrum
1559 3735 1575 3763 ,
1615 3688 1809 3751 Deum
1853 3704 2071 3764 meum,
2113 3692 2171 3751 et

603 3776 801 3843 Deum
827 3785 1113 3846 vestrum.
1143 3782 1275 3847 Sed
1297 3784 1649 3865 quicumque
1683 3788 1770 3847 est
1801 3801 2008 3847 servus
2030 3782 2171 3845 Pa-

601 3874 744 3949 tris,
770 3880 856 3940 est
879 3896 1085 3943 servus
1115 3876 1286 3942 Filii
1303 3902 1328 3951 ,·
1353 3878 1630 3959 alioquin
1658 3896 1780 3943 uon
1809 3878 2012 3941 omnia
2035 3895 2170 3960 quoe

601 3973 744 4033 suut
787 3968 1010 4035 Patris
1057 3977 1248 4037 esseut
1298 3970 1486 4039 Filii.
1519 3974 1696 4057 Erqo
1749 3970 2032 4037 Christus
2081 3978 2168 4037 est

605 4080 814 4129 servus
840 4067 937 4128 sui
961 4066 1176 4149 ipsius,
1200 4071 1254 4131 et
1277 4066 1398 4131 sibi
1423 4068 1716 4133 subditus.
2042 4140 2053 4156 ι

681 4158 1028 4240 Respondeo
1042 4160 1380 4236 dicendum,
1397 4163 1558 4242 quod
1575 4158 1751 4245 (sieut
1770 4162 1999 4227 dietum
2014 4166 2102 4226 est
2118 4162 2166 4247 ⁵)

606 4270 727 4315 esse
768 4254 1076 4317 domnum
1121 4258 1179 4318 et
1222 4272 1456 4318 servum
1495 4256 1861 4319 attribuitur
1893 4274 2173 4338 persona»

601 4344 699 4409 vel
713 4348 1029 4427 hypostasi
1044 4349 1368 4413 secuudum
1383 4347 1663 4428 aliquam
1683 4354 1997 4413 naturam.
2014 4348 2169 4415 Cum

603 4457 746 4521 erqo
784 4441 1013 4505 dieitur
1055 4440 1340 4506 Christus
1381 4460 1500 4505 esse
1533 4442 1812 4507 domiuus
1838 4442 1933 4506 vel
1961 4462 2167 4509 servus

603 4532 700 4595 sui
737 4530 953 4615 ipsius,
994 4530 1091 4597 vel
1131 4535 1293 4615 quod
1334 4535 1596 4602 Verbum
1621 4536 1744 4599 Dei
1773 4540 1858 4599 est
1896 4536 2171 4603 dominus

606 4626 866 4691 hominis
907 4626 1148 4693 Christi
1179 4674 1198 4705 ,
1238 4629 1346 4693 hoe
1387 4634 1592 4711 potest
1635 4628 1910 4713 intelliqi
1958 4631 2172 4713 dupli-

606 4720 800 4787 citer..
841 4720 907 4787 U
905 4738 982 4783 no
1034 4722 1208 4787 modo
1239 4770 1257 4799 ,
1311 4727 1381 4786 ut
1433 4720 1829 4807 intelliqatur
1889 4724 1998 4789 hoe
2054 4743 2173 4789 esse

606 4812 839 4879 dietum
879 4814 1117 4879 ratione
1157 4812 1419 4881 alterius
1446 4816 1793 4899 hypostasis
1833 4816 1930 4881 vel
1954 4836 2174 4901 perso-

604 4922 726 4981 uoe,
745 4908 928 4989 quasi
951 4908 1084 4973 alia
1107 4909 1191 4975 sit
1203 4929 1466 4993 persona
1496 4910 1680 4979 Verbi
1700 4912 1822 4977 Dei
1849 4912 2175 4977 dominan-

607 4999 694 5064 tis
715 5004 773 5067 et
799 5000 934 5067 alia
963 5004 1224 5069 hominis
1248 5004 1598 5079 seniorem,-
1621 5008 1780 5089 quod
1794 5008 2070 5091 pertinet
2088 5006 2175 5071 ad

691 5194 710 5231 ¹
741 5190 877 5254 Fid.
903 5193 1096 5270 orth„
1119 5213 1175 5256 c.
1207 5196 1306 5269 21,
1330 5212 1553 5277 parum
1583 5212 1620 5257 a
1648 5192 1818 5257 med.

681 5282 710 5325 ²
737 5284 874 5349 Lib.
905 5286 966 5362 3,
996 5306 1126 5349 non
1154 5286 1423 5349 multum
1449 5292 1692 5351 remote
1721 5292 1868 5353 ante
1897 5284 2117 5351 finem.

685 5379 712 5420 ⁸
733 5381 807 5442 In
838 5398 953 5443 suo
985 5380 1285 5461 Symbolo
1313 5379 1481 5445 fidei.

681 5474 706 5513 4
731 5475 798 5537 C.
823 5479 886 5548 7,
914 5478 1062 5539 ante
1089 5474 1396 5555 medium,
1419 5482 1571 5539 tom.
1604 5476 1664 5539 3.

688 5570 711 5607 ⁵
739 5568 869 5631 Art.
900 5586 1110 5648 praec„
1139 5568 1220 5631 ad
1242 5572 1302 5633 2.

1845 378 2083 456 QUAEST.
2114 390 2225 446 xx.
2257 390 2459 448 Anne.
2494 393 2558 449 ιι.

2239 492 2517 557 haeresim
2568 492 2869 561 Nestorii.
2937 490 3001 555 U
3000 492 3118 554 nde
3184 490 3255 553 in
3312 492 3697 571 condemnatione

2242 584 2525 651 Nestorii
2552 587 2783 651 dieitur
2806 586 2875 648 iu
2897 584 3125 665 syuodo
3149 582 3458 667 Ephesiae
3477 590 3510 630 ¹·
3532 590 3593 656 Si
3610 602 3699 675 qui,

2240 680 2390 744 dicit
2416 682 2613 743 Deum
2644 679 2742 743 vel
2765 678 3095 743 Dominum
3136 696 3257 743 esse
3288 678 3509 744 Christi
3541 705 3595 748 ea·
3620 690 3699 755 Deo

2237 772 2435 839 Patre
2480 775 2757 847 Verbum,
2794 778 2849 837 et
2890 788 3013 834 uon
3045 772 3249 855 maqis
3294 777 3537 838 eumdem
3569 780 3703 861 ipim

2237 868 2561 945 confitetur
2627 866 2815 931 simul
2862 866 3059 931 Deum
3105 871 3165 929 et
3212 868 3531 946 hominm,
3568 878 3704 955 utpote

2252 962 2511 1029 Verbum
2534 966 2769 1042 [aetum
2788 978 3052 1034 carim,
3069 964 3393 1025 seeundum
3410 960 3703 1045 Scriptum,

2236 1060 2560 1120 anathema
2588 1059 2692 1123 sit.
2728 1054 2825 1120 Ec
2852 1058 2959 1120 hoe
2986 1054 3159 1118 modo
3196 1060 3457 1139 ueqatur
3479 1076 3513 1119 a
3538 1058 3705 1139 Cyrillo

2234 1154 2293 1213 et
2317 1152 2691 1215 Damascene
2711 1153 2761 1215 ².
2785 1149 2879 1213 Et
2904 1152 3011 1213 sub
3041 1150 3239 1212 eodem
3264 1164 3439 1213 sensu
3458 1156 3707 1231 negandum

2236 1249 2345 1321 est,
2372 1244 2689 1309 Christum
2716 1262 2841 1309 esse
2864 1246 3161 1307 minorem
3185 1242 3401 1325 seipso,
3420 1242 3507 1306 vel
3534 1252 3709 1311 mesia·

2235 1337 2370 1419 subj
2372 1343 2579 1403 ectum.
2605 1337 2661 1401 A
2672 1336 2759 1402 lio
2775 1339 2947 1401 modo
2956 1342 3159 1419 potest
3180 1336 3459 1419 intelliqi
3479 1343 3709 1403 secundm

2245 1432 2663 1496 diversitatem
2688 1437 3057 1495 naturarum
3068 1432 3139 1493 in
3148 1448 3277 1494 una
3288 1448 3541 1513 persona
3556 1433 3627 1495 tel
3640 1438 3713 1514 hy-

2230 1526 2493 1607 postasi.
2507 1524 2603 1588 Et
2618 1526 2707 1590 sie
2731 1526 3272 1607 dieereposswmus,
3286 1526 3583 1589 seeundum
3596 1546 3714 1591 mm

2244 1634 2473 1693 earum,
2493 1618 2562 1682 iu
2582 1636 2705 1701 qua
2734 1636 2867 1684 eum
2894 1618 3091 1681 Patre
3114 1616 3393 1682 convenit
3410 1668 3424 1695 ,
3460 1616 3614 1681 simul
3636 1641 3715 1685 aa

2242 1730 2375 1777 mem
2403 1713 2599 1777 Patre
2614 1730 2875 1795 proeesse
2903 1717 2962 1776 et
2992 1712 3303 1776 dontiuari
3317 1735 3344 1782 ,·
3362 1714 3639 1777 seeundum
3656 1736 3717 1779 re-

2240 1824 2308 1868 ro
2337 1806 2603 1871 alteram
2626 1812 2940 1883 naturam,
2967 1806 3035 1868 iu
3054 1822 3175 1889 qua
3192 1806 3495 1869 nobiseum
3512 1812 3716 1878 convenit,
3782 1820 3784 1827 ·

2238 1900 2439 1981 ipsum
2483 1902 2713 1965 subesse
2757 1905 2813 1963 et
2839 1900 3088 1963 servire.
3117 1898 3215 1961 Ec
3232 1918 3359 1983 per
3386 1900 3534 1962 hune
3557 1902 3717 1963 modum

2243 1997 2391 2060 dicit
2423 1994 2689 2080 August.
2720 1996 2780 2073 ³,
2814 1994 3060 2059 Filium
3102 2013 3223 2059 esse
3274 1996 3470 2077 seipso
3494 1994 3719 2063 minorem.

2242 2088 2575 2154 Sciendum
2594 2096 2819 2165 tamen,
2844 2091 3005 2171 quod
3028 2107 3162 2155 eum
3190 2090 3304 2154 hoe
3334 2106 3557 2163 nomen,
3578 2088 3723 2153 Chris-

2242 2187 2363 2259 trs,
2393 2185 2477 2248 sit
2504 2202 2715 2248 nomeu
2732 2200 3033 2267 persouoe,
3049 2185 3208 2249 sieut
3231 2188 3293 2246 et
3318 2184 3428 2247 hoo
3452 2200 3633 2246 nomen
3650 2182 3725 2247 Fi-

2246 2277 2389 2355 lius,
2432 2278 2554 2342 illa
2572 2297 2691 2361 per
2729 2296 2791 2342 se
2840 2282 2899 2341 et
2937 2276 3208 2341 absolute
3248 2280 3511 2359 possunt
3560 2278 3655 2341 diei
3686 2280 3725 2337 de

2251 2370 2520 2447 Christo,
2540 2388 2679 2453 quoe
2706 2372 3060 2436 conveniunt
3099 2371 3157 2433 ei
3183 2370 3432 2435 ratione
3454 2388 3565 2433 sua·
3586 2388 3729 2451 pem-

2246 2484 2361 2541 uoe,
2384 2482 2517 2546 quoe
2546 2470 2634 2530 est
2662 2470 2891 2530 oeterna
2911 2488 2937 2537 ,·
2967 2468 3025 2529 et
3051 2464 3323 2528 maxime
3353 2463 3727 2543 hujusmodis&

2250 2558 2506 2624 latioues
2524 2608 2542 2635 ‚
2574 2576 2709 2643 qua·
2732 2560 2935 2643 maqis
2950 2560 3208 2642 proprie
3239 2560 3529 2622 videntur
3550 2560 3619 2621 aa
3634 2578 3729 2639 per-

2248 2672 2457 2717 sonam
2485 2654 2581 2719 vel
2606 2654 2987 2736 hypostasim
3017 2653 3357 2737 pertinere.
3392 2650 3523 2715 Sed
3544 2672 3618 2723 ea,
3648 2670 3731 2731 qne

2244 2750 2595 2813 conveniunt
2636 2750 2755 2813 sibi
2780 2749 3105 2813 seeundum
3134 2748 3474 2811 humanam
3502 2750 3729 2809 naturam.

2242 2847 2385 2906 suut
2411 2842 2465 2907 ei
2479 2842 2690 2925 potius
2717 2842 3107 2907 attribuenda
3125 2858 3263 2905 oum
3292 2840 3731 2904 determinatione,

2244 2940 2335 3010 ut,
2361 2935 2663 3013 videlieet,
2706 2934 2979 3001 dieamus
3009 2934 3330 2999 Christum
3360 2952 3487 2998 esse
3511 2932 3735 3017 simpliei-

2248 3037 2342 3095 ter
2370 3033 2735 3107 maximum,
2770 3036 2828 3094 et
2856 3030 3166 3095 domiuum
3184 3082 3199 3109 ,
3246 3035 3305 3093 et
3338 3030 3711 3113 praesidentem
3722 3052 3737 3097 ;
3783 3034 3786 3077 ἓ

2245 3126 2407 3207 quod
2422 3130 2624 3191 autem
2648 3127 2733 3189 sit
2760 3126 3077 3207 subjectus,
3100 3122 3199 3189 vel
3218 3142 3454 3197 servus,
3476 3122 3567 3187 vel
3586 3122 3737 3193 nciam,

2250 3224 2336 3283 est
2366 3220 2421 3285 ei
2448 3220 2905 3285 attribuendum
2934 3236 3067 3283 oum
3096 3218 3609 3287 determinatione,
3628 3214 3741 3279 scili·

2250 3316 2361 3387 eet,
2383 3312 2705 3379 seeundum
2732 3312 3064 3376 humanam
3093 3315 3419 3375 naturam.

2330 3406 2439 3470 Aa
2462 3408 2739 3489 primum
2768 3425 2908 3490 erqo
2959 3406 3298 3479 dicendum,
3332 3404 3501 3485 quod
3536 3402 3739 3483 Cyrilin

2252 3504 2307 3564 et
2336 3502 2750 3565 Damascenus
2784 3502 3012 3582 ueqant
3040 3499 3065 3539 4
3102 3497 3429 3563 Christum
3466 3516 3575 3561 esse
3612 3496 3739 3557 derai-

2249 3612 2393 3657 uum
2412 3596 2509 3658 sui
2532 3595 2749 3677 ipsius,
2772 3592 3094 3659 semcudum
3120 3592 3283 3673 quod
3296 3608 3425 3675 per
3452 3592 3555 3657 hoe
3574 3592 3737 3673 imper-

2251 3692 2424 3753 tatur
2438 3688 2793 3771 pluralitas
2815 3688 3287 3771 suppositorum,
3308 3694 3459 3767 :quoe
3480 3686 3739 3765 requirite,-

2249 3785 2334 3849 ad
2356 3786 2498 3865 lhoe,
2536 3784 2699 3867 quocl
2736 3782 2966 3865 aliquis
3009 3780 3385 3864 simpliciter
3420 3780 3507 3845 sit
3542 3782 3741 3845 dominas

2248 3879 2534 3961 alicujus.

2328 3973 2437 4037 Ad
2459 3975 2783 4038 seevmdum
2836 3971 3155 4037 dicendum
3183 4020 3199 4048 ,
3236 3970 3404 4053 quod
3452 3968 3743 4050 simpliciter

2248 4068 2489 4147 quidem
2515 4070 2743 4151 oportet
2778 4084 2897 4130 esse
2940 4065 3135 4127 alium
3180 4063 3509 4139 dominum,
3533 4066 3585 4125 et
3606 4058 3737 4122 alien
3786 4132 3789 4141 Ξ

2249 4178 2484 4223 servum
2499 4184 2525 4233 ;
2540 4164 2741 4243 potest
2778 4166 2981 4224 tamen
3020 4157 3238 4238 aliqua
3269 4158 3439 4220 ratio
3465 4154 3683 4219 dominii
3705 4165 3739 4213 n

2250 4255 2562 4318 servitutis
2600 4253 2857 4331 servari,
2888 4257 3077 4335 prout
3114 4250 3278 4315 idem
3317 4252 3407 4314 est
3443 4248 3680 4313 domiuus
3704 4252 3739 4303 et

2247 4366 2454 4413 servus
2481 4348 2578 4412 sui
2602 4348 2820 4431 ipsius,
2842 4346 3163 4411 seeundum
3193 4342 3377 4407 aliud
3404 4349 3461 4407 et
3490 4342 3661 4406 aliud.

2330 4440 2438 4507 Aa
2450 4442 2699 4507 tertium
2722 4440 3059 4515 dicendum,
3082 4436 3243 4519 quod
3256 4442 3517 4521 propter
3540 4436 3739 4499 disere&

2240 4542 2458 4621 partes
2504 4537 2764 4600 hominis
2786 4583 2803 4609 ,
2848 4550 3110 4614 quarum
3150 4548 3277 4593 um
3314 4532 3403 4593 est
3428 4528 3685 4611 superior.
3704 4528 3739 4585 et

2253 4628 2387 4693 alia
2424 4628 2708 4711 inferior,
2754 4627 2905 4693 ‹lie-it
2948 4626 3133 4689 etiam
3184 4621 3605 4707 Philosophus,
3622 4618 3737 4681 ints

2252 4722 2619 4789 Ethieorum
2642 4724 2701 4803 ⁵,
2729 4720 2891 4805 quod
2938 4724 3023 4784 est
3069 4716 3334 4783 hornim‘s
3377 4718 3460 4781 ad
3501 4732 3559 4779 se
3598 4714 3737 4795 ἐμὲ*

2239 4818 2497 4901 justitia
2518 4867 2537 4895 ,
2564 4820 2633 4885 iu
2658 4821 2952 4903 quantum
2988 4810 3329 4880 irascibilis
3356 4816 3413 4877 et
3440 4808 3737 4891 eone-apisci-

2339 5010 2357 5049 ¹
2387 5008 2461 5069 In
2489 5006 2675 5071 Cone.
2704 5006 2733 5070 1
2758 5004 3087 5089 Ephesia„
3120 5002 3221 5066 cui
3248 5000 3488 5085 praefuit
3514 4996 3734 5081 Cyrilluz

2252 5119 2367 5234 ca?
2379 5102 2561 5259 ’Lgeis
2588 5194 2655 5257 in
2685 5212 2929 5273 argum.
2961 5196 2992 5257 1
3028 5193 3255 5257 citatis.

2330 5288 2355 5329 ³
2381 5290 2515 5353 Lib.
2562 5293 2592 5352 1
2635 5286 2714 5351 de
2742 5288 2939 5363 Trin.,
2971 5288 3161 5371 capit.
3188 5293 3228 5351 7
3250 5335 3276 5367 ,
3308 5294 3446 5352 ante
3492 5280 3735 5347 medium,

2248 5384 2562 5539 toPigois
2590 5476 2656 5539 in
2686 5480 3042 5556 argument.
3073 5475 3303 5541 citati-⁴³.

2333 5572 2355 5611 ⁸
2383 5568 2443 5633 C.
2482 5568 2621 5645 ult„
2648 5574 2796 5632 tom.
2827 5571 2887 5631 5.
