3892 6167
1291 345 1608 399 utspuTAT.
1647 340 1768 395 XM.
1803 344 1973 397 SECi'.
2008 344 2091 395 lv.

135 472 240 519 rem
259 454 536 529 respectu
557 464 764 510 causae
787 446 1158 525 meritoriae3
1179 464 1326 507 nam
1345 445 1490 507 tinis
1513 462 1640 505 non

135 555 206 609 est
231 560 468 605 necesse
497 547 570 603 ut
593 544 978 621 supponatur
1017 540 1312 611 existeuS,
1335 555 1540 619 neque
1579 537 1640 597 in

135 660 202 709 re,
225 654 414 715 neque
439 634 506 694 in
533 632 922 715 proescientia
947 650 1152 693 causas
1180 634 1494 713 operantis
1529 650 1642 695 seu

133 730 382 797 volentis,
415 726 530 787 sed
569 726 716 787 satis
759 725 1052 807 estquod
1095 733 1642 807 praecognoscatur

133 821 416 907 possibilis,
439 824 508 881 ut
535 817 775 897 aliquid
797 820 994 898 possit
1035 820 1099 880 in
1128 817 1304 879 illum
1338 818 1640 895 ordinari,

133 920 206 981 rel
231 920 288 977 ut
312 916 436 995 ipse
464 913 664 993 possit
693 912 930 974 Intendi
961 932 1074 995 per
1099 913 1247 975 talia
1276 913 1483 975 media
1501 959 1516 985 ‚
1545 910 1644 975 vel

133 1009 482 1075 sufficienter,
506 1006 608 1067 vel
637 1006 997 1081 efficaciter,
1021 1026 1148 1069 uno
1171 1014 1312 1069 actu
1340 1006 1637 1089 perfecto.

134 1107 190 1166 Et
219 1102 366 1161 idem
389 1105 481 1161 est
510 1099 576 1158 in
619 1117 808 1160 causa
845 1101 1184 1180 exemplari
1230 1119 1368 1181 quae
1411 1102 1475 1163 in
1525 1101 1642 1163 hac

133 1195 436 1261 conditione
463 1190 658 1253 finem
688 1191 986 1257 imitatur.
1013 1196 1092 1257 At
1116 1211 1264 1257 vero
1290 1213 1480 1257 causa
1505 1214 1642 1257 me·

132 1290 326 1362 ritoria,
349 1305 482 1367 quse
513 1288 578 1347 in
607 1287 727 1351 hoc
755 1286 1014 1349 similior
1037 1293 1130 1351 est
1158 1286 1474 1365 efficienti,
1497 1308 1640 1371 sup-

132 1384 250 1465 poni
281 1380 460 1443 dehet
507 1380 784 1441 existens
803 1424 826 1455 ,
855 1380 956 1444 vel
981 1380 1048 1443 in
1077 1400 1169 1457 se,
1199 1382 1296 1443 vel
1329 1382 1546 1445 saltem
1574 1382 1641 1445 iu

131 1473 462 1559 praescientia
512 1474 654 1553 ejus
675 1516 692 1547 ,
722 1473 830 1553 qui
877 1490 956 1535 ex
996 1474 1385 1552 praescientia
1431 1474 1642 1537 meriti

131 1567 410 1631 inclinatur
431 1564 513 1625 ad
529 1562 772 1643 aliquid
801 1564 1138 1628 volendum
1152 1582 1176 1645 3
1197 1572 1260 1629 et
1279 1566 1420 1628 ideo
1445 1568 1636 1641 Deua,

130 1664 243 1723 licet
267 1676 382 1719 uno
408 1664 552 1719 actu
597 1656 865 1719 voluerit
894 1657 1202 1721 Christum
1231 1668 1294 1721 et
1334 1659 1486 1721 alios
1525 1660 1642 1719 ho-

130 1755 292 1817 mines
329 1750 420 1813 vel
469 1751 746 1829 Angelos
796 1750 880 1813 ad
923 1769 1060 1813 csse
1113 1750 1211 1814 vel
1260 1751 1342 1814 ad
1376 1752 1640 1833 gloriam

131 1848 372 1911 ordinare
391 1893 406 1917 ,
436 1844 641 1925 potuit
669 1843 1072 1907 nihilominus
1099 1844 1428 1909 intendere
1459 1846 1638 1913 Chri·

130 1947 262 2003 stum
287 1944 347 2000 ut
378 1936 572 1999 finem
598 1938 702 1999 vel
733 1937 1054 2020 exemplar
1079 1937 1368 2018 aliorum,
1392 1958 1518 2002 non
1545 1946 1638 2001 ta-

130 2052 242 2095 men
265 2030 450 2113 potuit
472 2048 548 2091 ex
579 2030 810 2093 merito
829 2032 1049 2095 Christi
1073 2030 1244 2095 illum
1273 2034 1638 2115 generalem

129 2130 460 2191 voluntatem
509 2144 668 2207 erga
719 2126 1006 2191 homines
1047 2128 1307 2192 habere.
1352 2129 1640 2193 Secunda

127 2223 252 2285 ratio
277 2226 398 2297 est,
427 2218 576 2297 quia
605 2217 904 2284 meritum
940 2220 1164 2283 Christi
1193 2228 1480 2303 respectu
1523 2223 1641 2286 ho-

127 2316 320 2375 minum
347 2313 644 2393 supponit
669 2314 1053 2377 voluntatem
1079 2313 1248 2376 illam
1275 2317 1638 2396 generalem

128 2406 404 2469 ordinandi
421 2406 718 2469 homines
737 2406 818 2468 ad
839 2408 1102 2489 gloriam
1125 2426 1239 2499 per
1259 2408 1639 2472 sufficientes

128 2520 326 2573 causae,
352 2518 618 2579 quarum
654 2519 776 2561 una
803 2500 918 2563 fuit
944 2502 1234 2563 meritum
1260 2502 1503 2565 Christi.
1536 2504 1641 2567 At·-

131 2612 226 2674 que
257 2593 382 2655 ideo
421 2594 706 2655 Christus
753 2594 934 2655 nobis
971 2596 1236 2671 meruit,
1281 2595 1430 2677 quia
1471 2598 1640 2659 Deus

129 2688 284 2749 voluit
319 2693 384 2748 ut
419 2688 608 2750 nobis
653 2694 1036 2762 mereretur3
1081 2707 1206 2750 non
1251 2708 1402 2771 ergo
1441 2686 1640 2771 potuit

133 2782 258 2843 Deus
311 2780 422 2843 hoe
465 2780 634 2843 velle
687 2788 944 2862 propter
997 2783 1291 2845 meritum
1355 2782 1636 2863 ejusdem

133 2874 310 2935 Christi
334 2920 350 2949 ‚
390 2892 532 2937 eum
573 2892 767 2937 omne
803 2876 1096 2937 meritum
1125 2880 1316 2940 talem
1355 2876 1637 2939 volunta-

131 2975 228 3029 tem
265 2972 600 3047 supponat,
635 2968 980 3049 praesertim
1027 2989 1170 3031 cum
1213 2990 1400 3051 supra
1419 3016 1438 3047 ,
1470 2971 1630 3051 disp.

129 3062 206 3135 39,
227 3064 522 3123 ostensum
550 3062 658 3135 sit,
681 3079 865 3123 omne
894 3063 1184 3125 meritum
1211 3064 1530 3144 proprium
1557 3062 1637 3123 de

125 3152 320 3231 justitia
345 3172 550 3224 coram
585 3155 718 3215 Deo
737 3198 758 3230 ‚
789 3172 1145 3235 supponere
1178 3156 1634 3219 ordinationem

127 3246 356 3307 divinam
393 3247 556 3309 circa
593 3246 720 3311 tale
759 3248 1082 3322 meritum;
1113 3248 1219 3311 sed
1246 3251 1415 3313 Deus
1445 3250 1637 3312 voluit

129 3338 386 3400 Christum
413 3339 596 3401 nobis
627 3340 880 3411 mereri,
905 3342 1053 3421 quia
1079 3342 1294 3420 voluit,
1327 3348 1636 3421 quantum

129 3432 182 3493 in
210 3452 264 3495 se
291 3439 394 3506 est,
421 3434 604 3495 nohis
653 3432 916 3511 gloriam
948 3434 1260 3509 conferre3
1293 3452 1440 3496 nam
1481 3436 1636 3497 illud

129 3527 370 3587 meritum
413 3532 818 3606 comparatur
845 3526 926 3589 ad
952 3527 1116 3587 hane
1147 3525 1437 3609 gloriam,
1479 3526 1636 3589 sicut

131 3619 352 3681 medium
375 3618 454 3681 ad
471 3618 704 3692 finem;
729 3619 902 3681 nullo
920 3637 1070 3700 ergo
1096 3619 1282 3682 modo
1303 3620 1503 3700 potuit
1531 3620 1636 3681 illa

133 3714 390 3791 generalis
417 3712 528 3775 Dei
553 3710 846 3775 voluntas
879 3714 942 3773 in
968 3713 1084 3774 hoc
1113 3713 1333 3775 merito
1359 3712 1633 3787 fundari,

133 3806 258 3866 sicut
284 3807 472 3887 prima
507 3806 803 3869 voluntas
825 3806 966 3868 finis
991 3824 1118 3868 non
1158 3810 1360 3887 potest
1387 3806 1636 3868 fundari

133 3898 182 3957 in
205 3898 384 3961 medio
405 3914 424 3977 ;
455 3906 518 3961 et
543 3900 614 3960 in
639 3898 758 3961 hoc
777 3898 964 3963 etiam
995 3905 1090 3961 est
1109 3898 1456 3961 differentia
1477 3898 1641 3961 inter

133 3992 282 4053 linem
303 3999 358 4053 et
375 3994 722 4073 exemplar,
737 4000 1026 4073 respectu
1044 4011 1251 4055 causae
1276 3994 1635 4055 meritoriae.

133 4085 273 4156 Nam,
311 4093 374 4149 ut
400 4086 682 4149 Christus
720 4086 797 4149 sit
821 4086 966 4148 finis
995 4087 1206 4167 gloriae
1231 4087 1496 4148 aliorum
1523 4086 1640 4148 ho-

137 4180 348 4255 minum,
371 4200 498 4241 non
535 4179 928 4261 praerequirit
959 4180 1148 4241 aliam
1178 4180 1634 4242 ordinationem

134 4270 380 4347 divinam,
424 4274 536 4335 sed
591 4274 826 4335 illomst
872 4284 1016 4335 actu
1060 4292 1185 4352 quo
1233 4274 1426 4335 voluit
1475 4274 1640 4336 Deus

137 4364 374 4427 ordinare
422 4368 710 4429 homines
754 4364 834 4427 ad
888 4364 1185 4447 gloriam,
1235 4364 1296 4426 id
1333 4366 1641 4427 ordinavit

137 4457 282 4517 etiam
304 4458 378 4519 ad
405 4459 714 4522 honorem
737 4458 992 4537 Christi;
1020 4465 1082 4521 et
1107 4478 1142 4520 e
1171 4458 1507 4533 contrario,
1535 4474 1641 4519 vo·

135 4548 282 4611 leudo
306 4552 632 4621 Christum.
657 4552 850 4615 voluit
880 4570 1022 4615 cum
1051 4559 1117 4614 ut
1145 4550 1336 4614 finem
1367 4559 1430 4615 et
1452 4558 1640 4632 caput

138 4640 350 4707 aliorum
391 4644 736 4709 hominum.
772 4646 1102 4720 Similiter,
1153 4652 1221 4708 ut
1247 4645 1526 4710 Christus
1561 4644 1640 4708 sit

139 4736 421 4815 exemplar,
445 4758 576 4801 nou
607 4740 976 4819 supponitur
1002 4739 1126 4800 alia
1163 4738 1493 4813 ordinatio,
1528 4738 1639 4798 sed

139 4830 262 4889 cxvi
289 4850 405 4893 suae
434 4833 788 4896 intrinseca:
821 4833 1250 4913 perfectioniS‚
1295 4850 1484 4911 quam
1529 4826 1670 4891 ha·‘

139 4918 218 4983 bet
245 4942 341 5003 per
378 4928 637 5005 gratiam
681 4928 968 5004 unionis,
1002 4932 1064 4988 et
1109 4927 1262 4987 alias
1291 4944 1430 5006 quae.
1476 4924 1636 4987 hanc

141 5028 576 5097 consequuntur,
602 5030 786 5083 natus
808 5028 900 5085 est
924 5039 1061 5083 esse
1085 5020 1406 5100 exemplar
1425 5019 1638 5099 gloriae

141 5106 376 5185 aliorum,
397 5122 456 5175 et
491 5114 578 5177 ita
619 5114 758 5177 haec
807 5114 1017 5175 omnia
1060 5112 1251 5176 habet
1281 5131 1357 5173 ex
1404 5112 1463 5172 vi
1506 5128 1636 5173 sum

141 5201 394 5275 primariae
433 5206 1018 5286 praedestinationis.
1045 5207 1123 5269 At
1151 5224 1324 5281 vero,
1356 5204 1524 5285 quod
1560 5204 1638 5267 sit

141 5310 288 5357 causa
329 5302 630 5365 meritoria
667 5302 746 5365 de
783 5302 950 5365 facto
982 5347 1000 5377 ,
1029 5300 1222 5363 habet
1259 5318 1334 5362 cx
1382 5298 1638 5381 speciali

143 5388 472 5457 ordinatione
499 5395 732 5473 divina,
755 5416 892 5477 qnae
919 5394 1271 5458 necessario
1305 5401 1399 5456 est
1428 5398 1638 5475 poste-

145 5476 240 5542 1i0r
277 5502 446 5565 quam
493 5490 802 5569 generalis
850 5490 1157 5554 ordinatio
1191 5488 1518 5553 hominum
1556 5486 1638 5549 ad

415 5607 562 5654 xvtu

3164 350 3287 407 309

1725 440 2022 521 gloriam,
2058 447 2127 505 ut
2154 449 2475 507 ostensum
2509 450 2604 507 est
2613 466 2636 521 ‚⁶
2666 452 2727 507 et
2764 445 2932 521 ideo,
2964 448 3109 511 licet
3158 452 3289 513 haec

1725 535 2041 611 generalis
2075 535 2365 599 voluntas
2394 556 2506 599 seu
2537 536 2843 599 ordinatio
2888 542 3163 619 potuerit
3192 563 3287 607 re-

1724 626 1967 706 spicere
1992 627 2303 689 Christum
2337 634 2407 690 ut
2435 628 2625 691 finem
2648 634 2709 693 et
2730 632 3047 711 exemplar
3076 634 3287 715 gloriae

1721 720 2076 793 hominum,
2113 740 2241 782 non
2287 728 2501 784 tamen
2553 724 2753 803 potuit
2791 724 2855 785 in
2909 726 3065 805 ipso,
3110 734 3181 791 ut
3222 729 3290 791 in

1723 832 1915 875 causa
1943 814 2287 883 meritoria,
2318 812 2589 876 fundari.
2618 816 2834 897 Itaque
2866 818 3141 880 Christus
3170 820 3288 881 sub

1723 907 1969 969 ratione
2000 906 2301 969 merentis
2344 908 2707 971 hominihus
2744 908 2942 973 habet
2980 912 3287 975 rationem

1723 1000 1915 1061 medii
1945 1000 2029 1061 ad
2060 999 2321 1079 gloriam
2351 1001 2700 1077 hominum,
2729 1008 2793 1065 et
2820 1003 2963 1065 ideo
2994 1006 3290 1085 supponit

1725 1092 1790 1153 in
1840 1094 1970 1153 Deo
2024 1092 2299 1173 aliquam
2350 1091 2763 1157 intentionem
2811 1095 2999 1177 hujus
3047 1098 3287 1177 gloriae,

1725 1186 1949 1250 saltem
1990 1205 2105 1266 per
2146 1186 2533 1253 voluntatem
2580 1188 2753 1250 illam
2797 1190 3194 1269 generalem;
3231 1199 3294 1257 et

1723 1280 1866 1345 ideo
1901 1280 2038 1343 fieri
2066 1300 2193 1343 non
2223 1284 2428 1361 potest
2460 1288 2525 1345 ut
2564 1284 2711 1345 talis
2738 1286 3001 1348 intentio
3032 1305 3145 1348 seu
3174 1306 3289 1347 vo·-

1721 1374 1932 1439 luutas
1974 1376 2038 1436 in
2070 1376 2293 1439 eodem
2322 1376 2543 1439 Christi
2571 1380 2795 1441 merito
2820 1380 3140 1457 fundetur,
3171 1399 3289 1445 neo

1721 1469 1894 1551 quod
1925 1474 2238 1549 supponat
2265 1468 2416 1531 illud
2454 1476 2523 1531 ut
2565 1471 2850 1535 absolute
2892 1475 3175 1536 futurum
3226 1482 3289 1537 et

1721 1556 2105 1645 praescitum.

1806 1659 1904 1719 10.
1930 1654 2149 1717 Dices:
2170 1657 2455 1736 quamvis
2471 1657 2570 1717 hae
2589 1658 2864 1721 rationes
2880 1667 3051 1723 recte
3067 1680 3287 1742 proce-

1721 1747 1874 1809 dant
1915 1748 1995 1809 de
2036 1748 2232 1829 priori
2268 1750 2590 1813 voluntate
2632 1754 2915 1831 generali
2958 1754 3287 1818 ordinandi

1720 1840 2011 1904 homines
2040 1842 2121 1903 ad
2150 1848 2450 1903 aeternam
2480 1844 2771 1923 gloriam,
2798 1850 3009 1909 tamen
3035 1847 3113 1911 dc
3146 1869 3289 1931 pos-

1719 1936 1938 1999 teriori
1967 1934 2288 1998 voluntate
2318 1936 2655 2018 reparandi
2688 1938 3011 2003 hominem
3039 1942 3287 2023 lapsum

1721 2046 1848 2091 non
1883 2030 1967 2090 ita
2009 2028 2376 2109 procedere,
2421 2048 2535 2109 per
2558 2050 2626 2093 se
2662 2039 2926 2105 constat,
2970 2036 3117 2115 quia
3156 2036 3289 2099 haec

1722 2122 2010 2185 voluntas
2032 2123 2167 2200 jam
2206 2124 2500 2203 supponit
2530 2124 2991 2189 ordinationem
3026 2130 3284 2191 merito-

1721 2236 1862 2279 rum
1894 2216 2116 2281 Christi
2149 2218 2415 2293 Domini,
2463 2225 2525 2281 et
2554 2220 3010 2299 praescientiam
3040 2242 3282 2297 eorum,

1721 2310 2071 2391 praesertim
2114 2310 2292 2390 juxta
2339 2318 2619 2374 nostram
2667 2316 3065 2391 sententiam,
3117 2317 3288 2397 quod

1721 2402 1997 2467 Christus
2026 2402 2214 2465 fuerit
2249 2404 2490 2484 primus
2522 2406 2828 2485 omnium,
2866 2416 2927 2471 et
2956 2415 3100 2471 ante
3126 2430 3290 2491 pras-

1722 2497 1924 2558 visum
1976 2496 2279 2577 originale
2315 2504 2645 2577 peccatum
2687 2501 3186 2581 proedestinatuS‚
3226 2510 3291 2565 et

1721 2590 1891 2669 quod
1921 2608 1999 2651 ex
2029 2591 2253 2651 merito
2284 2592 2421 2671 ejus
2449 2592 2710 2671 praeviso
2748 2592 2937 2656 fuerit
2967 2595 3115 2656 dala
3144 2614 3290 2675 gra-

1722 2684 1806 2745 tia
1839 2682 2196 2745 hominibus
2227 2683 2291 2743 in
2322 2691 2487 2745 statu
2517 2684 2891 2747 innocentiae
2919 2683 2940 2765 ζ
2968 2688 3101 2767 jam
3133 2706 3282 2769 ergo

1719 2775 2155 2855 intelliguntur
2171 2776 2553 2840 sufficienter
2564 2778 2845 2859 praescita
2866 2780 3087 2841 merita
3102 2780 3283 2843 Chri-

1721 2868 1797 2930 sti
1824 2878 2116 2950 respectu
2148 2868 2508 2945 hominum,
2549 2875 2617 2931 ut
2654 2878 2908 2951 propter
2937 2872 3041 2934 illa
3068 2880 3287 2953 potue-

1718 2962 1799 3025 rit
1821 2964 1991 3024 Deus
2016 2962 2175 3023 velle
2206 2964 2497 3025 homines
2523 2980 2817 3044 reparare
2842 2984 2959 3047 per
2988 2965 3283 3029 eumdem

1717 3054 2057 3119 Christum.
2084 3054 2477 3135 Respondent
2502 3064 2789 3120 auctores
2818 3060 3125 3139 praedictae
3148 3078 3287 3123 sen·

1719 3148 1926 3211 tentiae
1956 3198 1968 3221 ,
2007 3166 2225 3210 verum
2256 3148 2515 3230 quidem
2548 3168 2685 3211 esse
2720 3154 3029 3215 rationem
3053 3154 3283 3215 factam

1716 3243 1970 3323 praecise
2002 3248 2315 3322 sumptam
2351 3288 2367 3316 ‚
2417 3260 2545 3304 non
2574 3242 2809 3306 habere
2840 3246 3127 3309 eamdem
3158 3248 3283 3309 vim

1719 3336 1797 3398 de
1846 3338 1965 3398 hac
2030 3336 2361 3417 posteriori
2418 3337 2778 3411 voluntate;
2832 3339 3237 3403 nihilominus
3260 3385 3282 3418 ,

1719 3434 1965 3492 servata
1994 3429 2420 3509 proportione,
2449 3446 2587 3490 esse
2612 3430 3053 3511 applicandam
3090 3454 3107 3508 3
3135 3432 3282 3515 quia

1718 3530 1864 3585 ante
1916 3523 2255 3603 praevisum
2306 3522 2609 3601 originale
2660 3530 2983 3605 peecatum
3007 3572 3022 3599 ,
3078 3527 3283 3588 solum

1717 3618 1834 3677 fnit
1865 3615 2148 3680 Christus
2190 3616 2513 3677 ordinatus
2554 3617 2631 3677 ad
2666 3617 3037 3681 merendum
3082 3620 3283 3683 homi-

1718 3712 1904 3773 nibus
1931 3728 2009 3772 ea
2035 3710 2242 3771 media
2268 3710 2510 3791 gratioe,
2543 3717 2604 3772 et
2628 3713 3120 3792 supernaturalis
3140 3733 3283 3795 pro·

1717 3804 2033 3879 videmiae,
2057 3822 2197 3883 quoe
2230 3803 2415 3865 statui
2444 3804 3097 3868 innocentiaefuissent
3130 3826 3285 3869 con-

1721 3905 2023 3960 sentanca
2047 3942 2066 3974 ‚
2106 3914 2233 3958 non
2270 3914 2419 3957 vero
2448 3902 2515 3957 ut
2544 3903 2711 3959 esset
2750 3898 3120 3962 universalis
3149 3918 3284 3963 me-

1718 3990 1942 4054 decina
1973 3989 2209 4069 peccati
2237 3988 2428 4051 totius
2452 3996 2694 4051 naturae
2725 4008 2742 4062 3
2794 3992 3128 4055 nam·cirea
3162 3994 3285 4057 hoo

1718 4084 1873 4148 nihil
1895 4084 2301 4165 intelligimus
2324 4084 2592 4146 voluisse
2616 4087 2817 4147 Deum
2841 4091 3113 4151 statuere
3136 4094 3282 4153 ante

1717 4180 2052 4259 praevisum
2095 4177 2401 4259 originale
2442 4184 2791 4257 peccatum.
2838 4179 2970 4240 Hac
3000 4198 3151 4259 ergo
3182 4198 3284 4242 ra-

1717 4274 1888 4336 tione
1927 4271 2236 4354 posterior
2274 4271 2587 4348 voluntaS,
2632 4288 2823 4351 quam
2864 4274 3032 4335 Deus
3064 4272 3285 4338 habuit

1721 4366 2072 4428 redimendi
2123 4365 2469 4437 hominem,
2524 4382 2651 4425 non
2703 4364 2906 4444 potuit
2955 4366 3018 4426 in
3060 4366 3281 4430 merito

1722 4458 1938 4523 Christi
1985 4464 2050 4520 ut
2087 4456 2347 4537 praeviso
2376 4456 2647 4533 fundari,
2692 4458 2803 4519 sed
2830 4460 2999 4520 Deus
3030 4477 3144 4522 sua
3172 4479 3284 4522 vo-

1721 4552 1960 4614 luntate
1992 4551 2299 4613 ordinavit
2332 4556 2397 4611 ut
2427 4548 2703 4611 Christus
2726 4552 2968 4613 veniret
2999 4553 3061 4613 in
3094 4570 3284 4616 carne

1719 4645 2001 4726 passibili
2040 4644 2120 4705 ad
2146 4642 2567 4705 ·1·cdimendos
2609 4643 2917 4707 homines.
2966 4645 3144 4720 Quod
3176 4666 3284 4709 au·

1721 4747 1848 4801 tem
1876 4738 1997 4799 hoc
2022 4738 2109 4799 ita
2139 4739 2238 4808 sit,
2271 4754 2396 4796 non
2421 4740 2627 4816 potest
2653 4736 2975 4799 evidenter
3000 4739 3277 4818 probari,

1721 4833 1868 4911 quia
1898 4830 2133 4912 pendet
2163 4848 2240 4891 ex
2264 4828 2465 4889 libera
2494 4828 2813 4891 voluntate
2841 4830 2953 4892 Dei
2988 4877 3003 4904 ‚
3046 4832 3151 4913 qui
3181 4852 3283 4894 va-

1719 4925 1824 4987 riis
1855 4922 2057 4984 modis
2081 4922 2282 5002 potuit
2304 4922 2439 4981 haee
2464 4920 2675 4982 omnia
2700 4922 3027 4987 intendere
3053 4929 3117 4985 et
3144 4940 3286 5004 pro-

1717 5016 1961 5091 videre3
1999 5022 2091 5076 est
2116 5020 2327 5076 autem
2358 5019 2855 5076 consentaneum
2879 5015 3103 5079 divinae
3128 5018 3287 5079 Scri-

1717 5116 1918 5193 pturas
1944 5156 1960 5183 ,
2016 5126 2092 5171 ex
2136 5123 2260 5189 qua
2310 5105 2520 5167 diviua
2560 5107 2852 5169 voluntas
2892 5108 3075 5171 nobis
3104 5108 3284 5171 inno·

1719 5203 1923 5267 tescit.
1972 5202 2129 5264 Nam
2176 5198 2385 5261 divina
2422 5198 2738 5279 Scriptura
2780 5200 2896 5261 soli
2940 5200 3289 5265 misericor·

1719 5295 1866 5368 dise,
1894 5314 1968 5359 ac
1992 5292 2311 5357 dilectioni
2334 5298 2397 5354 et
2419 5291 2777 5355 liberalitati
2802 5294 2910 5355 Dei
2933 5292 3149 5357 tribuit
3168 5296 3289 5359 hoc

1719 5390 2041 5455 decretum
2068 5385 2421 5453 redimendi
2451 5386 2776 5462 homineS,
2825 5406 2953 5450 non
2982 5408 3134 5452 vero
3160 5390 3289 5471 jus·

1719 5486 1867 5549 titiae
1912 5484 2169 5561 Christi,
2214 5487 2283 5544 ut
2321 5482 2581 5544 ,loannis
2614 5482 2693 5545 3:
2747 5480 2859 5547 Sic
2884 5482 3049 5547 Deus
3078 5484 3291 5551 dilexit

2876 5590 2956 5650 24
