3892 6167
538 376 619 437 34

614 484 675 541 2.
710 479 856 539 Dico
878 484 1089 539 tamen
1118 477 1346 557 prime,
1377 474 1651 537 animam
1674 473 1901 537 Christi
1929 476 2102 537 vide-

535 588 604 633 re
630 571 695 632 in
720 570 927 633 Verbo
953 571 1159 647 simul,
1191 569 1341 631 etin
1368 576 1511 631 actu
1556 569 1855 641 secunde,
1889 569 2098 631 omnia

538 682 677 743 qute
702 665 869 726 Deus
896 664 1067 724 videt
1087 664 1343 725 scientia
1366 663 1637 725 visionis.
1662 666 1751 725 Ita
1778 666 1847 724 D.
1872 664 2097 724 Thom.

533 759 660 831 hic,
692 764 753 819 et
774 756 1183 817 communiter
1200 756 1524 835 Theologi‚
1550 757 1616 816 in
1645 758 1705 833 3,
1738 755 1799 817 d.
1838 758 1941 829 t4;
1972 756 2100 817 Ma-

538 852 710 935 gist„
738 851 1028 913 Albertus
1078 851 1367 929 Magum,
1416 849 1660 926 Palud„
1694 850 2002 930 Capi-eol„
2039 856 2101 911 et

538 945 680 1017 alii;
708 943 949 1019 Ateus„
978 950 1038 1005 et
1064 944 1324 1018 Marsil.,
1359 950 1419 1007 et
1452 943 1727 1019 Henric.,
1758 943 1913 1005 locis
1939 962 2102 1023 prae-

538 1039 784 1102 cedenti
814 1039 1087 1099 sectione
1114 1037 1335 1101 citatis,
1360 1039 1448 1099 Ex
1473 1038 1791 1117 Scriptura
1820 1045 1883 1098 et
1916 1036 2102 1099 Patri-

535 1134 657 1197 bus
685 1133 840 1195 nibil
872 1133 1177 1219 habemus
1212 1132 1293 1193 ad
1347 1134 1467 1195 hoc
1509 1133 1951 1213 probandum;
2003 1151 2100 1194 so·

536 1228 672 1289 lum
702 1246 780 1289 ex
808 1228 901 1289 eis
924 1226 1126 1305 colligi
1157 1230 1385 1307 potest,
1415 1227 1692 1288 animam
1734 1226 1958 1287 Christi
1995 1245 2100 1288 co·-

542 1340 851 1403 gnoscere
880 1324 1007 1383 haec
1038 1322 1269 1395 omnia,
1303 1321 1645 1401 praesertim
1673 1340 1749 1381 ex
1782 1322 2095 1391 Damasc.,

538 1414 650 1477 lib.
675 1418 735 1489 3,
770 1432 823 1477 c.
856 1416 977 1492 223
1010 1415 1354 1495 chrysost„
1382 1414 1671 1495 Fulgent.
1706 1421 1767 1476 et
1812 1416 2097 1489 Hieron„

545 1509 751 1571 citatis
809 1508 875 1569 in
944 1509 1253 1589 principio
1311 1509 1601 1579 metionis
1671 1508 2100 1589 praecedentiS.

536 1601 694 1664 Nam
735 1602 1100 1682 simpliciter
1146 1602 1384 1675 dicunt,
1416 1602 1693 1663 animam
1736 1601 1957 1665 Christi
2003 1618 2109 1665 co·-

540 1714 845 1777 gnoscere
904 1695 1154 1770 omnia3
1202 1715 1352 1777 ergo
1386 1696 1607 1757 saltem
1634 1696 1702 1755 id
1730 1696 1847 1757 erit
1884 1712 2107 1757 verum

536 1788 617 1852 de
646 1790 741 1851 his
771 1807 911 1870 quae
942 1789 1282 1869 aliquando
1314 1792 1523 1852 futura
1554 1796 1719 1851 sunt.
1770 1788 1950 1853 Unde
1999 1808 2102 1851 ve·

533 1882 797 1945 risimile
824 1882 895 1944 fit
920 1900 994 1944 ea
1024 1900 1407 1963 cognoscere
1438 1902 1553 1963 per
1580 1883 1907 1945 scientiam
1954 1882 2103 1944 bea·

534 1981 689 2049 tam,
718 1975 863 2054 quia
893 1974 1173 2037 indicant
1200 1994 1450 2056 semper
1477 1979 1619 2037 actu
1647 1976 1752 2037 illa
1783 1976 1994 2036 omnia
2014 1976 2104 2036 in·

536 2070 725 2141 tucri,
756 2070 923 2149 quod
954 2088 1081 2130 non
1096 2069 1166 2131 fit
1194 2070 1311 2131 uisi
1336 2088 1447 2148 per
1464 2070 1719 2131 beatam
1750 2069 2099 2130 scientiam.

538 2162 1041 2227 Fundamentum
1072 2182 1221 2225 vero
1260 2164 1335 2223 D.
1366 2164 1589 2226 Thom.
1636 2168 1753 2239 est,
1776 2163 1925 2241 quia
1977 2180 2106 2224 om-

537 2258 639 2319 nis
675 2258 897 2319 beatus
923 2257 1093 2319 videt
1119 2258 1183 2317 in
1214 2256 1414 2319 Verbo
1445 2256 1655 2317 omnia
1700 2274 1837 2334 quae
1864 2255 1947 2316 ad
1981 2261 2106 2317 sta·

536 2358 673 2415 tum
707 2369 891 2413 suum
943 2350 1277 2430 pertinent,
1312 2350 1482 2430 quod
1511 2350 1807 2430 supponit
1846 2368 1923 2413 ex
1957 2352 2102 2428 tp„

536 2463 598 2525 q.
636 2447 737 2518 12,
766 2450 885 2506 art.
918 2446 986 2517 8;
1015 2444 1127 2505 sed
1148 2444 1229 2505 ad
1256 2450 1485 2507 statum
1504 2450 1565 2505 et
1579 2444 1947 2521 dignitatem
1975 2444 2106 2504 ani-

538 2556 659 2599 mae
693 2538 917 2599 Christi
946 2536 1260 2616 pertinent
1315 2538 1525 2599 omnia
1553 2556 1693 2618 quoe
1721 2538 1889 2599 Deus
1936 2536 2106 2598 videt

538 2631 803 2694 scientia
854 2630 1129 2691 visionis.
1184 2630 1417 2705 Primo,
1446 2636 1703 2710 propter
1736 2629 2105 2709 dignitatem

537 2742 827 2805 personae
842 2742 991 2785 suae.
1008 2723 1320 2797 Secundo,
1346 2724 1492 2804 quia
1514 2728 1803 2803 estcaput
1825 2723 2104 2783 omnium

533 2818 864 2879 hominum
905 2822 969 2879 et
983 2818 1391 2896 Angelorum,
1422 2819 1763 2897 proesertim
1788 2819 2104 2897 justorum

534 2919 599 2976 et
610 2910 1218 2993 praedestinatorum,
1242 2918 1497 2991 propter
1518 2930 1677 2993 quos
1697 2913 1907 2973 omnia
1930 2931 2104 2973 crea-

535 3010 602 3069 ta
630 3011 798 3067 sunt.
828 3004 1057 3080 Tertio,
1090 3004 1237 3084 quia
1258 3004 1459 3083 judex
1502 3006 1785 3067 omnium
1818 3013 1912 3067 est
1957 3023 2105 3066 con-

534 3100 807 3163 stitutus.
845 3098 1025 3159 Addo
1055 3103 1301 3177 quarte,
1334 3098 1481 3177 quia
1512 3098 1602 3161 illi
1646 3098 1929 3179 subjecta
1961 3105 2107 3159 sunt

539 3193 775 3261 omnia,
810 3197 872 3254 et
902 3198 1158 3271 propter
1188 3191 1323 3269 ejus
1369 3191 1635 3272 gloriam
1682 3198 1745 3255 et
1799 3190 2106 3255 honorem

538 3305 653 3348 suo
686 3284 875 3348 modo
906 3286 1119 3347 omnia
1146 3291 1355 3347 creata
1384 3291 1549 3349 sunt.

619 3383 681 3443 3.
721 3380 1013 3443 Dubium.
1040 3412 1123 3428 —
1142 3380 1497 3460 Responsio.
1528 3413 1611 3429 --
1644 3380 1807 3447 Visio
1830 3379 2104 3460 plurium

532 3478 602 3541 in
630 3476 754 3539 Deo
780 3492 900 3537 non
926 3476 1259 3539 necessario
1285 3494 1515 3555 smper
1537 3474 1869 3557 perfectior
1908 3480 2106 3539 est.—

536 3569 663 3633 Sed
690 3569 855 3630 circa
882 3568 1363 3630 fundamentum
1392 3570 1581 3649 hujus
1630 3568 1891 3631 rationis
1926 3568 2106 3629 dubi·

534 3668 627 3726 tat
677 3662 869 3742 Cajet.
902 3663 1025 3737 hic,
1053 3666 1229 3725 artic.
1274 3666 1335 3741 2,
1366 3664 1514 3743 quia
1560 3682 1641 3725 ex
1678 3662 1783 3723 illo
1822 3662 2108 3739 sequitur

536 3758 817 3837 aliquem
844 3758 1051 3818 minus
1067 3755 1321 3819 beatum
1355 3758 1533 3836 plura
1561 3756 1773 3819 videre
1808 3758 1874 3817 in
1898 3755 2105 3817 Verbo

534 3870 727 3933 quam
761 3850 1131 3926 beatiorem,
1165 3850 1311 3930 quia
1344 3853 1603 3929 possunt
1626 3850 1941 3929 pertinere
1972 3848 2106 3928 plu-

534 3964 607 4007 ra
637 3944 717 4007 ad
767 3950 997 4005 statum
1040 3944 1226 4023 ejus3
1264 3960 1660 4023 consequens
1704 3948 1799 4005 est
1852 3941 2102 4015 falsum,

536 4040 689 4119 quia
717 4038 826 4117 qui
856 4038 1035 4119 plura
1070 4036 1241 4100 videt
1288 4038 1351 4098 iu
1382 4038 1530 4113 Deo,
1571 4036 1907 4117 perfectius
1935 4034 2107 4095 videt

536 4132 741 4197 Deum
772 4154 790 4208 ;
829 4150 981 4210 ergo
1012 4135 1107 4193 est
1139 4130 1403 4193 beatior.
1444 4132 1519 4191 Et
1553 4131 1620 4191 in
1670 4146 1917 4191 summa
1974 4144 2106 4189 res·

539 4226 809 4307 pendet,
836 4226 1095 4285 beatum
1131 4224 1345 4284 videre
1400 4225 1467 4286 in
1502 4224 1708 4286 Verbo
1762 4221 2108 4283 formaliter

537 4337 615 4381 ea
645 4335 785 4398 quae
816 4318 1139 4399 pertinent
1171 4316 1253 4377 ad
1274 4322 1529 4391 statum,
1556 4334 1632 4379 eo
1665 4324 1947 4395 tempore
1979 4332 2102 4393 quo

535 4413 886 4493 ingreditur
935 4410 1425 4484 beatitudinem,
1478 4416 1705 4472 caetera
1756 4428 1907 4471 vero
1965 4426 2104 4489 quae

534 4512 757 4587 postea
782 4504 964 4581 fiunt,
994 4509 1241 4567 tantum
1269 4503 1626 4566 causaliter.
1655 4503 1779 4566 Sed
1810 4504 1944 4565 hoec
1973 4520 2104 4565 res·

536 4600 763 4682 pensio
803 4599 1077 4681 primum
1132 4616 1261 4659 non
1320 4597 1571 4677 expedit
1624 4597 2057 4659 difficultatem
2077 4642 2100 4673 ‚

541 4693 695 4773 quia
717 4692 906 4755 etiam
928 4691 1213 4755 accidere
1232 4697 1437 4771 potest
1458 4697 1528 4753 ut
1552 4691 1733 4771 plura
1746 4692 2105 4772 pertineant

536 4788 622 4851 ad
646 4794 878 4851 statum
904 4788 1079 4851 beati
1106 4786 1444 4862 inferioris,
1472 4788 1663 4849 etiam
1682 4806 1797 4868 pro
1814 4787 1921 4850 illo
1946 4792 2103 4849 tem·

532 4902 691 4965 pore
721 4902 847 4963 quo
878 4883 1231 4965 ingreditur
1266 4884 1740 4957 beatitudinem,
1772 4890 1843 4945 ut
1866 4884 1919 4944 si
1953 4902 2104 4945 con-

536 4978 871 5041 stituamus
898 4976 971 5039 B.
1000 4976 1392 5039 Dominicum
1421 4996 1559 5039 esse
1584 4978 1710 5038 min
1722 4996 1793 5038 us
1822 4977 2100 5058 perfecte

540 5072 801 5135 beatum
830 5090 1023 5153 quam
1048 5074 1116 5134 B.
1139 5073 1424 5148 Paulum,
1453 5072 1725 5153 primurn
1748 5073 2097 5150 eremitam,

541 5166 713 5249 quod
752 5184 878 5229 non
913 5174 1251 5248 repugnat,
1284 5172 1351 5226 ut
1378 5182 1491 5245 per
1520 5184 1587 5227 se
1628 5173 1849 5228 notum
1880 5174 2007 5239 est3
2039 5172 2102 5228 et

536 5266 753 5323 tamen
783 5267 1028 5321 constat
1076 5262 1257 5341 plura
1302 5258 1385 5321 ad
1413 5264 1644 5321 statum
1674 5258 1737 5320 S.
1769 5259 2095 5334 Dominici,

531 5370 725 5436 quam
746 5356 808 5418 S.
836 5354 1035 5431 Pauli,
1062 5353 1337 5434 potuisse
1354 5354 1693 5433 pertinere,
1712 5353 1901 5415 etiam
1918 5352 1970 5414 si
1997 5372 2098 5414 so·-

530 5450 663 5516 lum
686 5444 1133 5532 comparentur
1152 5469 1267 5531 pro
1292 5466 1369 5512 eo
1388 5456 1711 5513 momento
1728 5467 1856 5529 quo
1868 5449 2096 5512 mortui

530 5552 699 5611 sunt.
733 5545 971 5610 Deinde
1000 5562 1127 5607 non
1153 5550 1247 5607 est
1292 5545 1653 5607 necessaria
1694 5544 1799 5607 illa
1839 5562 2096 5625 respon·

1796 375 2033 439 QUAEs'r.
2069 376 2130 429 Χ.
2164 376 2368 429 Anne.
2403 376 2486 429 Ν.

2183 476 2297 550 sio,
2323 476 2472 556 quia
2497 494 2628 537 non
2651 492 2902 557 semper
2923 491 3202 538 necesse
3233 480 3334 535 est
3361 477 3550 555 utqui
3577 480 3716 559 plura

2181 571 2354 633 videt
2397 572 2464 632 in
2506 574 2664 646 Dee,
2709 570 3042 651 perfectius
3089 566 3318 629 videat
3377 570 3588 646 Deum,
3626 576 3718 639 nisi

2183 670 2408 727 caetera
2434 666 2646 726 omnia
2697 664 2866 743 paria
2899 664 3068 735 sint:
3122 661 3274 723 ficri
3329 670 3537 723 autem
3561 674 3719 742 potest
3833 696 3835 699 ⁴

2181 765 2251 819 ut
2277 758 2502 837 aliquis
2529 758 2737 819 videat
2754 758 2931 836 plura
2963 760 3134 818 intra
3151 754 3428 815 inferius
3443 774 3624 835 genus
3647 765 3720 823 vel

2182 853 2480 931 speciem,
2513 856 2575 913 et
2601 851 2761 911 alius
2793 849 3052 913 excedat
3083 846 3386 921 aliunde,
3411 848 3510 909 vel
3537 850 3722 915 clarius

2182 943 2437 1024 quidem
2469 947 2532 1007 et
2552 944 2890 1023 perfectius
2921 961 3018 1005 res
3046 943 3241 1014 aliae,
3271 942 3378 1003 vel
3402 941 3626 1022 aliquid
3645 966 3716 1009 su·

2177 1038 2414 1119 perius,
2449 1044 2510 1101 et
2533 1038 2920 1118 perfectioris
2949 1036 3224 1099 rationis
3247 1036 3573 1099 intuendo.
3599 1040 3721 1114 Quid

2180 1150 2330 1195 vero
2351 1132 2688 1195 dicendum
2718 1134 2796 1194 sit
2826 1133 2905 1193 de
2935 1132 3072 1193 aliis
3099 1130 3343 1202 beatis,
3378 1148 3485 1205 an,
3507 1132 3721 1211 scilicet,

2181 1226 2438 1289 videant
2463 1228 2594 1289 haec
2623 1226 2834 1289 omnia
2885 1225 3255 1297 causaliter,
3289 1224 3394 1285 vel
3423 1223 3722 1291 formaliter

2182 1322 2248 1381 in
2278 1322 2506 1397 Verba,
2533 1340 2662 1382 non
2691 1327 2783 1381 est
2811 1320 2996 1400 hujus
3019 1320 3144 1381 loci
3175 1320 3568 1381 examinare.

2269 1416 2328 1479 4.
2376 1415 2654 1476 Breviter
2686 1419 2896 1476 tamen
2922 1459 2937 1486 ,
2985 1422 3055 1474 ut
3085 1412 3497 1493 intelligatur
3539 1413 3622 1474 vis
3649 1434 3722 1478 ra-

2188 1508 2376 1571 tionis
2405 1508 2586 1569 factae
2611 1552 2627 1579 ,
2657 1526 2773 1587 ego
2803 1508 2868 1568 in
2895 1506 3017 1569 hoc
3045 1506 3136 1567 ita
3167 1506 3408 1579 sentio,
3442 1506 3723 1586 perfectio·

2189 1620 2334 1664 nem
2368 1600 2769 1664 beatitudinis
2818 1600 3016 1680 primo
3063 1599 3366 1660 omnium
3416 1616 3552 1660 esse
3591 1618 3722 1663 com-

2187 1694 2679 1758 mensurandam
2704 1694 3206 1774 uniuscujusque
3231 1692 3508 1765 meritis;
3532 1692 3720 1761 deinde

2184 1810 2700 1871 unumquemque
2743 1791 2998 1853 beatum
3035 1790 3262 1853 videre
3305 1786 3642 1849 formaliter
3673 1790 3721 1851 in

2183 1886 2389 1948 Verbo
2422 1886 2632 1947 omnia
2659 1886 2764 1947 illa
2794 1904 2932 1963 quoe
2960 1886 3294 1965 pertinent
3318 1883 3402 1944 ad
3431 1900 3608 1945 suum
3627 1892 3722 1945 sta·

2185 1987 2341 2052 tum,
2387 1988 2694 2059 quantum
2732 1979 2850 2040 sub
2891 1980 3324 2059 quantitatem
3364 1976 3722 2057 perfectionis

2185 2073 2407 2135 divinae
2459 2074 2713 2134 visionis
2769 2072 2896 2133 suis
2945 2072 3193 2135 meritis
3245 2070 3480 2132 debitas
3533 2070 3720 2132 cadere

2185 2172 2449 2247 possunt
2465 2182 2486 2244 ;
2513 2184 2657 2227 nam
2690 2166 2742 2227 si
2768 2166 3032 2227 fortasse
3077 2165 3160 2227 ad
3187 2162 3474 2225 videnda
3503 2162 3599 2223 illa
3624 2180 3722 2223 om-

2185 2262 2290 2323 nia
2315 2307 2330 2336 ,
2383 2262 2746 2323 necessaria
2787 2268 2953 2322 esset
2997 2259 3346 2340 perfectior
3373 2256 3526 2318 visio
3565 2274 3718 2335 quam

2188 2355 2317 2417 suis
2347 2354 2584 2416 meritis
2612 2354 2969 2427 deberetur,
3003 2372 3131 2416 non
3159 2358 3389 2433 posset
3417 2340 3619 2410 omnia
3641 2350 3720 2411 illa

2185 2449 2528 2512 formaliter
2556 2450 2619 2509 in
2661 2450 2867 2511 Verbo
2896 2447 3134 2524 videre,
3169 2446 3293 2509 sed
3337 2444 3576 2507 videret
3599 2463 3720 2523 prae·

2185 2546 2393 2625 cipua,
2423 2564 2534 2606 seu
2562 2564 2700 2625 quae
2729 2546 3110 2617 sufficerent,
3131 2542 3322 2621 juxta
3351 2539 3626 2601 ordinem
3654 2540 3720 2599 di·

2184 2640 2342 2701 vinae
2368 2639 2624 2719 justitiae
2670 2646 2732 2700 et
2773 2637 3217 2719 providentiae,
3251 2636 3502 2714 reliqua
3543 2640 3718 2694 autem

2185 2734 2424 2795 videret
2455 2734 2822 2806 causaliter;
2865 2732 3146 2794 Christus
3186 2736 3413 2792 autem
3453 2728 3720 2789 Dominus

2187 2846 2313 2889 non
2347 2828 2568 2888 habuit
2593 2826 3044 2888 beatitudinem
3077 2844 3195 2905 per
3219 2840 3342 2884 sua
3371 2820 3608 2897 merita,
3633 2820 3716 2881 sed

2187 2920 2387 2981 altiori
2433 2920 2611 2982 titulo
2653 2919 3175 2981 sufficientissimo
3222 2917 3310 2978 ad
3356 2922 3552 2977 totam
3589 2915 3719 2975 hanc

2187 3014 2638 3095 perfectionem
2665 3014 2952 3088 visionis3
2980 3020 3042 3074 ct
3063 3014 3114 3073 si
3135 3012 3467 3073 habuisset
3496 3026 3600 3088 per
3616 3026 3714 3068 me-

2187 3108 2326 3181 rita,
2376 3108 2495 3169 illis
2537 3114 2702 3170 esset
2740 3108 2948 3169 debita
2978 3112 3106 3169 tota
3149 3107 3289 3167 haec
3322 3104 3644 3185 perfecti0,
3672 3108 3718 3161 et

2186 3201 2383 3264 multo
2410 3202 2637 3279 major,
2659 3202 2714 3263 si
2741 3201 2823 3263 ad
2853 3201 3020 3261 illam
3051 3199 3478 3270 referrentur:
3521 3200 3577 3257 et
3603 3194 3714 3255 ideo

2189 3302 2358 3357 recte
2386 3296 2778 3356 concluditur
2806 3295 3015 3355 omnia
3051 3293 3186 3353 haec
3217 3292 3455 3353 vidisse
3484 3288 3718 3350 formali-

2186 3393 2282 3450 ter
2313 3390 2374 3448 in
2414 3389 2637 3451 Verbo·
2681 3388 2858 3452 Unde
2888 3388 3086 3466 accipi
3120 3392 3330 3465 potest
3363 3380 3716 3445 confirmatio

2188 3481 2406 3543 similis
2437 3482 2520 3541 illi
2544 3500 2734 3561 quam
2754 3500 2945 3561 supra
2969 3480 3320 3559 tetigimus,
3345 3495 3490 3539 cum
3513 3474 3588 3535 de
3609 3492 3718 3553 gra-

2187 3577 2272 3639 tia
2301 3576 2523 3637 Christi
2572 3594 2932 3655 ageremus,
2984 3575 3172 3654 quia,
3219 3573 3276 3633 si
3307 3570 3550 3631 infinita
3593 3566 3718 3627 visio

2187 3671 2299 3730 Dei
2352 3672 2517 3730 esset
2561 3668 2917 3748 possibilis,
2945 3672 3077 3728 tota
3117 3667 3224 3726 illa
3272 3664 3497 3729 Christi
3527 3661 3716 3721 animat

2186 3762 2430 3824 ratione
2461 3763 2710 3822 unionis
2735 3762 3071 3822 deberetur
3085 3777 3107 3838 3
3133 3760 3286 3839 quia
3315 3776 3468 3819 vero
3497 3754 3592 3815 illa
3615 3750 3718 3812 ani·

2186 3874 2290 3917 ma
2317 3874 2447 3916 non
2477 3863 2570 3917 est
2612 3874 2810 3935 capax
2838 3858 3026 3915 tantae
3053 3852 3334 3926 visionis,
3375 3842 3716 3931 perfectissi—

2187 3968 2291 4011 ma
2315 3950 2629 4029 quaedam,
2642 3950 2824 4029 juxta
2845 3948 3130 4009 ordinem
3155 3946 3382 4007 divinae
3405 3939 3714 4024 sapientiae,

2187 4043 2332 4105 data
2362 4050 2486 4117 est,
2515 4062 2590 4104 ac
2619 4045 2756 4123 ejus
2795 4042 2982 4104 statui
3009 4040 3283 4101 maxime
3315 4032 3716 4101 accommoda·

2186 4144 2273 4213 ta,
2310 4140 2660 4219 cujusmodi
2703 4146 2796 4201 est
2837 4139 2940 4200 illa
2981 4138 3060 4199 dc
3092 4156 3216 4217 qua
3247 4136 3495 4215 agimus
3510 4154 3531 4208 3
3569 4144 3712 4201 nam,

2188 4233 2359 4311 quod
2387 4234 2595 4295 anima
2625 4230 2848 4295 Christi
2879 4232 2956 4293 sit
2997 4248 3196 4311 capax
3224 4230 3393 4291 illius
3415 4276 3430 4303 ,
3457 4225 3713 4287 dubitan-

2187 4326 2337 4388 dum
2367 4344 2494 4388 uon
2519 4332 2635 4398 est,
2666 4344 2810 4387 cum
2837 4331 2967 4387 tota
2995 4324 3100 4385 illa
3125 4322 3318 4385 finitae
3346 4313 3712 4402 perfectionis

2187 4418 2286 4493 sit,
2322 4426 2394 4481 ut
2423 4420 2625 4497 magis
2652 4420 2889 4499 patebit
2919 4438 2995 4480 ex
3023 4417 3306 4479 dicendis
3332 4410 3610 4493 sequenti
3636 4424 3712 4467 as·

2186 4514 2476 4577 sortione.
2499 4514 2676 4585 Quod
2696 4520 2905 4576 autem
2929 4511 3035 4575 illa
3055 4512 3288 4593 optime
3310 4504 3570 4591 q'uadret
3593 4516 3712 4563 cum

2187 4608 2408 4671 Christi
2438 4608 2739 4688 dignitate
2783 4614 2844 4670 et
2885 4605 3291 4681 muneribus,
3311 4605 3448 4683 jam
3473 4596 3710 4679 explica·

2187 4710 2317 4763 tum
2344 4707 2456 4763 est.
2487 4702 2923 4773 Confirmatur,
2956 4700 3102 4779 quia
3131 4700 3288 4760 alias
3325 4700 3492 4759 esset
3517 4692 3577 4753 in
3599 4687 3712 4749 ani-

2185 4812 2290 4856 ma
2319 4795 2540 4856 Christi
2585 4794 2848 4855 actualis
2879 4792 3188 4873 ignoratio
3210 4838 3226 4867 ,
3268 4791 3364 4852 vel
3395 4786 3604 4849 saltem
3629 4781 3708 4841 in-

2185 4888 2601 4950 consideratio
2631 4887 2970 4947 multarum
3011 4904 3224 4947 rerum
3270 4900 3411 4962 quae
3456 4884 3592 4940 actu
3617 4872 3708 4933 fie-

2181 4988 2343 5057 rent,
2372 4989 2434 5043 et
2463 4987 2922 5060 consequenter
2953 4985 3162 5058 posset
3203 4996 3332 5037 non
3361 4980 3706 5055 cognoscere

2181 5094 2349 5137 nunc
2374 5074 2524 5155 quid
2555 5092 2672 5153 ego
2697 5075 2992 5154 cogitem,
3014 5080 3075 5134 et
3099 5071 3359 5143 similia;
3389 5064 3551 5147 quod
3575 5072 3706 5123 sane

2182 5176 2276 5231 est
2303 5168 2670 5242 absurdum,
2705 5176 2766 5229 et
2791 5185 2828 5228 a
2853 5166 3073 5228 Christi
3103 5166 3402 5245 dignitate
3432 5160 3698 5222 alienum·

2181 5264 2598 5325 Confirmatur
2625 5261 2844 5322 ultimo
2869 5306 2884 5336 ,
2919 5262 3067 5341 quia
3105 5258 3436 5322 verisimile
3473 5258 3562 5314 est
3593 5262 3704 5307 om-

2179 5374 2294 5418 nes
2341 5358 2560 5418 beatos
2607 5356 2795 5417 simul
2829 5360 3112 5435 sumptos
3149 5353 3360 5413 videre
3411 5350 3471 5409 in
3517 5339 3698 5405 Verbo

2180 5452 2390 5515 omnia
2421 5468 2558 5529 quae
2585 5453 2755 5514 Deus
2785 5450 2954 5512 videt
2980 5448 3237 5511 scientia
3261 5442 3530 5515 visioniS,
3561 5450 3699 5519 prae-

2177 5551 2274 5607 ter
2308 5564 2381 5607 ea
2441 5564 2580 5625 quae
2635 5544 2988 5624 specialiter
3035 5541 3349 5623 pertinent
3397 5538 3474 5600 ad
3517 5534 3694 5612 ipsam
