3892 6167
1312 339 1632 394 mSPUTAT.
1669 337 1792 392 le.
1826 337 1998 392 SECT.
2032 339 2115 392 IV.
3198 345 3317 406 623

78 441 162 500 ιιι
205 437 434 518 imago
481 441 600 513 est,
631 435 702 498 in
747 436 1071 518 exemplar
1113 439 1458 516 terminari,
1495 439 1670 521 quod
1751 437 2187 520 Philosophus,
2206 455 2319 522 per
2333 439 2626 504 accidens
2648 441 2887 506 moveri
2908 461 3023 506 εει]
3038 443 3320 512 denomi-

81 533 321 594 Patres
363 532 566 606 aiunt,
599 531 906 592 honorem
945 531 1238 614 imaginis
1268 533 1348 596 ad
1387 539 1671 615 prototy-
1750 532 1890 594 nari
1928 533 2246 611 dicuntur,
2281 552 2424 615 quai
2470 536 2987 616 concomitanter,
3026 541 3129 602 vel
3170 548 3313 606 tan-

79 644 230 706 pon
259 624 526 688 tendere
538 640 560 704 ;
590 625 642 686 si
673 642 826 706 ergo
851 626 954 687 bic
979 631 1188 689 motus
1217 645 1334 690 seu
1360 629 1567 692 honor
1593 628 1674 691 sit
1754 643 1946 706 quam
1971 631 2206 707 partes,
2236 629 2339 691 vel
2361 635 2667 709 tanquam
2692 629 3041 695 accidentia
3057 651 3319 699 moven-

81 718 427 800 perfectus
445 718 513 780 in
541 717 647 780 illo
677 718 922 794 ordine,
947 738 1210 784 necesse
1241 728 1336 784 est
1361 727 1428 785 ut
1455 723 1538 784 ad
1570 739 1676 784 ex-

85 812 356 890 emplar
389 812 764 876 terminetur
803 817 1108 892 tanquam
1139 815 1224 878 ad
1263 832 1400 878 rem
1439 833 1558 897 per
1603 833 1672 878 se

85 905 314 985 primo
340 921 416 968 ac
451 904 882 986 principaliter
908 906 1256 972 adoratam.

179 1001 292 1062 13.
338 998 624 1064 Semela
650 999 874 1065 illatio.
890 1033 975 1049 —
991 1002 1282 1066 Secundo
1309 1002 1538 1080 infero,
1558 1020 1674 1085 per

85 1093 274 1156 hanc
301 1092 738 1156 adorationem
783 1095 1036 1159 adorari
1065 1097 1253 1160 etiam
1302 1098 1672 1179 imaginem,

91 1207 236 1248 non
266 1187 476 1250 solum
503 1193 648 1250 actu
683 1195 967 1266 externo,
1001 1191 1108 1270 qui
1133 1190 1215 1252 ad
1241 1191 1677 1256 adorationem

93 1301 239 1344 non
275 1281 526 1360 sufficit,
575 1283 683 1346 sed
721 1282 914 1346 etiam
937 1284 1222 1347 interiori
1257 1293 1436 1349 motu
1462 1294 1528 1351 et
1577 1288 1677 1349 in-

94 1377 392 1438 tentione
416 1376 760 1452 adorantis,
778 1383 970 1458 atque
995 1395 1125 1440 non
1151 1380 1236 1440 ita
1267 1379 1526 1442 abusive
1541 1383 1678 1442 tan-

97 1479 272 1548 tum,
297 1471 414 1534 sed
437 1489 586 1535 vere
619 1490 696 1534 ac
718 1473 992 1555 proprie.
1025 1476 1176 1538 Hoec
1221 1482 1318 1538 est
1358 1477 1428 1538 in
1457 1477 1678 1558 primis

97 1583 296 1628 mens
321 1566 398 1628 D.
423 1565 704 1642 Thomae,
735 1567 894 1628 alias
933 1586 1064 1630 non
1097 1569 1248 1633 satis
1279 1570 1680 1651 explicuisset

101 1661 393 1739 aliquam
423 1677 644 1724 veram
689 1662 1126 1726 adorationem
1165 1665 1478 1745 imaginis,
1527 1665 1680 1746 quia

99 1772 242 1815 non
289 1754 570 1817 declarat
597 1755 794 1817 alium
819 1756 1080 1819 modum
1107 1757 1414 1821 adorandi
1453 1757 1628 1820 illam
1653 1773 1678 1838 3

103 1855 170 1911 et
195 1849 324 1910 hoc
353 1847 694 1912 declaravit
716 1849 1093 1927 Paludanus,
1111 1851 1332 1914 dicens
1355 1871 1506 1916 vere
1531 1853 1680 1915 ado-

99 1943 238 2004 rari
264 1942 636 2024 imaginem,
669 1945 825 2006 etin
851 1964 943 2021 se,
969 1945 1118 2009 licet
1147 1965 1279 2009 non
1301 1953 1560 2028 propter
1583 1965 1674 2022 se,

102 2035 224 2098 sed
249 2042 512 2116 propter
554 2039 913 2117 exemplar,
972 2045 1038 2101 et
1087 2039 1314 2102 eodem
1359 2046 1506 2103 actu
1551 2058 1680 2121 quo

103 2128 477 2209 exemplam
507 2135 570 2192 et
615 2131 682 2191 in
706 2131 830 2194 hoc
869 2131 1216 2214 aequiparat
1247 2133 1680 2197 adorationem

99 2221 406 2303 imaginis
443 2221 796 2286 adorationi
825 2227 1178 2306 specierum
1209 2227 1422 2290 altaris
1446 2234 1511 2291 et
1532 2229 1682 2291 reli-

100 2317 443 2396 quiarum:
475 2321 540 2378 et
559 2317 682 2380 hoc
709 2317 1049 2383 declaravit
1075 2321 1413 2402 Capreolus
1435 2323 1675 2399 dicens,

101 2409 430 2473 Christum
457 2415 522 2472 et
546 2411 890 2493 imaginem
927 2432 1069 2477 esse
1097 2433 1299 2477 unum
1341 2418 1536 2479 totale
1565 2416 1682 2479 ob-

95 2507 350 2585 jectum
367 2503 512 2566 talis
529 2505 913 2569 adorationis
915 2508 1130 2590 ‚lquod
1147 2511 1339 2573 etiam
1361 2510 1518 2574 dixit
1535 2509 1681 2572 Fer-

106 2617 240 2660 rar.
269 2598 402 2659 Hoc
432 2598 626 2660 etiam
651 2600 926 2679 probant
965 2603 1325 2665 testimonia
1367 2601 1681 2667 Concilio-

105 2709 256 2754 rum
281 2691 575 2768 adducta,
601 2693 914 2772 adjunctis
931 2695 1030 2757 his
1054 2715 1198 2777 quoe
1224 2698 1502 2760 sectione
1521 2715 1678 2778 prae·

107 2784 364 2848 cedenti
385 2784 660 2848 diximus
676 2805 694 2860 ;
721 2805 872 2848 nam
889 2788 1252 2869 simpliciter
1269 2788 1498 2853 docent
1515 2792 1680 2852 ima-

109 2880 301 2960 gines
327 2896 470 2940 esse
510 2879 890 2957 adorandas,
921 2882 1096 2961 quod
1128 2882 1208 2945 de
1236 2901 1386 2946 vera
1421 2890 1484 2947 et
1533 2901 1682 2964 pro-

107 2973 256 3054 pria
285 2971 650 3035 adoratione
699 2973 1179 3056 intelligendum
1219 2995 1359 3040 esse
1403 2978 1682 3040 ostendi·

111 3085 265 3128 mus
272 3083 294 3145 ;
323 3072 391 3128 et
415 3084 636 3129 rursus
648 3066 976 3132 declarant
1002 3069 1435 3133 adorationem
1457 3072 1682 3152 imagi-

109 3177 280 3222 num
295 3159 686 3240 potissimum
699 3160 840 3223 fieri
861 3160 1186 3225 adorando
1212 3164 1593 3245 exemplaria
1613 3165 1680 3226 in

109 3254 522 3335 imaginibus,
541 3273 658 3316 seu
681 3255 1120 3336 perimagines
1145 3257 1530 3337 exemplaria
1535 3279 1554 3333 3
1577 3274 1681 3320 er-

113 3366 204 3428 go
227 3347 510 3409 sentiunt
533 3348 728 3410 talem
757 3348 1190 3411 adorationem
1218 3367 1350 3412 non
1362 3350 1446 3412 ad
1469 3367 1682 3412 exem·

109 3441 323 3521 plaria
337 3441 532 3517 nuda,
547 3441 760 3525 sed(ut
783 3443 875 3504 ita
901 3443 1134 3524 dicam)
1148 3443 1372 3506 vestita
1393 3443 1682 3524 imagini-

111 3536 266 3609 bus,
299 3539 364 3596 et
387 3540 850 3616 consequenter
877 3536 960 3598 ad
990 3536 1300 3618 imagines
1326 3545 1398 3600 ut
1421 3538 1676 3618 conjun-

114 3635 256 3690 ctas
279 3629 740 3709 exemplaribus
758 3631 1102 3695 terminari.
1131 3630 1230 3692 Ad
1255 3631 1427 3711 quod
1455 3631 1683 3694 confir-

115 3720 426 3783 mandum
443 3722 782 3802 ponderari
798 3730 1065 3806 possunt
1084 3723 1277 3788 verba
1303 3723 1688 3788 definitionis

117 3817 235 3878 vn
265 3815 526 3895 Synodi,
557 3821 682 3880 act.
707 3821 785 3879 7:
823 3817 942 3894 Qui
978 3820 1194 3886 adorat
1235 3821 1582 3904 imayinom,
1618 3821 1690 3883 in

119 3927 196 3974 ea
214 3927 438 3992 quoque
454 3911 675 3975 adorat
695 3912 1062 3996 &emptum
1075 3919 1535 3997 ammentum
1557 3913 1686 3976 vim

120 4003 302 4067 enim
331 4003 672 4084 quamdam
692 4009 758 4066 et
799 4007 1124 4087 energiam
1159 4006 1353 4069 habet
1397 4007 1502 4068 illa
1531 4024 1687 4069 con-

111 4098 360 4180 junctio
392 4103 456 4160 et
481 4098 784 4178 particula
828 4101 1090 4182 quoquo',
1148 4119 1275 4180 qua
1325 4099 1685 4178 denotatur,

117 4207 256 4252 non
304 4190 509 4253 solum
535 4190 786 4254 adorari
837 4211 1040 4256 unum
1086 4194 1150 4256 in
1182 4194 1332 4272 alie,
1389 4195 1571 4274 quasi
1621 4195 1688 4255 in

117 4283 464 4364 proesentia
480 4285 760 4362 alterius,
793 4287 908 4348 sed
927 4286 1119 4349 etiam
1145 4305 1346 4350 unum
1364 4303 1510 4348 cum
1539 4287 1684 4362 alio,

116 4377 212 4440 ita
246 4380 318 4438 ut
343 4381 681 4460 utrumque
732 4396 881 4441 vere
933 4381 1255 4445 adoretur.
1297 4380 1692 4461 Quapropter

121 4470 211 4534 ad
233 4470 676 4552 intelligendos
699 4479 1014 4553 auctores,
1041 4477 1324 4540 cavenda
1363 4485 1462 4539 est
1502 4475 1690 4556 aequi-

123 4563 372 4628 vocatio
401 4566 846 4644 terminorum3
875 4568 1195 4632 interdum
1235 4570 1404 4632 enim
1443 4569 1688 4645 dicunt,

125 4659 252 4719 hac
279 4657 645 4721 adoratione
672 4660 1015 4742 imaginem
1062 4679 1180 4742 per
1229 4680 1297 4725 se
1341 4681 1454 4726 seu
1507 4663 1575 4725 in
1621 4681 1691 4725 se

125 4749 403 4826 adorari,
439 4757 510 4814 ut
537 4751 859 4815 declarent
883 4771 1014 4816 non
1041 4771 1184 4816 esse
1211 4754 1538 4818 abusivam
1557 4763 1693 4818 tan-

122 4852 289 4923 tum,
321 4845 435 4908 sed
462 4865 680 4910 veram
703 4854 768 4910 et
800 4848 1162 4929 propriam3
1192 4849 1511 4912 interdum
1538 4867 1690 4914 vero

122 4938 344 5000 dicunt
369 4939 540 5000 illam
565 4941 816 5003 adorari
841 4942 1354 5018 concomitanter,
1389 4950 1460 5006 ιιι
1480 4943 1692 5006 decla-

119 5036 272 5111 rent
309 5049 438 5094 non
467 5051 603 5096 esse
647 5035 851 5115 ipsam
894 5035 1214 5116 objectum
1259 5036 1431 5117 quod
1481 5057 1596 5118 per
1623 5055 1692 5100 se

121 5125 332 5204 primo
381 5127 704 5205 adoratur,
761 5129 878 5192 sed
903 5130 1236 5194 coadorari
1291 5137 1540 5194 tantum
1569 5132 1695 5212 pri-

123 5219 328 5278 mario
357 5221 636 5301 object03
671 5226 734 5286 et
762 5224 826 5286 in
856 5225 1082 5286 eodem
1125 5241 1320 5288 sensu
1355 5224 1572 5287 dicunt
1599 5225 1696 5286 in-

1755 725 1892 797 tur,
1926 721 2074 784 licet
2101 723 2168 784 in
2212 739 2283 784 se
2308 739 2459 787 vere
2508 721 2861 786 afficiantur
2896 733 3096 805 motu,
3147 731 3318 809 quod

1753 813 2027 876 maxime
2058 815 2249 878 estin
2296 835 2441 895 usu,
2470 817 2729 898 quando
2756 833 2955 882 unum
2996 821 3175 886 alteri
3214 843 3319 887 ac·

1755 907 2146 972 cidentaliter
2178 911 2615 992 conjungitur,
2664 915 2733 974 ut
2780 914 2845 974 in
2889 917 3315 996 superioribus

1752 1003 1993 1062 tactum
2007 1007 2118 1065 est.
2142 1003 2241 1066 Ad
2258 1003 2601 1066 tollendam
2618 1021 2769 1087 ergo
2786 1007 2956 1070 vocis
2971 1010 3318 1088 aequivoca-

1753 1092 2019 1169 tionem,
2048 1095 2340 1175 dicimus,
2382 1096 2727 1179 imaginem
2772 1118 2923 1163 vere
2962 1119 3039 1165 ac
3062 1105 3317 1185 proprie

1755 1187 2007 1250 adorari
2038 1208 2151 1253 seu
2178 1190 2506 1254 coadorari
2534 1211 2649 1254 suo
2676 1195 3055 1276 exemplari,
3098 1204 3161 1260 et
3195 1198 3317 1260 hoc

1755 1282 1944 1346 modo
1992 1303 2121 1346 una
2160 1286 2525 1350 adoratione
2554 1305 2696 1349 cum
2722 1288 2861 1368 ipso
2891 1290 3033 1352 coli.

1841 1379 1937 1441 14.
1986 1377 2203 1444 Tertia
2250 1379 2475 1444 illatio.
2498 1381 2809 1444 —Tertio
2854 1381 3080 1459 infern,
3118 1389 3317 1448 totam

1756 1471 2066 1534 rationem
2088 1472 2281 1552 hujus
2301 1472 2687 1538 adorationis
2713 1493 2853 1538 esse
2885 1478 3317 1542 excellentiam

1757 1564 2100 1645 prototypi,
2153 1583 2297 1646 quae
2336 1573 2402 1630 et
2434 1569 2644 1650 ipsum
2686 1575 2750 1631 et
2788 1569 3132 1651 imaginem
3179 1571 3317 1653 ejus

1761 1657 2132 1722 adoratione
2161 1659 2420 1741 dignam
2462 1661 2693 1740 reddit,
2726 1664 3072 1744 exemplar,
3104 1665 3321 1728 videli-

1759 1757 1882 1829 cet,
1907 1769 2029 1832 per
2050 1771 2119 1815 se
2142 1759 2205 1816 et
2222 1759 2481 1835 propter
2504 1771 2573 1818 se
2596 1774 2610 1833 ;
2636 1757 2979 1838 imaginem
3000 1775 3151 1820 vero
3176 1778 3318 1840 pro·

1757 1849 1900 1925 pter
1933 1846 2275 1926 exemplar.
2308 1849 2459 1911 Hoec
2487 1850 2677 1910 etiam
2721 1857 2817 1912 est
2848 1855 3021 1913 certa
3058 1853 3315 1930 veritas,

1761 1955 1953 2016 quam
2000 1938 2123 2000 illis
2166 1939 2375 2002 verbis
2417 1941 2757 2004 declaravit
2798 1944 3143 2007 Concilium
3188 1947 3321 2008 Tri-

1759 2030 1965 2108 dent.,
1995 2049 2146 2096 sess.
2196 2035 2301 2111 25,
2354 2034 2571 2097 dicens
2596 2081 2612 2110 ,
2643 2035 3013 2119 huminibus
3057 2039 3319 2104 debitum

1760 2124 2037 2189 honorem
2085 2132 2145 2192 et
2184 2130 2623 2193 venerationem
2658 2130 3122 2211 impertiendam
3138 2175 3159 2208 ,
3198 2147 3321 2195 mm

1758 2219 1918 2300 quod
1954 2221 2237 2284 credatur
2289 2222 2483 2287 inesse
2526 2221 2736 2304 aliqua
2776 2223 2845 2285 in
2894 2223 2977 2286 iis
3023 2225 3319 2288 divinitas

1753 2317 2005 2392 propter
2030 2331 2211 2395 quam
2232 2316 2363 2379 sint
2388 2316 2664 2392 colendoe,
2687 2317 2791 2380 sed
2805 2315 3089 2398 quoniam
3106 2319 3314 2394 honos,

1757 2407 1864 2486 qm·
1906 2405 1993 2470 eis
2028 2407 2361 2483 exhibetur,
2388 2409 2661 2485 refertur
2707 2410 2790 2473 ad
2819 2414 3145 2490 prototypa
3187 2427 3321 2493 μω

1757 2505 2175 2578 repo-affrontat.
2205 2501 2283 2561 Et
2324 2501 2447 2562 hoc
2476 2501 2667 2563 etiam
2694 2502 3077 2565 convincunt
3097 2502 3322 2565 funda-

1757 2597 1974 2654 menta
2006 2611 2225 2656 eorum
2280 2595 2387 2675 qui
2436 2601 2675 2676 negant
2724 2597 3033 2677 imagines
3068 2599 3321 2678 proprie

1761 2685 2050 2763 adorari3
2095 2705 2243 2749 nam
2290 2689 2514 2752 saltem
2568 2689 2839 2770 probant
2887 2707 3018 2752 non
3070 2689 3323 2753 adorari

1758 2788 2021 2862 propter
2047 2783 2506 2860 excellentiam,
2539 2801 2679 2863 quae
2704 2786 2771 2845 in
2796 2785 2951 2866 ipsis
2970 2785 3084 2859 sit;
3114 2791 3179 2848 et
3200 2787 3323 2848 hoc

1761 2893 1953 2938 sensu
1974 2876 2367 2940 ostendimus
2387 2895 2599 2958 supra,
2620 2895 2877 2940 omnem
2890 2879 3323 2964 adorationem

1761 2969 2111 3051 imaginum
2138 2987 2280 3033 esse
2308 2971 2743 3052 respectivam.

1843 3069 1944 3130 15.
1996 3066 2236 3142 Quarta
2260 3065 2572 3130 illatio.-—
2584 3068 2818 3143 Quarto
2842 3067 3127 3145 infertur,
3158 3069 3323 3133 hanc

1761 3157 2199 3222 adorationem
2248 3159 2547 3240 imaginis
2578 3161 2825 3234 Christi,
2878 3161 3052 3226 verbi
3096 3163 3320 3242 gratia,

1761 3253 2017 3333 proprie
2058 3270 2199 3316 esse
2226 3253 2477 3314 latriam
2507 3271 2585 3315 ex
2610 3253 2979 3316 habitudine
3006 3254 3089 3316 ad
3118 3256 3327 3336 objec-

1759 3352 1894 3408 tum
1922 3345 2294 3426 primarium
2318 3390 2340 3421 ,
2392 3363 2507 3406 seu
2554 3363 2895 3426 personam
2927 3365 3068 3427 quse
3095 3365 3210 3428 per
3253 3367 3324 3412 se

1759 3441 1963 3522 primo
1988 3439 2319 3515 adoratui-3
2344 3457 2497 3502 nam
2517 3456 2596 3502 ex
2617 3441 2983 3504 habitudine
3012 3441 3093 3502 ad
3122 3441 3320 3514 illam,

1763 3539 1828 3596 et
1855 3532 1938 3595 ad
1966 3533 2407 3596 excellentiam
2434 3535 2570 3614 ejus
2602 3539 2793 3614 prout
2818 3534 2883 3594 in
2911 3533 3048 3612 ipsa
3074 3540 3187 3610 est,
3212 3534 3327 3595 ha-

1765 3627 1874 3689 bet
1923 3626 2096 3707 quod
2150 3627 2231 3689 sit
2280 3625 2558 3707 perfecta
2613 3633 2677 3688 et
2726 3644 2974 3688 summa
3014 3626 3319 3702 adoratio,

1767 3737 1959 3800 quam
1985 3738 2110 3783 vox
2133 3721 2349 3794 latria,
2382 3719 2705 3800 supposito
2732 3737 2853 3781 usu
2858 3765 2879 3796 ,
2902 3720 2971 3780 in
2999 3719 3207 3800 rigore
3234 3721 3327 3781 si-

1765 3812 2044 3894 gnificat.
2078 3811 2236 3885 Quia
2268 3819 2483 3876 tamen
2530 3813 2637 3874 ille
2666 3817 2867 3888 actus,
2900 3813 3009 3891 qui
3036 3831 3203 3875 unus
3233 3818 3329 3875 est

1768 3913 1832 3970 et
1873 3905 2289 3984 indivisibilis,
2330 3905 2707 3968 terminatur
2753 3905 2939 3967 simul
2986 3905 3068 3968 ad
3108 3905 3331 3986 imagi-

1766 4017 1913 4064 nem
1954 4017 2099 4062 cum
2140 4004 2498 4081 prototypo,
2542 3999 2689 4062 ideo
2729 4016 2879 4062 vere
2922 3998 3147 4061 dicitur
3186 3998 3329 4062 talis

1767 4093 1981 4175 imago
2022 4111 2167 4156 vere
2220 4092 2471 4156 adorari
2515 4093 2883 4156 adoratione
2917 4092 3133 4170 latriae,
3166 4093 3331 4154 sicut

1768 4187 2134 4250 humanitas
2162 4186 2383 4250 Christi
2412 4203 2560 4248 vere
2591 4187 2819 4250 dicitur
2852 4186 3104 4249 adorati
3146 4185 3331 4248 latria

1771 4299 1898 4362 qua
1941 4282 2241 4344 adoratur
2266 4280 2566 4355 Christus,
2598 4280 2885 4361 quamvis
2912 4281 3019 4342 illa
3042 4279 3327 4342 adoratio

1768 4395 1900 4438 non
1917 4375 2153 4437 habeat
2179 4374 2351 4455 quod
2369 4374 2450 4436 sit
2471 4375 2656 4436 latria
2678 4392 2758 4436 ex
2781 4374 3196 4449 humanitate,
3220 4372 3331 4434 sed

1770 4487 1846 4532 ex
1877 4485 2149 4550 persona
2172 4467 2371 4548 ipsius
2393 4467 2635 4541 Christi,
2665 4465 2839 4548 quod
2876 4467 3090 4530 statim
3130 4467 3333 4546 magis

1769 4563 2193 4628 declarabitur
2230 4562 2296 4624 in
2326 4561 2741 4626 solutionibus
2784 4565 3325 4643 argumentorum.

1855 4661 1955 4722 16.
2002 4657 2257 4738 Satisfit
2296 4657 2707 4732 fundamentis
2730 4657 2802 4718 in
2826 4657 3222 4720 contrarium.
3251 4683 3333 4700 -

1773 4752 1870 4814 Ad
1917 4751 2195 4833 primum
2250 4765 2403 4830 ergo
2453 4749 2938 4812 fundamentum
3003 4744 3333 4812 contrariae

1775 4846 2100 4911 sententiae
2128 4861 2208 4906 ex
2232 4843 2601 4907 auctoritate
2632 4845 2733 4905 vn
2770 4841 3011 4922 Synodi
3037 4858 3164 4902 uno
3190 4857 3333 4902 ver-

1770 4941 1856 5002 bo
1883 4938 2256 5021 responderi
2281 4943 2522 5019 posset,
2553 4939 2619 4998 in
2646 4937 2773 4996 illis
2800 4935 2955 4996 locis
2994 4952 3123 4995 non
3154 4933 3331 5013 loqui

1771 5034 2115 5098 Concilium
2144 5033 2225 5094 de
2266 5031 2387 5093 hac
2434 5030 2799 5093 adoratione
2848 5045 2973 5108 qua
3023 5029 3332 5107 imagines

1851 5127 2197 5189 adorantur
2262 5133 2435 5187 cum·
2460 5128 2793 5204 prototypo
2818 5168 2840 5200 ,
2890 5129 2961 5184 ut
3022 5121 3333 5202 imagines

1777 5265 1790 5281 .
1851 5226 1944 5298 ιιι,
1994 5219 2109 5283 sed
2154 5224 2288 5299 qua
2327 5219 2475 5298 ipsae
2522 5216 2671 5277 solae
2700 5215 3065 5291 adorantur,
3107 5220 3179 5275 ut
3228 5229 3334 5274 res

125 5310 380 5373 terdum
403 5314 656 5380 adorari
681 5335 799 5398 per
825 5319 1137 5397 accidenS,
1167 5325 1242 5380 ut
1268 5321 1443 5400 patet
1469 5336 1547 5379 ex
1583 5315 1732 5380 Ca-⁴
1775 5315 2064 5394 quaedam
2092 5331 2285 5376 sacrae
2314 5316 2501 5385 sunt;
2529 5309 2637 5370 illa
2664 5309 2834 5370 enim
2863 5307 3143 5370 adoratio
3170 5305 3335 5367 infe—

127 5407 350 5486 preolo
377 5425 603 5488 supra;
639 5421 702 5476 et
736 5412 1004 5477 fortasse
1029 5413 1258 5478 eodem
1303 5431 1496 5478 sensu
1521 5413 1698 5476 locu-

129 5505 236 5561 tus
270 5508 364 5564 est
395 5505 722 5583 HemicuS,
761 5507 984 5580 Quodl.
1015 5510 1114 5586 10,
1147 5526 1210 5588 q.
1243 5513 1318 5585 ὃς
1360 5524 1510 5569 nam
1527 5505 1695 5586 apud

1775 5411 1904 5473 rior
1951 5416 2066 5488 est,
2114 5414 2184 5472 ut
2230 5406 2515 5488 sequenti
2568 5404 2845 5467 sectione
2883 5401 3210 5466 constabit.
3242 5401 3333 5463 Ne

1779 5511 1991 5568 tamen
2020 5519 2321 5582 cogamur
2350 5500 2519 5562 illam
2568 5497 2945 5561 sententiam
2976 5503 3041 5558 ει
3082 5495 3333 5576 exposi-
