3892 6167
575 337 696 402 200
1795 339 2031 405 Qum.
2066 337 2217 392 ΙΥΙΙ.
2250 335 2451 390 anm.
2486 337 2549 392 n.

573 441 800 522 primo,
823 438 1220 502 existentiam
1241 445 1484 504 naturus
1507 445 1755 515 creato,
1777 439 1936 502 nihil
1961 436 2137 500 aliud

575 551 713 598 esse
739 551 930 615 quam
961 533 1472 614 personalitatem
1501 535 1662 614 ejus,
1689 540 1750 596 et
1777 534 1920 596 ideo
1947 533 2135 594 unica

575 627 1006 708 assumptione
1045 633 1112 692 et
1149 628 1384 690 unione
1415 634 1806 708 assumptam
1835 645 1976 690 esse
2023 628 2137 688 hu·

575 723 944 786 manitatem
977 721 1060 784 ad
1099 721 1488 784 existentiam
1535 729 1600 786 et
1625 722 2134 803 personalitatem

577 815 868 880 alienam.
903 815 1028 878 Sed
1055 815 1188 878 haec
1215 815 1550 895 responsio
1575 815 1882 895 imprimis
1909 814 2136 878 funda-

574 909 755 972 turiu
777 909 1074 989 opinione
1093 910 1400 990 capreoli,
1425 927 1618 987 qaam
1633 909 1963 987 pauciores
1976 909 2135 970 Tho-

575 1002 774 1063 mistae
812 1009 1182 1082 sequnntur,
1214 1002 1474 1080 scilicet,
1509 1003 1978 1066 subsistentiam
2018 1019 2134 1064 seu

571 1097 1076 1176 personalitatem
1107 1102 1346 1160 natm-m
1373 1105 1600 1160 creato
1621 1098 1952 1160 esseillius
1978 1097 2138 1159 exis-

573 1191 856 1264 tentiam,
877 1209 1020 1269 quae
1051 1191 1264 1272 opinio
1288 1192 1448 1254 falsa
1477 1198 1594 1268 est,
1627 1192 1792 1254 utin
1809 1191 1974 1272 disp.
2002 1207 2137 1252 me·-

571 1283 746 1360 taph.
779 1282 858 1345 de
888 1285 1005 1346 hac
1021 1303 1096 1350 re
1124 1284 1314 1348 latius
1339 1285 1624 1361 tractavi,
1646 1292 1806 1348 etex
1823 1283 2003 1346 dictis
2028 1301 2134 1344 sn-

569 1395 710 1456 pra,
739 1378 904 1440 eirca
931 1397 996 1458 q.
1021 1383 1062 1442 2
1091 1381 1160 1442 D.
1189 1380 1440 1452 Thom.‚
1459 1379 1668 1453 ethic,
1703 1397 1834 1440 non
1863 1377 2133 1440 obscure

569 1471 832 1551 intelligi
860 1477 1100 1552 potest,
1133 1474 1280 1552 quia
1295 1519 1315 1550 ‚
1343 1477 1636 1536 naturam
1661 1472 2135 1534 substantialem

571 1565 874 1638 existere,
905 1565 1062 1628 nihil
1091 1566 1262 1628 aliud
1301 1573 1398 1630 est
1445 1585 1634 1647 quam
1665 1583 1806 1628 esse
1845 1570 1991 1628 actu
2022 1583 2136 1626 ens

569 1664 747 1720 extra
787 1659 946 1722 nihil
989 1666 1054 1722 et
1098 1667 1274 1722 extra
1317 1678 1540 1722 causas
1583 1675 1760 1736 suas3
1793 1659 2133 1722 subsistere

569 1765 720 1814 vero
745 1757 854 1814 aut
873 1755 1196 1831 personari
1223 1755 1496 1833 pertinet
1523 1753 1604 1816 ad
1635 1751 1896 1814 modum
1921 1771 2035 1833 per
2064 1769 2133 1814 se

571 1850 638 1906 et
661 1847 972 1925 complete
1009 1847 1342 1910 existendi.
1373 1847 1657 1922 Deinde,
1689 1847 2031 1926 suppositis
2054 1847 2134 1908 iis

571 1953 712 2017 quae
743 1957 954 2018 supra,
983 1940 1142 2020 disp.
1177 1945 1270 2015 11,
1299 1940 1592 2014 diximus,
1619 1940 1836 2019 negari
1867 1955 1999 2002 non
2022 1957 2136 2019 po·

569 2037 690 2096 test
718 2035 872 2110 quin
901 2034 1228 2098 existentia
1255 2034 1544 2098 absoluta
1583 2035 1650 2096 in
1687 2037 1815 2096 Deo
1845 2051 1884 2096 a
1911 2051 2130 2114 perso·-

567 2126 826 2188 nalitate
856 2127 1078 2200 Verbi,
1109 2129 1330 2190 saltem
1377 2129 1653 2204 ratione,
1681 2129 2124 2206 distinguatur.

567 2219 694 2286 Sed
731 2221 1098 2300 responderi
1131 2225 1335 2303 potest
1377 2223 1656 2284 secundo
1675 2266 1695 2298 ,
1727 2222 1793 2284 in
1829 2221 2129 2286 Trinitate

567 2313 704 2376 dari
733 2313 796 2374 in
844 2314 1106 2393 singulis
1135 2317 1420 2396 personis
1452 2316 1814 2378 existentias
1837 2315 2129 2378 relativas

565 2406 808 2469 ratione
836 2405 1156 2472 distinctas
1183 2410 1268 2473 ab
1297 2409 1582 2472 absoluta
1602 2456 1618 2485 ,
1651 2427 1790 2488 quae
1815 2409 1884 2470 in
1915 2409 2129 2490 singu-

565 2498 646 2560 lis
672 2501 956 2578 personis
999 2521 1130 2564 non
1157 2503 1634 2584 distinguuntur
1657 2521 1698 2564 a
1723 2503 1991 2582 propriis
2028 2519 2130 2564 re—

565 2591 925 2666 lationibns3
947 2595 1108 2659 etita
1125 2596 1310 2658 unica
1321 2598 1557 2659 unione
1585 2596 1991 2658 humanitatis
2007 2601 2129 2657 ter·

565 2685 804 2748 minata
823 2687 904 2748 ad
922 2690 1366 2768 proprietatem
1385 2689 1574 2752 Verbi
1594 2689 2127 2780 assumipotuisse

566 2777 1046 2855 humanitatem,
1078 2786 1207 2844 tam
1255 2782 1338 2844 ad
1385 2783 1774 2845 existendum
1807 2801 1999 2862 quam
2046 2782 2129 2846 ad

565 2871 1073 2952 subsistendum,
1106 2877 1256 2954 quia
1287 2877 1394 2938 illa
1417 2876 1768 2957 proprietas
1793 2883 1857 2938 et
1885 2877 2127 2938 subsis-

567 2966 762 3028 tentia
803 2973 898 3028 est
918 3011 933 3038 ‚
967 2974 1029 3030 et
1071 2969 1400 3030 existentia
1444 2969 1724 3032 relativa.
1759 2969 1884 3032 Sed
1927 2987 2129 3049 quan-

563 3075 761 3138 quam
809 3059 942 3121 haec
988 3059 1185 3122 videri
1231 3062 1431 3140 possit
1476 3079 1792 3142 apparens
1836 3063 1989 3144 fuga
2028 3064 2131 3126 vel

567 3153 800 3227 evasio,
827 3159 1038 3216 tamen
1065 3173 1196 3216 non
1225 3155 1344 3216 sibi
1377 3161 1644 3230 constat,
1673 3173 1880 3236 neque
1909 3174 2131 3220 conse-

565 3251 834 3326 quenter
851 3246 1154 3326 loquitur;
1177 3267 1326 3310 nam
1347 3267 1426 3310 ex
1445 3248 1670 3312 eodem
1689 3250 2125 3325 fundamento,

567 3355 647 3404 ex
683 3355 810 3418 quo
851 3341 1136 3418 cogimur
1161 3359 1400 3422 ponere
1428 3342 1498 3404 in
1524 3342 1820 3406 Trinitate
1857 3344 2129 3406 existen-

567 3432 718 3494 tiam
747 3432 1100 3498 absolutam
1129 3442 1190 3496 et
1211 3436 1558 3508 relativam,
1581 3438 1865 3516 cogimur
1886 3455 2125 3517 ponere

564 3526 630 3588 in
651 3526 900 3590 duabus
925 3528 1145 3590 Christi
1169 3531 1408 3593 naturis
1433 3531 1826 3592 existentiam
1845 3539 2123 3594 creatam

567 3627 632 3682 et
658 3623 1026 3698 increatam,
1054 3631 1116 3688 et
1143 3624 1285 3686 ideo
1318 3625 1418 3686 vel
1444 3630 1780 3704 utrumque
1809 3625 2125 3688 affirman-

565 3715 720 3778 dum
763 3721 952 3792 esset,
985 3718 1086 3780 vel
1131 3725 1470 3797 utrumque
1519 3719 1906 3799 negandum.
1949 3719 2129 3792 Quod

563 3811 651 3872 ita
686 3810 1040 3874 declaratur
1059 3857 1075 3886 ,
1107 3814 1254 3893 quia
1275 3857 1290 3886 ,
1322 3814 1378 3874 si
1408 3814 1478 3875 in
1509 3815 1640 3875 Deo
1670 3821 1766 3876 est
1799 3815 2129 3876 existentia

563 3904 850 3968 absoluta
879 3913 944 3970 et
980 3907 1274 3982 relativa,
1311 3908 1452 3970 ideo
1491 3915 1586 3970 est
1613 3909 1760 3988 quia
1801 3906 2129 3971 existentia

562 3997 718 4060 nihil
741 3999 912 4060 aliud
952 4000 1290 4064 intrinsece
1336 4008 1431 4064 est
1459 4019 1652 4081 quam
1695 4003 1836 4082 ipsa
1864 4002 2129 4064 actualis

563 4091 788 4154 entitas
815 4093 931 4170 rei,
953 4099 1017 4156 et
1046 4094 1188 4156 ideo
1214 4101 1367 4174 quot
1392 4102 1538 4159 sunt
1561 4096 1734 4158 modi
1764 4096 2124 4172 entitatum,

563 4189 656 4247 tot
687 4203 948 4248 necesse
977 4195 1072 4250 est
1099 4206 1240 4250 esse
1267 4189 1492 4250 modos
1523 4190 2033 4264 existentiarum;
2064 4194 2131 4251 et

563 4278 710 4340 hinc
737 4280 1162 4358 concluditur,
1193 4283 1340 4360 quia
1375 4283 1438 4342 in
1469 4285 1598 4344 Deo
1629 4287 1723 4344 est
1763 4283 1993 4345 entitas
2020 4282 2124 4343 ab·

563 4373 766 4435 soluta
785 4381 849 4434 et
869 4374 1123 4436 relativa
1147 4375 1392 4436 ratione
1417 4376 1747 4451 distinctae,
1773 4394 1913 4438 esse
1935 4376 2123 4438 etiam

563 4465 1094 4546 proportionalem
1146 4469 1540 4530 existentiam
1554 4491 1574 4545 3
1619 4487 1796 4549 ergo,
1841 4469 1982 4550 pari
2024 4488 2127 4534 ra-

563 4560 766 4636 tione,
799 4561 942 4638 quia
973 4561 1040 4622 in
1065 4562 1308 4624 Christo
1333 4569 1482 4626 sunt
1515 4563 1654 4624 duae
1680 4569 1951 4638 naturas,
1980 4579 2123 4641 qum

563 4659 712 4716 sunt
737 4653 878 4716 dues
909 4654 1200 4717 entitatos
1228 4657 1529 4729 actuales,
1555 4657 1752 4718 altera
1775 4662 2009 4733 creata,
2034 4655 2127 4718 al-

561 4752 699 4808 tera
725 4747 1027 4822 increata,
1057 4749 1605 4830 proportionaliter
1636 4755 1820 4812 erunt
1851 4749 2126 4811 existen-

563 4839 650 4902 tia
691 4845 900 4902 creata
929 4848 992 4904 et
1019 4842 1316 4906 increata.
1347 4843 1460 4904 Vel
1491 4861 1528 4904 e
1555 4844 1864 4904 contrario
1895 4841 2126 4904 contir-

563 4939 792 5006 matur,
819 4936 972 5013 quia
1019 4936 1070 4997 si
1113 4937 1182 4998 in
1225 4953 1496 5017 persona
1543 4941 1753 4998 creata
1797 4936 2124 4997 existentia

557 5029 662 5086 est
701 5027 924 5088 unicus
967 5039 1146 5090 actus
1189 5017 1620 5104 indivisibilia,
1669 5046 1782 5108 per
1823 5045 2013 5108 quam
2061 5033 2124 5090 et

565 5137 832 5200 persona
885 5128 948 5183 et
995 5129 1222 5184 natura
1275 5123 1503 5198 existit,
1555 5122 1750 5185 multo
1801 5124 2005 5202 magis
2056 5123 2121 5183 in

561 5213 848 5293 personis
871 5214 1091 5276 divinis
1114 5216 1318 5295 ipsum
1341 5234 1476 5277 csse
1500 5215 1858 5278 absolutum
1881 5224 2121 5279 naturae

561 5307 678 5369 erit
709 5309 896 5370 etiam
927 5309 1254 5371 existentia
1295 5310 1578 5370 omnium
1618 5309 1990 5372 relationum
2010 5356 2025 5383 ‚
2058 5315 2121 5373 et

563 5401 887 5462 existentia
917 5403 1032 5464 erit
1057 5408 1303 5464 tantum
1329 5403 1638 5480 absoluta,
1667 5411 1730 5465 et
1757 5403 1822 5464 in
1853 5421 1930 5464 ea
1956 5404 2122 5466 facta

565 5493 680 5554 erit
705 5493 872 5570 unic,
903 5501 966 5556 et
990 5497 1288 5575 procedet
1313 5497 1472 5558 ratio
1500 5495 1687 5558 facta.
1719 5498 1781 5559 Si
1813 5503 2023 5560 autem
2052 5499 2119 5560 in

2214 437 2347 500 Deo
2369 479 2391 513 ,
2422 435 2583 498 sicat
2607 453 2879 517 persona
2906 443 2969 500 et
3002 444 3225 502 natura
3274 441 3517 504 ratione
3556 443 3723 508 distin-

2216 535 2530 608 guuntur,
2562 531 2649 592 ita
2678 531 2867 594 etiam
2905 549 3046 596 esse
3092 537 3342 596 naturas
3384 541 3449 595 et
3476 551 3601 598 esse
3624 557 3725 618 per·

2214 641 2416 697 sunm,
2446 641 2596 702 ergo
2624 624 2825 686 multo
2851 626 3053 705 magis
3076 626 3139 688 in
3164 634 3405 688 natura
3426 632 3489 691 et
3510 647 3725 707 persana

2212 721 2427 780 creata
2456 717 2878 797 distinguetur
2904 737 3043 782 esse
3072 727 3321 782 naturoe
3356 722 3445 782 ab
3468 739 3595 785 esse
3626 745 3726 806 per-

2216 827 2423 885 sonoe,
2451 817 2516 874 et
2540 811 2609 872 in
2634 811 2879 875 Christo
2908 813 3161 876 homine
3190 814 3609 895 distinguetur
3630 837 3727 882 esse

2214 909 2455 966 naturai
2510 911 2759 980 creatae,
2790 907 2963 985 quod
3010 914 3291 972 creatum
3352 913 3475 983 est,
3514 911 3590 970 ab
3628 931 3729 976 esse

2214 1015 2499 1076 personas
2548 998 2848 1062 increato.
2900 1001 2977 1061 Et
3028 999 3447 1064 confirmatur
3492 1005 3728 1082 tandem,

2216 1092 2367 1170 quia
2396 1091 2758 1156 humanitas
2781 1092 3003 1158 Christi
3026 1100 3123 1158 est
3146 1113 3251 1156 res
3280 1095 3603 1169 absoluta;
3620 1117 3729 1178 erga

2216 1185 2615 1248 constituitur
2654 1191 2725 1250 nt
2762 1186 2853 1250 sic
2890 1205 3007 1267 per
3048 1188 3309 1268 aliquod
3352 1207 3497 1252 esse
3536 1193 3731 1255 absolu-

2215 1285 2373 1355 tum,
2404 1286 2469 1343 et
2494 1298 2623 1342 non
2648 1297 2765 1360 per
2790 1281 3151 1357 relativum3
3182 1284 3349 1347 sicut
3380 1302 3419 1346 e
3448 1289 3726 1360 contraria,

2216 1391 2489 1453 persona
2508 1374 2735 1436 Christi
2754 1391 2883 1436 non
2906 1383 3002 1437 est
3024 1375 3342 1451 absoluta,
3368 1377 3483 1438 sed
3500 1379 3728 1452 relativa,

2214 1467 2365 1546 quia
2402 1467 2467 1528 in
2492 1468 2737 1532 ratione
2764 1485 3053 1547 personas
3078 1487 3207 1531 non
3236 1471 3626 1532 constituitur
3652 1490 3732 1550 per

2216 1562 2555 1624 terminum
2582 1561 2964 1638 absolutum,
2994 1563 3103 1624 sed
3132 1581 3249 1644 per
3272 1563 3621 1628 relativum.

2302 1657 2401 1716 17.
2438 1654 2653 1729 Qualis
2676 1654 2765 1718 sit
2788 1654 3113 1721 eoeiaetmtia
3136 1663 3351 1722 ereata
3372 1660 3589 1720 anima
3602 1658 3733 1722 otri

2214 1749 2322 1813 sti.
2343 1783 2421 1796 -
2445 1749 2596 1812 Dico
2624 1749 2941 1814 secundo:
2970 1755 3183 1813 creata
3202 1751 3541 1814 existentia
3564 1751 3731 1814 huma-

2214 1842 2429 1904 nitatis
2482 1841 2703 1905 Christi
2754 1861 2887 1906 non
2938 1847 3035 1906 est
3082 1845 3347 1906 omnino
3396 1845 3655 1924 perfecta
3690 1854 3731 1908 et

2214 1935 2523 2015 completa
2550 1936 2614 1996 in
2640 1953 2875 2014 genere
2914 1937 3319 2012 substantiae,·
3332 1945 3403 2000 et
3430 1939 3567 2002 ideo
3588 1939 3729 2002 habet

2212 2029 2421 2108 potius
2448 2029 2759 2092 rationem
2800 2030 3243 2107 inexistentiae,
3266 2049 3473 2112 quam
3508 2034 3725 2094 existen·

2208 2121 2309 2184 tiae
2356 2120 2741 2202 simpliciter.
2774 2123 2918 2184 Hinc
2956 2125 3275 2188 conclusio
3336 2124 3637 2206 colligitur
3674 2144 3725 2186 cx

2208 2215 2573 2278 auctoribus
2632 2233 2821 2296 supra
2870 2217 3096 2294 citatis,
3121 2223 3185 2280 et
3230 2219 3381 2299 ipso
3437 2219 3725 2298 mysterio;

2208 2327 2360 2374 nam
2386 2326 2503 2389 per
2529 2309 2693 2372 hanc
2720 2310 3113 2374 existentiam
3148 2329 3277 2374 non
3332 2313 3531 2376 habat
3558 2313 3725 2374 huma-

2211 2403 2376 2466 nitas
2421 2402 2645 2466 Christi
2672 2408 2744 2465 nt
2782 2403 2853 2464 in
2896 2422 2965 2466 se
3016 2405 3265 2481 existat,
3316 2424 3437 2468 sen
3465 2423 3571 2485 per
3596 2409 3725 2480 se,et

2212 2494 2717 2576 independenter
2753 2495 2835 2558 ab
2858 2496 3003 2572 alio,
3044 2498 3249 2562 existit
3278 2501 3547 2562 enimin
3570 2497 3721 2560 Verbo

2210 2607 2251 2650 a
2274 2607 2401 2668 qno
2436 2589 2671 2670 pendet
2688 2611 2709 2664 ;
2737 2589 2910 2652 unde
2952 2597 3123 2654 caret
3160 2592 3391 2654 ultimo
3418 2593 3721 2654 terminoet

2210 2682 2671 2762 complemento
2693 2701 2833 2756 suo,
2870 2691 2934 2746 et
2968 2685 3161 2748 habet
3178 2686 3453 2748 modum
3474 2683 3719 2748 existendi

2208 2777 2277 2838 in
2322 2777 2469 2852 alio,
2496 2778 2655 2840 sicut
2680 2796 2894 2858 supra,
2932 2780 3093 2860 disp.
3116 2784 3182 2857 9,
3206 2783 3584 2862 explicatum
3618 2787 3714 2848 est3

2208 2869 2401 2934 habet
2426 2889 2577 2950 ergo
2602 2870 2913 2936 rafionem
2935 2873 3379 2940 inexistentiee.

2297 2966 2395 3026 18.
2430 2964 3461 3048 objectio.-Rupomio.-Dices:
3494 2971 3623 3030 hinc
3652 2985 3715 3028 sa-

2210 3059 2344 3120 lum
2390 3059 2700 3140 colligitur
2726 3061 2949 3126 deesse
2996 3063 3081 3126 illi
3114 3065 3500 3128 humanitati
3524 3072 3583 3126 et
3603 3063 3715 3124 exis-

2210 3154 2423 3216 tentiae
2456 3155 2617 3234 ejus,
2646 3156 2933 3220 ultimum
2958 3164 3019 3220 et
3046 3163 3525 3224 connaturalem
3558 3157 3714 3220 termi-

2208 3249 2515 3327 num‚qui
2550 3255 2647 3311 cst
2682 3253 2932 3331 propria
2956 3253 3391 3331 subsistentia,
3424 3273 3537 3316 seu
3554 3267 3715 3332 persa·

2208 3343 2461 3419 nalitas,
2492 3361 2635 3422 quse
2688 3361 2767 3406 ex
2808 3353 3037 3409 natura
3072 3349 3168 3410 rei
3226 3349 3619 3429 distinguitur
3658 3345 3710 3405 ab

2208 3436 2539 3498 existentia
2564 3444 2839 3516 naturae3
2868 3457 2999 3502 non
3030 3447 3247 3506 tamen
3274 3445 3429 3506 inde
3456 3444 3542 3514 iit,
3562 3441 3710 3520 ipsam

2204 3530 2597 3592 existentiam
2627 3538 2866 3594 naturai
2894 3551 3035 3596 esse
3062 3535 3127 3596 in
3164 3553 3233 3598 se
3264 3538 3479 3598 minus
3518 3533 3708 3615 perfec-

2202 3628 2337 3684 tam
2368 3629 2429 3684 et
2462 3623 2863 3703 completam,
2900 3643 3092 3705 quam
3130 3627 3195 3690 in
3237 3645 3603 3709 quacunque
3624 3624 3709 3684 alia

2208 3715 2485 3776 humana
2528 3723 2779 3780 natura.
2837 3721 3275 3800 Respondetur
3312 3739 3398 3786 ex
3446 3718 3706 3802 principiis

2208 3811 2451 3890 positis,
2478 3812 2787 3892 quidquid
2822 3821 2968 3877 actu
3000 3823 3117 3892 est,
3146 3830 3224 3876 eo
3262 3819 3457 3879 modo
3485 3833 3595 3896 quo
3626 3815 3705 3876 est.

2208 3903 2446 3966 habere
2476 3905 2715 3986 aliquid
2742 3907 3088 3970 existentias
3115 3927 3133 3983 ς
3166 3910 3337 3972 unde
3368 3911 3523 3972 fitut
3542 3921 3702 3987 perso·

2210 3997 2437 4059 nalitas
2460 4005 2697 4074 creata,
2730 4017 2807 4062 eo
2846 3999 3037 4063 modo
3082 4019 3209 4082 quo
3246 4011 3345 4065 est
3386 4001 3601 4082 aliquid
3618 3997 3705 4058 dis·

2208 4091 2475 4154 tinctum
2502 4111 2541 4154 a
2578 4097 2828 4169 natura,
2858 4094 2945 4157 ita
2984 4113 3098 4157 sno
3138 4097 3329 4158 modo
3358 4098 3701 4172 habeatpro·

2209 4185 2413 4264 priam
2434 4185 2851 4262 existentiam,
2878 4205 3007 4266 qua
3046 4190 3385 4268 coniuncta
3415 4206 3548 4252 cum
3588 4181 3702 4245 exis·

2208 4278 2401 4338 tentia
2420 4285 2684 4354 naturae,
2712 4297 2791 4342 ex
2808 4286 3077 4359 utraque
3094 4283 3405 4346 conflatur
3432 4299 3545 4344 una
3568 4278 3699 4338 abso·

2204 4371 2339 4432 luta
2394 4377 2459 4434 et
2516 4373 2829 4451 completa
2898 4375 3329 4438 substantialis
3412 4370 3696 4438 existentia·

2204 4465 2549 4528 Existentia
2598 4466 2790 4546 igitar
2846 4467 3043 4530 solius
3083 4476 3351 4546 naturae,
3406 4465 3695 4545 corruperata

2204 4575 2351 4620 cum
2378 4559 2500 4622 hac
2542 4562 2853 4641 completa
2904 4564 3257 4639 existentia,
3286 4565 3511 4626 dicitur
3532 4563 3696 4635 imper·

2204 4652 2367 4716 fecta
2390 4659 2457 4715 et
2494 4654 2877 4735 incompleta
2907 4678 2927 4732 3
2962 4673 3140 4734 nam,
3171 4658 3331 4720 sicut
3357 4659 3490 4738 ipsa
3530 4656 3691 4713 natura

2204 4765 2319 4808 seu
2340 4747 2723 4821 humanitas,
2745 4749 3008 4829 praecisa
3038 4767 3075 4811 a
3102 4767 3396 4829 persona,
3412 4755 3503 4813 est
3522 4748 3692 4807 incom-

2202 4840 2368 4920 pleta
2400 4841 2770 4916 substantia,
2793 4844 2879 4904 ita
2932 4844 3071 4923 ejus
3126 4844 3457 4906 existentia
3496 4833 3691 4920 praecise

2201 4941 2456 5014 sumpta
2482 4935 2860 5015 incompleta
2890 4945 3007 5014 est,
3038 4944 3103 4999 ct
3130 4937 3249 4999 hoc
3272 4938 3461 4999 modo
3490 4929 3689 4995 dicimus

2204 5028 2600 5090 existentiam
2634 5030 3043 5093 humanitatis
3084 5031 3305 5092 Christi
3338 5047 3473 5092 esse
3518 5027 3689 5086 incom-

2202 5121 2461 5200 pletam,
2500 5125 2563 5184 et
2591 5141 2887 5202 capacem
2915 5125 3085 5186 modi
3111 5123 3487 5186 inexistendi
3504 5121 3557 5180 in
3581 5113 3686 5171 Ver·

2200 5215 2283 5276 bo
2309 5234 2325 5288 ς
2354 5215 2524 5296 quia,
2554 5217 2698 5278 licet
2718 5217 2871 5278 nihil
2898 5218 2986 5279 illi
3010 5217 3171 5280 desit
3194 5218 3276 5278 de
3302 5211 3597 5279 existentia
3610 5219 3688 5263 na·

2198 5315 2381 5386 turm,
2410 5315 2625 5372 tamen
2658 5311 2775 5372 boc
2819 5316 3021 5372 totum
3061 5317 3153 5372 est
3198 5309 3281 5372 do
3310 5327 3381 5372 se
3416 5297 3683 5378 incomple·

2198 5407 2333 5466 tum
2358 5405 2615 5485 praecise
2656 5411 2997 5484 sumptum,
3024 5411 3088 5466 et
3127 5419 3351 5467 carens
3396 5401 3681 5465 animosus

2198 5499 2471 5560 termino
2492 5543 2508 5572 ,
2540 5503 2613 5558 ut
2652 5496 3029 5578 explicatum
3082 5504 3199 5565 est.
3250 5492 3676 5558 Fundamentum
