<?xml version="1.0" encoding="UTF-8"?>
<!DOCTYPE html PUBLIC "-//W3C//DTD XHTML 1.0 Transitional//EN"
    "http://www.w3.org/TR/xhtml1/DTD/xhtml1-transitional.dtd">
<html xmlns="http://www.w3.org/1999/xhtml" xml:lang="en" lang="en">
 <head>
  <title>
</title>
<meta http-equiv="Content-Type" content="text/html;charset=utf-8" />
  <meta name='ocr-system' content='tesseract 3.04.00' />
  <meta name='ocr-capabilities' content='ocr_page ocr_carea ocr_par ocr_line ocrx_word'/>
</head>
<body>
  <div class='ocr_page' id='page_1' title='image "./rpfranciscisuar00unkngoog_0144.png"; bbox 0 0 3892 6167; ppageno 0'>
   <div class='ocr_carea' id='block_1_1' title="bbox 544 452 2114 2322">
    <p class='ocr_par' dir='ltr' id='par_1_1' title="bbox 544 452 2114 2322">
     <span class='ocr_line' id='line_1_1' title="bbox 545 452 2109 542; baseline -0.006 -18"><span class='ocrx_word' id='word_1_1' title='bbox 545 460 1000 542; x_wconf 87' lang='lat' dir='ltr'><strong>subjectionem</strong></span> <span class='ocrx_word' id='word_1_2' title='bbox 1047 460 1350 517; x_wconf 64' lang='lat' dir='ltr'><strong>creaturas</strong></span> <span class='ocrx_word' id='word_1_3' title='bbox 1366 497 1387 530; x_wconf 93' lang='lat'><strong>,</strong></span> <span class='ocrx_word' id='word_1_4' title='bbox 1417 452 1498 515; x_wconf 87' lang='lat' dir='ltr'><strong>ad</strong></span> <span class='ocrx_word' id='word_1_5' title='bbox 1528 454 1728 515; x_wconf 90' lang='lat' dir='ltr'><strong>Deum</strong></span> <span class='ocrx_word' id='word_1_6' title='bbox 1773 458 2011 533; x_wconf 87' lang='lat' dir='ltr'><strong>spectat</strong></span> <span class='ocrx_word' id='word_1_7' title='bbox 2038 458 2109 514; x_wconf 88' lang='lat' dir='ltr'><strong>ut</strong></span> 
     </span>
     <span class='ocr_line' id='line_1_2' title="bbox 544 545 2111 626; baseline -0.008 -7"><span class='ocrx_word' id='word_1_8' title='bbox 544 558 612 619; x_wconf 88' lang='lat' dir='ltr'><strong>in</strong></span> <span class='ocrx_word' id='word_1_9' title='bbox 661 572 730 617; x_wconf 86' lang='lat' dir='ltr'><strong>se</strong></span> <span class='ocrx_word' id='word_1_10' title='bbox 787 550 1022 613; x_wconf 84' lang='lat' dir='ltr'><strong>habeat</strong></span> <span class='ocrx_word' id='word_1_11' title='bbox 1061 547 1546 611; x_wconf 84' lang='lat' dir='ltr'><strong>fundamentum</strong></span> <span class='ocrx_word' id='word_1_12' title='bbox 1591 545 1908 608; x_wconf 81' lang='lat' dir='ltr'><strong>sufficiens</strong></span> <span class='ocrx_word' id='word_1_13' title='bbox 1930 591 1950 620; x_wconf 89' lang='lat'><strong>,</strong></span> <span class='ocrx_word' id='word_1_14' title='bbox 1994 564 2111 626; x_wconf 86' lang='lat' dir='ltr'><strong>per</strong></span> 
     </span>
     <span class='ocr_line' id='line_1_3' title="bbox 547 640 2109 729; baseline -0.006 -20"><span class='ocrx_word' id='word_1_15' title='bbox 547 647 712 729; x_wconf 85' lang='lat' dir='ltr'><strong>quod</strong></span> <span class='ocrx_word' id='word_1_16' title='bbox 743 646 940 726; x_wconf 82' lang='lat' dir='ltr'><strong>possit</strong></span> <span class='ocrx_word' id='word_1_17' title='bbox 963 642 1218 705; x_wconf 83' lang='lat' dir='ltr'><strong>obedire</strong></span> <span class='ocrx_word' id='word_1_18' title='bbox 1236 643 1368 703; x_wconf 89' lang='lat' dir='ltr'><strong>Deo</strong></span> <span class='ocrx_word' id='word_1_19' title='bbox 1393 641 1476 703; x_wconf 85' lang='lat' dir='ltr'><strong>ad</strong></span> <span class='ocrx_word' id='word_1_20' title='bbox 1499 640 1862 721; x_wconf 83' lang='lat' dir='ltr'><strong>hujusmodi</strong></span> <span class='ocrx_word' id='word_1_21' title='bbox 1881 640 2109 701; x_wconf 88' lang='lat' dir='ltr'><strong>instru-</strong></span> 
     </span>
     <span class='ocr_line' id='line_1_4' title="bbox 544 734 2109 816; baseline -0.006 -11"><span class='ocrx_word' id='word_1_22' title='bbox 544 740 890 805; x_wconf 77' lang='lat' dir='ltr'><strong>mentalem</strong></span> <span class='ocrx_word' id='word_1_23' title='bbox 915 754 1126 799; x_wconf 87' lang='lat' dir='ltr'><strong>usum.</strong></span> <span class='ocrx_word' id='word_1_24' title='bbox 1168 736 1370 816; x_wconf 83' lang='lat' dir='ltr'><strong>Major</strong></span> <span class='ocrx_word' id='word_1_25' title='bbox 1409 754 1489 797; x_wconf 85' lang='lat' dir='ltr'><strong>ex</strong></span> <span class='ocrx_word' id='word_1_26' title='bbox 1535 734 1820 797; x_wconf 87' lang='lat' dir='ltr'><strong>terminis</strong></span> <span class='ocrx_word' id='word_1_27' title='bbox 1859 734 2109 795; x_wconf 82' lang='lat' dir='ltr'><strong>videtur</strong></span> 
     </span>
     <span class='ocr_line' id='line_1_5' title="bbox 546 828 2111 918; baseline -0.005 -19"><span class='ocrx_word' id='word_1_28' title='bbox 546 854 664 918; x_wconf 88' lang='lat' dir='ltr'><strong>per</strong></span> <span class='ocrx_word' id='word_1_29' title='bbox 689 853 758 897; x_wconf 89' lang='lat' dir='ltr'><strong>se</strong></span> <span class='ocrx_word' id='word_1_30' title='bbox 778 838 955 907; x_wconf 86' lang='lat' dir='ltr'><strong>nota,</strong></span> <span class='ocrx_word' id='word_1_31' title='bbox 981 831 1128 911; x_wconf 86' lang='lat' dir='ltr'><strong>quia</strong></span> <span class='ocrx_word' id='word_1_32' title='bbox 1151 830 1234 893; x_wconf 84' lang='lat' dir='ltr'><strong>ad</strong></span> <span class='ocrx_word' id='word_1_33' title='bbox 1261 830 1780 909; x_wconf 74' lang='lat' dir='ltr'><strong>omnipotentiam</strong></span> <span class='ocrx_word' id='word_1_34' title='bbox 1797 828 1912 889; x_wconf 89' lang='lat' dir='ltr'><strong>Dei</strong></span> <span class='ocrx_word' id='word_1_35' title='bbox 1935 844 2111 908; x_wconf 82' lang='lat' dir='ltr'><strong>spec·</strong></span> 
     </span>
     <span class='ocr_line' id='line_1_6' title="bbox 547 920 2111 1003; baseline -0.006 -10"><span class='ocrx_word' id='word_1_36' title='bbox 547 936 640 993; x_wconf 85' lang='lat' dir='ltr'><strong>tat</strong></span> <span class='ocrx_word' id='word_1_37' title='bbox 683 934 756 991; x_wconf 91' lang='lat' dir='ltr'><strong>ut</strong></span> <span class='ocrx_word' id='word_1_38' title='bbox 793 946 862 990; x_wconf 86' lang='lat' dir='ltr'><strong>se</strong></span> <span class='ocrx_word' id='word_1_39' title='bbox 907 925 1206 988; x_wconf 86' lang='lat' dir='ltr'><strong>extendat</strong></span> <span class='ocrx_word' id='word_1_40' title='bbox 1231 924 1315 986; x_wconf 88' lang='lat' dir='ltr'><strong>ad</strong></span> <span class='ocrx_word' id='word_1_41' title='bbox 1343 942 1531 985; x_wconf 89' lang='lat' dir='ltr'><strong>omne</strong></span> <span class='ocrx_word' id='word_1_42' title='bbox 1567 922 1866 1003; x_wconf 87' lang='lat' dir='ltr'><strong>possibile</strong></span> <span class='ocrx_word' id='word_1_43' title='bbox 1885 968 1907 999; x_wconf 92' lang='lat'><strong>,</strong></span> <span class='ocrx_word' id='word_1_44' title='bbox 1939 928 2003 983; x_wconf 87' lang='lat' dir='ltr'><strong>et</strong></span> <span class='ocrx_word' id='word_1_45' title='bbox 2026 920 2111 984; x_wconf 88' lang='lat' dir='ltr'><strong>ad</strong></span> 
     </span>
     <span class='ocr_line' id='line_1_7' title="bbox 547 1017 2107 1099; baseline -0.008 -12"><span class='ocrx_word' id='word_1_46' title='bbox 547 1040 806 1087; x_wconf 89' lang='lat' dir='ltr'><strong>omnem</strong></span> <span class='ocrx_word' id='word_1_47' title='bbox 837 1020 1096 1081; x_wconf 88' lang='lat' dir='ltr'><strong>modum</strong></span> <span class='ocrx_word' id='word_1_48' title='bbox 1125 1018 1429 1099; x_wconf 87' lang='lat' dir='ltr'><strong>operandi</strong></span> <span class='ocrx_word' id='word_1_49' title='bbox 1459 1017 1850 1097; x_wconf 86' lang='lat' dir='ltr'><strong>possibilem,</strong></span> <span class='ocrx_word' id='word_1_50' title='bbox 1885 1019 1949 1077; x_wconf 88' lang='lat' dir='ltr'><strong>et</strong></span> <span class='ocrx_word' id='word_1_51' title='bbox 1980 1033 2107 1076; x_wconf 89' lang='lat' dir='ltr'><strong>non</strong></span> 
     </span>
     <span class='ocr_line' id='line_1_8' title="bbox 545 1108 2109 1197; baseline -0.005 -18"><span class='ocrx_word' id='word_1_52' title='bbox 545 1117 976 1197; x_wconf 77' lang='lat' dir='ltr'>implicantem</span> <span class='ocrx_word' id='word_1_53' title='bbox 1009 1112 1612 1190; x_wconf 77' lang='lat' dir='ltr'><strong>contradictionem3</strong></span> <span class='ocrx_word' id='word_1_54' title='bbox 1667 1128 1854 1191; x_wconf 87' lang='lat' dir='ltr'><strong>ergo,</strong></span> <span class='ocrx_word' id='word_1_55' title='bbox 1905 1108 1959 1170; x_wconf 88' lang='lat' dir='ltr'><strong>si</strong></span> <span class='ocrx_word' id='word_1_56' title='bbox 2007 1109 2109 1171; x_wconf 85' lang='lat' dir='ltr'><strong>hic</strong></span> 
     </span>
     <span class='ocr_line' id='line_1_9' title="bbox 547 1203 2111 1289; baseline -0.006 -16"><span class='ocrx_word' id='word_1_57' title='bbox 547 1211 777 1273; x_wconf 86' lang='lat' dir='ltr'><strong>modus</strong></span> <span class='ocrx_word' id='word_1_58' title='bbox 811 1208 1114 1289; x_wconf 89' lang='lat' dir='ltr'><strong>operandi</strong></span> <span class='ocrx_word' id='word_1_59' title='bbox 1160 1224 1274 1287; x_wconf 89' lang='lat' dir='ltr'><strong>per</strong></span> <span class='ocrx_word' id='word_1_60' title='bbox 1313 1212 1706 1281; x_wconf 86' lang='lat' dir='ltr'><strong>creaturam,</strong></span> <span class='ocrx_word' id='word_1_61' title='bbox 1752 1212 1822 1267; x_wconf 85' lang='lat' dir='ltr'><strong>ut</strong></span> <span class='ocrx_word' id='word_1_62' title='bbox 1865 1222 1981 1284; x_wconf 89' lang='lat' dir='ltr'><strong>per</strong></span> <span class='ocrx_word' id='word_1_63' title='bbox 2014 1203 2111 1264; x_wconf 87' lang='lat' dir='ltr'><strong>in·</strong></span> 
     </span>
     <span class='ocr_line' id='line_1_10' title="bbox 549 1298 2107 1378; baseline -0.006 -11"><span class='ocrx_word' id='word_1_64' title='bbox 549 1310 994 1378; x_wconf 84' lang='lat' dir='ltr'><strong>strumentum,</strong></span> <span class='ocrx_word' id='word_1_65' title='bbox 1037 1318 1166 1362; x_wconf 90' lang='lat' dir='ltr'><strong>non</strong></span> <span class='ocrx_word' id='word_1_66' title='bbox 1213 1301 1474 1363; x_wconf 81' lang='lat' dir='ltr'><strong>involvit</strong></span> <span class='ocrx_word' id='word_1_67' title='bbox 1523 1298 2107 1374; x_wconf 85' lang='lat' dir='ltr'><strong>contradictionem,</strong></span> 
     </span>
     <span class='ocr_line' id='line_1_11' title="bbox 549 1391 2112 1475; baseline -0.006 -14"><span class='ocrx_word' id='word_1_68' title='bbox 549 1399 668 1461; x_wconf 89' lang='lat' dir='ltr'><strong>sub</strong></span> <span class='ocrx_word' id='word_1_69' title='bbox 705 1396 1160 1475; x_wconf 86' lang='lat' dir='ltr'><strong>omnipotentia</strong></span> <span class='ocrx_word' id='word_1_70' title='bbox 1207 1396 1320 1457; x_wconf 86' lang='lat' dir='ltr'><strong>Dei</strong></span> <span class='ocrx_word' id='word_1_71' title='bbox 1357 1395 1732 1457; x_wconf 70' lang='lat' dir='ltr'><strong>continetur.</strong></span> <span class='ocrx_word' id='word_1_72' title='bbox 1771 1394 1847 1454; x_wconf 88' lang='lat' dir='ltr'><strong>Et</strong></span> <span class='ocrx_word' id='word_1_73' title='bbox 1889 1391 2112 1453; x_wconf 80' lang='lat' dir='ltr'><strong>confir·</strong></span> 
     </span>
     <span class='ocr_line' id='line_1_12' title="bbox 547 1486 2113 1569; baseline -0.004 -16"><span class='ocrx_word' id='word_1_74' title='bbox 547 1499 776 1564; x_wconf 88' lang='lat' dir='ltr'><strong>matur,</strong></span> <span class='ocrx_word' id='word_1_75' title='bbox 811 1490 981 1569; x_wconf 83' lang='lat' dir='ltr'><strong>qaia,</strong></span> <span class='ocrx_word' id='word_1_76' title='bbox 1007 1489 1058 1550; x_wconf 91' lang='lat' dir='ltr'><strong>si</strong></span> <span class='ocrx_word' id='word_1_77' title='bbox 1086 1490 1254 1551; x_wconf 84' lang='lat' dir='ltr'><strong>Deus</strong></span> <span class='ocrx_word' id='word_1_78' title='bbox 1285 1506 1414 1550; x_wconf 89' lang='lat' dir='ltr'><strong>non</strong></span> <span class='ocrx_word' id='word_1_79' title='bbox 1442 1494 1650 1569; x_wconf 89' lang='lat' dir='ltr'><strong>potest</strong></span> <span class='ocrx_word' id='word_1_80' title='bbox 1679 1505 1844 1549; x_wconf 87' lang='lat' dir='ltr'><strong>nunc</strong></span> <span class='ocrx_word' id='word_1_81' title='bbox 1874 1486 1968 1549; x_wconf 82' lang='lat' dir='ltr'><strong>uti</strong></span> <span class='ocrx_word' id='word_1_82' title='bbox 1997 1504 2113 1547; x_wconf 85' lang='lat' dir='ltr'><strong>sua</strong></span> 
     </span>
     <span class='ocr_line' id='line_1_13' title="bbox 549 1581 2114 1663; baseline -0.003 -15"><span class='ocrx_word' id='word_1_83' title='bbox 549 1593 836 1650; x_wconf 86' lang='lat' dir='ltr'><strong>creatura</strong></span> <span class='ocrx_word' id='word_1_84' title='bbox 867 1587 987 1645; x_wconf 85' lang='lat' dir='ltr'><strong>hoc</strong></span> <span class='ocrx_word' id='word_1_85' title='bbox 1019 1584 1206 1645; x_wconf 88' lang='lat' dir='ltr'><strong>modo</strong></span> <span class='ocrx_word' id='word_1_86' title='bbox 1227 1627 1249 1660; x_wconf 90' lang='lat'>‚</span> <span class='ocrx_word' id='word_1_87' title='bbox 1279 1584 1380 1645; x_wconf 84' lang='lat' dir='ltr'><strong>vel</strong></span> <span class='ocrx_word' id='word_1_88' title='bbox 1410 1588 1505 1645; x_wconf 90' lang='lat' dir='ltr'><strong>est</strong></span> <span class='ocrx_word' id='word_1_89' title='bbox 1545 1582 1692 1663; x_wconf 85' lang='lat' dir='ltr'><strong>quia</strong></span> <span class='ocrx_word' id='word_1_90' title='bbox 1727 1600 1860 1643; x_wconf 91' lang='lat' dir='ltr'><strong>non</strong></span> <span class='ocrx_word' id='word_1_91' title='bbox 1909 1581 2114 1662; x_wconf 87' lang='lat' dir='ltr'><strong>potuit</strong></span> 
     </span>
     <span class='ocr_line' id='line_1_14' title="bbox 547 1676 2111 1751; baseline -0.006 -7"><span class='ocrx_word' id='word_1_92' title='bbox 547 1682 722 1744; x_wconf 84' lang='lat' dir='ltr'><strong>illam</strong></span> <span class='ocrx_word' id='word_1_93' title='bbox 747 1680 942 1742; x_wconf 87' lang='lat' dir='ltr'><strong>talem</strong></span> <span class='ocrx_word' id='word_1_94' title='bbox 975 1677 1282 1751; x_wconf 86' lang='lat' dir='ltr'><strong>condere,</strong></span> <span class='ocrx_word' id='word_1_95' title='bbox 1327 1682 1398 1739; x_wconf 90' lang='lat' dir='ltr'><strong>ut</strong></span> <span class='ocrx_word' id='word_1_96' title='bbox 1427 1676 1546 1738; x_wconf 84' lang='lat' dir='ltr'><strong>sihi</strong></span> <span class='ocrx_word' id='word_1_97' title='bbox 1597 1676 1680 1737; x_wconf 89' lang='lat' dir='ltr'><strong>ad</strong></span> <span class='ocrx_word' id='word_1_98' title='bbox 1708 1677 1877 1738; x_wconf 88' lang='lat' dir='ltr'><strong>hunc</strong></span> <span class='ocrx_word' id='word_1_99' title='bbox 1923 1692 2111 1736; x_wconf 86' lang='lat' dir='ltr'><strong>usum</strong></span> 
     </span>
     <span class='ocr_line' id='line_1_15' title="bbox 545 1770 2112 1856; baseline -0.005 -20"><span class='ocrx_word' id='word_1_100' title='bbox 545 1785 765 1856; x_wconf 84' lang='lat' dir='ltr'><strong>posset</strong></span> <span class='ocrx_word' id='word_1_101' title='bbox 815 1772 1171 1845; x_wconf 83' lang='lat' dir='ltr'><strong>deservire;</strong></span> <span class='ocrx_word' id='word_1_102' title='bbox 1204 1771 1302 1855; x_wconf 75' lang='lat' dir='ltr'><strong>vel</strong></span> <span class='ocrx_word' id='word_1_103' title='bbox 1349 1771 1502 1851; x_wconf 85' lang='lat' dir='ltr'><strong>quia</strong></span> <span class='ocrx_word' id='word_1_104' title='bbox 1540 1770 1762 1833; x_wconf 88' lang='lat' dir='ltr'><strong>noluit.</strong></span> <span class='ocrx_word' id='word_1_105' title='bbox 1805 1770 2112 1831; x_wconf 78' lang='lat' dir='ltr'>Neutrum</span> 
     </span>
     <span class='ocr_line' id='line_1_16' title="bbox 549 1862 2113 1947; baseline -0.004 -18"><span class='ocrx_word' id='word_1_106' title='bbox 549 1868 674 1929; x_wconf 92' lang='lat' dir='ltr'><strong>dici</strong></span> <span class='ocrx_word' id='word_1_107' title='bbox 717 1872 924 1947; x_wconf 86' lang='lat' dir='ltr'><strong>potest</strong></span> <span class='ocrx_word' id='word_1_108' title='bbox 936 1883 958 1945; x_wconf 90' lang='lat'>;</span> <span class='ocrx_word' id='word_1_109' title='bbox 989 1884 1164 1946; x_wconf 75' lang='lat' dir='ltr'><strong>ergo,</strong></span> <span class='ocrx_word' id='word_1_110' title='bbox 1210 1864 1384 1926; x_wconf 85' lang='lat' dir='ltr'><strong>Prior</strong></span> <span class='ocrx_word' id='word_1_111' title='bbox 1411 1883 1560 1945; x_wconf 89' lang='lat' dir='ltr'><strong>pars</strong></span> <span class='ocrx_word' id='word_1_112' title='bbox 1589 1863 1850 1925; x_wconf 88' lang='lat' dir='ltr'><strong>minoris</strong></span> <span class='ocrx_word' id='word_1_113' title='bbox 1885 1862 2113 1943; x_wconf 87' lang='lat' dir='ltr'><strong>proba·</strong></span> 
     </span>
     <span class='ocr_line' id='line_1_17' title="bbox 547 1958 2113 2041; baseline -0.003 -18"><span class='ocrx_word' id='word_1_114' title='bbox 547 1966 673 2033; x_wconf 87' lang='lat' dir='ltr'><strong>tur,</strong></span> <span class='ocrx_word' id='word_1_115' title='bbox 711 1961 860 2040; x_wconf 85' lang='lat' dir='ltr'><strong>quia</strong></span> <span class='ocrx_word' id='word_1_116' title='bbox 890 1966 984 2024; x_wconf 87' lang='lat' dir='ltr'><strong>est</strong></span> <span class='ocrx_word' id='word_1_117' title='bbox 1011 1960 1350 2041; x_wconf 79' lang='lat' dir='ltr'><strong>implicatio</strong></span> <span class='ocrx_word' id='word_1_118' title='bbox 1387 1960 1456 2021; x_wconf 86' lang='lat' dir='ltr'><strong>in</strong></span> <span class='ocrx_word' id='word_1_119' title='bbox 1483 1958 1766 2021; x_wconf 87' lang='lat' dir='ltr'><strong>terminis</strong></span> <span class='ocrx_word' id='word_1_120' title='bbox 1793 1958 2005 2020; x_wconf 88' lang='lat' dir='ltr'><strong>dicere</strong></span> <span class='ocrx_word' id='word_1_121' title='bbox 2034 1973 2113 2019; x_wconf 85' lang='lat' dir='ltr'><strong>ex</strong></span> 
     </span>
     <span class='ocr_line' id='line_1_18' title="bbox 549 2052 2111 2137; baseline -0.003 -20"><span class='ocrx_word' id='word_1_122' title='bbox 549 2062 725 2137; x_wconf 89' lang='lat' dir='ltr'><strong>parte</strong></span> <span class='ocrx_word' id='word_1_123' title='bbox 749 2055 980 2135; x_wconf 88' lang='lat' dir='ltr'><strong>objecti</strong></span> <span class='ocrx_word' id='word_1_124' title='bbox 1011 2073 1127 2117; x_wconf 90' lang='lat' dir='ltr'><strong>seu</strong></span> <span class='ocrx_word' id='word_1_125' title='bbox 1160 2057 1460 2117; x_wconf 69' lang='lat' dir='ltr'><strong>creatum</strong></span> <span class='ocrx_word' id='word_1_126' title='bbox 1481 2070 1614 2115; x_wconf 90' lang='lat' dir='ltr'><strong>non</strong></span> <span class='ocrx_word' id='word_1_127' title='bbox 1653 2052 1887 2114; x_wconf 88' lang='lat' dir='ltr'><strong>involvi</strong></span> <span class='ocrx_word' id='word_1_128' title='bbox 1925 2068 2111 2132; x_wconf 88' lang='lat' dir='ltr'><strong>repu—</strong></span> 
     </span>
     <span class='ocr_line' id='line_1_19' title="bbox 551 2146 2113 2229; baseline -0.001 -20"><span class='ocrx_word' id='word_1_129' title='bbox 551 2149 876 2229; x_wconf 80' lang='lat' dir='ltr'><strong>gnantiam</strong></span> <span class='ocrx_word' id='word_1_130' title='bbox 917 2148 983 2209; x_wconf 91' lang='lat' dir='ltr'><strong>in</strong></span> <span class='ocrx_word' id='word_1_131' title='bbox 1029 2148 1153 2210; x_wconf 87' lang='lat' dir='ltr'><strong>hoo</strong></span> <span class='ocrx_word' id='word_1_132' title='bbox 1173 2193 1194 2225; x_wconf 90' lang='lat'><strong>,</strong></span> <span class='ocrx_word' id='word_1_133' title='bbox 1225 2147 1398 2227; x_wconf 84' lang='lat' dir='ltr'><strong>quod</strong></span> <span class='ocrx_word' id='word_1_134' title='bbox 1425 2146 1842 2209; x_wconf 86' lang='lat' dir='ltr'><strong>constituatur</strong></span> <span class='ocrx_word' id='word_1_135' title='bbox 1870 2151 2018 2225; x_wconf 90' lang='lat' dir='ltr'><strong>apta</strong></span> <span class='ocrx_word' id='word_1_136' title='bbox 2047 2150 2113 2207; x_wconf 89' lang='lat' dir='ltr'><strong>et</strong></span> 
     </span>
     <span class='ocr_line' id='line_1_20' title="bbox 547 2240 2111 2322; baseline -0.003 -17"><span class='ocrx_word' id='word_1_137' title='bbox 547 2243 830 2322; x_wconf 83' lang='lat' dir='ltr'><strong>subjecta</strong></span> <span class='ocrx_word' id='word_1_138' title='bbox 859 2242 942 2304; x_wconf 89' lang='lat' dir='ltr'><strong>ad</strong></span> <span class='ocrx_word' id='word_1_139' title='bbox 965 2242 1134 2305; x_wconf 90' lang='lat' dir='ltr'><strong>hunc</strong></span> <span class='ocrx_word' id='word_1_140' title='bbox 1163 2259 1378 2319; x_wconf 88' lang='lat' dir='ltr'><strong>usum,</strong></span> <span class='ocrx_word' id='word_1_141' title='bbox 1407 2248 1474 2303; x_wconf 92' lang='lat' dir='ltr'><strong>et</strong></span> <span class='ocrx_word' id='word_1_142' title='bbox 1500 2248 1710 2303; x_wconf 88' lang='lat' dir='ltr'><strong>tamen</strong></span> <span class='ocrx_word' id='word_1_143' title='bbox 1739 2240 1912 2321; x_wconf 88' lang='lat' dir='ltr'><strong>quod</strong></span> <span class='ocrx_word' id='word_1_144' title='bbox 1942 2241 2111 2301; x_wconf 89' lang='lat' dir='ltr'><strong>Deus</strong></span> 
     </span>
    </p>
   </div>
   <div class='ocr_carea' id='block_1_2' title="bbox 441 2334 2111 2415">
    <p class='ocr_par' dir='ltr' id='par_1_2' title="bbox 441 2334 2111 2415">
     <span class='ocr_line' id='line_1_21' title="bbox 441 2334 2111 2415; baseline -0.002 -18"><span class='ocrx_word' id='word_1_145' title='bbox 441 2334 475 2348; x_wconf 73' lang='grc'><strong>’“</strong></span> <span class='ocrx_word' id='word_1_146' title='bbox 545 2354 675 2397; x_wconf 86' lang='lat' dir='ltr'><strong>non</strong></span> <span class='ocrx_word' id='word_1_147' title='bbox 715 2335 990 2415; x_wconf 88' lang='lat' dir='ltr'><strong>potuerit</strong></span> <span class='ocrx_word' id='word_1_148' title='bbox 1031 2336 1204 2397; x_wconf 86' lang='lat' dir='ltr'><strong>illam</strong></span> <span class='ocrx_word' id='word_1_149' title='bbox 1255 2336 1447 2397; x_wconf 85' lang='lat' dir='ltr'><strong>talem</strong></span> <span class='ocrx_word' id='word_1_150' title='bbox 1485 2335 1794 2409; x_wconf 83' lang='lat' dir='ltr'><strong>eo‘ndere3</strong></span> <span class='ocrx_word' id='word_1_151' title='bbox 1850 2334 1999 2413; x_wconf 85' lang='lat' dir='ltr'><strong>quia</strong></span> <span class='ocrx_word' id='word_1_152' title='bbox 2043 2334 2111 2395; x_wconf 93' lang='lat' dir='ltr'><strong>id</strong></span> 
     </span>
    </p>
   </div>
   <div class='ocr_carea' id='block_1_3' title="bbox 534 2428 2111 5612">
    <p class='ocr_par' dir='ltr' id='par_1_3' title="bbox 534 2428 2111 5612">
     <span class='ocr_line' id='line_1_22' title="bbox 545 2428 2111 2510; baseline -0.001 -19"><span class='ocrx_word' id='word_1_153' title='bbox 545 2430 876 2509; x_wconf 84' lang='lat' dir='ltr'><strong>provenire</strong></span> <span class='ocrx_word' id='word_1_154' title='bbox 901 2447 1032 2491; x_wconf 89' lang='lat' dir='ltr'><strong>non</strong></span> <span class='ocrx_word' id='word_1_155' title='bbox 1058 2435 1276 2510; x_wconf 87' lang='lat' dir='ltr'><strong>posset</strong></span> <span class='ocrx_word' id='word_1_156' title='bbox 1298 2428 1415 2491; x_wconf 88' lang='lat' dir='ltr'><strong>nisi</strong></span> <span class='ocrx_word' id='word_1_157' title='bbox 1441 2448 1520 2491; x_wconf 82' lang='lat' dir='ltr'><strong>ex</strong></span> <span class='ocrx_word' id='word_1_158' title='bbox 1550 2428 2027 2510; x_wconf 74' lang='lat' dir='ltr'><strong>imperfectione</strong></span> <span class='ocrx_word' id='word_1_159' title='bbox 2048 2431 2111 2489; x_wconf 88' lang='lat' dir='ltr'><strong>et</strong></span> 
     </span>
     <span class='ocr_line' id='line_1_23' title="bbox 543 2520 2109 2605; baseline -0.001 -20"><span class='ocrx_word' id='word_1_160' title='bbox 543 2524 912 2587; x_wconf 78' lang='lat' dir='ltr'><strong>limitatione</strong></span> <span class='ocrx_word' id='word_1_161' title='bbox 936 2524 1233 2605; x_wconf 68' lang='lat' dir='ltr'><strong>potentias</strong></span> <span class='ocrx_word' id='word_1_162' title='bbox 1267 2522 1402 2585; x_wconf 89' lang='lat' dir='ltr'><strong>Dei.</strong></span> <span class='ocrx_word' id='word_1_163' title='bbox 1447 2524 1624 2599; x_wconf 88' lang='lat' dir='ltr'><strong>Quod</strong></span> <span class='ocrx_word' id='word_1_164' title='bbox 1660 2528 1876 2584; x_wconf 90' lang='lat' dir='ltr'><strong>autem</strong></span> <span class='ocrx_word' id='word_1_165' title='bbox 1905 2522 1973 2582; x_wconf 89' lang='lat' dir='ltr'><strong>in</strong></span> <span class='ocrx_word' id='word_1_166' title='bbox 2000 2520 2109 2583; x_wconf 89' lang='lat' dir='ltr'><strong>illo</strong></span> 
     </span>
     <span class='ocr_line' id='line_1_24' title="bbox 546 2617 2109 2699; baseline -0.003 -19"><span class='ocrx_word' id='word_1_167' title='bbox 546 2618 792 2699; x_wconf 89' lang='lat' dir='ltr'><strong>objecto</strong></span> <span class='ocrx_word' id='word_1_168' title='bbox 829 2636 960 2680; x_wconf 86' lang='lat' dir='ltr'><strong>non</strong></span> <span class='ocrx_word' id='word_1_169' title='bbox 997 2618 1350 2681; x_wconf 87' lang='lat' dir='ltr'><strong>involvatur</strong></span> <span class='ocrx_word' id='word_1_170' title='bbox 1375 2617 1829 2697; x_wconf 81' lang='lat' dir='ltr'><strong>repugnantia,</strong></span> <span class='ocrx_word' id='word_1_171' title='bbox 1861 2618 2109 2677; x_wconf 85' lang='lat' dir='ltr'><strong>consta·</strong></span> 
     </span>
     <span class='ocr_line' id='line_1_25' title="bbox 543 2712 2111 2790; baseline -0.002 -16"><span class='ocrx_word' id='word_1_172' title='bbox 543 2712 658 2790; x_wconf 86' lang='lat' dir='ltr'><strong>bit,</strong></span> <span class='ocrx_word' id='word_1_173' title='bbox 689 2718 762 2775; x_wconf 89' lang='lat' dir='ltr'><strong>ut</strong></span> <span class='ocrx_word' id='word_1_174' title='bbox 795 2712 948 2789; x_wconf 84' lang='lat' dir='ltr'><strong>dixi,</strong></span> <span class='ocrx_word' id='word_1_175' title='bbox 997 2712 1296 2774; x_wconf 86' lang='lat' dir='ltr'><strong>solvendo</strong></span> <span class='ocrx_word' id='word_1_176' title='bbox 1325 2712 1722 2773; x_wconf 85' lang='lat' dir='ltr'><strong>difficultates</strong></span> <span class='ocrx_word' id='word_1_177' title='bbox 1749 2724 2013 2789; x_wconf 81' lang='lat' dir='ltr'><strong>omnes3</strong></span> <span class='ocrx_word' id='word_1_178' title='bbox 2046 2715 2111 2771; x_wconf 86' lang='lat' dir='ltr'><strong>et</strong></span> 
     </span>
     <span class='ocr_line' id='line_1_26' title="bbox 543 2804 2109 2886; baseline -0.003 -18"><span class='ocrx_word' id='word_1_179' title='bbox 543 2824 662 2886; x_wconf 82' lang='lat' dir='ltr'><strong>per</strong></span> <span class='ocrx_word' id='word_1_180' title='bbox 692 2824 759 2867; x_wconf 88' lang='lat' dir='ltr'><strong>se</strong></span> <span class='ocrx_word' id='word_1_181' title='bbox 789 2806 1040 2868; x_wconf 86' lang='lat' dir='ltr'><strong>videtur</strong></span> <span class='ocrx_word' id='word_1_182' title='bbox 1067 2806 1342 2869; x_wconf 85' lang='lat' dir='ltr'><strong>maxime</strong></span> <span class='ocrx_word' id='word_1_183' title='bbox 1368 2804 1728 2878; x_wconf 88' lang='lat' dir='ltr'><strong>verisimile,</strong></span> <span class='ocrx_word' id='word_1_184' title='bbox 1757 2809 1818 2865; x_wconf 88' lang='lat' dir='ltr'><strong>et</strong></span> <span class='ocrx_word' id='word_1_185' title='bbox 1843 2820 2109 2865; x_wconf 88' lang='lat' dir='ltr'><strong>consen-</strong></span> 
     </span>
     <span class='ocr_line' id='line_1_27' title="bbox 543 2896 2109 2979; baseline -0.003 -18"><span class='ocrx_word' id='word_1_186' title='bbox 543 2904 806 2962; x_wconf 84' lang='lat' dir='ltr'><strong>taneum</strong></span> <span class='ocrx_word' id='word_1_187' title='bbox 833 2899 1060 2962; x_wconf 81' lang='lat' dir='ltr'><strong>divinae</strong></span> <span class='ocrx_word' id='word_1_188' title='bbox 1091 2899 1559 2979; x_wconf 61' lang='lat' dir='ltr'><strong>omnipotentiae</strong></span> <span class='ocrx_word' id='word_1_189' title='bbox 1588 2946 1601 2971; x_wconf 87' lang='lat'><strong>,</strong></span> <span class='ocrx_word' id='word_1_190' title='bbox 1637 2896 1809 2978; x_wconf 87' lang='lat' dir='ltr'><strong>quod</strong></span> <span class='ocrx_word' id='word_1_191' title='bbox 1835 2898 2109 2976; x_wconf 86' lang='lat' dir='ltr'><strong>potuerit</strong></span> 
     </span>
     <span class='ocr_line' id='line_1_28' title="bbox 543 2990 2107 3073; baseline -0.003 -18"><span class='ocrx_word' id='word_1_192' title='bbox 543 2998 898 3056; x_wconf 88' lang='lat' dir='ltr'><strong>creaturam</strong></span> <span class='ocrx_word' id='word_1_193' title='bbox 933 2993 1208 3055; x_wconf 88' lang='lat' dir='ltr'><strong>condere</strong></span> <span class='ocrx_word' id='word_1_194' title='bbox 1245 2993 1592 3073; x_wconf 87' lang='lat' dir='ltr'><strong>subjectam</strong></span> <span class='ocrx_word' id='word_1_195' title='bbox 1635 3009 1751 3053; x_wconf 90' lang='lat' dir='ltr'><strong>seu</strong></span> <span class='ocrx_word' id='word_1_196' title='bbox 1789 2990 2107 3070; x_wconf 84' lang='lat' dir='ltr'><strong>subjicibi·</strong></span> 
     </span>
     <span class='ocr_line' id='line_1_29' title="bbox 542 3084 2103 3167; baseline -0.003 -20"><span class='ocrx_word' id='word_1_197' title='bbox 542 3086 667 3149; x_wconf 88' lang='lat' dir='ltr'><strong>lem</strong></span> <span class='ocrx_word' id='word_1_198' title='bbox 710 3087 924 3167; x_wconf 84' lang='lat' dir='ltr'><strong>quoad</strong></span> <span class='ocrx_word' id='word_1_199' title='bbox 950 3086 1118 3149; x_wconf 90' lang='lat' dir='ltr'><strong>hunc</strong></span> <span class='ocrx_word' id='word_1_200' title='bbox 1153 3104 1340 3149; x_wconf 86' lang='lat' dir='ltr'><strong>usum</strong></span> <span class='ocrx_word' id='word_1_201' title='bbox 1375 3085 1680 3167; x_wconf 84' lang='lat' dir='ltr'><strong>operandi</strong></span> <span class='ocrx_word' id='word_1_202' title='bbox 1703 3130 1723 3161; x_wconf 90' lang='lat'>‚</span> <span class='ocrx_word' id='word_1_203' title='bbox 1747 3084 2062 3163; x_wconf 86' lang='lat' dir='ltr'><strong>perillam</strong></span> <span class='ocrx_word' id='word_1_204' title='bbox 2088 3128 2103 3159; x_wconf 91' lang='lat'><strong>,</strong></span> 
     </span>
     <span class='ocr_line' id='line_1_30' title="bbox 543 3179 2109 3263; baseline -0.003 -19"><span class='ocrx_word' id='word_1_205' title='bbox 543 3182 736 3244; x_wconf 87' lang='lat' dir='ltr'><strong>etiam</strong></span> <span class='ocrx_word' id='word_1_206' title='bbox 761 3200 836 3243; x_wconf 86' lang='lat' dir='ltr'><strong>ea</strong></span> <span class='ocrx_word' id='word_1_207' title='bbox 865 3200 1008 3263; x_wconf 81' lang='lat' dir='ltr'><strong>quae</strong></span> <span class='ocrx_word' id='word_1_208' title='bbox 1040 3186 1185 3244; x_wconf 88' lang='lat' dir='ltr'><strong>sunt</strong></span> <span class='ocrx_word' id='word_1_209' title='bbox 1215 3182 1376 3243; x_wconf 87' lang='lat' dir='ltr'><strong>ultra</strong></span> <span class='ocrx_word' id='word_1_210' title='bbox 1401 3180 1722 3243; x_wconf 76' lang='lat' dir='ltr'><strong>naturales</strong></span> <span class='ocrx_word' id='word_1_211' title='bbox 1745 3179 1908 3241; x_wconf 85' lang='lat' dir='ltr'><strong>vires</strong></span> <span class='ocrx_word' id='word_1_212' title='bbox 1937 3194 2109 3241; x_wconf 86' lang='lat' dir='ltr'><strong>crea·</strong></span> 
     </span>
     <span class='ocr_line' id='line_1_31' title="bbox 539 3272 2107 3359; baseline -0.003 -22"><span class='ocrx_word' id='word_1_213' title='bbox 539 3282 724 3351; x_wconf 80' lang='lat' dir='ltr'><strong>turae,</strong></span> <span class='ocrx_word' id='word_1_214' title='bbox 767 3277 834 3337; x_wconf 88' lang='lat' dir='ltr'><strong>in</strong></span> <span class='ocrx_word' id='word_1_215' title='bbox 875 3275 1108 3356; x_wconf 85' lang='lat' dir='ltr'><strong>quihus</strong></span> <span class='ocrx_word' id='word_1_216' title='bbox 1143 3275 1398 3337; x_wconf 85' lang='lat' dir='ltr'><strong>aliunde</strong></span> <span class='ocrx_word' id='word_1_217' title='bbox 1436 3272 1721 3355; x_wconf 87' lang='lat' dir='ltr'><strong>specialis</strong></span> <span class='ocrx_word' id='word_1_218' title='bbox 1749 3288 2107 3359; x_wconf 85' lang='lat' dir='ltr'><strong>repugnan-</strong></span> 
     </span>
     <span class='ocr_line' id='line_1_32' title="bbox 541 3366 2096 3449; baseline -0.003 -18"><span class='ocrx_word' id='word_1_219' title='bbox 541 3370 626 3432; x_wconf 88' lang='lat' dir='ltr'><strong>tia</strong></span> <span class='ocrx_word' id='word_1_220' title='bbox 653 3388 785 3431; x_wconf 88' lang='lat' dir='ltr'><strong>non</strong></span> <span class='ocrx_word' id='word_1_221' title='bbox 807 3370 1182 3433; x_wconf 73' lang='lat' dir='ltr'><strong>involvatur.</strong></span> <span class='ocrx_word' id='word_1_222' title='bbox 1209 3370 1422 3431; x_wconf 84' lang='lat' dir='ltr'><strong>Altera</strong></span> <span class='ocrx_word' id='word_1_223' title='bbox 1445 3386 1598 3431; x_wconf 88' lang='lat' dir='ltr'><strong>vero</strong></span> <span class='ocrx_word' id='word_1_224' title='bbox 1627 3386 1776 3449; x_wconf 85' lang='lat' dir='ltr'><strong>pars</strong></span> <span class='ocrx_word' id='word_1_225' title='bbox 1812 3366 2096 3443; x_wconf 83' lang='lat' dir='ltr'><strong>minoris,</strong></span> 
     </span>
     <span class='ocr_line' id='line_1_33' title="bbox 541 3460 2098 3537; baseline -0.003 -12"><span class='ocrx_word' id='word_1_226' title='bbox 541 3464 798 3537; x_wconf 87' lang='lat' dir='ltr'><strong>scilicet,</strong></span> <span class='ocrx_word' id='word_1_227' title='bbox 827 3468 1186 3526; x_wconf 88' lang='lat' dir='ltr'><strong>creaturam</strong></span> <span class='ocrx_word' id='word_1_228' title='bbox 1214 3482 1342 3525; x_wconf 87' lang='lat' dir='ltr'><strong>non</strong></span> <span class='ocrx_word' id='word_1_229' title='bbox 1368 3480 1586 3525; x_wconf 90' lang='lat' dir='ltr'><strong>carere</strong></span> <span class='ocrx_word' id='word_1_230' title='bbox 1613 3463 1733 3524; x_wconf 87' lang='lat' dir='ltr'><strong>hac</strong></span> <span class='ocrx_word' id='word_1_231' title='bbox 1777 3460 2098 3534; x_wconf 80' lang='lat' dir='ltr'><strong>facultate,</strong></span> 
     </span>
     <span class='ocr_line' id='line_1_34' title="bbox 541 3554 2099 3637; baseline -0.003 -18"><span class='ocrx_word' id='word_1_232' title='bbox 541 3558 690 3637; x_wconf 86' lang='lat' dir='ltr'><strong>quia</strong></span> <span class='ocrx_word' id='word_1_233' title='bbox 749 3559 918 3619; x_wconf 83' lang='lat' dir='ltr'><strong>Deus</strong></span> <span class='ocrx_word' id='word_1_234' title='bbox 971 3557 1248 3619; x_wconf 88' lang='lat' dir='ltr'><strong>noluerit</strong></span> <span class='ocrx_word' id='word_1_235' title='bbox 1307 3558 1502 3619; x_wconf 87' lang='lat' dir='ltr'><strong>talem</strong></span> <span class='ocrx_word' id='word_1_236' title='bbox 1554 3556 1728 3618; x_wconf 88' lang='lat' dir='ltr'><strong>illam</strong></span> <span class='ocrx_word' id='word_1_237' title='bbox 1779 3554 2055 3617; x_wconf 88' lang='lat' dir='ltr'><strong>condere</strong></span> <span class='ocrx_word' id='word_1_238' title='bbox 2080 3596 2099 3627; x_wconf 91' lang='lat'><strong>,</strong></span> 
     </span>
     <span class='ocr_line' id='line_1_35' title="bbox 539 3648 2096 3731; baseline -0.003 -18"><span class='ocrx_word' id='word_1_239' title='bbox 539 3650 828 3730; x_wconf 86' lang='lat' dir='ltr'><strong>quamvis</strong></span> <span class='ocrx_word' id='word_1_240' title='bbox 859 3651 1168 3731; x_wconf 86' lang='lat' dir='ltr'><strong>potuerit,</strong></span> <span class='ocrx_word' id='word_1_241' title='bbox 1221 3649 1519 3712; x_wconf 81' lang='lat' dir='ltr'><strong>facillime·</strong></span> <span class='ocrx_word' id='word_1_242' title='bbox 1547 3648 1797 3711; x_wconf 87' lang='lat' dir='ltr'><strong>suaderi</strong></span> <span class='ocrx_word' id='word_1_243' title='bbox 1849 3652 2096 3729; x_wconf 79' lang='lat' dir='ltr'><strong>potest3</strong></span> 
     </span>
     <span class='ocr_line' id='line_1_36' title="bbox 539 3742 2101 3826; baseline -0.003 -19"><span class='ocrx_word' id='word_1_244' title='bbox 539 3764 688 3807; x_wconf 86' lang='lat' dir='ltr'><strong>nam</strong></span> <span class='ocrx_word' id='word_1_245' title='bbox 732 3745 1042 3826; x_wconf 84' lang='lat' dir='ltr'><strong>imprimis</strong></span> <span class='ocrx_word' id='word_1_246' title='bbox 1099 3743 1274 3807; x_wconf 89' lang='lat' dir='ltr'><strong>nullo</strong></span> <span class='ocrx_word' id='word_1_247' title='bbox 1313 3743 1634 3806; x_wconf 78' lang='lat' dir='ltr'><strong>verisimili</strong></span> <span class='ocrx_word' id='word_1_248' title='bbox 1687 3742 2101 3805; x_wconf 80' lang='lat' dir='ltr'><strong>fundamento</strong></span> 
     </span>
     <span class='ocr_line' id='line_1_37' title="bbox 539 3836 2097 3920; baseline -0.003 -20"><span class='ocrx_word' id='word_1_249' title='bbox 539 3840 760 3920; x_wconf 83' lang='lat' dir='ltr'><strong>negari</strong></span> <span class='ocrx_word' id='word_1_250' title='bbox 815 3844 1026 3919; x_wconf 86' lang='lat' dir='ltr'><strong>potest</strong></span> <span class='ocrx_word' id='word_1_251' title='bbox 1078 3839 1278 3899; x_wconf 89' lang='lat' dir='ltr'><strong>Deum</strong></span> <span class='ocrx_word' id='word_1_252' title='bbox 1323 3838 1597 3899; x_wconf 87' lang='lat' dir='ltr'><strong>voluisse</strong></span> <span class='ocrx_word' id='word_1_253' title='bbox 1637 3837 1760 3899; x_wconf 89' lang='lat' dir='ltr'><strong>hoc</strong></span> <span class='ocrx_word' id='word_1_254' title='bbox 1805 3836 2097 3912; x_wconf 88' lang='lat' dir='ltr'><strong>efficere;</strong></span> 
     </span>
     <span class='ocr_line' id='line_1_38' title="bbox 539 3932 2101 4013; baseline -0.003 -18"><span class='ocrx_word' id='word_1_255' title='bbox 539 3952 692 3995; x_wconf 88' lang='lat' dir='ltr'><strong>nam</strong></span> <span class='ocrx_word' id='word_1_256' title='bbox 721 3950 868 3995; x_wconf 88' lang='lat' dir='ltr'><strong>cum</strong></span> <span class='ocrx_word' id='word_1_257' title='bbox 895 3934 1172 4013; x_wconf 86' lang='lat' dir='ltr'><strong>potuerit</strong></span> <span class='ocrx_word' id='word_1_258' title='bbox 1203 3932 1266 3995; x_wconf 91' lang='lat' dir='ltr'><strong>id</strong></span> <span class='ocrx_word' id='word_1_259' title='bbox 1295 3932 1484 4011; x_wconf 86' lang='lat' dir='ltr'><strong>velle,</strong></span> <span class='ocrx_word' id='word_1_260' title='bbox 1510 3932 1680 3994; x_wconf 87' lang='lat' dir='ltr'><strong>unde</strong></span> <span class='ocrx_word' id='word_1_261' title='bbox 1711 3936 1957 3993; x_wconf 87' lang='lat' dir='ltr'><strong>constat</strong></span> <span class='ocrx_word' id='word_1_262' title='bbox 1988 3946 2101 3991; x_wconf 88' lang='lat' dir='ltr'><strong>no-</strong></span> 
     </span>
     <span class='ocr_line' id='line_1_39' title="bbox 537 4024 2098 4106; baseline -0.003 -18"><span class='ocrx_word' id='word_1_263' title='bbox 537 4027 770 4089; x_wconf 75' lang='lat' dir='ltr'><strong>luisse?</strong></span> <span class='ocrx_word' id='word_1_264' title='bbox 791 4026 1032 4089; x_wconf 86' lang='lat' dir='ltr'><strong>Deinde</strong></span> <span class='ocrx_word' id='word_1_265' title='bbox 1057 4026 1340 4088; x_wconf 83' lang='lat' dir='ltr'><strong>convinci</strong></span> <span class='ocrx_word' id='word_1_266' title='bbox 1363 4026 1554 4090; x_wconf 88' lang='lat' dir='ltr'><strong>etiam</strong></span> <span class='ocrx_word' id='word_1_267' title='bbox 1577 4030 1806 4106; x_wconf 89' lang='lat' dir='ltr'><strong>potest,</strong></span> <span class='ocrx_word' id='word_1_268' title='bbox 1821 4025 1944 4087; x_wconf 84' lang='lat' dir='ltr'><strong>hoc</strong></span> <span class='ocrx_word' id='word_1_269' title='bbox 1958 4024 2098 4105; x_wconf 88' lang='lat' dir='ltr'><strong>ipso</strong></span> 
     </span>
     <span class='ocr_line' id='line_1_40' title="bbox 539 4118 2102 4202; baseline -0.003 -19"><span class='ocrx_word' id='word_1_270' title='bbox 539 4121 712 4202; x_wconf 85' lang='lat' dir='ltr'><strong>quod</strong></span> <span class='ocrx_word' id='word_1_271' title='bbox 741 4120 936 4181; x_wconf 89' lang='lat' dir='ltr'><strong>voluit</strong></span> <span class='ocrx_word' id='word_1_272' title='bbox 956 4120 1118 4181; x_wconf 85' lang='lat' dir='ltr'><strong>Deus</strong></span> <span class='ocrx_word' id='word_1_273' title='bbox 1146 4126 1499 4182; x_wconf 88' lang='lat' dir='ltr'><strong>creaturam</strong></span> <span class='ocrx_word' id='word_1_274' title='bbox 1543 4118 1812 4181; x_wconf 88' lang='lat' dir='ltr'><strong>condere</strong></span> <span class='ocrx_word' id='word_1_275' title='bbox 1829 4164 1850 4196; x_wconf 91' lang='lat'><strong>,</strong></span> <span class='ocrx_word' id='word_1_276' title='bbox 1881 4134 2102 4181; x_wconf 89' lang='lat' dir='ltr'><strong>neces-</strong></span> 
     </span>
     <span class='ocr_line' id='line_1_41' title="bbox 540 4210 2102 4294; baseline -0.001 -19"><span class='ocrx_word' id='word_1_277' title='bbox 540 4215 706 4292; x_wconf 78' lang='lat' dir='ltr'><strong>sario</strong></span> <span class='ocrx_word' id='word_1_278' title='bbox 733 4214 1007 4277; x_wconf 87' lang='lat' dir='ltr'><strong>voluisse</strong></span> <span class='ocrx_word' id='word_1_279' title='bbox 1025 4232 1170 4276; x_wconf 89' lang='lat' dir='ltr'><strong>cum</strong></span> <span class='ocrx_word' id='word_1_280' title='bbox 1198 4212 1490 4294; x_wconf 86' lang='lat' dir='ltr'><strong>praedicta</strong></span> <span class='ocrx_word' id='word_1_281' title='bbox 1511 4212 1902 4293; x_wconf 81' lang='lat' dir='ltr'><strong>subjectione</strong></span> <span class='ocrx_word' id='word_1_282' title='bbox 1929 4210 2102 4273; x_wconf 89' lang='lat' dir='ltr'><strong>illam</strong></span> 
     </span>
     <span class='ocr_line' id='line_1_42' title="bbox 539 4306 2102 4388; baseline -0.003 -19"><span class='ocrx_word' id='word_1_283' title='bbox 539 4308 948 4385; x_wconf 83' lang='lat' dir='ltr'><strong>constituere,</strong></span> <span class='ocrx_word' id='word_1_284' title='bbox 977 4310 1112 4369; x_wconf 90' lang='lat' dir='ltr'><strong>tum</strong></span> <span class='ocrx_word' id='word_1_285' title='bbox 1141 4306 1290 4388; x_wconf 84' lang='lat' dir='ltr'><strong>quia</strong></span> <span class='ocrx_word' id='word_1_286' title='bbox 1335 4326 1464 4369; x_wconf 88' lang='lat' dir='ltr'><strong>non</strong></span> <span class='ocrx_word' id='word_1_287' title='bbox 1497 4306 1700 4387; x_wconf 87' lang='lat' dir='ltr'><strong>potuit</strong></span> <span class='ocrx_word' id='word_1_288' title='bbox 1725 4306 1894 4367; x_wconf 90' lang='lat' dir='ltr'><strong>Deus</strong></span> <span class='ocrx_word' id='word_1_289' title='bbox 1925 4322 2102 4366; x_wconf 86' lang='lat' dir='ltr'><strong>crea·</strong></span> 
     </span>
     <span class='ocr_line' id='line_1_43' title="bbox 539 4398 2101 4481; baseline -0.002 -20"><span class='ocrx_word' id='word_1_290' title='bbox 539 4406 745 4463; x_wconf 85' lang='lat' dir='ltr'><strong>turam</strong></span> <span class='ocrx_word' id='word_1_291' title='bbox 776 4401 1070 4475; x_wconf 85' lang='lat' dir='ltr'><strong>condere,</strong></span> <span class='ocrx_word' id='word_1_292' title='bbox 1117 4402 1274 4481; x_wconf 86' lang='lat' dir='ltr'><strong>quin</strong></span> <span class='ocrx_word' id='word_1_293' title='bbox 1315 4400 1550 4463; x_wconf 85' lang='lat' dir='ltr'><strong>haheat</strong></span> <span class='ocrx_word' id='word_1_294' title='bbox 1578 4398 2101 4479; x_wconf 81' lang='lat' dir='ltr'><strong>perfectissimum</strong></span> 
     </span>
     <span class='ocr_line' id='line_1_44' title="bbox 539 4494 2101 4576; baseline -0.001 -20"><span class='ocrx_word' id='word_1_295' title='bbox 539 4514 614 4556; x_wconf 89' lang='lat' dir='ltr'><strong>ac</strong></span> <span class='ocrx_word' id='word_1_296' title='bbox 637 4512 1002 4576; x_wconf 86' lang='lat' dir='ltr'><strong>supremum</strong></span> <span class='ocrx_word' id='word_1_297' title='bbox 1029 4494 1194 4557; x_wconf 89' lang='lat' dir='ltr'><strong>illius</strong></span> <span class='ocrx_word' id='word_1_298' title='bbox 1221 4494 1593 4568; x_wconf 90' lang='lat' dir='ltr'><strong>dominium,</strong></span> <span class='ocrx_word' id='word_1_299' title='bbox 1623 4500 1686 4555; x_wconf 90' lang='lat' dir='ltr'><strong>et</strong></span> <span class='ocrx_word' id='word_1_300' title='bbox 1709 4510 2101 4574; x_wconf 86' lang='lat' dir='ltr'><strong>consequen-</strong></span> 
     </span>
     <span class='ocr_line' id='line_1_45' title="bbox 538 4588 2101 4669; baseline -0.002 -17"><span class='ocrx_word' id='word_1_301' title='bbox 538 4595 634 4652; x_wconf 85' lang='lat' dir='ltr'><strong>ter</strong></span> <span class='ocrx_word' id='word_1_302' title='bbox 681 4595 1058 4669; x_wconf 87' lang='lat' dir='ltr'><strong>potestatem</strong></span> <span class='ocrx_word' id='word_1_303' title='bbox 1106 4588 1335 4653; x_wconf 86' lang='lat' dir='ltr'><strong>utendi·</strong></span> <span class='ocrx_word' id='word_1_304' title='bbox 1355 4588 1464 4650; x_wconf 90' lang='lat' dir='ltr'><strong>illa</strong></span> <span class='ocrx_word' id='word_1_305' title='bbox 1509 4588 1572 4650; x_wconf 89' lang='lat' dir='ltr'><strong>in</strong></span> <span class='ocrx_word' id='word_1_306' title='bbox 1617 4606 1873 4650; x_wconf 88' lang='lat' dir='ltr'><strong>omnem</strong></span> <span class='ocrx_word' id='word_1_307' title='bbox 1910 4604 2101 4650; x_wconf 87' lang='lat' dir='ltr'><strong>usum</strong></span> 
     </span>
     <span class='ocr_line' id='line_1_46' title="bbox 539 4680 2101 4763; baseline -0.001 -19"><span class='ocrx_word' id='word_1_308' title='bbox 539 4702 668 4747; x_wconf 89' lang='lat' dir='ltr'><strong>non</strong></span> <span class='ocrx_word' id='word_1_309' title='bbox 705 4688 1207 4763; x_wconf 84' lang='lat' dir='ltr'><strong>repugnantem;</strong></span> <span class='ocrx_word' id='word_1_310' title='bbox 1235 4689 1374 4744; x_wconf 89' lang='lat' dir='ltr'><strong>tum</strong></span> <span class='ocrx_word' id='word_1_311' title='bbox 1407 4682 1600 4745; x_wconf 88' lang='lat' dir='ltr'><strong>etiam</strong></span> <span class='ocrx_word' id='word_1_312' title='bbox 1639 4682 1810 4759; x_wconf 85' lang='lat' dir='ltr'><strong>quia,</strong></span> <span class='ocrx_word' id='word_1_313' title='bbox 1835 4688 1904 4743; x_wconf 88' lang='lat' dir='ltr'><strong>ut</strong></span> <span class='ocrx_word' id='word_1_314' title='bbox 1937 4680 2101 4743; x_wconf 84' lang='lat' dir='ltr'><strong>infra</strong></span> 
     </span>
     <span class='ocr_line' id='line_1_47' title="bbox 539 4775 2101 4857; baseline -0.001 -18"><span class='ocrx_word' id='word_1_315' title='bbox 539 4778 890 4852; x_wconf 85' lang='lat' dir='ltr'><strong>ostendam,</strong></span> <span class='ocrx_word' id='word_1_316' title='bbox 923 4776 1028 4838; x_wconf 87' lang='lat' dir='ltr'><strong>illa</strong></span> <span class='ocrx_word' id='word_1_317' title='bbox 1056 4776 1338 4855; x_wconf 83' lang='lat' dir='ltr'><strong>potentia</strong></span> <span class='ocrx_word' id='word_1_318' title='bbox 1365 4794 1478 4838; x_wconf 86' lang='lat' dir='ltr'><strong>seu</strong></span> <span class='ocrx_word' id='word_1_319' title='bbox 1521 4775 1808 4851; x_wconf 79' lang='lat' dir='ltr'><strong>facultaS,</strong></span> <span class='ocrx_word' id='word_1_320' title='bbox 1854 4794 1995 4857; x_wconf 77' lang='lat' dir='ltr'><strong>quse</strong></span> <span class='ocrx_word' id='word_1_321' title='bbox 2020 4794 2101 4838; x_wconf 87' lang='lat' dir='ltr'><strong>ex</strong></span> 
     </span>
     <span class='ocr_line' id='line_1_48' title="bbox 536 4870 2099 4951; baseline -0.001 -19"><span class='ocrx_word' id='word_1_322' title='bbox 536 4876 715 4951; x_wconf 86' lang='lat' dir='ltr'><strong>parte</strong></span> <span class='ocrx_word' id='word_1_323' title='bbox 743 4876 1046 4933; x_wconf 78' lang='lat' dir='ltr'><strong>creaturae</strong></span> <span class='ocrx_word' id='word_1_324' title='bbox 1071 4870 1468 4950; x_wconf 82' lang='lat' dir='ltr'><strong>supponitur,</strong></span> <span class='ocrx_word' id='word_1_325' title='bbox 1492 4876 1564 4931; x_wconf 87' lang='lat' dir='ltr'><strong>ut</strong></span> <span class='ocrx_word' id='word_1_326' title='bbox 1591 4870 1789 4950; x_wconf 82' lang='lat' dir='ltr'><strong>possit</strong></span> <span class='ocrx_word' id='word_1_327' title='bbox 1809 4872 1975 4933; x_wconf 88' lang='lat' dir='ltr'><strong>Deus</strong></span> <span class='ocrx_word' id='word_1_328' title='bbox 1993 4871 2099 4932; x_wconf 89' lang='lat' dir='ltr'><strong>illa</strong></span> 
     </span>
     <span class='ocr_line' id='line_1_49' title="bbox 537 4966 2101 5046; baseline 0.002 -20"><span class='ocrx_word' id='word_1_329' title='bbox 537 4966 628 5027; x_wconf 87' lang='lat' dir='ltr'><strong>uti</strong></span> <span class='ocrx_word' id='word_1_330' title='bbox 654 4966 954 5045; x_wconf 61' lang='lat' dir='ltr'><strong>praedicto</strong></span> <span class='ocrx_word' id='word_1_331' title='bbox 985 4966 1196 5041; x_wconf 90' lang='lat' dir='ltr'><strong>modo,</strong></span> <span class='ocrx_word' id='word_1_332' title='bbox 1227 4972 1324 5027; x_wconf 91' lang='lat' dir='ltr'><strong>est</strong></span> <span class='ocrx_word' id='word_1_333' title='bbox 1361 4966 1426 5027; x_wconf 92' lang='lat' dir='ltr'><strong>in</strong></span> <span class='ocrx_word' id='word_1_334' title='bbox 1449 4984 1521 5028; x_wconf 89' lang='lat' dir='ltr'><strong>re</strong></span> <span class='ocrx_word' id='word_1_335' title='bbox 1557 4967 1694 5046; x_wconf 84' lang='lat' dir='ltr'><strong>ipsa</strong></span> <span class='ocrx_word' id='word_1_336' title='bbox 1723 4966 1983 5028; x_wconf 89' lang='lat' dir='ltr'><strong>omnino</strong></span> <span class='ocrx_word' id='word_1_337' title='bbox 2010 4968 2101 5029; x_wconf 87' lang='lat' dir='ltr'><strong>in·</strong></span> 
     </span>
     <span class='ocr_line' id='line_1_50' title="bbox 537 5058 2101 5137; baseline 0.001 -16"><span class='ocrx_word' id='word_1_338' title='bbox 537 5059 831 5123; x_wconf 86' lang='lat' dir='ltr'><strong>distincta</strong></span> <span class='ocrx_word' id='word_1_339' title='bbox 858 5060 937 5120; x_wconf 90' lang='lat' dir='ltr'><strong>ab</strong></span> <span class='ocrx_word' id='word_1_340' title='bbox 967 5060 1224 5121; x_wconf 87' lang='lat' dir='ltr'><strong>entitate</strong></span> <span class='ocrx_word' id='word_1_341' title='bbox 1249 5066 1588 5137; x_wconf 81' lang='lat' dir='ltr'><strong>creaturoe,</strong></span> <span class='ocrx_word' id='word_1_342' title='bbox 1621 5064 1684 5123; x_wconf 89' lang='lat' dir='ltr'><strong>et</strong></span> <span class='ocrx_word' id='word_1_343' title='bbox 1712 5058 1850 5123; x_wconf 87' lang='lat' dir='ltr'><strong>ideo</strong></span> <span class='ocrx_word' id='word_1_344' title='bbox 1882 5067 1977 5123; x_wconf 87' lang='lat' dir='ltr'><strong>est</strong></span> <span class='ocrx_word' id='word_1_345' title='bbox 2002 5062 2101 5123; x_wconf 86' lang='lat' dir='ltr'><strong>in-</strong></span> 
     </span>
     <span class='ocr_line' id='line_1_51' title="bbox 537 5151 2096 5235; baseline -0.001 -19"><span class='ocrx_word' id='word_1_346' title='bbox 537 5153 906 5235; x_wconf 86' lang='lat' dir='ltr'><strong>separabilis</strong></span> <span class='ocrx_word' id='word_1_347' title='bbox 935 5152 1016 5214; x_wconf 90' lang='lat' dir='ltr'><strong>ab</strong></span> <span class='ocrx_word' id='word_1_348' title='bbox 1039 5151 1177 5227; x_wconf 81' lang='lat' dir='ltr'><strong>illa3</strong></span> <span class='ocrx_word' id='word_1_349' title='bbox 1209 5170 1338 5214; x_wconf 90' lang='lat' dir='ltr'><strong>non</strong></span> <span class='ocrx_word' id='word_1_350' title='bbox 1365 5172 1515 5235; x_wconf 86' lang='lat' dir='ltr'><strong>ergo</strong></span> <span class='ocrx_word' id='word_1_351' title='bbox 1534 5154 1736 5235; x_wconf 88' lang='lat' dir='ltr'><strong>potuit</strong></span> <span class='ocrx_word' id='word_1_352' title='bbox 1751 5156 1914 5217; x_wconf 88' lang='lat' dir='ltr'><strong>Deus</strong></span> <span class='ocrx_word' id='word_1_353' title='bbox 1937 5156 2096 5217; x_wconf 91' lang='lat' dir='ltr'><strong>velle</strong></span> 
     </span>
     <span class='ocr_line' id='line_1_52' title="bbox 534 5248 2098 5329; baseline -0.001 -17"><span class='ocrx_word' id='word_1_354' title='bbox 534 5266 750 5312; x_wconf 83' lang='lat' dir='ltr'><strong>creare</strong></span> <span class='ocrx_word' id='word_1_355' title='bbox 789 5248 960 5309; x_wconf 84' lang='lat' dir='ltr'><strong>iliam</strong></span> <span class='ocrx_word' id='word_1_356' title='bbox 993 5248 1316 5310; x_wconf 86' lang='lat' dir='ltr'><strong>entitatem</strong></span> <span class='ocrx_word' id='word_1_357' title='bbox 1343 5294 1358 5323; x_wconf 91' lang='lat'>‚</span> <span class='ocrx_word' id='word_1_358' title='bbox 1413 5250 1566 5329; x_wconf 87' lang='lat' dir='ltr'><strong>quin</strong></span> <span class='ocrx_word' id='word_1_359' title='bbox 1615 5248 1802 5311; x_wconf 85' lang='lat' dir='ltr'><strong>etiam</strong></span> <span class='ocrx_word' id='word_1_360' title='bbox 1833 5250 2098 5312; x_wconf 82' lang='lat' dir='ltr'><strong>volucrit</strong></span> 
     </span>
     <span class='ocr_line' id='line_1_53' title="bbox 535 5340 2099 5423; baseline 0 -18"><span class='ocrx_word' id='word_1_361' title='bbox 535 5360 752 5405; x_wconf 86' lang='lat' dir='ltr'><strong>creare</strong></span> <span class='ocrx_word' id='word_1_362' title='bbox 777 5343 948 5403; x_wconf 87' lang='lat' dir='ltr'><strong>illam</strong></span> <span class='ocrx_word' id='word_1_363' title='bbox 975 5360 1118 5403; x_wconf 90' lang='lat' dir='ltr'><strong>cum</strong></span> <span class='ocrx_word' id='word_1_364' title='bbox 1146 5340 1312 5403; x_wconf 87' lang='lat' dir='ltr'><strong>dicta</strong></span> <span class='ocrx_word' id='word_1_365' title='bbox 1335 5341 1632 5405; x_wconf 83' lang='lat' dir='ltr'><strong>facultate</strong></span> <span class='ocrx_word' id='word_1_366' title='bbox 1665 5350 1726 5405; x_wconf 88' lang='lat' dir='ltr'><strong>et</strong></span> <span class='ocrx_word' id='word_1_367' title='bbox 1764 5344 2099 5423; x_wconf 87' lang='lat' dir='ltr'><strong>subjectio-</strong></span> 
     </span>
     <span class='ocr_line' id='line_1_54' title="bbox 537 5434 2097 5518; baseline 0.001 -20"><span class='ocrx_word' id='word_1_368' title='bbox 537 5454 636 5498; x_wconf 87' lang='lat' dir='ltr'><strong>ne.</strong></span> <span class='ocrx_word' id='word_1_369' title='bbox 671 5434 848 5507; x_wconf 88' lang='lat' dir='ltr'><strong>Quod</strong></span> <span class='ocrx_word' id='word_1_370' title='bbox 873 5436 924 5498; x_wconf 89' lang='lat' dir='ltr'><strong>si</strong></span> <span class='ocrx_word' id='word_1_371' title='bbox 949 5435 1254 5517; x_wconf 89' lang='lat' dir='ltr'><strong>potuisset</strong></span> <span class='ocrx_word' id='word_1_372' title='bbox 1277 5437 1446 5501; x_wconf 89' lang='lat' dir='ltr'><strong>Deus</strong></span> <span class='ocrx_word' id='word_1_373' title='bbox 1471 5438 1749 5518; x_wconf 84' lang='lat' dir='ltr'><strong>aliquam</strong></span> <span class='ocrx_word' id='word_1_374' title='bbox 1773 5438 2097 5499; x_wconf 83' lang='lat' dir='ltr'><strong>entitatem</strong></span> 
     </span>
     <span class='ocr_line' id='line_1_55' title="bbox 537 5529 2097 5612; baseline 0.001 -20"><span class='ocrx_word' id='word_1_375' title='bbox 537 5546 774 5606; x_wconf 73' lang='lat' dir='ltr'><strong>creare,</strong></span> <span class='ocrx_word' id='word_1_376' title='bbox 809 5536 870 5593; x_wconf 86' lang='lat' dir='ltr'><strong>et</strong></span> <span class='ocrx_word' id='word_1_377' title='bbox 899 5548 1028 5593; x_wconf 86' lang='lat' dir='ltr'><strong>non</strong></span> <span class='ocrx_word' id='word_1_378' title='bbox 1053 5530 1208 5595; x_wconf 85' lang='lat' dir='ltr'><strong>dare</strong></span> <span class='ocrx_word' id='word_1_379' title='bbox 1237 5529 1324 5594; x_wconf 86' lang='lat' dir='ltr'><strong>illi</strong></span> <span class='ocrx_word' id='word_1_380' title='bbox 1344 5531 1707 5612; x_wconf 72' lang='lat' dir='ltr'><strong>praedictam</strong></span> <span class='ocrx_word' id='word_1_381' title='bbox 1735 5532 2097 5595; x_wconf 73' lang='lat' dir='ltr'><strong>facultatem</strong></span> 
     </span>
    </p>
   </div>
   <div class='ocr_carea' id='block_1_4' title="bbox 1777 352 2530 418">
    <p class='ocr_par' dir='ltr' id='par_1_4' title="bbox 1777 352 2530 418">
     <span class='ocr_line' id='line_1_56' title="bbox 1777 352 2530 418; baseline 0 -9"><span class='ocrx_word' id='word_1_382' title='bbox 1777 352 2012 418; x_wconf 66' lang='lat' dir='ltr'><strong>Qufflsr.</strong></span> <span class='ocrx_word' id='word_1_383' title='bbox 2046 352 2176 407; x_wconf 85' lang='lat' dir='ltr'><strong>xm.</strong></span> <span class='ocrx_word' id='word_1_384' title='bbox 2208 352 2411 410; x_wconf 74' lang='lat' dir='ltr'><strong>Anrm.</strong></span> <span class='ocrx_word' id='word_1_385' title='bbox 2446 354 2530 411; x_wconf 78' lang='lat' dir='ltr'><strong>w.</strong></span> 
     </span>
    </p>
   </div>
   <div class='ocr_carea' id='block_1_5' title="bbox 2181 443 3691 723">
    <p class='ocr_par' dir='ltr' id='par_1_5' title="bbox 2181 443 3691 723">
     <span class='ocr_line' id='line_1_57' title="bbox 2190 443 3687 535; baseline 0.005 -20"><span class='ocrx_word' id='word_1_386' title='bbox 2190 459 2253 515; x_wconf 87' lang='lat' dir='ltr'><strong>et</strong></span> <span class='ocrx_word' id='word_1_387' title='bbox 2298 443 2752 535; x_wconf 81' lang='lat' dir='ltr'><strong>subjectionem</strong></span> <span class='ocrx_word' id='word_1_388' title='bbox 2782 498 2797 528; x_wconf 94' lang='lat'><strong>,</strong></span> <span class='ocrx_word' id='word_1_389' title='bbox 2842 450 3220 532; x_wconf 82' lang='lat' dir='ltr'><strong>impossibile</strong></span> <span class='ocrx_word' id='word_1_390' title='bbox 3252 460 3415 516; x_wconf 83' lang='lat' dir='ltr'><strong>esset</strong></span> <span class='ocrx_word' id='word_1_391' title='bbox 3452 459 3687 523; x_wconf 82' lang='lat' dir='ltr'><strong>camdem</strong></span> 
     </span>
     <span class='ocr_line' id='line_1_58' title="bbox 2188 545 3691 615; baseline 0.005 -7"><span class='ocrx_word' id='word_1_392' title='bbox 2188 548 2514 610; x_wconf 86' lang='lat' dir='ltr'><strong>entitatem</strong></span> <span class='ocrx_word' id='word_1_393' title='bbox 2545 548 2817 610; x_wconf 84' lang='lat' dir='ltr'><strong>condere</strong></span> <span class='ocrx_word' id='word_1_394' title='bbox 2845 564 2991 609; x_wconf 88' lang='lat' dir='ltr'><strong>cum</strong></span> <span class='ocrx_word' id='word_1_395' title='bbox 3036 546 3144 607; x_wconf 89' lang='lat' dir='ltr'><strong>tali</strong></span> <span class='ocrx_word' id='word_1_396' title='bbox 3188 545 3475 611; x_wconf 84' lang='lat' dir='ltr'><strong>facultate</strong></span> <span class='ocrx_word' id='word_1_397' title='bbox 3503 558 3558 613; x_wconf 86' lang='lat' dir='ltr'><strong>et</strong></span> <span class='ocrx_word' id='word_1_398' title='bbox 3580 556 3691 615; x_wconf 86' lang='lat' dir='ltr'><strong>sub—</strong></span> 
     </span>
     <span class='ocr_line' id='line_1_59' title="bbox 2181 640 3687 723; baseline 0.004 -20"><span class='ocrx_word' id='word_1_399' title='bbox 2181 640 2457 721; x_wconf 82' lang='lat' dir='ltr'><strong>jectione</strong></span> <span class='ocrx_word' id='word_1_400' title='bbox 2480 688 2495 718; x_wconf 90' lang='lat'><strong>,</strong></span> <span class='ocrx_word' id='word_1_401' title='bbox 2544 643 2693 723; x_wconf 87' lang='lat' dir='ltr'><strong>quia</strong></span> <span class='ocrx_word' id='word_1_402' title='bbox 2720 641 2822 703; x_wconf 88' lang='lat' dir='ltr'><strong>vel</strong></span> <span class='ocrx_word' id='word_1_403' title='bbox 2846 658 2979 702; x_wconf 89' lang='lat' dir='ltr'><strong>non</strong></span> <span class='ocrx_word' id='word_1_404' title='bbox 3014 645 3187 701; x_wconf 85' lang='lat' dir='ltr'><strong>esset</strong></span> <span class='ocrx_word' id='word_1_405' title='bbox 3228 640 3447 702; x_wconf 87' lang='lat' dir='ltr'><strong>eadem</strong></span> <span class='ocrx_word' id='word_1_406' title='bbox 3490 647 3687 723; x_wconf 82' lang='lat' dir='ltr'><strong>entitas,</strong></span> 
     </span>
    </p>
   </div>
   <div class='ocr_carea' id='block_1_6' title="bbox 2192 732 3798 814">
    <p class='ocr_par' dir='ltr' id='par_1_6' title="bbox 2192 732 3798 814">
     <span class='ocr_line' id='line_1_60' title="bbox 2192 732 3798 814; baseline 0.004 -17"><span class='ocrx_word' id='word_1_407' title='bbox 2192 735 2309 797; x_wconf 89' lang='lat' dir='ltr'><strong>sed</strong></span> <span class='ocrx_word' id='word_1_408' title='bbox 2336 736 2482 812; x_wconf 86' lang='lat' dir='ltr'><strong>alia,</strong></span> <span class='ocrx_word' id='word_1_409' title='bbox 2506 736 2605 799; x_wconf 88' lang='lat' dir='ltr'><strong>vel</strong></span> <span class='ocrx_word' id='word_1_410' title='bbox 2632 736 2875 797; x_wconf 83' lang='lat' dir='ltr'><strong>habens</strong></span> <span class='ocrx_word' id='word_1_411' title='bbox 2902 734 3093 795; x_wconf 87' lang='lat' dir='ltr'><strong>aliam</strong></span> <span class='ocrx_word' id='word_1_412' title='bbox 3118 732 3471 814; x_wconf 85' lang='lat' dir='ltr'><strong>adjunctam</strong></span> <span class='ocrx_word' id='word_1_413' title='bbox 3494 757 3509 811; x_wconf 88' lang='lat'>;</span> <span class='ocrx_word' id='word_1_414' title='bbox 3536 740 3637 814; x_wconf 86' lang='lat' dir='ltr'><strong>vel,</strong></span> <span class='ocrx_word' id='word_1_415' title='bbox 3655 745 3691 803; x_wconf 84' lang='lat' dir='ltr'><strong>si</strong></span> <span class='ocrx_word' id='word_1_416' title='bbox 3797 774 3798 777; x_wconf 33' lang='lat'>¹</span> 
     </span>
    </p>
   </div>
   <div class='ocr_carea' id='block_1_7' title="bbox 2190 829 3687 1004">
    <p class='ocr_par' dir='ltr' id='par_1_7' title="bbox 2190 829 3687 1004">
     <span class='ocr_line' id='line_1_61' title="bbox 2192 829 3687 913; baseline 0.001 -20"><span class='ocrx_word' id='word_1_417' title='bbox 2192 836 2359 893; x_wconf 84' lang='lat' dir='ltr'><strong>esset</strong></span> <span class='ocrx_word' id='word_1_418' title='bbox 2392 831 2615 893; x_wconf 85' lang='lat' dir='ltr'><strong>eadem</strong></span> <span class='ocrx_word' id='word_1_419' title='bbox 2638 877 2659 907; x_wconf 88' lang='lat'>‚</span> <span class='ocrx_word' id='word_1_420' title='bbox 2720 829 3011 892; x_wconf 87' lang='lat' dir='ltr'><strong>eamdem</strong></span> <span class='ocrx_word' id='word_1_421' title='bbox 3039 873 3056 902; x_wconf 88' lang='lat'><strong>,</strong></span> <span class='ocrx_word' id='word_1_422' title='bbox 3110 832 3501 907; x_wconf 83' lang='lat' dir='ltr'><strong>quantumin</strong></span> <span class='ocrx_word' id='word_1_423' title='bbox 3526 850 3583 894; x_wconf 84' lang='lat' dir='ltr'><strong>se</strong></span> <span class='ocrx_word' id='word_1_424' title='bbox 3604 842 3687 913; x_wconf 82' lang='lat' dir='ltr'><strong>est,</strong></span> 
     </span>
     <span class='ocr_line' id='line_1_62' title="bbox 2190 922 3687 1004; baseline 0.002 -18"><span class='ocrx_word' id='word_1_425' title='bbox 2190 925 2455 987; x_wconf 85' lang='lat' dir='ltr'><strong>haberet</strong></span> <span class='ocrx_word' id='word_1_426' title='bbox 2484 926 2583 988; x_wconf 87' lang='lat' dir='ltr'><strong>vel</strong></span> <span class='ocrx_word' id='word_1_427' title='bbox 2636 942 2767 986; x_wconf 91' lang='lat' dir='ltr'><strong>non</strong></span> <span class='ocrx_word' id='word_1_428' title='bbox 2796 924 3059 985; x_wconf 86' lang='lat' dir='ltr'><strong>haberet</strong></span> <span class='ocrx_word' id='word_1_429' title='bbox 3087 922 3447 985; x_wconf 78' lang='lat' dir='ltr'><strong>facultatem</strong></span> <span class='ocrx_word' id='word_1_430' title='bbox 3475 929 3687 1004; x_wconf 75' lang='lat' dir='ltr'><strong>agendi3</strong></span> 
     </span>
    </p>
   </div>
   <div class='ocr_carea' id='block_1_8' title="bbox 2188 1018 3798 1191">
    <p class='ocr_par' dir='ltr' id='par_1_8' title="bbox 2188 1018 3798 1191">
     <span class='ocr_line' id='line_1_63' title="bbox 2188 1018 3798 1101; baseline 0.001 -20"><span class='ocrx_word' id='word_1_431' title='bbox 2188 1022 2338 1101; x_wconf 86' lang='lat' dir='ltr'><strong>quia</strong></span> <span class='ocrx_word' id='word_1_432' title='bbox 2376 1020 2567 1093; x_wconf 89' lang='lat' dir='ltr'><strong>idem,</strong></span> <span class='ocrx_word' id='word_1_433' title='bbox 2602 1036 2870 1081; x_wconf 87' lang='lat' dir='ltr'><strong>manens</strong></span> <span class='ocrx_word' id='word_1_434' title='bbox 2912 1018 3103 1090; x_wconf 89' lang='lat' dir='ltr'><strong>idem,</strong></span> <span class='ocrx_word' id='word_1_435' title='bbox 3130 1034 3383 1097; x_wconf 85' lang='lat' dir='ltr'><strong>semper</strong></span> <span class='ocrx_word' id='word_1_436' title='bbox 3412 1022 3499 1081; x_wconf 88' lang='lat' dir='ltr'><strong>est</strong></span> <span class='ocrx_word' id='word_1_437' title='bbox 3522 1027 3691 1083; x_wconf 85' lang='lat' dir='ltr'><strong>natum</strong></span> <span class='ocrx_word' id='word_1_438' title='bbox 3796 1036 3798 1057; x_wconf 52' lang='lat'>2</span> 
     </span>
     <span class='ocr_line' id='line_1_64' title="bbox 2190 1110 3798 1191; baseline 0.001 -16"><span class='ocrx_word' id='word_1_439' title='bbox 2190 1114 2401 1177; x_wconf 85' lang='lat' dir='ltr'><strong>facere</strong></span> <span class='ocrx_word' id='word_1_440' title='bbox 2448 1112 2639 1175; x_wconf 87' lang='lat' dir='ltr'><strong>idem.</strong></span> <span class='ocrx_word' id='word_1_441' title='bbox 2690 1112 2871 1185; x_wconf 82' lang='lat' dir='ltr'><strong>Quod</strong></span> <span class='ocrx_word' id='word_1_442' title='bbox 2898 1112 2949 1173; x_wconf 91' lang='lat' dir='ltr'><strong>si</strong></span> <span class='ocrx_word' id='word_1_443' title='bbox 2982 1110 3229 1173; x_wconf 88' lang='lat' dir='ltr'><strong>entitati</strong></span> <span class='ocrx_word' id='word_1_444' title='bbox 3260 1118 3496 1189; x_wconf 67' lang='lat' dir='ltr'><strong>creatas,</strong></span> <span class='ocrx_word' id='word_1_445' title='bbox 3522 1125 3584 1174; x_wconf 85' lang='lat' dir='ltr'><strong>ut</strong></span> <span class='ocrx_word' id='word_1_446' title='bbox 3611 1117 3690 1191; x_wconf 80' lang='lat' dir='ltr'><strong>sie,</strong></span> <span class='ocrx_word' id='word_1_447' title='bbox 3796 1146 3798 1149; x_wconf 42' lang='lat'><em>⁴</em></span> 
     </span>
    </p>
   </div>
   <div class='ocr_carea' id='block_1_9' title="bbox 2192 1206 3691 1289">
    <p class='ocr_par' dir='ltr' id='par_1_9' title="bbox 2192 1206 3691 1289">
     <span class='ocr_line' id='line_1_65' title="bbox 2192 1206 3691 1289; baseline 0.001 -18"><span class='ocrx_word' id='word_1_448' title='bbox 2192 1227 2321 1271; x_wconf 91' lang='lat' dir='ltr'><strong>non</strong></span> <span class='ocrx_word' id='word_1_449' title='bbox 2368 1212 2681 1289; x_wconf 86' lang='lat' dir='ltr'><strong>repugnat</strong></span> <span class='ocrx_word' id='word_1_450' title='bbox 2726 1206 2911 1269; x_wconf 91' lang='lat' dir='ltr'><strong>condi</strong></span> <span class='ocrx_word' id='word_1_451' title='bbox 2952 1224 3097 1267; x_wconf 88' lang='lat' dir='ltr'><strong>cum</strong></span> <span class='ocrx_word' id='word_1_452' title='bbox 3142 1206 3265 1267; x_wconf 90' lang='lat' dir='ltr'><strong>hac</strong></span> <span class='ocrx_word' id='word_1_453' title='bbox 3306 1206 3596 1283; x_wconf 81' lang='lat' dir='ltr'><strong>facultate,</strong></span> <span class='ocrx_word' id='word_1_454' title='bbox 3634 1212 3691 1273; x_wconf 81' lang='lat' dir='ltr'><strong>de</strong></span> 
     </span>
    </p>
   </div>
   <div class='ocr_carea' id='block_1_10' title="bbox 2192 1299 3798 1379">
    <p class='ocr_par' dir='ltr' id='par_1_10' title="bbox 2192 1299 3798 1379">
     <span class='ocr_line' id='line_1_66' title="bbox 2192 1299 3798 1379; baseline 0 -16"><span class='ocrx_word' id='word_1_455' title='bbox 2192 1302 2366 1365; x_wconf 85' lang='lat' dir='ltr'><strong>nulla</strong></span> <span class='ocrx_word' id='word_1_456' title='bbox 2416 1303 2677 1365; x_wconf 87' lang='lat' dir='ltr'><strong>entitate</strong></span> <span class='ocrx_word' id='word_1_457' title='bbox 2710 1306 2923 1363; x_wconf 85' lang='lat' dir='ltr'><strong>creata</strong></span> <span class='ocrx_word' id='word_1_458' title='bbox 2975 1299 3271 1361; x_wconf 84' lang='lat' dir='ltr'><strong>affirmari</strong></span> <span class='ocrx_word' id='word_1_459' title='bbox 3302 1306 3496 1379; x_wconf 86' lang='lat' dir='ltr'><strong>potest</strong></span> <span class='ocrx_word' id='word_1_460' title='bbox 3534 1300 3630 1362; x_wconf 84' lang='lat' dir='ltr'><strong>hoc</strong></span> <span class='ocrx_word' id='word_1_461' title='bbox 3650 1304 3691 1363; x_wconf 82' lang='lat' dir='ltr'><strong>ei</strong></span> <span class='ocrx_word' id='word_1_462' title='bbox 3796 1328 3798 1339; x_wconf 27' lang='grc' dir='ltr'><em>Α</em></span> 
     </span>
    </p>
   </div>
   <div class='ocr_carea' id='block_1_11' title="bbox 2192 1387 3693 1664">
    <p class='ocr_par' dir='ltr' id='par_1_11' title="bbox 2192 1387 3693 1664">
     <span class='ocr_line' id='line_1_67' title="bbox 2192 1387 3693 1477; baseline -0.003 -18"><span class='ocrx_word' id='word_1_463' title='bbox 2192 1414 2575 1477; x_wconf 87' lang='lat' dir='ltr'><strong>repugnare,</strong></span> <span class='ocrx_word' id='word_1_464' title='bbox 2604 1394 2725 1456; x_wconf 87' lang='lat' dir='ltr'><strong>nisi</strong></span> <span class='ocrx_word' id='word_1_465' title='bbox 2756 1394 2856 1456; x_wconf 86' lang='lat' dir='ltr'><strong>vel</strong></span> <span class='ocrx_word' id='word_1_466' title='bbox 2886 1394 2951 1455; x_wconf 92' lang='lat' dir='ltr'><strong>in</strong></span> <span class='ocrx_word' id='word_1_467' title='bbox 2977 1387 3189 1471; x_wconf 66' lang='lat' dir='ltr'><strong>aliqua</strong></span> <span class='ocrx_word' id='word_1_468' title='bbox 3238 1393 3525 1473; x_wconf 85' lang='lat' dir='ltr'><strong>peculiari</strong></span> <span class='ocrx_word' id='word_1_469' title='bbox 3548 1395 3693 1456; x_wconf 82' lang='lat' dir='ltr'><strong>actio-</strong></span> 
     </span>
     <span class='ocr_line' id='line_1_68' title="bbox 2192 1486 3691 1568; baseline -0.002 -17"><span class='ocrx_word' id='word_1_470' title='bbox 2192 1508 2309 1566; x_wconf 88' lang='lat' dir='ltr'><strong>ne,</strong></span> <span class='ocrx_word' id='word_1_471' title='bbox 2338 1490 2441 1552; x_wconf 89' lang='lat' dir='ltr'><strong>vel</strong></span> <span class='ocrx_word' id='word_1_472' title='bbox 2468 1490 2533 1551; x_wconf 90' lang='lat' dir='ltr'><strong>in</strong></span> <span class='ocrx_word' id='word_1_473' title='bbox 2566 1490 2776 1568; x_wconf 85' lang='lat' dir='ltr'><strong>aliqua</strong></span> <span class='ocrx_word' id='word_1_474' title='bbox 2806 1488 3063 1551; x_wconf 85' lang='lat' dir='ltr'><strong>entitate</strong></span> <span class='ocrx_word' id='word_1_475' title='bbox 3096 1486 3389 1567; x_wconf 86' lang='lat' dir='ltr'><strong>specialis</strong></span> <span class='ocrx_word' id='word_1_476' title='bbox 3414 1487 3597 1566; x_wconf 85' lang='lat' dir='ltr'><strong>aliqua</strong></span> <span class='ocrx_word' id='word_1_477' title='bbox 3620 1506 3691 1549; x_wconf 83' lang='lat' dir='ltr'><strong>ra·</strong></span> 
     </span>
     <span class='ocr_line' id='line_1_69' title="bbox 2192 1580 3693 1664; baseline -0.003 -19"><span class='ocrx_word' id='word_1_478' title='bbox 2192 1584 2281 1645; x_wconf 90' lang='lat' dir='ltr'><strong>tio</strong></span> <span class='ocrx_word' id='word_1_479' title='bbox 2322 1583 2757 1664; x_wconf 77' lang='lat' dir='ltr'><strong>repugnantiae</strong></span> <span class='ocrx_word' id='word_1_480' title='bbox 2786 1582 3198 1657; x_wconf 86' lang='lat' dir='ltr'><strong>ostendatur3</strong></span> <span class='ocrx_word' id='word_1_481' title='bbox 3232 1580 3423 1659; x_wconf 87' lang='lat' dir='ltr'><strong>quod,</strong></span> <span class='ocrx_word' id='word_1_482' title='bbox 3452 1598 3524 1641; x_wconf 82' lang='lat' dir='ltr'><strong>aa</strong></span> <span class='ocrx_word' id='word_1_483' title='bbox 3547 1581 3693 1642; x_wconf 85' lang='lat' dir='ltr'><strong>inter·</strong></span> 
     </span>
    </p>
   </div>
   <div class='ocr_carea' id='block_1_12' title="bbox 2190 1673 3799 1852">
    <p class='ocr_par' dir='ltr' id='par_1_12' title="bbox 2190 1673 3799 1852">
     <span class='ocr_line' id='line_1_70' title="bbox 2196 1673 3798 1756; baseline -0.004 -17"><span class='ocrx_word' id='word_1_484' title='bbox 2196 1676 2349 1739; x_wconf 86' lang='lat' dir='ltr'><strong>dum</strong></span> <span class='ocrx_word' id='word_1_485' title='bbox 2398 1679 2744 1756; x_wconf 80' lang='lat' dir='ltr'><strong>contingat,</strong></span> <span class='ocrx_word' id='word_1_486' title='bbox 2780 1674 2862 1737; x_wconf 88' lang='lat' dir='ltr'><strong>ad</strong></span> <span class='ocrx_word' id='word_1_487' title='bbox 2907 1692 3186 1756; x_wconf 84' lang='lat' dir='ltr'><strong>praesens</strong></span> <span class='ocrx_word' id='word_1_488' title='bbox 3232 1673 3563 1735; x_wconf 82' lang='lat' dir='ltr'><strong>institutum</strong></span> <span class='ocrx_word' id='word_1_489' title='bbox 3599 1692 3691 1735; x_wconf 87' lang='lat' dir='ltr'><strong>non</strong></span> <span class='ocrx_word' id='word_1_490' title='bbox 3779 1675 3798 1739; x_wconf 52' lang='lat' dir='ltr'><strong>ti</strong></span> 
     </span>
     <span class='ocr_line' id='line_1_71' title="bbox 2190 1743 3799 1852; baseline -0.006 -17"><span class='ocrx_word' id='word_1_491' title='bbox 2190 1772 2380 1835; x_wconf 82' lang='lat' dir='ltr'><strong>refert</strong></span> <span class='ocrx_word' id='word_1_492' title='bbox 2404 1788 2420 1845; x_wconf 72' lang='grc' dir='ltr'><strong>ς</strong></span> <span class='ocrx_word' id='word_1_493' title='bbox 2450 1770 2687 1852; x_wconf 85' lang='lat' dir='ltr'><strong>aliquid</strong></span> <span class='ocrx_word' id='word_1_494' title='bbox 2712 1776 2922 1832; x_wconf 88' lang='lat' dir='ltr'><strong>tamen</strong></span> <span class='ocrx_word' id='word_1_495' title='bbox 2946 1768 3328 1849; x_wconf 84' lang='lat' dir='ltr'><strong>attingemus</strong></span> <span class='ocrx_word' id='word_1_496' title='bbox 3350 1769 3413 1829; x_wconf 89' lang='lat' dir='ltr'><strong>in</strong></span> <span class='ocrx_word' id='word_1_497' title='bbox 3436 1768 3691 1829; x_wconf 85' lang='lat' dir='ltr'><strong>solutioni·</strong></span> <span class='ocrx_word' id='word_1_498' title='bbox 3777 1743 3799 1811; x_wconf 60' lang='lat'><strong>2÷</strong></span> 
     </span>
    </p>
   </div>
   <div class='ocr_carea' id='block_1_13' title="bbox 2192 1866 2874 1946">
    <p class='ocr_par' dir='ltr' id='par_1_13' title="bbox 2192 1866 2874 1946">
     <span class='ocr_line' id='line_1_72' title="bbox 2192 1866 2874 1946; baseline -0.001 -17"><span class='ocrx_word' id='word_1_499' title='bbox 2192 1866 2310 1929; x_wconf 83' lang='lat' dir='ltr'><strong>hus</strong></span> <span class='ocrx_word' id='word_1_500' title='bbox 2340 1868 2874 1946; x_wconf 85' lang='lat' dir='ltr'><strong>argumentorum.</strong></span> 
     </span>
    </p>
   </div>
   <div class='ocr_carea' id='block_1_14' title="bbox 2190 1953 3798 2227">
    <p class='ocr_par' dir='ltr' id='par_1_14' title="bbox 2190 1953 3798 2227">
     <span class='ocr_line' id='line_1_73' title="bbox 2271 1953 3798 2037; baseline -0.005 -16"><span class='ocrx_word' id='word_1_501' title='bbox 2271 1963 2375 2023; x_wconf 71' lang='lat'><strong>48.</strong></span> <span class='ocrx_word' id='word_1_502' title='bbox 2408 1960 2631 2021; x_wconf 88' lang='lat' dir='ltr'><strong>Dicunt</strong></span> <span class='ocrx_word' id='word_1_503' title='bbox 2656 1974 2806 2020; x_wconf 86' lang='lat' dir='ltr'><strong>vero</strong></span> <span class='ocrx_word' id='word_1_504' title='bbox 2838 1957 3057 2037; x_wconf 85' lang='lat' dir='ltr'><strong>aliqui,</strong></span> <span class='ocrx_word' id='word_1_505' title='bbox 3088 1958 3213 2019; x_wconf 92' lang='lat' dir='ltr'><strong>hoc</strong></span> <span class='ocrx_word' id='word_1_506' title='bbox 3240 1956 3515 2018; x_wconf 86' lang='lat' dir='ltr'><strong>discursu</strong></span> <span class='ocrx_word' id='word_1_507' title='bbox 3541 1953 3693 2015; x_wconf 86' lang='lat' dir='ltr'><strong>solum</strong></span> <span class='ocrx_word' id='word_1_508' title='bbox 3797 1962 3798 1965; x_wconf 75' lang='grc'>’</span> 
     </span>
     <span class='ocr_line' id='line_1_74' title="bbox 2192 2047 3798 2132; baseline -0.008 -15"><span class='ocrx_word' id='word_1_509' title='bbox 2192 2052 2437 2117; x_wconf 85' lang='lat' dir='ltr'><strong>ostendi</strong></span> <span class='ocrx_word' id='word_1_510' title='bbox 2476 2070 2615 2115; x_wconf 90' lang='lat' dir='ltr'><strong>esse</strong></span> <span class='ocrx_word' id='word_1_511' title='bbox 2650 2052 2713 2113; x_wconf 88' lang='lat' dir='ltr'><strong>in</strong></span> <span class='ocrx_word' id='word_1_512' title='bbox 2758 2058 3043 2115; x_wconf 84' lang='lat' dir='ltr'><strong>ereatura</strong></span> <span class='ocrx_word' id='word_1_513' title='bbox 3072 2051 3417 2132; x_wconf 82' lang='lat' dir='ltr'><strong>potentiam</strong></span> <span class='ocrx_word' id='word_1_514' title='bbox 3458 2047 3693 2109; x_wconf 82' lang='lat' dir='ltr'><strong>obedien·</strong></span> <span class='ocrx_word' id='word_1_515' title='bbox 3797 2054 3798 2091; x_wconf 51' lang='lat' dir='ltr'><strong>l</strong></span> 
     </span>
     <span class='ocr_line' id='line_1_75' title="bbox 2190 2144 3798 2227; baseline -0.008 -17"><span class='ocrx_word' id='word_1_516' title='bbox 2190 2148 2430 2224; x_wconf 90' lang='lat' dir='ltr'><strong>tialem,</strong></span> <span class='ocrx_word' id='word_1_517' title='bbox 2476 2154 2549 2209; x_wconf 88' lang='lat' dir='ltr'><strong>ut</strong></span> <span class='ocrx_word' id='word_1_518' title='bbox 2596 2145 2828 2209; x_wconf 87' lang='lat' dir='ltr'><strong>elevari</strong></span> <span class='ocrx_word' id='word_1_519' title='bbox 2876 2146 3074 2227; x_wconf 86' lang='lat' dir='ltr'><strong>possit</strong></span> <span class='ocrx_word' id='word_1_520' title='bbox 3124 2145 3193 2206; x_wconf 85' lang='lat' dir='ltr'><strong>in</strong></span> <span class='ocrx_word' id='word_1_521' title='bbox 3236 2144 3689 2213; x_wconf 64' lang='lat' dir='ltr'><strong>instrumentum</strong></span> <span class='ocrx_word' id='word_1_522' title='bbox 3797 2150 3798 2186; x_wconf 78' lang='lat'>1</span> 
     </span>
    </p>
   </div>
   <div class='ocr_carea' id='block_1_15' title="bbox 2190 2234 3692 2419">
    <p class='ocr_par' dir='ltr' id='par_1_15' title="bbox 2190 2234 3692 2419">
     <span class='ocr_line' id='line_1_76' title="bbox 2190 2234 3692 2321; baseline -0.007 -16"><span class='ocrx_word' id='word_1_523' title='bbox 2190 2260 2321 2305; x_wconf 91' lang='lat' dir='ltr'><strong>non</strong></span> <span class='ocrx_word' id='word_1_524' title='bbox 2352 2248 2562 2305; x_wconf 87' lang='lat' dir='ltr'><strong>tamen</strong></span> <span class='ocrx_word' id='word_1_525' title='bbox 2590 2241 2845 2321; x_wconf 86' lang='lat' dir='ltr'><strong>probari</strong></span> <span class='ocrx_word' id='word_1_526' title='bbox 2876 2242 3045 2303; x_wconf 86' lang='lat' dir='ltr'><strong>illam</strong></span> <span class='ocrx_word' id='word_1_527' title='bbox 3072 2239 3417 2321; x_wconf 88' lang='lat' dir='ltr'><strong>potentiam</strong></span> <span class='ocrx_word' id='word_1_528' title='bbox 3440 2254 3563 2299; x_wconf 88' lang='lat' dir='ltr'><strong>esse</strong></span> <span class='ocrx_word' id='word_1_529' title='bbox 3583 2234 3692 2296; x_wconf 82' lang='lat' dir='ltr'><strong>acti·</strong></span> 
     </span>
     <span class='ocr_line' id='line_1_77' title="bbox 2190 2333 3691 2419; baseline -0.008 -19"><span class='ocrx_word' id='word_1_530' title='bbox 2190 2356 2362 2416; x_wconf 87' lang='lat' dir='ltr'><strong>vam,</strong></span> <span class='ocrx_word' id='word_1_531' title='bbox 2395 2338 2509 2401; x_wconf 89' lang='lat' dir='ltr'><strong>sed</strong></span> <span class='ocrx_word' id='word_1_532' title='bbox 2538 2338 2853 2419; x_wconf 84' lang='lat' dir='ltr'><strong>passivam</strong></span> <span class='ocrx_word' id='word_1_533' title='bbox 2884 2336 3401 2407; x_wconf 77' lang='lat' dir='ltr'><strong>obedientialem3</strong></span> <span class='ocrx_word' id='word_1_534' title='bbox 3433 2333 3563 2413; x_wconf 85' lang='lat' dir='ltr'><strong>qaia</strong></span> <span class='ocrx_word' id='word_1_535' title='bbox 3582 2346 3691 2409; x_wconf 83' lang='lat' dir='ltr'><strong>pro-</strong></span> 
     </span>
    </p>
   </div>
   <div class='ocr_carea' id='block_1_16' title="bbox 2186 2425 3799 3369">
    <p class='ocr_par' dir='ltr' id='par_1_16' title="bbox 2186 2425 3799 3369">
     <span class='ocr_line' id='line_1_78' title="bbox 2188 2425 3799 2506; baseline -0.009 -11"><span class='ocrx_word' id='word_1_536' title='bbox 2188 2434 2356 2496; x_wconf 84' lang='lat' dir='ltr'><strong>xime</strong></span> <span class='ocrx_word' id='word_1_537' title='bbox 2380 2438 2519 2495; x_wconf 81' lang='lat' dir='ltr'><strong>&#39;non</strong></span> <span class='ocrx_word' id='word_1_538' title='bbox 2562 2438 2657 2495; x_wconf 87' lang='lat' dir='ltr'><strong>est</strong></span> <span class='ocrx_word' id='word_1_539' title='bbox 2686 2432 2767 2493; x_wconf 89' lang='lat' dir='ltr'><strong>ad</strong></span> <span class='ocrx_word' id='word_1_540' title='bbox 2804 2430 3240 2506; x_wconf 86' lang='lat' dir='ltr'><strong>efficiendum,</strong></span> <span class='ocrx_word' id='word_1_541' title='bbox 3274 2428 3386 2490; x_wconf 87' lang='lat' dir='ltr'><strong>sed</strong></span> <span class='ocrx_word' id='word_1_542' title='bbox 3428 2426 3500 2487; x_wconf 89' lang='lat' dir='ltr'><strong>ad</strong></span> <span class='ocrx_word' id='word_1_543' title='bbox 3524 2425 3623 2485; x_wconf 85' lang='lat' dir='ltr'><strong>hoc</strong></span> <span class='ocrx_word' id='word_1_544' title='bbox 3646 2428 3691 2482; x_wconf 83' lang='lat' dir='ltr'><strong>ut</strong></span> <span class='ocrx_word' id='word_1_545' title='bbox 3796 2428 3799 2457; x_wconf 38' lang='grc' dir='ltr'><strong>Υ</strong></span> 
     </span>
     <span class='ocr_line' id='line_1_79' title="bbox 2190 2521 3798 2607; baseline -0.011 -16"><span class='ocrx_word' id='word_1_546' title='bbox 2190 2534 2478 2591; x_wconf 88' lang='lat' dir='ltr'><strong>creatura</strong></span> <span class='ocrx_word' id='word_1_547' title='bbox 2510 2526 2707 2607; x_wconf 87' lang='lat' dir='ltr'><strong>possit</strong></span> <span class='ocrx_word' id='word_1_548' title='bbox 2734 2525 2964 2587; x_wconf 89' lang='lat' dir='ltr'><strong>elevari</strong></span> <span class='ocrx_word' id='word_1_549' title='bbox 3009 2544 3047 2585; x_wconf 87' lang='lat' dir='ltr'><strong>a</strong></span> <span class='ocrx_word' id='word_1_550' title='bbox 3094 2526 3251 2587; x_wconf 89' lang='lat' dir='ltr'><strong>Deo.</strong></span> <span class='ocrx_word' id='word_1_551' title='bbox 3288 2522 3409 2585; x_wconf 88' lang='lat' dir='ltr'><strong>Sed</strong></span> <span class='ocrx_word' id='word_1_552' title='bbox 3447 2521 3565 2580; x_wconf 80' lang='lat' dir='ltr'><strong>haec</strong></span> <span class='ocrx_word' id='word_1_553' title='bbox 3596 2532 3691 2578; x_wconf 82' lang='lat' dir='ltr'><strong>res·</strong></span> <span class='ocrx_word' id='word_1_554' title='bbox 3797 2522 3798 2525; x_wconf 75' lang='grc'>’</span> 
     </span>
     <span class='ocr_line' id='line_1_80' title="bbox 2189 2612 3798 2703; baseline -0.009 -19"><span class='ocrx_word' id='word_1_555' title='bbox 2189 2622 2413 2703; x_wconf 87' lang='lat' dir='ltr'><strong>ponsio</strong></span> <span class='ocrx_word' id='word_1_556' title='bbox 2428 2620 2497 2681; x_wconf 88' lang='lat' dir='ltr'><strong>in</strong></span> <span class='ocrx_word' id='word_1_557' title='bbox 2526 2620 2815 2700; x_wconf 89' lang='lat' dir='ltr'><strong>superius</strong></span> <span class='ocrx_word' id='word_1_558' title='bbox 2842 2619 3026 2680; x_wconf 89' lang='lat' dir='ltr'><strong>dictis</strong></span> <span class='ocrx_word' id='word_1_559' title='bbox 3050 2619 3415 2699; x_wconf 83' lang='lat' dir='ltr'><strong>impugnata</strong></span> <span class='ocrx_word' id='word_1_560' title='bbox 3444 2620 3554 2685; x_wconf 80' lang='lat' dir='ltr'><strong>est3</strong></span> <span class='ocrx_word' id='word_1_561' title='bbox 3582 2626 3689 2671; x_wconf 74' lang='lat' dir='ltr'><strong>nam</strong></span> <span class='ocrx_word' id='word_1_562' title='bbox 3797 2612 3798 2651; x_wconf 70' lang='lat'>³</span> 
     </span>
     <span class='ocr_line' id='line_1_81' title="bbox 2189 2702 3799 2795; baseline -0.012 -17"><span class='ocrx_word' id='word_1_563' title='bbox 2189 2721 2445 2795; x_wconf 88' lang='lat' dir='ltr'><strong>propter</strong></span> <span class='ocrx_word' id='word_1_564' title='bbox 2472 2714 2673 2776; x_wconf 90' lang='lat' dir='ltr'><strong>solam</strong></span> <span class='ocrx_word' id='word_1_565' title='bbox 2702 2713 3038 2774; x_wconf 84' lang='lat' dir='ltr'><strong>verborum</strong></span> <span class='ocrx_word' id='word_1_566' title='bbox 3066 2712 3364 2792; x_wconf 84' lang='lat' dir='ltr'><strong>figuram,</strong></span> <span class='ocrx_word' id='word_1_567' title='bbox 3396 2726 3501 2770; x_wconf 86' lang='lat' dir='ltr'><strong>seu</strong></span> <span class='ocrx_word' id='word_1_568' title='bbox 3526 2702 3689 2766; x_wconf 81' lang='lat' dir='ltr'><strong>simili·</strong></span> <span class='ocrx_word' id='word_1_569' title='bbox 3796 2708 3799 2745; x_wconf 47' lang='grc' dir='ltr'><em>ὲ</em></span> 
     </span>
     <span class='ocr_line' id='line_1_82' title="bbox 2188 2798 3799 2888; baseline -0.011 -17"><span class='ocrx_word' id='word_1_570' title='bbox 2188 2810 2495 2885; x_wconf 88' lang='lat' dir='ltr'><strong>tudinem,</strong></span> <span class='ocrx_word' id='word_1_571' title='bbox 2526 2806 2890 2887; x_wconf 88' lang='lat' dir='ltr'><strong>hujusmodi</strong></span> <span class='ocrx_word' id='word_1_572' title='bbox 2932 2806 3237 2888; x_wconf 86' lang='lat' dir='ltr'><strong>potentia,</strong></span> <span class='ocrx_word' id='word_1_573' title='bbox 3266 2819 3393 2866; x_wconf 89' lang='lat' dir='ltr'><strong>non</strong></span> <span class='ocrx_word' id='word_1_574' title='bbox 3420 2804 3487 2863; x_wconf 87' lang='lat' dir='ltr'><strong>ut</strong></span> <span class='ocrx_word' id='word_1_575' title='bbox 3519 2798 3685 2863; x_wconf 73' lang='lat' dir='ltr'><strong>activa,</strong></span> <span class='ocrx_word' id='word_1_576' title='bbox 3796 2800 3799 2839; x_wconf 64' lang='grc' dir='ltr'>ἑ</span> 
     </span>
     <span class='ocr_line' id='line_1_83' title="bbox 2188 2892 3799 2984; baseline -0.012 -17"><span class='ocrx_word' id='word_1_577' title='bbox 2188 2906 2300 2967; x_wconf 87' lang='lat' dir='ltr'><strong>sed</strong></span> <span class='ocrx_word' id='word_1_578' title='bbox 2346 2908 2416 2967; x_wconf 88' lang='lat' dir='ltr'><strong>ut</strong></span> <span class='ocrx_word' id='word_1_579' title='bbox 2459 2903 2731 2984; x_wconf 87' lang='lat' dir='ltr'><strong>passiva,</strong></span> <span class='ocrx_word' id='word_1_580' title='bbox 2784 2900 3162 2981; x_wconf 80' lang='lat' dir='ltr'><strong>concipitur3</strong></span> <span class='ocrx_word' id='word_1_581' title='bbox 3216 2896 3492 2979; x_wconf 88' lang='lat' dir='ltr'><strong>quamvis</strong></span> <span class='ocrx_word' id='word_1_582' title='bbox 3532 2897 3687 2954; x_wconf 85' lang='lat' dir='ltr'><strong>autem</strong></span> <span class='ocrx_word' id='word_1_583' title='bbox 3796 2892 3799 2930; x_wconf 68' lang='lat'><strong>‘2</strong></span> 
     </span>
     <span class='ocr_line' id='line_1_84' title="bbox 2188 2982 3798 3078; baseline -0.014 -16"><span class='ocrx_word' id='word_1_584' title='bbox 2188 2998 2411 3062; x_wconf 78' lang='lat' dir='ltr'><strong>elevari</strong></span> <span class='ocrx_word' id='word_1_585' title='bbox 2458 2995 2706 3078; x_wconf 88' lang='lat' dir='ltr'><strong>passive</strong></span> <span class='ocrx_word' id='word_1_586' title='bbox 2752 2994 3175 3075; x_wconf 84' lang='lat' dir='ltr'><strong>significetur,</strong></span> <span class='ocrx_word' id='word_1_587' title='bbox 3222 3010 3350 3053; x_wconf 87' lang='lat' dir='ltr'><strong>non</strong></span> <span class='ocrx_word' id='word_1_588' title='bbox 3390 2996 3583 3051; x_wconf 81' lang='lat' dir='ltr'><strong>tamen</strong></span> <span class='ocrx_word' id='word_1_589' title='bbox 3614 2982 3687 3042; x_wconf 82' lang='lat' dir='ltr'><strong>illo</strong></span> <span class='ocrx_word' id='word_1_590' title='bbox 3796 2986 3798 3023; x_wconf 61' lang='grc' dir='ltr'><strong><em>ὲ</em></strong></span> 
     </span>
     <span class='ocr_line' id='line_1_85' title="bbox 2186 3076 3798 3170; baseline -0.012 -19"><span class='ocrx_word' id='word_1_591' title='bbox 2186 3092 2380 3154; x_wconf 83' lang='lat' dir='ltr'><strong>verbo</strong></span> <span class='ocrx_word' id='word_1_592' title='bbox 2426 3090 2815 3170; x_wconf 85' lang='lat' dir='ltr'><strong>significatur</strong></span> <span class='ocrx_word' id='word_1_593' title='bbox 2858 3089 3117 3170; x_wconf 89' lang='lat' dir='ltr'><strong>propria</strong></span> <span class='ocrx_word' id='word_1_594' title='bbox 3166 3084 3437 3165; x_wconf 85' lang='lat' dir='ltr'><strong>receptio</strong></span> <span class='ocrx_word' id='word_1_595' title='bbox 3480 3076 3688 3156; x_wconf 79' lang='lat' dir='ltr'><strong>aiicujus</strong></span> <span class='ocrx_word' id='word_1_596' title='bbox 3797 3108 3798 3115; x_wconf 24' lang='grc' dir='ltr'><strong>κ</strong></span> 
     </span>
     <span class='ocr_line' id='line_1_86' title="bbox 2188 3175 3798 3264; baseline -0.012 -16"><span class='ocrx_word' id='word_1_597' title='bbox 2188 3188 2472 3260; x_wconf 79' lang='lat' dir='ltr'><strong>actioniS‚</strong></span> <span class='ocrx_word' id='word_1_598' title='bbox 2510 3204 2623 3247; x_wconf 88' lang='lat' dir='ltr'><strong>seu</strong></span> <span class='ocrx_word' id='word_1_599' title='bbox 2668 3182 2981 3264; x_wconf 85' lang='lat' dir='ltr'><strong>passionis</strong></span> <span class='ocrx_word' id='word_1_600' title='bbox 3030 3183 3131 3244; x_wconf 90' lang='lat' dir='ltr'><strong>vel</strong></span> <span class='ocrx_word' id='word_1_601' title='bbox 3186 3181 3400 3243; x_wconf 79' lang='lat' dir='ltr'><strong>formae</strong></span> <span class='ocrx_word' id='word_1_602' title='bbox 3442 3175 3517 3237; x_wconf 89' lang='lat' dir='ltr'><strong>ad</strong></span> <span class='ocrx_word' id='word_1_603' title='bbox 3545 3184 3687 3251; x_wconf 82' lang='lat' dir='ltr'><strong>quam</strong></span> <span class='ocrx_word' id='word_1_604' title='bbox 3797 3196 3798 3199; x_wconf 37' lang='lat'>¹</span> 
     </span>
     <span class='ocr_line' id='line_1_87' title="bbox 2186 3263 3798 3369; baseline -0.013 -27"><span class='ocrx_word' id='word_1_605' title='bbox 2186 3280 2465 3363; x_wconf 88' lang='lat' dir='ltr'><strong>potentia</strong></span> <span class='ocrx_word' id='word_1_606' title='bbox 2504 3278 2937 3341; x_wconf 84' lang='lat' dir='ltr'><strong>obedientialis</strong></span> <span class='ocrx_word' id='word_1_607' title='bbox 2970 3276 3221 3357; x_wconf 80' lang='lat' dir='ltr'><strong>passiva</strong></span> <span class='ocrx_word' id='word_1_608' title='bbox 3252 3273 3330 3335; x_wconf 86' lang='lat' dir='ltr'><strong>sit</strong></span> <span class='ocrx_word' id='word_1_609' title='bbox 3356 3263 3686 3333; x_wconf 70' lang='lat' dir='ltr'><strong>necessaria,</strong></span> <span class='ocrx_word' id='word_1_610' title='bbox 3796 3330 3798 3369; x_wconf 80' lang='lat'><em>÷</em></span> 
     </span>
    </p>
   </div>
   <div class='ocr_carea' id='block_1_17' title="bbox 2185 3364 3689 3455">
    <p class='ocr_par' dir='ltr' id='par_1_17' title="bbox 2185 3364 3689 3455">
     <span class='ocr_line' id='line_1_88' title="bbox 2185 3364 3689 3455; baseline -0.016 -18"><span class='ocrx_word' id='word_1_611' title='bbox 2185 3375 2299 3437; x_wconf 88' lang='lat' dir='ltr'><strong>sed</strong></span> <span class='ocrx_word' id='word_1_612' title='bbox 2332 3372 2719 3455; x_wconf 84' lang='lat' dir='ltr'><strong>significatur</strong></span> <span class='ocrx_word' id='word_1_613' title='bbox 2746 3370 3177 3433; x_wconf 85' lang='lat' dir='ltr'><strong>denominatio</strong></span> <span class='ocrx_word' id='word_1_614' title='bbox 3209 3364 3487 3448; x_wconf 82' lang='lat' dir='ltr'><strong>quaedam</strong></span> <span class='ocrx_word' id='word_1_615' title='bbox 3514 3372 3689 3441; x_wconf 75' lang='lat' dir='ltr'><strong>prove-</strong></span> 
     </span>
    </p>
   </div>
   <div class='ocr_carea' id='block_1_18' title="bbox 2181 3448 3798 3545">
    <p class='ocr_par' dir='ltr' id='par_1_18' title="bbox 2181 3448 3798 3545">
     <span class='ocr_line' id='line_1_89' title="bbox 2181 3448 3798 3545; baseline -0.015 -15"><span class='ocrx_word' id='word_1_616' title='bbox 2181 3469 2367 3530; x_wconf 88' lang='lat' dir='ltr'><strong>niens</strong></span> <span class='ocrx_word' id='word_1_617' title='bbox 2390 3484 2469 3529; x_wconf 88' lang='lat' dir='ltr'><strong>ex</strong></span> <span class='ocrx_word' id='word_1_618' title='bbox 2497 3465 2809 3529; x_wconf 86' lang='lat' dir='ltr'><strong>consortio</strong></span> <span class='ocrx_word' id='word_1_619' title='bbox 2838 3464 3114 3545; x_wconf 84' lang='lat' dir='ltr'><strong>plurium</strong></span> <span class='ocrx_word' id='word_1_620' title='bbox 3144 3461 3482 3544; x_wconf 84' lang='lat' dir='ltr'><strong>agentium,</strong></span> <span class='ocrx_word' id='word_1_621' title='bbox 3508 3461 3562 3515; x_wconf 82' lang='lat' dir='ltr'><strong>et</strong></span> <span class='ocrx_word' id='word_1_622' title='bbox 3584 3448 3691 3511; x_wconf 81' lang='lat' dir='ltr'><strong>sub·</strong></span> <span class='ocrx_word' id='word_1_623' title='bbox 3796 3480 3798 3487; x_wconf 37' lang='grc' dir='ltr'><strong><em>ι</em></strong></span> 
     </span>
    </p>
   </div>
   <div class='ocr_carea' id='block_1_19' title="bbox 2182 3550 3691 3923">
    <p class='ocr_par' dir='ltr' id='par_1_19' title="bbox 2182 3550 3691 3923">
     <span class='ocr_line' id='line_1_90' title="bbox 2183 3550 3689 3635; baseline -0.016 -11"><span class='ocrx_word' id='word_1_624' title='bbox 2183 3560 2578 3624; x_wconf 87' lang='lat' dir='ltr'><strong>ordinatione</strong></span> <span class='ocrx_word' id='word_1_625' title='bbox 2610 3558 2795 3622; x_wconf 84' lang='lat' dir='ltr'><strong>unius</strong></span> <span class='ocrx_word' id='word_1_626' title='bbox 2825 3558 2905 3621; x_wconf 92' lang='lat' dir='ltr'><strong>ad</strong></span> <span class='ocrx_word' id='word_1_627' title='bbox 2936 3556 3139 3633; x_wconf 89' lang='lat' dir='ltr'><strong>aliud,</strong></span> <span class='ocrx_word' id='word_1_628' title='bbox 3174 3572 3299 3635; x_wconf 87' lang='lat' dir='ltr'><strong>quo</strong></span> <span class='ocrx_word' id='word_1_629' title='bbox 3334 3550 3511 3614; x_wconf 89' lang='lat' dir='ltr'><strong>modo</strong></span> <span class='ocrx_word' id='word_1_630' title='bbox 3546 3558 3689 3607; x_wconf 79' lang='lat' dir='ltr'><strong>causa</strong></span> 
     </span>
     <span class='ocr_line' id='line_1_91' title="bbox 2184 3636 3688 3735; baseline -0.006 -16"><span class='ocrx_word' id='word_1_631' title='bbox 2184 3654 2462 3719; x_wconf 85' lang='lat' dir='ltr'><strong>secunda</strong></span> <span class='ocrx_word' id='word_1_632' title='bbox 2490 3654 2614 3717; x_wconf 90' lang='lat' dir='ltr'><strong>dici</strong></span> <span class='ocrx_word' id='word_1_633' title='bbox 2638 3656 2843 3735; x_wconf 85' lang='lat' dir='ltr'><strong>potest</strong></span> <span class='ocrx_word' id='word_1_634' title='bbox 2870 3651 3073 3734; x_wconf 84' lang='lat' dir='ltr'><strong>juvari</strong></span> <span class='ocrx_word' id='word_1_635' title='bbox 3099 3670 3131 3713; x_wconf 86' lang='lat' dir='ltr'><strong>a</strong></span> <span class='ocrx_word' id='word_1_636' title='bbox 3154 3652 3359 3731; x_wconf 88' lang='lat' dir='ltr'><strong>prima</strong></span> <span class='ocrx_word' id='word_1_637' title='bbox 3378 3648 3441 3707; x_wconf 87' lang='lat' dir='ltr'><strong>in</strong></span> <span class='ocrx_word' id='word_1_638' title='bbox 3470 3636 3688 3721; x_wconf 74' lang='lat' dir='ltr'><strong>agendo,</strong></span> 
     </span>
     <span class='ocr_line' id='line_1_92' title="bbox 2184 3742 3691 3827; baseline -0.012 -14"><span class='ocrx_word' id='word_1_639' title='bbox 2184 3756 2246 3813; x_wconf 89' lang='lat' dir='ltr'><strong>et</strong></span> <span class='ocrx_word' id='word_1_640' title='bbox 2272 3756 2498 3811; x_wconf 85' lang='lat' dir='ltr'><strong>natura</strong></span> <span class='ocrx_word' id='word_1_641' title='bbox 2530 3766 2643 3809; x_wconf 91' lang='lat' dir='ltr'><strong>sua</strong></span> <span class='ocrx_word' id='word_1_642' title='bbox 2674 3764 2814 3809; x_wconf 86' lang='lat' dir='ltr'><strong>csse</strong></span> <span class='ocrx_word' id='word_1_643' title='bbox 2863 3752 3010 3827; x_wconf 89' lang='lat' dir='ltr'><strong>apta</strong></span> <span class='ocrx_word' id='word_1_644' title='bbox 3058 3752 3130 3805; x_wconf 85' lang='lat' dir='ltr'><strong>ut</strong></span> <span class='ocrx_word' id='word_1_645' title='bbox 3166 3744 3252 3807; x_wconf 86' lang='lat' dir='ltr'><strong>ita</strong></span> <span class='ocrx_word' id='word_1_646' title='bbox 3296 3742 3561 3823; x_wconf 78' lang='lat' dir='ltr'><strong>juvetur,</strong></span> <span class='ocrx_word' id='word_1_647' title='bbox 3588 3742 3691 3810; x_wconf 79' lang='lat' dir='ltr'><strong>quae</strong></span> 
     </span>
     <span class='ocr_line' id='line_1_93' title="bbox 2182 3818 3690 3923; baseline -0.012 -18"><span class='ocrx_word' id='word_1_648' title='bbox 2182 3842 2465 3923; x_wconf 87' lang='lat' dir='ltr'><strong>aptitudo</strong></span> <span class='ocrx_word' id='word_1_649' title='bbox 2493 3860 2620 3902; x_wconf 90' lang='lat' dir='ltr'><strong>non</strong></span> <span class='ocrx_word' id='word_1_650' title='bbox 2640 3840 2939 3902; x_wconf 82' lang='lat' dir='ltr'><strong>fundatur</strong></span> <span class='ocrx_word' id='word_1_651' title='bbox 2958 3839 3025 3900; x_wconf 90' lang='lat' dir='ltr'><strong>in</strong></span> <span class='ocrx_word' id='word_1_652' title='bbox 3044 3836 3323 3919; x_wconf 88' lang='lat' dir='ltr'><strong>potentia</strong></span> <span class='ocrx_word' id='word_1_653' title='bbox 3344 3829 3590 3915; x_wconf 85' lang='lat' dir='ltr'><strong>passiva,</strong></span> <span class='ocrx_word' id='word_1_654' title='bbox 3609 3818 3690 3882; x_wconf 76' lang='lat' dir='ltr'><strong>sed</strong></span> 
     </span>
    </p>
   </div>
   <div class='ocr_carea' id='block_1_20' title="bbox 2180 3914 3795 4111">
    <p class='ocr_par' dir='ltr' id='par_1_20' title="bbox 2180 3914 3795 4111">
     <span class='ocr_line' id='line_1_94' title="bbox 2182 3914 3795 4015; baseline -0.014 -18"><span class='ocrx_word' id='word_1_655' title='bbox 2182 3936 2247 3997; x_wconf 87' lang='lat' dir='ltr'><strong>in</strong></span> <span class='ocrx_word' id='word_1_656' title='bbox 2276 3936 2475 3997; x_wconf 79' lang='lat' dir='ltr'><strong>act-iva</strong></span> <span class='ocrx_word' id='word_1_657' title='bbox 2502 3934 2711 4015; x_wconf 85' lang='lat' dir='ltr'><strong>potius</strong></span> <span class='ocrx_word' id='word_1_658' title='bbox 2736 3932 3050 3997; x_wconf 84' lang='lat' dir='ltr'><strong>inferioris</strong></span> <span class='ocrx_word' id='word_1_659' title='bbox 3080 3931 3338 3993; x_wconf 85' lang='lat' dir='ltr'><strong>ordinis.</strong></span> <span class='ocrx_word' id='word_1_660' title='bbox 3372 3926 3465 3989; x_wconf 87' lang='lat' dir='ltr'><strong>Sic</strong></span> <span class='ocrx_word' id='word_1_661' title='bbox 3494 3934 3621 3999; x_wconf 85' lang='lat' dir='ltr'><strong>ergo</strong></span> <span class='ocrx_word' id='word_1_662' title='bbox 3642 3914 3689 3973; x_wconf 82' lang='lat' dir='ltr'><strong>in</strong></span> <span class='ocrx_word' id='word_1_663' title='bbox 3793 3964 3795 3971; x_wconf 94' lang='lat'>.</span> 
     </span>
     <span class='ocr_line' id='line_1_95' title="bbox 2180 4008 3795 4111; baseline -0.019 -18"><span class='ocrx_word' id='word_1_664' title='bbox 2180 4029 2479 4111; x_wconf 81' lang='lat' dir='ltr'><strong>praesenti</strong></span> <span class='ocrx_word' id='word_1_665' title='bbox 2527 4028 2805 4108; x_wconf 76' lang='lat' dir='ltr'><strong>(servata</strong></span> <span class='ocrx_word' id='word_1_666' title='bbox 2842 4022 3281 4108; x_wconf 86' lang='lat' dir='ltr'><strong>proportione)</strong></span> <span class='ocrx_word' id='word_1_667' title='bbox 3310 4022 3576 4083; x_wconf 84' lang='lat' dir='ltr'><strong>creatura</strong></span> <span class='ocrx_word' id='word_1_668' title='bbox 3620 4008 3691 4067; x_wconf 80' lang='lat' dir='ltr'><strong>est</strong></span> <span class='ocrx_word' id='word_1_669' title='bbox 3793 4022 3795 4031; x_wconf 93' lang='lat'><em>·</em></span> 
     </span>
    </p>
   </div>
   <div class='ocr_carea' id='block_1_21' title="bbox 2176 4114 3691 5237">
    <p class='ocr_par' dir='ltr' id='par_1_21' title="bbox 2181 4114 3691 4675">
     <span class='ocr_line' id='line_1_96' title="bbox 2182 4114 3690 4209; baseline -0.018 -21"><span class='ocrx_word' id='word_1_670' title='bbox 2182 4130 2327 4204; x_wconf 86' lang='lat' dir='ltr'><strong>apta</strong></span> <span class='ocrx_word' id='word_1_671' title='bbox 2356 4130 2427 4185; x_wconf 86' lang='lat' dir='ltr'><strong>ut</strong></span> <span class='ocrx_word' id='word_1_672' title='bbox 2454 4122 2734 4185; x_wconf 88' lang='lat' dir='ltr'><strong>elevetur</strong></span> <span class='ocrx_word' id='word_1_673' title='bbox 2758 4140 2795 4183; x_wconf 89' lang='lat' dir='ltr'><strong>a</strong></span> <span class='ocrx_word' id='word_1_674' title='bbox 2824 4123 2955 4183; x_wconf 90' lang='lat' dir='ltr'><strong>Deo</strong></span> <span class='ocrx_word' id='word_1_675' title='bbox 2984 4121 3050 4181; x_wconf 88' lang='lat' dir='ltr'><strong>in</strong></span> <span class='ocrx_word' id='word_1_676' title='bbox 3080 4114 3690 4209; x_wconf 40' lang='lat' dir='ltr'><strong>instrumentumfflon</strong></span> 
     </span>
     <span class='ocr_line' id='line_1_97' title="bbox 2181 4205 3689 4299; baseline -0.021 -17"><span class='ocrx_word' id='word_1_677' title='bbox 2181 4236 2297 4299; x_wconf 90' lang='lat' dir='ltr'><strong>per</strong></span> <span class='ocrx_word' id='word_1_678' title='bbox 2317 4217 2664 4299; x_wconf 88' lang='lat' dir='ltr'><strong>potentiam</strong></span> <span class='ocrx_word' id='word_1_679' title='bbox 2684 4216 3020 4297; x_wconf 86' lang='lat' dir='ltr'><strong>passivam,</strong></span> <span class='ocrx_word' id='word_1_680' title='bbox 3046 4232 3191 4277; x_wconf 90' lang='lat' dir='ltr'><strong>cum</strong></span> <span class='ocrx_word' id='word_1_681' title='bbox 3213 4214 3273 4273; x_wconf 89' lang='lat' dir='ltr'><strong>in</strong></span> <span class='ocrx_word' id='word_1_682' title='bbox 3301 4225 3374 4272; x_wconf 89' lang='lat' dir='ltr'><strong>ea</strong></span> <span class='ocrx_word' id='word_1_683' title='bbox 3394 4205 3689 4267; x_wconf 72' lang='lat' dir='ltr'><strong>elevatione</strong></span> 
     </span>
     <span class='ocr_line' id='line_1_98' title="bbox 2181 4295 3688 4392; baseline -0.019 -19"><span class='ocrx_word' id='word_1_684' title='bbox 2181 4312 2341 4373; x_wconf 85' lang='lat' dir='ltr'><strong>nihil</strong></span> <span class='ocrx_word' id='word_1_685' title='bbox 2359 4314 2689 4392; x_wconf 86' lang='lat' dir='ltr'><strong>receptura</strong></span> <span class='ocrx_word' id='word_1_686' title='bbox 2708 4310 2813 4385; x_wconf 89' lang='lat' dir='ltr'><strong>sit,</strong></span> <span class='ocrx_word' id='word_1_687' title='bbox 2831 4308 2941 4371; x_wconf 90' lang='lat' dir='ltr'><strong>sed</strong></span> <span class='ocrx_word' id='word_1_688' title='bbox 2962 4324 3075 4388; x_wconf 88' lang='lat' dir='ltr'><strong>per</strong></span> <span class='ocrx_word' id='word_1_689' title='bbox 3094 4307 3358 4370; x_wconf 84' lang='lat' dir='ltr'><strong>activam</strong></span> <span class='ocrx_word' id='word_1_690' title='bbox 3384 4295 3688 4361; x_wconf 81' lang='lat' dir='ltr'><strong>inchoatam</strong></span> 
     </span>
     <span class='ocr_line' id='line_1_99' title="bbox 2184 4374 3689 4486; baseline -0.015 -18"><span class='ocrx_word' id='word_1_691' title='bbox 2184 4408 2247 4468; x_wconf 89' lang='lat' dir='ltr'><strong>et</strong></span> <span class='ocrx_word' id='word_1_692' title='bbox 2300 4406 2731 4486; x_wconf 79' lang='lat' dir='ltr'><strong>imperfectam</strong></span> <span class='ocrx_word' id='word_1_693' title='bbox 2785 4420 2859 4464; x_wconf 90' lang='lat' dir='ltr'><strong>ac</strong></span> <span class='ocrx_word' id='word_1_694' title='bbox 2912 4399 3413 4469; x_wconf 86' lang='lat' dir='ltr'><strong>obedientialem,</strong></span> <span class='ocrx_word' id='word_1_695' title='bbox 3462 4402 3589 4450; x_wconf 83' lang='lat' dir='ltr'><strong>cnm</strong></span> <span class='ocrx_word' id='word_1_696' title='bbox 3614 4374 3689 4486; x_wconf 49' lang='lat' dir='ltr'><strong>fd</strong></span> 
     </span>
     <span class='ocr_line' id='line_1_100' title="bbox 2184 4470 3691 4582; baseline -0.02 -17"><span class='ocrx_word' id='word_1_697' title='bbox 2184 4500 2499 4582; x_wconf 84' lang='lat' dir='ltr'><strong>agendum</strong></span> <span class='ocrx_word' id='word_1_698' title='bbox 2522 4497 2827 4561; x_wconf 87' lang='lat' dir='ltr'><strong>elevanda</strong></span> <span class='ocrx_word' id='word_1_699' title='bbox 2844 4498 2944 4572; x_wconf 86' lang='lat' dir='ltr'><strong>sit,</strong></span> <span class='ocrx_word' id='word_1_700' title='bbox 2964 4502 3027 4557; x_wconf 86' lang='lat' dir='ltr'><strong>et</strong></span> <span class='ocrx_word' id='word_1_701' title='bbox 3056 4496 3191 4557; x_wconf 88' lang='lat' dir='ltr'><strong>sine</strong></span> <span class='ocrx_word' id='word_1_702' title='bbox 3213 4494 3319 4555; x_wconf 82' lang='lat' dir='ltr'><strong>illa</strong></span> <span class='ocrx_word' id='word_1_703' title='bbox 3332 4488 3391 4552; x_wconf 87' lang='lat' dir='ltr'><strong>vi</strong></span> <span class='ocrx_word' id='word_1_704' title='bbox 3407 4482 3588 4548; x_wconf 72' lang='lat' dir='ltr'><strong>activa</strong></span> <span class='ocrx_word' id='word_1_705' title='bbox 3610 4470 3691 4532; x_wconf 77' lang='lat' dir='ltr'><strong>ula</strong></span> 
     </span>
     <span class='ocr_line' id='line_1_101' title="bbox 2184 4568 3691 4675; baseline -0.017 -18"><span class='ocrx_word' id='word_1_706' title='bbox 2184 4594 2451 4657; x_wconf 74' lang='lat' dir='ltr'><strong>elevatio</strong></span> <span class='ocrx_word' id='word_1_707' title='bbox 2486 4592 2741 4656; x_wconf 89' lang='lat' dir='ltr'><strong>omnino</strong></span> <span class='ocrx_word' id='word_1_708' title='bbox 2780 4594 3112 4671; x_wconf 85' lang='lat' dir='ltr'><strong>repugnet,</strong></span> <span class='ocrx_word' id='word_1_709' title='bbox 3146 4594 3218 4650; x_wconf 89' lang='lat' dir='ltr'><strong>ut</strong></span> <span class='ocrx_word' id='word_1_710' title='bbox 3256 4590 3558 4648; x_wconf 82' lang='lat' dir='ltr'><strong>ostensum</strong></span> <span class='ocrx_word' id='word_1_711' title='bbox 3596 4568 3691 4675; x_wconf 36' lang='grc' dir='ltr'><strong>εἰεί,</strong></span> 
     </span>
    </p>

    <p class='ocr_par' dir='ltr' id='par_1_22' title="bbox 2176 4656 3691 5237">
     <span class='ocr_line' id='line_1_102' title="bbox 2261 4656 3691 4767; baseline -0.022 -17"><span class='ocrx_word' id='word_1_712' title='bbox 2261 4690 2362 4752; x_wconf 75' lang='grc'><strong>49.</strong></span> <span class='ocrx_word' id='word_1_713' title='bbox 2412 4687 2686 4753; x_wconf 73' lang='lat' dir='ltr'><strong>Secunda</strong></span> <span class='ocrx_word' id='word_1_714' title='bbox 2728 4687 2895 4748; x_wconf 79' lang='lat' dir='ltr'><strong>racio</strong></span> <span class='ocrx_word' id='word_1_715' title='bbox 2940 4702 3013 4750; x_wconf 71' lang='lat' dir='ltr'><strong>ew</strong></span> <span class='ocrx_word' id='word_1_716' title='bbox 3053 4681 3325 4767; x_wconf 72' lang='lat' dir='ltr'><strong>potentia</strong></span> <span class='ocrx_word' id='word_1_717' title='bbox 3369 4656 3691 4765; x_wconf 43' lang='lat' dir='ltr'><strong>obedientiali</strong></span> 
     </span>
     <span class='ocr_line' id='line_1_103' title="bbox 2176 4766 3687 4865; baseline -0.024 -19"><span class='ocrx_word' id='word_1_718' title='bbox 2176 4780 2828 4865; x_wconf 58' lang='lat' dir='ltr'><strong>passiva—Secunda</strong></span> <span class='ocrx_word' id='word_1_719' title='bbox 2858 4779 3017 4841; x_wconf 89' lang='lat' dir='ltr'><strong>ratio</strong></span> <span class='ocrx_word' id='word_1_720' title='bbox 3049 4794 3161 4840; x_wconf 84' lang='lat' dir='ltr'><strong>seu</strong></span> <span class='ocrx_word' id='word_1_721' title='bbox 3190 4773 3532 4852; x_wconf 81' lang='lat' dir='ltr'><strong>conjectura</strong></span> <span class='ocrx_word' id='word_1_722' title='bbox 3562 4766 3687 4816; x_wconf 80' lang='lat' dir='ltr'><strong>surm</strong></span> 
     </span>
     <span class='ocr_line' id='line_1_104' title="bbox 2181 4858 3687 4955; baseline -0.017 -17"><span class='ocrx_word' id='word_1_723' title='bbox 2181 4880 2391 4955; x_wconf 89' lang='lat' dir='ltr'><strong>potest</strong></span> <span class='ocrx_word' id='word_1_724' title='bbox 2416 4892 2495 4937; x_wconf 86' lang='lat' dir='ltr'><strong>cx</strong></span> <span class='ocrx_word' id='word_1_725' title='bbox 2518 4873 2800 4955; x_wconf 84' lang='lat' dir='ltr'><strong>potentia</strong></span> <span class='ocrx_word' id='word_1_726' title='bbox 2830 4870 3233 4935; x_wconf 84' lang='lat' dir='ltr'><strong>obedientiali</strong></span> <span class='ocrx_word' id='word_1_727' title='bbox 3258 4861 3510 4948; x_wconf 83' lang='lat' dir='ltr'><strong>passiva,</strong></span> <span class='ocrx_word' id='word_1_728' title='bbox 3536 4858 3687 4930; x_wconf 82' lang='lat' dir='ltr'><strong>quam</strong></span> 
     </span>
     <span class='ocr_line' id='line_1_105' title="bbox 2180 4939 3685 5048; baseline -0.024 -15"><span class='ocrx_word' id='word_1_729' title='bbox 2180 4969 2482 5048; x_wconf 77' lang='lat' dir='ltr'><strong>Theologi</strong></span> <span class='ocrx_word' id='word_1_730' title='bbox 2528 4972 2771 5048; x_wconf 87' lang='lat' dir='ltr'><strong>ponunt</strong></span> <span class='ocrx_word' id='word_1_731' title='bbox 2801 4968 2867 5028; x_wconf 90' lang='lat' dir='ltr'><strong>in</strong></span> <span class='ocrx_word' id='word_1_732' title='bbox 2919 4970 3206 5029; x_wconf 87' lang='lat' dir='ltr'><strong>creatura</strong></span> <span class='ocrx_word' id='word_1_733' title='bbox 3239 4962 3315 5023; x_wconf 85' lang='lat' dir='ltr'><strong>ad</strong></span> <span class='ocrx_word' id='word_1_734' title='bbox 3346 4939 3685 5030; x_wconf 74' lang='lat' dir='ltr'><strong>recipiendas</strong></span> 
     </span>
     <span class='ocr_line' id='line_1_106' title="bbox 2177 5031 3685 5148; baseline -0.012 -26"><span class='ocrx_word' id='word_1_735' title='bbox 2177 5062 2413 5125; x_wconf 87' lang='lat' dir='ltr'><strong>formas</strong></span> <span class='ocrx_word' id='word_1_736' title='bbox 2442 5060 2951 5142; x_wconf 88' lang='lat' dir='ltr'><strong>supernaturales</strong></span> <span class='ocrx_word' id='word_1_737' title='bbox 2984 5074 3049 5121; x_wconf 84' lang='lat' dir='ltr'><strong>et</strong></span> <span class='ocrx_word' id='word_1_738' title='bbox 3076 5040 3608 5148; x_wconf 74' lang='lat' dir='ltr'><strong>praeternaturale5‚</strong></span> <span class='ocrx_word' id='word_1_739' title='bbox 3634 5031 3685 5087; x_wconf 64' lang='lat'><strong>¹¹¹</strong></span> 
     </span>
     <span class='ocr_line' id='line_1_107' title="bbox 2182 5135 3682 5237; baseline -0.021 -20"><span class='ocrx_word' id='word_1_740' title='bbox 2182 5156 2261 5218; x_wconf 87' lang='lat' dir='ltr'><strong>ad</strong></span> <span class='ocrx_word' id='word_1_741' title='bbox 2288 5158 2575 5237; x_wconf 82' lang='lat' dir='ltr'><strong>gratiam,</strong></span> <span class='ocrx_word' id='word_1_742' title='bbox 2596 5157 2895 5217; x_wconf 88' lang='lat' dir='ltr'><strong>unionem</strong></span> <span class='ocrx_word' id='word_1_743' title='bbox 2928 5150 3401 5234; x_wconf 78' lang='lat' dir='ltr'><strong>hypostaticam,</strong></span> <span class='ocrx_word' id='word_1_744' title='bbox 3426 5135 3682 5199; x_wconf 73' lang='lat' dir='ltr'><strong>visionem</strong></span> 
     </span>
    </p>
   </div>
   <div class='ocr_carea' id='block_1_22' title="bbox 2178 5226 3683 5325">
    <p class='ocr_par' dir='ltr' id='par_1_23' title="bbox 2178 5226 3798 5325">
     <span class='ocr_line' id='line_1_108' title="bbox 2178 5226 3683 5325; baseline -0.013 -13"><span class='ocrx_word' id='word_1_745' title='bbox 2178 5249 2554 5322; x_wconf 82' lang='lat' dir='ltr'><strong>beatificam,</strong></span> <span class='ocrx_word' id='word_1_746' title='bbox 2602 5258 2665 5311; x_wconf 91' lang='lat' dir='ltr'><strong>et</strong></span> <span class='ocrx_word' id='word_1_747' title='bbox 2714 5248 2949 5310; x_wconf 87' lang='lat' dir='ltr'><strong>similes</strong></span> <span class='ocrx_word' id='word_1_748' title='bbox 2964 5263 2983 5325; x_wconf 93' lang='lat'>;</span> <span class='ocrx_word' id='word_1_749' title='bbox 3018 5246 3197 5325; x_wconf 79' lang='lat' dir='ltr'><strong>cujus</strong></span> <span class='ocrx_word' id='word_1_750' title='bbox 3244 5230 3513 5302; x_wconf 74' lang='lat' dir='ltr'><strong>meminit</strong></span> <span class='ocrx_word' id='word_1_751' title='bbox 3553 5226 3683 5293; x_wconf 76' lang='lat' dir='ltr'><strong>soepe</strong></span> 
     </span>
    </p>
   </div>
   <div class='ocr_carea' id='block_1_23' title="bbox 2180 5308 3677 5423">
    <p class='ocr_par' dir='ltr' id='par_1_24' title="bbox 2180 5308 3677 5423">
     <span class='ocr_line' id='line_1_109' title="bbox 2180 5308 3677 5423; baseline -0.013 -17"><span class='ocrx_word' id='word_1_752' title='bbox 2180 5346 2248 5406; x_wconf 93' lang='lat' dir='ltr'><strong>D.</strong></span> <span class='ocrx_word' id='word_1_753' title='bbox 2278 5346 2527 5417; x_wconf 66' lang='lat' dir='ltr'><strong>Thom„</strong></span> <span class='ocrx_word' id='word_1_754' title='bbox 2554 5343 2901 5423; x_wconf 60' lang='lat' dir='ltr'><strong>praesertim</strong></span> <span class='ocrx_word' id='word_1_755' title='bbox 2938 5342 3001 5401; x_wconf 90' lang='lat' dir='ltr'><strong>in</strong></span> <span class='ocrx_word' id='word_1_756' title='bbox 3034 5342 3093 5415; x_wconf 80' lang='lat'><strong>1,</strong></span> <span class='ocrx_word' id='word_1_757' title='bbox 3126 5340 3189 5401; x_wconf 89' lang='lat' dir='ltr'><strong>d.</strong></span> <span class='ocrx_word' id='word_1_758' title='bbox 3215 5338 3311 5408; x_wconf 72' lang='lat'><strong>42,</strong></span> <span class='ocrx_word' id='word_1_759' title='bbox 3336 5350 3395 5411; x_wconf 78' lang='lat' dir='ltr'><strong>q.</strong></span> <span class='ocrx_word' id='word_1_760' title='bbox 3422 5328 3478 5398; x_wconf 76' lang='lat'><strong>2,</strong></span> <span class='ocrx_word' id='word_1_761' title='bbox 3512 5320 3607 5378; x_wconf 63' lang='lat' dir='ltr'><strong>ffl&#39;t·</strong></span> <span class='ocrx_word' id='word_1_762' title='bbox 3631 5308 3677 5373; x_wconf 50' lang='grc' dir='ltr'><strong>ἓν</strong></span> 
     </span>
    </p>
   </div>
   <div class='ocr_carea' id='block_1_24' title="bbox 2180 5406 3798 5523">
    <p class='ocr_par' dir='ltr' id='par_1_25' title="bbox 2180 5406 3798 5523">
     <span class='ocr_line' id='line_1_110' title="bbox 2180 5406 3798 5523; baseline -0.003 -24"><span class='ocrx_word' id='word_1_763' title='bbox 2180 5438 2263 5500; x_wconf 88' lang='lat' dir='ltr'><strong>ad</strong></span> <span class='ocrx_word' id='word_1_764' title='bbox 2284 5442 2347 5512; x_wconf 72' lang='lat'><strong>4,</strong></span> <span class='ocrx_word' id='word_1_765' title='bbox 2370 5437 2477 5499; x_wconf 89' lang='lat' dir='ltr'><strong>ubi</strong></span> <span class='ocrx_word' id='word_1_766' title='bbox 2504 5436 2651 5499; x_wconf 87' lang='lat' dir='ltr'><strong>dicit</strong></span> <span class='ocrx_word' id='word_1_767' title='bbox 2672 5439 2875 5499; x_wconf 89' lang='lat' dir='ltr'><strong>Deum</strong></span> <span class='ocrx_word' id='word_1_768' title='bbox 2894 5434 3189 5496; x_wconf 84' lang='lat' dir='ltr'><strong>indidisse</strong></span> <span class='ocrx_word' id='word_1_769' title='bbox 3214 5422 3477 5493; x_wconf 65' lang='lat' dir='ltr'><strong>materiae</strong></span> <span class='ocrx_word' id='word_1_770' title='bbox 3500 5406 3679 5493; x_wconf 50' lang='lat' dir='ltr'><strong>1³¹4OEae</strong></span> <span class='ocrx_word' id='word_1_771' title='bbox 3797 5500 3798 5523; x_wconf 12' lang='grc' dir='ltr'><strong>ξ</strong></span> 
     </span>
    </p>
   </div>
   <div class='ocr_carea' id='block_1_25' title="bbox 2178 5495 3679 5612">
    <p class='ocr_par' dir='ltr' id='par_1_26' title="bbox 2178 5495 3679 5612">
     <span class='ocr_line' id='line_1_111' title="bbox 2178 5495 3679 5612; baseline -0.021 -17"><span class='ocrx_word' id='word_1_772' title='bbox 2178 5532 2461 5612; x_wconf 81' lang='lat' dir='ltr'><strong>duplices</strong></span> <span class='ocrx_word' id='word_1_773' title='bbox 2510 5531 2811 5609; x_wconf 85' lang='lat' dir='ltr'><strong>rationes,</strong></span> <span class='ocrx_word' id='word_1_774' title='bbox 2854 5528 3111 5607; x_wconf 79' lang='lat' dir='ltr'><strong>scilicet,</strong></span> <span class='ocrx_word' id='word_1_775' title='bbox 3153 5518 3431 5590; x_wconf 84' lang='lat' dir='ltr'><strong>causales</strong></span> <span class='ocrx_word' id='word_1_776' title='bbox 3458 5512 3520 5571; x_wconf 81' lang='lat' dir='ltr'><strong>et</strong></span> <span class='ocrx_word' id='word_1_777' title='bbox 3560 5495 3679 5559; x_wconf 59' lang='grc' dir='ltr'><strong>οὔθ·</strong></span> 
     </span>
    </p>
   </div>
   <div class='ocr_carea' id='block_1_26' title="bbox 3771 0 3803 4805">
    <p class='ocr_par' dir='ltr' id='par_1_27' title="bbox 3771 0 3803 4805">
     <span class='ocr_line' id='line_1_112' title="bbox 3771 0 3803 4805; baseline 0 0"><span class='ocrx_word' id='word_1_778' title='bbox 3771 0 3803 4805; x_wconf 95' lang='lat' dir='ltr'><strong> </strong></span> 
     </span>
    </p>
   </div>
   <div class='ocr_carea' id='block_1_27' title="bbox 3796 4801 3799 5779">
    <p class='ocr_par' dir='ltr' id='par_1_28' title="bbox 3796 4801 3799 5779">
     <span class='ocr_line' id='line_1_113' title="bbox 3796 4801 3799 5779; baseline 0 0"><span class='ocrx_word' id='word_1_779' title='bbox 3796 4801 3799 5779; x_wconf 95' lang='lat' dir='ltr'><strong> </strong></span> 
     </span>
    </p>
   </div>
   <div class='ocr_carea' id='block_1_28' title="bbox 3722 6070 3799 6117">
    <p class='ocr_par' dir='ltr' id='par_1_29' title="bbox 3722 6070 3799 6117">
     <span class='ocr_line' id='line_1_114' title="bbox 3722 6070 3799 6117; baseline 0 0"><span class='ocrx_word' id='word_1_780' title='bbox 3722 6070 3799 6117; x_wconf 54' lang='lat' dir='ltr'><strong>„A</strong></span> 
     </span>
    </p>
   </div>
  </div>
 </body>
</html>
