3892 6167
600 312 721 378 660

1819 308 2053 374 QUAEST.
2092 308 2239 362 XXV.
2272 308 2474 364 Anne.
2512 307 2591 362 Vl.

592 413 920 483 neo-abilius
983 413 1220 480 videtur
1277 409 1622 492 sepulcrum
1665 407 1898 476 Christi
1922 456 1938 482 ,
2006 410 2166 494 quod
2242 411 2343 472 vel
2368 411 2515 494 quia
2558 427 2665 474 res
2699 407 3024 472 adoranda
3070 405 3252 471 valde
3277 409 3490 478 incerta
3512 427 3599 498 est,
3618 434 3679 495 vel

595 510 1050 594 quotiescunque
1091 503 1468 590 inqrodimur
1493 550 1509 579 ,
1549 504 1759 584 Jaoere
1802 504 1870 567 in
1913 503 2159 567 sindone

593 603 891 667 emimus
916 600 1321 666 Salvatorem.
1353 597 1556 660 Habet
1581 597 1771 659 etiam
1796 597 2017 668 multa,
2049 613 2152 678 ep.

597 697 675 757 13
709 695 790 758 ad
833 694 1163 758 Paulinum
1192 736 1209 765 ,
1255 689 1334 752 de
1379 690 1765 754 institutione
1811 690 2159 752 monacho-

594 805 759 851 rum.
819 789 894 850 Et
946 785 1012 848 in
1061 783 1378 866 epitaphio
1431 783 1672 857 Paulas,
1727 782 1946 845 laudat
1985 781 2155 844 illam

595 881 764 963 quod
783 899 1063 962 praesepe
1090 877 1392 941 adoravit.
1411 876 1591 950 Quod
1617 876 1804 938 etiam
1835 895 1902 939 se
1931 876 2156 938 fecisse

595 975 889 1048 affirmat,
921 973 1168 1054 apolog.
1200 973 1237 1034 3
1269 976 1487 1034 contra
1507 971 1736 1032 Ruffin.
1769 970 1942 1032 Idem
1972 970 2157 1033 docet

595 1069 804 1150 Cyrill.
838 1066 1172 1141 Hierosol.,
1197 1084 1297 1145 ep.
1330 1065 1606 1144 quadam
1630 1063 1710 1125 ad
1728 1065 2159 1126 Constantium

592 1163 1061 1243 imperatorem,
1079 1165 1142 1221 et
1169 1157 1409 1220 catech.
1447 1161 1547 1229 10,
1573 1159 1636 1220 et
1666 1159 1764 1232 13,
1788 1157 1938 1220 dicit
1958 1160 2157 1220 totum

593 1256 902 1318 mundum
929 1253 1239 1335 repletum
1254 1253 1462 1326 ,fuisse
1492 1250 1811 1333 particulis
1835 1252 1999 1313 illius
2023 1271 2157 1313 cru-

595 1349 682 1412 cis
715 1349 798 1411 ob
826 1347 1249 1410 devotionem.
1283 1345 1707 1426 chrysostom.
1722 1389 1744 1422 ,
1775 1347 1946 1407 hom.
1978 1345 2156 1420 Quod

596 1441 873 1506 Christus
901 1441 982 1502 sit
1000 1441 1190 1512 Deus,
1213 1446 1259 1502 t.
1280 1441 1318 1502 5
1347 1455 1366 1500 ε
1402 1439 1630 1515 Tanta,
1661 1439 1886 1520 inquit,
1913 1455 2156 1502 venera-

595 1537 756 1600 tione
772 1535 1010 1615 limium
1029 1533 1191 1597 illua
1207 1531 1483 1608 habetur,
1501 1538 1572 1596 ut
1585 1533 1691 1614 qui
1708 1549 1930 1613 parum
1950 1549 2021 1596 σω
2047 1533 2155 1596 illo

597 1631 806 1695 habere
833 1634 1085 1712 possunt
1105 1674 1120 1703 ,
1162 1645 1313 1691 auro
1357 1628 1694 1703 includant,
1737 1631 1794 1692 et
1827 1628 2159 1693 cervicibus

592 1724 926 1806 imponant.
972 1721 1147 1785 Idem
1178 1721 1258 1784 de
1287 1721 1646 1783 inventione
1676 1721 1902 1796 crucis,
1934 1720 2150 1783 homil.

595 1819 676 1880 84
711 1817 777 1878 in
815 1818 1024 1892 Joan.;
1074 1815 1382 1896 Gregor.',
1411 1814 1454 1875 l.
1487 1817 1546 1888 7,
1581 1832 1682 1895 ep.
1719 1816 1858 1889 126,
1891 1814 1973 1876 ad
2002 1816 2158 1877 Rec-

593 1910 916 1986 caredum‚
953 1906 1264 1990 Hispaniae
1291 1923 1533 1988 regem,
1559 1925 1810 1970 crucem
1839 1907 2027 1971 mittit
2050 1927 2159 1970 au-

593 2021 792 2079 ream,
821 2001 1193 2085 particulam
1222 2001 1424 2063 crucis
1439 1998 1669 2080 ligneae
1699 1999 2153 2064 includentem.

592 2095 978 2162 Confirmant
1027 2093 1302 2174 denique
1369 2091 1673 2155 miracula
1721 2111 1838 2176 per
1903 2111 2154 2157 crucem

591 2191 795 2264 facta3
835 2207 1006 2252 nunc
1043 2187 1356 2250 sufficiant
1401 2203 1542 2266 quae
1590 2187 1654 2248 in
1702 2187 2065 2250 inventione
2097 2194 2159 2250 et

596 2283 973 2346 exaltatione
1003 2283 1206 2346 crucis
1234 2279 1618 2343 acciderunt.
1643 2281 1730 2343 De
1759 2280 1988 2361 quibus
2014 2280 2158 2361 lege

595 2377 826 2440 Ruffin.
853 2421 872 2452 ,
919 2375 964 2438 l.
1017 2379 1077 2450 1,
1110 2393 1166 2437 c.
1195 2376 1232 2436 7
1263 2381 1325 2437 et
1349 2373 1422 2451 83
1449 2371 1814 2454 Nicephor.,
1845 2373 1888 2436 l.
1917 2377 1979 2448 8,
2013 2391 2153 2455 cap.

597 2471 712 2543 293
743 2477 805 2532 et
833 2471 1046 2534 Sever.
1080 2467 1333 2548 Sulpit„
1363 2468 1407 2529 l.
1443 2469 1482 2530 2
1511 2485 1705 2530 sacrae
1735 2467 1984 2541 histor„
2015 2471 2159 2548 post

593 2562 792 2638 med„
822 2567 852 2626 1
871 2569 1027 2626 tom.
1059 2561 1306 2624 Bibliot.
1336 2565 1577 2633 sanct.;
1612 2558 1930 2622 Simonem
1962 2561 2159 2623 Meta-

595 2657 765 2736 phr.,
793 2657 857 2716 in
883 2655 1008 2718 vita
1044 2653 1321 2718 Helenae.

679 2751 738 2810 2.
789 2748 1172 2827 objectio.—
1201 2748 1327 2810 Sed
1372 2752 1589 2811 contra
1639 2747 1862 2827 primo,
1909 2747 2057 2828 quia
2084 2743 2155 2807 fl-

593 2845 738 2918 iius,
765 2841 874 2923 qui
902 2847 1147 2922 patrem
1172 2845 1363 2915 amnt,
1386 2859 1511 2904 non
1532 2839 1733 2903 solum
1765 2859 1890 2902 non
1908 2840 2151 2917 adorat,

595 2937 708 2999 sed
735 2953 855 2998 nec
894 2935 1082 2997 etiam
1127 2935 1394 2996 libenter
1432 2933 1607 2997 videt
1648 2933 1997 3015 patibulum
2046 2939 2156 2996 aut

595 3029 872 3112 gladium
918 3045 1042 3110 quo
1089 3033 1271 3108 pater
1297 3027 1657 3090 interfectus
1703 3032 1814 3089 ant
1853 3027 2153 3108 supplicio

595 3125 853 3186 affectus
879 3121 1016 3184 fuit.
1043 3118 1354 3194 Secundo,
1381 3119 1550 3181 solus
1570 3125 1892 3183 contactus
1914 3139 2040 3182 non
2064 3125 2157 3184 est

595 3216 907 3286 sufficiens
929 3213 1309 3278 adorationis
1328 3213 1831 3290 fundamentum,
1855 3213 2012 3276 alias
2029 3218 2155 3278 ter·

593 3327 687 3384 ra,
721 3309 920 3383 asina,
950 3308 1077 3370 imo
1107 3313 1171 3370 et
1199 3307 1502 3386 sacrilega
1532 3324 1782 3382 manus,
1814 3323 1954 3386 quae
1974 3305 2153 3372 Chri-

593 3410 760 3465 stum
807 3401 1137 3481 percussit,
1178 3399 1496 3463 adoranda
1529 3407 1717 3462 esset.
1757 3399 1935 3462 Adde
1964 3401 2152 3462 etiam

593 3495 805 3558 omnia
853 3511 994 3574 quae
1042 3493 1322 3555 Christus
1365 3494 1542 3572 vidit,
1576 3495 1723 3573 quia
1765 3492 1926 3556 sicut
1957 3493 2157 3556 videri

597 3593 694 3650 est
722 3587 1071 3650 extrinseca
1096 3586 1548 3664 denominatio,
1581 3588 1665 3648 ita
1696 3594 1759 3650 et
1785 3586 1980 3668 tangi.
2010 3589 2157 3650 Ter-

599 3681 713 3754 tio,
745 3688 877 3744 esto
924 3679 1176 3742 adorari
1216 3686 1430 3760 posset
1465 3699 1639 3756 crux,
1686 3681 1941 3759 quando
1980 3679 2159 3744 Chri-

600 3783 733 3838 stus
759 3776 825 3838 in
842 3791 918 3838 ea
928 3781 1070 3836 actu
1087 3771 1427 3855 pendebat,
1451 3791 1579 3835 non
1598 3791 1746 3836 vero
1764 3777 2159 3854 separatione

599 3869 791 3933 facta.
833 3868 1041 3951 inquit
1070 3869 1241 3931 enim
1291 3869 1702 3949 Augustinus,
1737 3886 1927 3930 serm.
1974 3870 2052 3932 58
2077 3869 2159 3931 de

603 3963 822 4028 Verbis
849 3963 1061 4026 Dom.:
1096 3963 1450 4044 Purpuream
1491 3962 1871 4043 conjunctam
1902 3963 2039 4043 νομί
2082 3963 2164 4026 εἰ·

602 4059 736 4122 mul
773 4075 906 4122 cum
951 4055 1084 4136 ipso
1131 4057 1312 4120 adoro
1327 4082 1354 4131 ,·
1391 4056 1450 4119 si
1489 4071 1626 4120 voro
1668 4061 2007 4138 separetur,
2027 4057 2165 4138 jam

601 4169 722 4217 nou
744 4156 1006 4215 meretur
1032 4149 1305 4213 honorem
1331 4149 1515 4234 repis.

688 4246 748 4306 3.
778 4243 1124 4325 Responsio.
1142 4274 1224 4288 —
1247 4241 1700 4322 Argumentum
1731 4243 2003 4324 primum
2032 4263 2162 4309 rec·

605 4343 672 4402 te
693 4336 970 4400 dissolvit
995 4337 1071 4398 D.
1099 4335 1349 4411 Thom.‚
1371 4343 1487 4398 art.
1527 4341 1589 4408 4,
1625 4338 1706 4399 ad
1743 4341 1800 4399 1.
1833 4341 1967 4400 Non
1994 4340 2162 4402 enim

608 4431 948 4492 adoramus
986 4445 1262 4503 crucem,
1297 4434 1363 4489 ut
1397 4426 1502 4489 illa
1541 4429 1638 4490 usi
1672 4437 1818 4491 sunt
1843 4431 2041 4493 Judaei
2082 4431 2164 4494 ad

608 4522 904 4606 injuriam
937 4526 1000 4584 et
1040 4537 1294 4602 poenam
1323 4519 1564 4584 Christo
1600 4521 2017 4598 inferendam,
2052 4523 2165 4588 sed

605 4625 678 4681 ut
709 4616 923 4679 abillo
971 4613 1356 4676 sanctificata
1393 4619 1510 4687 est,
1560 4615 1746 4695 eique
1792 4616 2059 4697 gloriam
2102 4625 2164 4682 et

609 4711 1050 4775 exaltationem
1081 4707 1306 4785 attulit,
1339 4713 1402 4770 et
1441 4707 1666 4770 eodem
1700 4709 1888 4772 modo
1917 4711 2057 4794 pius
2102 4721 2165 4775 et

605 4804 805 4868 fidelis
850 4802 1016 4864 filius
1063 4807 1400 4864 veneratur
1445 4801 1748 4883 gladium,
1802 4821 1928 4884 quo
1984 4811 2164 4886 pater

607 4916 782 4973 suus,
808 4914 933 4958 non
950 4901 1020 4957 ut
1045 4894 1432 4970 malefactor,
1457 4893 1570 4956 sed
1597 4901 1667 4956 ut
1680 4893 1985 4960 innocens
2003 4917 2165 4961 mar·

605 4997 712 5075 tyr
740 4991 982 5054 occisus
1028 4995 1146 5066 est,
1193 4993 1256 5052 et
1282 5007 1394 5070 per
1425 4993 1691 5051 mortem
1727 4989 1807 5052 ad
1860 4998 2162 5056 aeternam

608 5085 877 5168 gloriam
901 5083 1266 5145 translatus.
1661 5127 1677 5134 -

609 5215 616 5220 -
687 5183 748 5242 4.
792 5178 890 5241 Ad
916 5176 1261 5240 secundum
1287 5178 1721 5258 respondetur,
1753 5180 1983 5261 primo,
2012 5199 2163 5244 con-

603 5281 840 5338 tactum
861 5272 1082 5334 Christi
1111 5289 1223 5351 per
1251 5288 1318 5333 se
1348 5272 1604 5349 quidem
1634 5273 2044 5338 sufficientem
2064 5295 2162 5338 ra·

601 5369 837 5432 tionem
870 5363 1251 5428 adorationis
1272 5381 1447 5444 esse;
1479 5385 1642 5448 saepe
1665 5373 1879 5430 tamen
1909 5387 2037 5433 non
2062 5387 2160 5433 ex·

603 5461 820 5548 pedire
846 5459 931 5522 uti
959 5461 1076 5523 hac
1101 5457 1484 5536 adoratione,
1509 5459 1606 5522 vel
1633 5461 1778 5539 qnia
1801 5457 1925 5526 non
1953 5463 2155 5542 decet,

2240 523 2382 568 cum
2404 505 2538 568 aliis
2563 503 2755 568 rebus
2782 503 3141 567 necessario
3163 504 3486 585 conjuncta,
3512 528 3679 594 quud

2240 616 2604 663 communes
2628 616 2783 661 usus
2796 599 3113 660 humanos
3129 596 3418 679 deputatae
3432 612 3566 680 sunt;
3580 627 3682 690 ρης.

2239 693 2452 754 sertim
2500 709 2649 755 vero
2680 709 2906 754 manus
2956 691 3123 753 illius
3167 691 3272 771 qui
3308 691 3569 762 Christum
3594 723 3683 786 per.

2238 785 2471 864 cussit,
2519 783 2842 848 adoranda
2884 801 3021 846 non
3070 783 3221 861 fuit,
3276 784 3380 846 sed
3410 799 3680 874 execranda,

2237 897 2365 942 non
2415 879 2618 940 solum
2650 878 2797 959 quia
2820 883 3029 942 tactus
3058 876 3201 960 ille,
3227 883 3293 941 ut
3318 878 3422 941 fuit
3447 885 3572 947 actio
3592 893 3682 954 talis

2236 990 2547 1053 personae,
2607 971 3047 1054 gravissimum
3102 977 3415 1059 peccatum
3462 974 3575 1054 fuit,
3612 987 3682 1048 sed

2240 1068 2428 1130 etiam
2468 1069 2617 1146 quia
2648 1073 2783 1130 erat
2822 1067 3183 1130 membrum
3222 1063 3571 1144 iniquissima
3598 1093 3685 1156 per.

2240 1179 2436 1224 sonae.
2469 1161 2673 1240 Unde,
2700 1179 2845 1224 cum
2875 1177 3151 1242 persona
3175 1158 3251 1222 sit
3278 1176 3407 1240 quas
3426 1177 3521 1242 per
3544 1184 3592 1228 se
3609 1173 3683 1250 pri.

2236 1273 2341 1317 mo
2365 1257 2685 1327 adoratur,
2712 1273 2841 1318 non
2872 1253 3094 1316 debuit
3116 1269 3261 1332 pars
3287 1253 3385 1314 illa
3409 1255 3618 1336 adorari,
3634 1283 3679 1328 ne

2236 1349 2301 1410 in
2332 1349 2517 1412 talem
2546 1353 2881 1430 personam
2909 1345 3233 1409 veneratio
3251 1345 3591 1432 redundaret.
3611 1353 3676 1418 lle-

2237 1442 2429 1522 nique
2462 1461 2591 1504 non
2621 1448 2716 1504 est
2744 1440 2971 1504 eadem
2999 1438 3161 1501 ratio
3184 1437 3263 1502 de
3288 1439 3401 1502 alia
3438 1444 3680 1512 extrinseca

2238 1534 2752 1598 denominatione
2775 1583 2793 1612 ‚
2826 1551 2971 1614 quse
3017 1533 3251 1596 realem
3293 1533 3680 1613 conjunctionem

2238 1645 2367 1690 non
2394 1628 2676 1710 requirit,
2713 1634 2783 1690 ut
2809 1634 2901 1690 est
2932 1625 3169 1704 videre,
3196 1626 3337 1705 quia
3367 1629 3545 1689 exilia
3572 1635 3685 1696 nulla

2238 1723 2487 1804 propria
2516 1721 2772 1784 moralis
2806 1717 3115 1782 habitudo
3146 1719 3412 1795 resultat,
3440 1739 3598 1801 neque
3620 1727 3685 1790 illa

2236 1835 2340 1879 res
2364 1815 2627 1878 efficitur
2655 1815 2865 1896 aliquo
2896 1812 3093 1875 modo
3124 1814 3297 1894 quasi
3337 1817 3547 1895 propria
3575 1818 3686 1882 Chri-

2239 1911 2337 1972 sti.
2356 1911 2422 1972 In
2447 1916 2738 1972 contactu
2766 1926 2941 1980 vero,
2969 1908 3182 1986 aliqua
3210 1907 3385 1969 realis
3416 1911 3680 1988 coniunctio

2238 2005 2593 2081 intercedit,
2626 2007 2689 2066 et
2716 2003 2975 2084 quidam
3006 2020 3163 2064 usus
3190 2002 3271 2064 ad
3298 2002 3539 2082 proprias
3558 2010 3687 2070 actio·

2240 2116 2355 2160 nes
2378 2105 2439 2160 et
2462 2099 2814 2178 passiones,
2838 2104 2903 2160 et
2925 2095 3073 2158 ideo
3103 2113 3227 2156 non
3257 2101 3346 2157 est
3370 2096 3547 2159 similis
3562 2103 3684 2166 ratio.

2320 2193 2380 2253 5.
2428 2191 2715 2254 Dubium.
2744 2221 2823 2238 -
2847 2189 2947 2252 Ad
2992 2188 3250 2251 tertium
3269 2235 3287 2262 ,
3319 2190 3519 2269 patebit
3537 2210 3593 2254 ex
3618 2215 3684 2257 so-

2239 2285 2477 2346 lutione
2504 2285 2825 2366 sequentis
2849 2281 3055 2346 dubii.
3087 2281 3360 2344 Dubitari
3386 2283 3523 2346 enim
3548 2294 3683 2366 potest

2240 2378 2318 2440 de
2342 2377 2662 2460 qualitate,
2686 2384 2748 2440 et
2770 2376 2985 2460 specie
3004 2376 3193 2455 hujus
3220 2375 3681 2442 adorationisNon·

2238 2471 2392 2534 nulli
2423 2471 2590 2534 enim
2620 2471 2789 2533 illam
2819 2476 3056 2533 vocant
3101 2469 3503 2550 tymi-duliam.
3534 2473 3599 2534 lta
3624 2473 3680 2535 lo·

2241 2566 2454 2646 quitur
2485 2565 2555 2627 D.
2578 2565 2835 2638 Thom.,
2861 2565 2925 2626 in
2949 2566 3012 2638 3,
3045 2561 3187 2625 dist.
3216 2565 3278 2635 9,
3300 2569 3493 2642 quoest.
3522 2567 3563 2638 1,
3585 2572 3675 2642 ai,
3771 2593 3772 2606 2

2240 2660 2569 2741 quaestiun.
2588 2661 2629 2720 4
2652 2675 2673 2738 ;
2696 2657 2962 2734 Marsil.‚
2996 2675 3063 2737 q.
3086 2658 3150 2732 8,
3168 2675 3226 2718 a.
3248 2657 3313 2730 23
3333 2655 3531 2724 Henri..
3549 2659 3673 2732 Quod·
3771 2673 3772 2734 f

2236 2753 2344 2816 lib.
2385 2755 2484 2831 10,
2512 2771 2577 2832 q.
2608 2753 2669 2817 6.
2706 2753 2826 2814 Alii
2862 2751 3087 2813 dicunt
3119 2768 3255 2812 esse
3287 2750 3502 2812 latriam
3524 2753 3664 2831 periec-
3771 2757 3772 2790 ³

2236 2856 2388 2926 tam,
2421 2867 2545 2928 qua
2574 2848 2853 2910 Christus
2876 2847 3019 2928 ipse
3047 2844 3287 2908 colitur.
3308 2846 3389 2908 Ita
3408 2845 3664 2926 loquiturll.
3771 2831 3772 2868 ³

2235 2945 2509 3008 Thomas
2542 2941 2669 3020 hic,
2701 2959 2893 3023 quem
2927 2935 3173 3004 'omnes
3219 2939 3474 3022 discipuli
3507 2941 3601 3020 ejus
3618 2961 3674 3002 se·

2234 3045 2545 3121 quantun
2586 3045 2647 3099 et
2676 3035 2906 3098 Anton.
2947 3031 3355 3110 Cordubens.,
3380 3032 3676 3114 quialiosre·
3771 3025 3772 3102 J

2234 3131 2355 3195 fert
2380 3130 2545 3193 dicto
2584 3127 2691 3192 lib.
2728 3132 2758 3191 1
2794 3125 3225 3201 Quaestionum
3251 3127 3469 3200 Theoi„
3504 3143 3552 3206 q.
3585 3130 3672 3189 105.

2314 3227 2374 3288 6.
2418 3221 3102 3307 Raparia-Admana
3134 3220 3296 3284 cruci
3326 3219 3527 3286 Christi
3548 3220 3678 3283 debita

2234 3316 2919 3402 qualis.—Dicendum
2969 3331 3126 3377 vero
3176 3319 3285 3386 est,
3332 3312 3676 3375 distinctionem
3771 3357 3772 3362 η

2238 3431 2427 3494 supra
2449 3412 2511 3472 in
2532 3428 2764 3491 genere
2780 3411 2997 3471 datam
3021 3407 3102 3470 de
3118 3406 3397 3487 reliquiis,
3424 3407 3490 3468 ad
3506 3424 3677 3468 crucem

2238 3511 2300 3568 et
2330 3503 2483 3566 alias
2524 3502 2749 3567 Christi
2799 3501 3103 3581 reliquias
3157 3517 3293 3564 esse
3324 3501 3673 3582 applicandam.
3771 3555 3772 3584 ἶ

2236 3597 2475 3678 Itaque,
2508 3597 2562 3657 si
2594 3595 2837 3677 lignum
2867 3594 3076 3657 crucis
3122 3593 3420 3669 adoretur,
3462 3600 3515 3654 ut
3538 3599 3677 3654 mente
3771 3587 3772 3590 ’

2239 3697 2302 3753 et
2326 3689 2708 3772 cogitatione
2738 3690 3152 3770 conjunctum
3181 3687 3293 3770 ipsi
3335 3687 3552 3762 Christo,
3582 3685 3679 3747 ado-
3771 3693 3772 3748 ξ

2238 3784 2509 3846 randum
2548 3787 2637 3845 est
2678 3782 2955 3863 perfecto
3001 3790 3147 3845 actu
3184 3783 3383 3855 latriae,
3426 3781 3513 3860 qui
3536 3795 3678 3859 perse
3771 3799 3772 3802 ¹

2240 3880 2443 3959 primo
2500 3876 2581 3938 ad
2624 3873 2961 3954 Christum,
3016 3875 3476 3939 concomitanter
3508 3875 3681 3934 vei-oet

2244 3971 2425 4054 quasi
2452 3990 2565 4052 par
2593 3971 2885 4033 accidens
2906 3970 2988 4033 ad
3014 3971 3251 4054 lignum
3280 3969 3610 4040 terminalia-3
3642 3970 3683 4026 et

2243 4067 2365 4128 hoc
2406 4063 2596 4128 modo
2626 4063 2872 4126 locutus
2914 4071 3011 4128 est
3039 4067 3113 4126 D.
3152 4063 3403 4124 Thomas
3428 4061 3605 4136 hic3et
3632 4057 3678 4118 D.

2248 4159 2672 4239 Hieronymus
2688 4175 2872 4238 supra
2898 4157 3124 4219 citatus
3144 4156 3348 4218 dicens
3369 4175 3383 4214 :
3407 4151 3681 4229 Quotiescun-

2242 4270 2352 4335 que
2389 4252 2731 4332 sepulcrum
2773 4249 3007 4314 Christi
3041 4249 3417 4332 inm-edimur,
3434 4246 3606 4328 jacere
3639 4239 3680 4302 in

2242 4345 2485 4410 sindone
2511 4345 2811 4408 cemimus
2838 4341 3243 4408 Salvator-em.
3281 4340 3342 4404 Si
3374 4355 3496 4402 vero
3518 4339 3591 4397 hae
3620 4351 3679 4395 re-

2243 4439 2451 4520 liquiae
2480 4437 2823 4500 adorentur
2846 4443 2919 4498 nt
2950 4443 3082 4500 tota
3108 4433 3357 4498 materia
3379 4427 3675 4496 adorationis,

2246 4533 2527 4595 adoratio
2570 4531 2831 4612 quidem
2872 4531 2991 4593 erit
3020 4531 3355 4612 respectiva
3382 4530 3585 4608 propter
3612 4537 3677 4582 ex·

2244 4625 2597 4688 cellantiam
2654 4621 2875 4686 Christi
2908 4669 2924 4699 ,
2986 4623 3195 4685 minus
3250 4625 3443 4684 tamen
3484 4615 3673 4698 perfecta

2244 4736 2431 4799 quam
2465 4717 2543 4780 sit
2586 4717 2712 4791 illa,
2758 4733 2901 4798 qute
2926 4715 3163 4780 Christo
3190 4720 3423 4796 propter
3464 4726 3521 4771 se
3552 4707 3673 4767 debe·
3771 4701 3772 4728 *

2242 4819 2365 4874 tur.
2400 4813 2475 4874 Et
2496 4812 2581 4873 ita
2608 4811 2975 4892 intelligitur
2996 4810 3225 4873 dictum
3242 4801 3528 4889 Augustini
3550 4813 3669 4878 snpra
3771 4843 3772 4862 2

2244 4906 2522 4969 citatum.
2556 4903 2633 4968 Et
2657 4906 2823 4966 hanc
2868 4903 3129 4968 fortasse
3156 4901 3379 4966 vocavit
3400 4900 3461 4960 D.
3484 4895 3666 4958 Thomas
3771 4899 3772 4906 ¹

2243 4999 2563 5080 hyperduli
2565 5015 2685 5062 am.
2712 4998 3083 5078 Quanquam
3103 5013 3309 5059 revera
3324 4991 3398 5054 ab
3415 4987 3587 5052 eodem
3601 4983 3664 5044 ha-

2242 5092 2377 5154 bitu
2402 5090 2724 5174 procedat,
2756 5107 2881 5170 quo
2913 5090 3186 5154 Christus
3202 5089 3327 5170 ipse
3340 5080 3669 5158 colitanjuxta

2242 5185 2595 5266 generalem
2630 5183 2977 5246 doctrinam
3010 5200 3195 5264 supra
3218 5179 3493 5243 traditam.
3522 5173 3576 5234 Et
3594 5167 3667 5229 hac

2241 5278 2373 5341 l'ere
2430 5277 2828 5342 distinctione
2855 5327 2869 5354 ,
2935 5277 3213 5358 quamvis
3262 5270 3491 5336 diversis
3512 5262 3665 5332 verbis,

2242 5377 2501 5436 utuntur
2533 5373 2796 5452 Bonam,
2827 5369 2892 5434 d.
2914 5375 2979 5450 9,
3020 5389 3078 5434 a.
3113 5374 3171 5448 1,
3200 5386 3258 5450 q.
3300 5369 3356 5446 4,
3401 5367 3455 5428 et
3478 5357 3664 5426 sichar-2

2241 5483 2299 5530 a»
2332 5471 2393 5546 Ξ,
2426 5485 2488 5548 q·
2524 5469 2581 5529 3·
