3892 6167
533 347 652 409 342
1754 341 1988 408 QUAEST.
2022 342 2155 398 XIX.
2188 343 2390 399 Auno.
2425 343 2511 400 m.

531 448 826 523 naturali,
856 448 1065 510 statim
1091 447 1445 510 inchoasse.
1461 443 1692 522 Tertio,
1713 445 1862 526 quia
1883 445 2100 508 lumen

536 543 750 628 gloriae
783 550 877 607 est
895 541 1072 623 quasi
1103 543 1306 624 prima
1321 544 1671 624 proprietas
1702 559 2098 621 consequens

537 640 808 723 gratiam
832 644 1356 711 consummatam,
1385 655 1497 698 seu
1525 637 1896 698 existentem
1921 637 1985 696 in
2018 652 2095 696 eo

534 733 816 817 perfecto
851 737 1052 808 statu,
1091 733 1158 794 in
1200 749 1326 812 quo
1365 731 1434 792 in
1482 731 1608 793 flde
1652 731 1917 792 fundata
1966 747 2095 791 non

537 834 667 904 est3
700 825 1050 890 sicutenim
1079 823 1432 888 intellectus
1463 829 1558 886 est
1583 825 1790 904 prima
1817 823 2100 904 proprie-

536 927 632 986 tas
647 937 1040 1000 consequens
1059 919 1430 981 rationalem
1452 919 1751 992 animam,
1774 917 1860 978 ita
1879 917 2096 980 lumen

539 1013 1018 1098 supernaturale
1049 1019 1112 1076 et
1140 1013 1420 1075 divinum
1453 1019 1548 1074 est
1582 1012 1784 1092 prima
1813 1013 2098 1091 proprie·

537 1117 636 1172 tas
651 1109 959 1172 comitans
981 1107 1528 1188 supernaturalem
1551 1105 1838 1186 gratiam,
1860 1122 2001 1184 quae
2026 1104 2096 1165 in

540 1209 706 1267 statu
741 1201 856 1264 viae
877 1247 892 1276 ,
929 1204 1188 1282 propter
1213 1199 1752 1280 imperfectionem
1783 1199 1942 1278 ejuS,
1970 1196 2097 1258 fide

539 1299 736 1360 utitur
771 1301 1074 1378 tanquam
1105 1294 1514 1358 intellectuali
1539 1295 1768 1356 virtute
1807 1291 1926 1354 sibi
1952 1309 2099 1373 pro-

538 1392 911 1474 portionata,
939 1390 1020 1452 de
1047 1407 1116 1452 se
1149 1395 1362 1452 autem
1391 1387 1666 1470 postulat
1707 1389 1926 1448 lumen
1972 1385 2097 1448 cla-

538 1503 680 1548 rum
733 1489 794 1546 et
844 1483 1195 1564 perfectum
1243 1482 1325 1545 ad
1375 1497 1556 1544 suam
1595 1485 2095 1544 consummatam

539 1579 1014 1661 perfectionem.
1067 1577 1370 1650 Quocirca
1399 1623 1414 1652 ‚
1473 1575 1634 1638 sicut
1681 1591 1810 1636 non
1865 1571 2099 1635 meruit

542 1673 818 1736 Christus
869 1673 1022 1735 alias
1069 1673 1332 1734 virtutes
1391 1671 1757 1733 comitantes
1805 1670 2093 1751 gratiam,

542 1769 629 1832 ita
655 1785 863 1846 neque
893 1769 1109 1830 lumen
1133 1766 1369 1847 gloriae,
1399 1765 1568 1846 quod
1597 1767 1692 1828 est
1717 1763 1913 1826 virtus
1933 1781 2101 1844 quee-

544 1857 692 1925 dam
711 1879 825 1944 per
837 1859 1098 1924 modum
1113 1861 1409 1940 potentias
1429 1859 1528 1922 vel
1555 1857 1833 1932 habitus,
1857 1876 1968 1920 seu
1996 1875 2101 1919 ac·

543 1963 648 2021 tus
677 1957 860 2038 primi
881 1955 1259 2037 perficientis
1289 1955 1351 2016 et
1379 1953 1683 2016 elevantis
1709 1951 2099 2014 intellectum

547 2049 629 2112 ad
666 2047 1188 2130 perfectissimum
1237 2053 1448 2111 actum
1497 2046 1883 2124 secundum
1923 2045 2096 2125 quia,

547 2147 708 2208 sicut
733 2145 871 2207 aliae
905 2143 1166 2206 virtutes
1192 2143 1370 2222 prius
1407 2148 1634 2205 natura
1665 2141 2102 2222 intelliguntur

545 2239 768 2304 infusae
797 2238 1024 2300 animae
1051 2235 1274 2300 Christi
1299 2242 1446 2299 ante
1475 2253 1730 2298 omnem
1761 2237 1969 2298 actum
2002 2250 2103 2296 se-

547 2331 847 2409 cundum,
869 2329 956 2394 ita
981 2331 1276 2394 etlumen
1307 2331 1542 2413 gloriae.
1565 2331 1654 2393 Ex
1682 2348 1810 2410 quo
1841 2328 2101 2392 ulterius

548 2425 974 2503 concluditur,
1018 2443 1148 2489 non
1197 2425 1504 2488 meruisse
1557 2425 1871 2488 Christum
1917 2424 2103 2486 visio·

543 2539 696 2586 nem
722 2521 926 2603 ipsam
953 2520 1230 2595 beatam,
1257 2520 1406 2601 quia
1429 2519 1604 2600 prius
1625 2524 1853 2581 natura
1880 2515 2104 2580 intelli·

548 2617 636 2698 git
671 2616 882 2676 anima
922 2613 1145 2676 Christi
1174 2630 1290 2693 per
1317 2613 1435 2674 hoc
1461 2613 1676 2674 lumen
1698 2659 1720 2690 ‚
1765 2630 1958 2692 quam
1988 2629 2105 2694 per

548 2709 748 2771 ullum
777 2707 968 2784 aliud,
995 2707 1143 2788 quia
1169 2713 1263 2768 est
1293 2707 1795 2786 potentissimum
1825 2711 1888 2768 et
1919 2724 2105 2785 expe-

549 2803 920 2868 ditissimum
939 2799 1022 2864 ad
1045 2801 1385 2882 agendum,
1401 2807 1462 2863 et
1484 2800 1675 2863 habet
1701 2801 2103 2880 conjunctam

550 2897 885 2960 essentiam
923 2895 1200 2958 divinam
1249 2911 1365 2975 per
1412 2893 1671 2956 modum
1716 2894 1946 2974 speciei
1986 2910 2103 2956 seu

551 2991 779 3073 objecti
821 2995 965 3053 actu
1020 2987 1423 3068 intelligibilis
1461 2989 1902 3070 perfectissimi
1927 3003 1951 3068 ;
1984 3005 2100 3050 un-

551 3087 629 3150 de
670 3085 1028 3147 necessario
1065 3081 1274 3165 prodit
1314 3084 1378 3144 in
1419 3089 1630 3146 actum
1661 3081 1918 3144 visionis
1966 3083 2099 3161 Dei,

551 3181 660 3262 qui
698 3185 790 3242 est
821 3178 922 3241 vel
957 3177 1328 3258 adaequatus
1360 3177 1472 3255 illi,
1499 3177 1599 3239 vel
1629 3185 1800 3239 certe
1828 3177 2101 3238 maxime

547 3273 841 3362 proprius
875 3279 938 3335 et
967 3271 1391 3335 connaturalis
1420 3293 1440 3347 3
1486 3271 1654 3334 unde
1670 3317 1692 3349 ,
1722 3271 1879 3333 sicut
1917 3269 2105 3333 intel-

546 3365 748 3432 lectus
776 3366 1099 3446 angelicus
1127 3365 1301 3448 prius
1327 3373 1553 3428 natura
1588 3363 1959 3445 intelligitur
1999 3363 2105 3427 eli-

548 3481 693 3527 cere
735 3461 1158 3542 coguitionem
1188 3459 1456 3541 propriae
1493 3459 1881 3532 substantiae,
1912 3475 2104 3540 quam

549 3557 982 3638 cujuscunque
1029 3555 1286 3618 alterius
1315 3553 1583 3635 objecti,
1614 3555 1701 3616 ita
1747 3554 2105 3616 intellectus

547 3651 918 3713 informatus
942 3649 1179 3710 lumine
1205 3647 1442 3729 gloriae,
1469 3647 1643 3728 prius
1670 3654 1898 3708 natura
1925 3647 2105 3708 intel-

543 3743 759 3826 ligitur
808 3742 1034 3805 elicere
1091 3741 1294 3823 ipsam
1343 3741 1649 3803 visionem
1695 3741 1808 3802 Dei
1837 3787 1858 3817 ,
1911 3757 2103 3819 quam

548 3839 740 3900 alium
783 3853 1223 3918 quemcunque
1260 3842 1469 3898 actum
1509 3835 2097 3914 supernaturalemg

547 3951 699 4015 ergo
731 3931 1064 3995 antecessit
1091 3929 1314 3994 ordine
1350 3933 1586 3991 naturae
1617 3927 1725 3990 illa
1768 3927 1923 3990 visio
1968 3947 2103 3990 om-

544 4045 693 4090 nem
723 4027 1167 4107 cognitionem,
1199 4024 1264 4085 in
1297 4041 1421 4103 qua
1447 4029 1663 4103 posset
1691 4021 1942 4086 fundari
1971 4039 2103 4085 me-

543 4121 757 4195 ritum,
785 4126 973 4199 atque
1004 4117 1164 4180 adeo
1191 4119 1524 4178 antecessit
1552 4135 1738 4178 omne
1767 4117 2059 4180 meritum
2076 4131 2099 4197 3

543 4233 674 4276 non
703 4229 853 4294 ergo
883 4229 998 4292 per
1023 4212 1200 4291 prius
1237 4209 1496 4289 aliquod
1525 4210 1817 4271 meritum
1850 4227 2100 4291 compa·

542 4314 680 4370 rata
708 4315 822 4368 est.
853 4305 999 4377 Quoe
1023 4304 1179 4367 ratio
1199 4303 1550 4365 evidentius
1573 4303 1911 4381 concludit,
1937 4305 1985 4366 si
2007 4306 2100 4366 lu-

541 4418 691 4462 men
734 4399 946 4479 gloriae
978 4403 1041 4460 et
1070 4397 1346 4458 scientiae
1395 4396 1616 4459 infusae
1670 4401 1766 4460 est
1801 4415 2001 4461 unum
2036 4403 2097 4462 et

540 4495 752 4569 idem3
797 4493 921 4553 hoc
961 4491 1130 4553 enim
1180 4491 1524 4570 supposito,
1569 4497 1740 4554 recte
1783 4491 2097 4556 concludit

541 4585 648 4649 illa
689 4587 870 4660 ratic,
897 4585 1170 4666 primum
1213 4589 1424 4646 actum
1455 4583 1620 4647 illius
1659 4585 1910 4647 luminis
1955 4603 2094 4649 esse

539 4679 794 4744 visionis
823 4679 1046 4757 beatae,
1072 4685 1138 4741 et
1161 4685 1622 4758 consequenter
1651 4679 1870 4742 ordine
1913 4685 2099 4743 natu-

538 4793 628 4840 rae
661 4775 1038 4838 antecedere
1079 4791 1330 4837 omnem
1364 4779 1572 4836 actum
1607 4775 1880 4836 scientiae
1929 4775 2097 4837 infu-

539 4888 644 4932 sae.
684 4870 749 4932 Si
773 4885 922 4931 vero
950 4869 1235 4931 dicamus
1267 4867 1374 4930 illa
1401 4867 1641 4930 lumina
1675 4887 1813 4930 esse
1844 4867 2094 4932 distinc-

539 4970 629 5039 ta,
654 4961 1054 5025 verisimilius
1081 4961 1395 5024 diceretur
1423 4962 1779 5042 comparari
1805 4961 1971 5024 inter
1995 4979 2086 5040 se,

533 5065 838 5138 tanquam
857 5058 1205 5138 perfectum
1236 5061 1296 5120 et
1323 5055 1755 5138 imperfectum
1777 5058 1842 5117 in
1865 5058 2092 5120 eodem

537 5151 783 5226 ordine,
817 5158 880 5213 et
927 5155 1091 5212 statu
1139 5149 1427 5213 beatifico
1457 5167 1472 5226 ;
1503 5150 1752 5213 videtur
1785 5151 1957 5213 enim
2000 5152 2090 5213 lu-

533 5265 682 5307 men
711 5243 988 5307 scientiae
1019 5243 1240 5306 infusae
1279 5243 1469 5306 veluti
1512 5243 1912 5307 accidentalis
1952 5265 2092 5327 per·

533 5336 722 5402 fectio
752 5339 918 5400 illius
947 5341 1164 5402 status.
1187 5337 1368 5402 Unde
1397 5337 1570 5399 nulla
1599 5341 1841 5402 ratione
1862 5339 2089 5423 proba-

532 5429 642 5494 bili
668 5431 914 5495 videtur
933 5431 1055 5494 dici
1082 5449 1294 5514 posse,
1325 5439 1532 5495 actum
1565 5433 1836 5495 scientiae
1863 5433 2085 5496 infusae

534 5525 944 5587 antecessisse
997 5525 1215 5590 ordine
1269 5532 1511 5588 naturae
1560 5533 1772 5590 actum
1833 5527 2087 5591 visionis

2178 446 2407 522 beatae,
2433 461 2643 526 neque
2684 445 2875 527 igitur
2920 443 3178 526 aliquod
3219 445 3511 508 meritum
3552 450 3689 514 illam

2180 542 2595 604 antecessisse
2648 541 3035 603 credendum
3082 546 3199 602 est.
3246 541 3429 614 Quod
3480 543 3690 606 tandem

2179 636 2606 705 confirmatur,
2640 637 2789 716 quia
2816 650 3084 698 necesso
3106 641 3201 698 est
3234 635 3421 698 fateri
3466 636 3690 716 aliquem

2180 737 2391 793 actum
2419 731 2795 810 cognitionis
2822 730 3321 811 supernaturalis
3340 730 3551 791 datum
3585 719 3709 794 esse

2180 825 2405 887 animae
2428 825 2649 887 Christi
2680 823 2920 904 absque
2946 824 3079 885 ullo
3106 823 3299 905 priori
3330 823 3585 896 merito;
3614 841 3692 886 er-

2180 937 2260 1000 go
2288 919 2561 981 maxime
2582 920 2705 982 hoc
2732 918 3073 982 verisimile
3098 923 3195 981 est
3212 917 3299 980 de
3326 917 3561 980 visione
3580 917 3695 980 ben·

2178 1019 2263 1087 ta,
2293 1029 2433 1092 quae
2466 1020 2529 1076 et
2554 1019 2778 1075 natura
2816 1029 2931 1074 sua
2962 1021 3059 1074 est
3085 1011 3255 1091 prior
3296 1014 3367 1073 et
3410 1011 3695 1091 perfectior

2179 1113 2355 1168 actus
2375 1151 2391 1179 ,
2436 1113 2498 1168 et
2554 1107 2831 1168 maxime
2884 1103 3133 1167 debitus
3188 1119 3265 1168 ac
3318 1103 3697 1167 connaturalis

2178 1199 2420 1262 unioni.

2258 1295 2359 1358 10.
2406 1292 2593 1358 Ratio
2617 1295 2696 1357 D.
2736 1293 2942 1357 stom.
2967 1323 3051 1342 -
3080 1293 3156 1354 Et
3202 1293 3389 1372 juxta
3434 1291 3567 1354 haec
3590 1309 3695 1372 que

2180 1387 2345 1449 dicta
2400 1393 2570 1463 sunt,
2618 1387 2987 1468 explicanda
3044 1393 3141 1448 est
3190 1386 3287 1450 vis
3350 1385 3596 1448 rationis
3636 1387 3689 1450 i).

2178 1481 2428 1557 Thom.,
2460 1497 2599 1560 quas
2626 1481 2693 1542 in
2740 1479 2862 1542 hoo
2898 1480 3221 1554 fundatur,
3246 1480 3424 1560 quod
3450 1481 3694 1542 meritum

2179 1575 2581 1638 beatitudinis
2632 1593 2762 1637 nou
2792 1581 2888 1636 est
2920 1575 3109 1636 simul
3134 1591 3283 1636 oum
3308 1576 3450 1654 ipsa
3473 1571 3695 1636 beatitu-

2180 1669 2364 1750 dine3
2394 1671 2564 1751 quod
2594 1671 2883 1732 nonnulli
2910 1671 3197 1748 discipuli
3226 1671 3301 1732 D.
3324 1670 3567 1744 Thom.,
3586 1687 3698 1749 pro-

2179 1771 2320 1847 pter
2352 1765 2623 1846 primum
2658 1771 3095 1845 argumentum
3132 1765 3361 1845 primas
3386 1765 3693 1840 sententie,

2182 1860 2261 1922 de
2288 1861 2507 1922 ordine
2538 1863 2779 1921 naturae
2808 1859 3205 1938 interpretari
3242 1863 3569 1919 conantur.
3602 1857 3697 1918 Sed

2180 1956 2254 2016 D.
2283 1955 2506 2016 Thom.
2541 1961 2755 2034 aperte
2784 1954 3065 2034 loquitur
3104 1953 3182 2016 de
3220 1951 3555 2014 duratione
3576 1958 3697 2014 tem-

2182 2048 2385 2129 poris;
2408 2047 2852 2129 intelligendus
2872 2065 3023 2130 ergo
3056 2053 3153 2111 est
3178 2063 3313 2108 non
3340 2047 3425 2109 de
3448 2063 3699 2127 quocum-

2182 2156 2307 2223 que
2330 2142 2555 2204 merito
2588 2147 2653 2204 et
2692 2141 2973 2222 praemio,
3006 2141 3121 2204 sed
3149 2141 3229 2203 de
3260 2140 3521 2220 praemio
3544 2140 3699 2201 heati-

2181 2235 2434 2310 tudinis‚
2469 2241 2532 2298 et
2581 2236 2926 2299 secundum
2972 2234 3357 2297 ordinariam
3396 2232 3697 2314 potentiam

2184 2347 2299 2391 seu
2326 2329 2569 2411 legem;
2600 2329 2958 2412 hujusmodi
3003 2331 3171 2390 enim
3198 2329 3499 2390 meritum
3520 2327 3698 2387 funda-

2186 2423 2372 2485 turin
2397 2424 2601 2503 gratia
2622 2433 2923 2503 operante
2948 2441 3067 2503 per
3080 2422 3301 2499 fldem,
3326 2429 3390 2484 et
3414 2424 3527 2484 hoc
3548 2437 3696 2482 sensu

2184 2516 2305 2578 dici
2336 2518 2493 2580 solet
2516 2517 2767 2580 fundari
2794 2519 2861 2579 in
2893 2519 3093 2599 gratia
3134 2518 3523 2598 imperfecta,
3550 2523 3611 2576 ut
3642 2517 3693 2575 D.

2182 2609 2405 2672 Thom.
2439 2611 2738 2690 loquitur,
2773 2613 2803 2673 1
2834 2629 2931 2692 p.,
2974 2629 3039 2692 q.
3082 2613 3187 2686 62,
3220 2618 3339 2675 art.
3374 2615 3443 2686 43
3474 2611 3573 2671 illa
3614 2627 3697 2669 aa·

2184 2709 2315 2766 tem
2362 2704 2746 2785 imperiectio
2772 2712 3086 2786 repugnat
3111 2723 3259 2767 oum
3306 2706 3422 2768 tali
3459 2701 3692 2785 praemio.

2186 2798 2363 2870 Quod
2392 2801 2443 2860 si
2472 2799 2657 2862 datur
2690 2799 2943 2880 aliquod
2992 2801 3290 2862 merit-um
3316 2799 3626 2862 fundatum
3644 2798 3695 2857 iu

2184 2891 2387 2954 altiori
2416 2893 2797 2973 cognitione,
2822 2900 2892 2955 ut
2910 2893 3027 2955 fuit
3049 2894 3277 2956 Christi
3306 2893 3606 2966 meritum,
3624 2907 3697 2950 re-

2185 2993 2427 3068 pugnat
2470 2986 2624 3049 illud
2676 3005 2813 3049 esse
2856 2986 3045 3050 simul
3080 3005 3226 3050 cum
3268 2985 3631 3050 heatitudine
3650 2989 3695 3044 ct

2186 3081 2461 3144 ordinari
2488 3081 2571 3143 ad
2588 3082 2781 3160 illam,
2815 3081 2966 3163 quia
2992 3082 3287 3164 supponit
3309 3081 3502 3156 illam,
3530 3085 3593 3139 nt
3620 3093 3696 3137 ex-

2183 3176 2481 3256 plicatum
2512 3181 2625 3238 est.
2659 3177 2733 3239 Et
2782 3176 2919 3238 haec
2974 3175 3133 3238 ratio
3190 3175 3423 3256 prohat
3446 3175 3615 3236 etiam
3636 3169 3695 3231 de

2187 3271 2387 3350 gratia
2416 3275 2481 3332 et
2508 3270 2791 3331 scientia.

2270 3365 2366 3424 Η.
2412 3363 2499 3425 Ex
2524 3363 2949 3426 fundamentis
2974 3381 3125 3426 vero
3164 3365 3387 3443 primae
3418 3360 3693 3426 sententie

2186 3457 2541 3519 testimonia
2570 3457 3026 3539 scripturarum
3046 3457 3252 3520 facilia
3276 3465 3444 3532 sunt,
3468 3463 3525 3519 et
3540 3471 3694 3534 expo-

2186 3551 2395 3612 nenda
2414 3553 2593 3632 juxta
2622 3566 2700 3614 ea
2738 3571 2879 3635 quae
2905 3554 3114 3614 statim
3142 3553 3427 3615 sectione
3453 3546 3691 3630 sequenti

2186 3645 2492 3708 dicemus.
2520 3647 2724 3708 Prima
2749 3648 2898 3709 item
2924 3648 3082 3709 ratio
3116 3647 3408 3728 expedita
3445 3649 3568 3726 jam
3592 3647 3689 3717 εει-ς

2187 3745 2510 3801 ostensum
2564 3747 2659 3803 est
2710 3741 2879 3802 enim
2933 3759 3067 3802 non
3114 3742 3395 3822 potuisse
3430 3737 3691 3804 Christum

2184 3836 2410 3895 mereri
2456 3837 2591 3896 hoec
2631 3835 2823 3911 dona,
2865 3836 2985 3896 nisi
3016 3835 3119 3896 vel
3156 3836 3431 3897 carendo
3466 3833 3594 3908 illis,
3618 3827 3693 3890 vel

2184 3927 2547 4008 imperfecto
2568 3929 2755 3990 modo
2787 3927 2893 3990 illa
2924 3929 3241 4006 habendo,
3264 3929 3370 3990 vel
3392 3927 3564 3989 etiam
3589 3923 3691 3985 effi·

2186 4023 2408 4084 ciendo
2440 4023 2801 4102 imperfecte
2844 4029 2906 4085 et
2956 4039 3085 4084 non
3118 4021 3504 4085 connaturali
3540 4015 3690 4079 modo

2184 4117 2458 4197 aliquam
2488 4117 2956 4198 operationem3
3002 4119 3177 4180 etita
3219 4135 3351 4180 non
3436 4113 3690 4178 recedunt

2180 4211 2445 4292 reliqua,
2480 4227 2618 4290 quas
2665 4211 2727 4272 in
2756 4212 2864 4272 illa
2896 4213 3143 4274 ratione
3196 4227 3306 4274 rec
3407 4211 3685 4274 dicuntur,

2182 4307 2294 4368 sed
2316 4324 2445 4366 non
2472 4312 2687 4368 contra
2710 4310 2986 4366 nostram
3016 4305 3387 4367 sententiam
3400 4351 3418 4382 ,
3442 4303 3571 4382 quia
3590 4315 3685 4360 non

2179 4401 2397 4463 nititur
2434 4399 2845 4461 fundamento
2900 4400 2990 4463 ibi
3044 4398 3439 4480 impugnato,
3472 4395 3683 4462 scilicet,

2178 4495 2349 4576 quod
2381 4494 2468 4555 illi
2494 4495 2617 4555 duo
2646 4493 2807 4556 tituli
2826 4493 3032 4555 meriti
3060 4499 3125 4556 et
3160 4491 3543 4574 proprietatis
3564 4503 3683 4550 con-

2179 4589 2481 4650 naturalis
2519 4591 2905 4669 repugnant3
2935 4587 3057 4650 hoc
3088 4589 3259 4649 enim
3288 4604 3414 4650 non
3444 4583 3680 4652 dicimus

2180 4683 2292 4744 sed
2322 4681 2524 4744 solum
2550 4683 2717 4762 quod
2748 4683 3195 4764 repugnaverit
3213 4683 3445 4745 habere
3468 4680 3581 4740 haec
3596 4674 3680 4735 do·

2178 4795 2261 4838 na
2296 4795 2443 4838 cum
2474 4777 2643 4838 omni
2681 4777 3067 4858 perfectione
3098 4775 3313 4838 debita
3344 4783 3403 4838 et
3430 4773 3681 4836 connatu-

2176 4872 2315 4946 rali,
2344 4875 2405 4934 et
2430 4871 2667 4934 habere
2697 4891 2775 4934 ex
2798 4873 3049 4935 merito.
3092 4873 3175 4934 Ut
3202 4877 3411 4933 autem
3436 4873 3583 4931 recte
3604 4877 3678 4922 su·

2172 4985 2288 5047 pra
2308 4966 2546 5027 notavit
2566 4967 2809 5042 Scotm,
2842 4967 3015 5047 quod
3037 4965 3315 5030 Christus
3336 4981 3458 5026 non
3480 4971 3677 5023 merue-

2171 5061 2250 5122 rit
2280 5059 2416 5121 haec
2440 5059 2629 5136 dona,
2654 5061 2859 5121 solum
2888 5063 3038 5142 quia
3064 5060 3505 5142 perfectissimo
3524 5049 3673 5114 modo

2171 5153 2276 5214 illa
2298 5153 2668 5234 praehabuit,
2684 5153 2841 5215 nihil
2859 5156 3086 5216 minuit
3098 5153 3529 5235 perfectionem
3544 5146 3671 5224 eju&

2172 5247 2319 5326 quia
2348 5247 2754 5309 nihilominus
2777 5265 2925 5309 vere
2951 5249 3168 5311 habuit
3192 5249 3543 5328 potestatem
3569 5253 3671 5299 me-

2170 5341 2347 5404 rendi
2380 5343 2511 5403 haec
2537 5342 2771 5418 omnia,
2806 5359 2918 5404 seu
2966 5341 3274 5422 quidquid
3323 5328 3666 5421 perfectionis

2171 5441 2264 5498 est
2306 5436 2368 5497 in
2417 5437 2527 5498 tali
2576 5441 2886 5517 potestate
2916 5437 3176 5514 ;habuit
3234 5433 3419 5498 etiam
3472 5422 3666 5491 actuale

2168 5531 2460 5592 meritum
2488 5531 2637 5592 tanti
2662 5529 2913 5606 valoris,
2956 5535 3023 5592 ut
3054 5529 3135 5592 ad
3164 5531 3301 5591 haec
3331 5524 3521 5590 omnia
3544 5533 3659 5598 pro·
