3892 6167
1306 309 1627 368 mentitu.
1663 311 1781 366 mv,
1817 307 1988 368 SECT.
2022 315 2107 369 ΙΙΙ.

85 416 330 478 veritas
355 417 588 496 potest,
612 411 734 476 nisi
753 409 938 475 vuldo
957 411 1380 494 impudenter,
1416 409 1660 489 negari,

88 525 244 570 cum
280 525 320 568 a
360 505 741 588 gravissimis
768 506 1132 575 auctoribus
1159 512 1218 568 et
1263 505 1662 584 historiogra-

87 601 244 681 phis
271 601 646 670 referantur,
671 605 734 660 ut
763 598 978 662 videre
997 599 1142 661 licet
1169 599 1232 660 in
1259 598 1363 660 vti
1391 596 1657 678 Synod„

91 703 224 757 aet.
255 697 298 756 4
339 703 397 756 et
427 697 502 766 ῦς
541 695 848 768 Damaso„
888 700 1050 755 mut.
1087 697 1105 755 i
1153 699 1216 754 et
1244 691 1282 754 3
1309 691 1390 754 de
1429 689 1656 769 lmag.;

93 790 434 856 Athenas..
457 786 566 850 lib.
581 786 680 870 ,de
701 787 868 848 Paos.
899 785 1096 866 imag.
1119 787 1324 860 Dora„
1351 789 1412 846 et
1434 783 1654 864 Evag.;

93 884 210 944 lib.
241 889 284 946 4
325 883 584 956 Hister„
613 897 754 960 cap.
788 883 892 952 26,
925 886 991 942 et
1034 880 1193 941 aliis.
1227 881 1444 960 Neque
1471 877 1662 941 etiam

93 983 350 1056 oportet
377 976 556 1054 plura
579 975 678 1037 bic
700 976 768 1037 in
795 974 1047 1054 speciali
1077 972 1335 1036 referre.

183 1073 286 1132 tt.
357 1069 729 1132 Mirantem
780 1083 894 1147 pro
957 1069 1310 1130 adoratione
1373 1063 1667 1144 inopinis

93 1163 316 1227 Baatoe
341 1161 632 1242 Virqiniae.
657 1191 738 1208 --
757 1162 972 1223 Solum
997 1157 1151 1222 illud
1175 1161 1478 1238 attingam
1496 1157 1666 1239 quod

93 1259 184 1320 de
224 1257 520 1337 religioso
563 1255 839 1336 quodam
881 1255 1184 1330 refertur-3
1217 1253 1349 1334 qui,
1382 1269 1526 1316 cum
1560 1271 1666 1315 ve·

91 1351 384 1414 hementi
419 1349 723 1412 daemonis
762 1349 1108 1412 tentatione
1146 1353 1497 1420 vexaretur,
1533 1347 1662 1410 illa·

95 1463 230 1524 que
262 1443 510 1506 liberari
545 1449 826 1522 cuperet,
861 1445 920 1505 ei
957 1443 1207 1504 daemon
1246 1441 1556 1522 apparuit,
1599 1445 1664 1503 ot

95 1557 136 1600 a
169 1537 476 1600 tentando
521 1553 592 1598 se
636 1541 1024 1598 cessaturum
1071 1535 1378 1616 promisit,
1425 1535 1477 1596 si
1519 1534 1666 1595 reli·

95 1633 320 1712 giosus
377 1629 890 1692 consuetudinem
953 1627 1256 1692 adorandi
1322 1627 1662 1707 imaginem

95 1727 312 1787 Beatoe
323 1722 596 1804 Virginis
620 1724 910 1784 omittere
931 1721 1301 1802 sponderetz
1327 1721 1497 1799 quod
1524 1721 1662 1801 ipse

98 1821 366 1882 omnino
395 1818 683 1897 negavit,
711 1831 916 1897 eoque
947 1817 1136 1878 modo
1165 1815 1406 1878 facilius
1431 1819 1496 1878 et
1520 1833 1665 1878 con·

99 1912 376 1976 stantius
423 1910 834 1974 tentationem
875 1911 1213 1989 superavit.
1261 1905 1354 1972 lta
1395 1909 1666 1971 refertur

99 2005 172 2068 in
205 2007 386 2067 Prato
401 2005 640 2085 Spirit„
685 2020 740 2067 e.
785 2007 890 2077 45,
922 2009 986 2066 et
1016 2019 1054 2065 a
1093 2001 1202 2067 vu
1241 2003 1425 2084 Syn„
1459 2009 1525 2064 et
1553 2003 1668 2064 Da·-

99 2115 332 2176 masc„
364 2100 487 2161 loc.
519 2099 653 2174 cit„
679 2099 1084 2180 approbatur.

187 2197 290 2257 13.
333 2193 564 2257 Ultimo
612 2193 914 2274 probatur
965 2191 1235 2264 ratione,
1289 2189 1438 2270 quin
1463 2189 1669 2251 honor

103 2288 406 2366 imaginis
445 2289 510 2348 tn
553 2291 956 2368 prototypum
985 2284 1319 2357 redundat,
1349 2291 1423 2345 ut
1457 2281 1522 2345 in
1567 2281 1669 2346 Vll

100 2381 362 2462 Synodo
385 2395 558 2460 saepe
585 2381 832 2452 dicitur,
865 2393 944 2442 ex
971 2377 1192 2452 Busil„
1221 2377 1327 2438 lib.
1351 2377 1432 2439 de
1457 2375 1665 2456 spirit.

103 2478 344 2549 Senot„
373 2488 432 2535 o.
459 2475 557 2547 1⁸3
587 2478 651 2536 et
671 2473 988 2550 Ambrae„
1019 2483 1210 2535 serm.
1240 2471 1406 2533 totu
1435 2470 1662 2534 Psalm.

113 2571 254 2639 118,
285 2573 348 2631 et
373 2567 622 2630 videtur
647 2581 787 2629 esse
813 2566 1189 2648 principium
1219 2563 1399 2644 quasi
1430 2563 1665 2626 lumine

105 2669 344 2722 naturae
373 2675 488 2741 per
525 2677 596 2723 se
639 2666 881 2735 notum,
929 2659 1014 2722 ad
1057 2661 1360 2720 bonorem
1399 2656 1666 2736 alicujus

99 2769 396 2836 personat
424 2754 765 2834 pertinere,
793 2759 864 2814 ut
907 2769 1032 2815 non
1061 2751 1266 2815 solum
1303 2753 1368 2812 in
1415 2767 1509 2821 se,
1556 2749 1671 2812 sed

102 2847 298 2909 etiam
324 2847 390 2908 in
431 2848 708 2926 imagine
751 2847 1114 2910 honoretur.
1160 2845 1342 2909 Unde
1371 2844 1673 2925 colligunt

101 2955 272 3022 saepe
299 2943 536 3017 Patres,
561 2941 909 3011 hominem,
935 2941 1056 3002 boc
1086 2940 1244 3020 ipso,
1271 2937 1440 3019 quod
1468 2943 1566 3001 est
1591 2936 1674 3000 ad

99 3036 448 3116 imaginem
477 3035 609 3110 Dei,
629 3051 770 3097 esse
795 3036 1036 3097 honore
1061 3033 1434 3112 dignum,ut
1457 3031 1672 3095 videre

103 3137 200 3192 est
227 3130 400 3209 apud
436 3129 880 3209 Augustinum,
909 3144 1012 3209 ep.
1047 3129 1198 3200 1¹33
1225 3125 1672 3207 cyrill.iliero·

101 3223 368 3304 solym..
391 3221 632 3284 catech.
655 3225 756 3285 42.
791 3221 952 3284 Hinc
979 3223 1168 3283 etiam
1223 3219 1486 3297 antiqua
1524 3233 1674 3281 con-

101 3317 378 3380 suetudo
429 3315 699 3378 obtinuit
746 3321 814 3376 ut
869 3315 1179 3394 imagines
1225 3313 1675 3394 imperatorum

101 3412 462 3476 honorifice
477 3415 924 3487 tractarentur,
941 3427 1132 3490 quam
1168 3409 1357 3471 etiam
1387 3407 1676 3472 Christia-

97 3527 224 3572 nos
253 3521 510 3587 semper
527 3519 812 3568 servasse
842 3505 993 3566 satis
1021 3501 1336 3584 colligitur
1355 3519 1430 3565 ex
1455 3501 1677 3565 fraude

97 3603 370 3674 Juliani,
420 3617 608 3682 quam
649 3599 842 3663 refert
884 3599 1198 3676 Nazianz.,
1233 3605 1391 3663 orat.
1435 3602 1495 3672 3,
1537 3613 1676 3677 quoe

99 3713 202 3762 est
235 3695 440 3778 prima
472 3701 688 3757 contra
712 3691 974 3765 Julian,
1003 3699 1149 3774 post
1183 3693 1494 3767 modinum
1529 3689 1678 3754 fecit

99 3791 284 3853 enim
326 3787 430 3851 ilie
461 3793 536 3850 ut
560 3803 758 3867 prope
787 3801 968 3848 suam
991 3787 1335 3866 imaginem
1361 3783 1526 3848 idola
1563 3783 1676 3846 fal·-

99 3900 329 3946 sorum
341 3881 616 3944 Deorum
635 3885 1044 3961 ponerentur,
1065 3885 1133 3942 ut
1145 3875 1474 3942 Christiani
1497 3892 1678 3940 suam

101 3975 463 4055 imaginem
491 3979 870 4036 venerantes
888 4021 907 4043 ‚
935 3969 1103 4036 idola
1151 3972 1360 4034 colere
1387 3969 1680 4033 videren-

99 4077 236 4132 tur.
287 4067 362 4130 Et
406 4083 483 4129 ex
531 4066 756 4129 eodem
795 4065 1104 4146 principio
1151 4063 1529 4126 contumelia
1580 4059 1681 4126 vel

101 4163 198 4242 inj
209 4161 348 4222 uria
369 4160 538 4223 illata
568 4159 853 4240 imagini,
871 4159 952 4220 ad
975 4173 1307 4240 personam
1341 4173 1682 4238 repraesen-

101 4265 316 4319 tatam
357 4255 673 4336 pertinere
723 4260 1038 4316 censetur.
1088 4251 1250 4315 Nota
1291 4252 1386 4314 est
1425 4249 1683 4312 historia

101 4347 452 4414 Theodosii
489 4347 570 4410 de
607 4343 888 4409 vindicta
923 4363 1115 4428 quam
1152 4347 1214 4408 in
1261 4345 1684 4409 Antiochenos

105 4442 422 4516 exercuit,
469 4447 728 4522 propter
771 4439 1087 4521 deiectam
1129 4446 1192 4502 et
1233 4436 1686 4502 contumeliose

107 4541 455 4600 tractatam
472 4533 888 4614 imperatricis
917 4535 1280 4614 imaginem,
1301 4535 1370 4596 ut
1393 4536 1488 4596 est
1515 4525 1687 4613 apud

111 4629 338 4704 Amb„
361 4632 522 4693 orat.
555 4625 636 4691 de
658 4627 858 4692 Morte
881 4627 1220 4703 Theodos.;
1253 4633 1316 4692 ot
1341 4625 1683 4708 chrysost,

111 4723 342 4786 homil.
373 4723 418 4784 Β
453 4728 520 4784 et
551 4719 589 4786 3
629 4723 716 4784 ad
749 4721 1008 4802 Popul.;
1052 4727 1115 4786 et
1147 4719 1435 4804 Niceph.,
1466 4719 1575 4784 lib.
1607 4721 1686 4785 13

109 4817 385 4892 Hister„
415 4829 555 4896 eap.
590 4817 698 4890 :³43
734 4832 910 4894 ergo.

199 4912 306 4970 ¹3.
352 4906 558 4974 aava.
593 4911 654 4973 3.
677 4933 762 4958 ι·-
783 4907 859 4970 Et
885 4907 1243 4972 confirmari
1279 4911 1512 4988 potest,
1543 4919 1690 4970 nam

104 5017 220 5066 res
247 5005 482 5064 sancte
508 5001 916 5065 veneratione
944 5003 1150 5082 dignae
1181 5008 1368 5080 sunt3
1399 5001 1510 5064 sed
1537 5001 1694 5064 ima·

107 5095 308 5178 gines
335 5107 414 5157 ex
437 5097 766 5171 relatione,
795 5109 987 5176 quam
1016 5093 1251 5157 habent
1278 5091 1359 5157 ad
1388 5107 1692 5176 personas

107 5193 378 5253 sanctas
401 5201 562 5268 quas
590 5195 1066 5270 repraesentant,
1097 5189 1312 5268 aliquo
1335 5187 1524 5250 modo
1551 5199 1696 5249 san·

109 5287 238 5347 ctoe
259 5291 440 5357 saniz
465 5295 616 5366 ergo
645 5299 721 5347 eu
747 5283 992 5346 ratione
1018 5279 1390 5346 venerandas
1410 5297 1522 5345 seu
1545 5281 1695 5344 ado-

111 5375 344 5442 randas
367 5385 539 5440 sunt.
569 5377 772 5459 Major
795 5383 1069 5456 constat,
1095 5377 1246 5460 quia
1273 5375 1568 5442 sanctitas
1600 5377 1694 5440 est

113 5471 514 5554 pmctpuum
549 5467 1028 5534 mouumentum
1069 5469 1449 5550 adorationis
1485 5471 1544 5530 et
1579 5467 1692 5530 ho-

795 5648 846 5708 ’ἐζ

3182 316 3301 393 607

1742 409 1933 471 noris.
1968 409 2171 472 Minor
2196 425 2347 472 voro
2378 417 2657 488 constat,
2690 419 2822 478 tum
2863 432 2939 480 ex
2982 419 3172 484 modo
3210 418 3301 487 lo·

1740 503 1974 581 quendi
2005 505 2367 584 Scripturas,
2396 506 2463 567 in
2506 523 2635 587 qna
2675 523 2780 571 res
2820 509 3180 578 inanimatae
3223 535 3303 580 ex

1739 595 2043 658 relatione
2072 598 2155 658 ad
2182 612 2445 660 munera
2475 613 2678 677 sacra,
2706 601 2803 664 vel
2828 599 2910 667 ad
2935 621 3143 670 sacras
3167 626 3303 689 per-

1741 705 1952 767 sonas,
1983 697 2215 752 sanctas
2254 687 2569 768 dicuntur,
2600 703 2662 757 et
2709 713 2785 758 ea
2824 699 3069 762 ratione
3114 719 3307 766 vene-

1739 783 1983 845 ratione
2006 781 2213 861 dignm
2239 792 2600 861 censentur:
2630 785 2822 854 Exod.
2857 791 2895 854 3
2923 809 2937 856 :
2971 791 3153 858 Soloe
3180 793 3308 860 oal-

1741 883 2043 940 usamenta
2070 877 2139 940 de
2180 879 2430 958 pedibus
2474 879 2645 952 tuin
2679 881 2843 948 locus
2880 889 3037 950 enim
3081 889 3149 950 in
3194 907 3307 972 quo

1743 973 1896 1043 atae,
1929 973 2097 1032 terra
2142 977 2355 1035 sancta
2396 978 2505 1036 ost.
2537 969 2613 1036 Et
2657 990 2795 1056 cap.
2830 979 2930 1053 12,
2962 979 3096 1042 dies
3136 977 3304 1056 festi,

1745 1062 1942 1124 sancti
1978 1069 2040 1125 et
2066 1063 2457 1126 venerabiles
2498 1065 2824 1148 dicuntum
2858 1078 2919 1133 et
2958 1080 3164 1136 vestes
3208 1093 3310 1136 sa-

1746 1155 2124 1232 cerdotales,
2176 1164 2405 1220 sanctae
2455 1157 2749 1223 dicuntur
2798 1162 2984 1245 capit.
3017 1166 3119 1230 28.
3150 1168 3309 1231 Tum

1745 1247 1935 1311 etiarn
1975 1249 2146 1330 quia,
2178 1253 2248 1314 ut
2282 1249 2519 1315 notavit
2564 1255 2945 1332 Augustinus
2966 1305 2986 1334 ,
3021 1259 3126 1324 lib.
3160 1263 3200 1324 2
3228 1261 3309 1326 de

1747 1345 1989 1406 Peccat.
2024 1347 2227 1408 merit.
2264 1352 2325 1408 et
2360 1347 2640 1417 remiss..
2674 1369 2731 1412 c.
2762 1353 2877 1428 26,
2910 1355 2974 1416 et
3007 1371 3195 1418 serm.
3232 1357 3309 1420 tt

1744 1435 1824 1498 de
1862 1437 2083 1500 Verbis
2134 1439 2435 1520 Apostoll,
2487 1441 2895 1508 sanctificatio
2944 1463 3071 1509 non
3122 1449 3309 1512 unius

1743 1529 1912 1591 modi
1945 1542 2062 1606 est,
2086 1547 2235 1593 nam
2267 1533 2559 1612 qua-dam
2588 1543 2685 1597 est
2712 1537 3048 1604 intrinseca
3077 1549 3139 1606 et
3166 1556 3311 1624 pro·

1743 1625 1904 1703 pria,
1939 1637 2053 1705 per
2084 1639 2298 1687 veram
2342 1643 2415 1689 ac
2440 1627 2757 1693 internam
2790 1633 3131 1697 sanctitatis
3166 1651 3309 1699 sus-

1743 1717 2133 1796 ceptionem3
2164 1717 2285 1782 alia
2314 1739 2463 1784 vero
2494 1731 2588 1786 est
2617 1742 2731 1804 per
2758 1724 3035 1806 aliquam
3068 1727 3312 1790 babitu-

1742 1809 1958 1874 dinem
1984 1811 2067 1876 ad
2092 1825 2305 1876 veram
2332 1815 2747 1895 sanctitatem,
2766 1821 3103 1899 quomodo
3124 1823 3313 1885 etiam

1747 1912 2142 1968 sacramenta
2176 1907 2471 1971 dicuntur
2496 1917 2737 1984 sancta,
2765 1917 2826 1974 ei
2856 1913 3105 1994 uirique
3133 1933 3313 1979 sanc-

1746 1999 1908 2062 titan
1931 2015 2048 2062 seu
2073 2000 2548 2064 sanctificationi
2572 2018 2686 2064 sua
2712 2006 3181 2086 proportionata
3209 2027 3313 2072 ve-

1749 2093 1995 2155 neratio
2038 2093 2398 2174 mspondet.
2434 2093 2569 2168 Qua
2612 2098 2855 2161 ratione
2903 2097 3055 2162 dixit
3100 2101 3315 2165 Conci-

1748 2181 1901 2248 lium
1931 2185 2405 2264 Tridentinum,
2431 2205 2584 2251 sess.
2618 2191 2680 2264 3,
2715 2209 2851 2272 cap.
2890 2193 2949 2267 7,
2978 2189 3059 2255 ad
3093 2211 3313 2256 omnes

1749 2287 1997 2343 sanetas
2032 2282 2389 2345 functiones
2422 2288 2636 2346 sancte
2665 2289 2729 2346 et
2768 2297 3133 2350 reverenter
3178 2305 3312 2352 esse
3383 2365 3387 2369 .

1751 2377 2214 2448 accedendum:
2242 2376 2464 2439 eadem
2491 2384 2703 2440 autem
2729 2379 2888 2442 ratio
2915 2390 3009 2444 est
3034 2381 3113 2444 de
3144 2382 3316 2444 omni

1747 2481 1820 2532 re
1851 2479 2088 2533 sancta.
2120 2469 2299 2546 Quod
2330 2487 2479 2533 vero
2506 2469 2816 2554 imagines
2843 2493 3053 2537 rerum
3099 2493 3312 2539 sacra-

1747 2578 1887 2625 rum
1926 2565 1991 2626 in
2035 2563 2155 2625 hoc
2201 2563 2420 2627 ordine
2442 2566 2849 2645 collocentur,
2881 2571 3150 2644 constat,
3176 2574 3311 2631 tum

1750 2674 1827 2718 ex
1851 2657 2254 2720 communiet
2278 2665 2530 2738 recepta
2554 2659 2841 2722 Ecclesiae
2862 2662 3280 2742 appellatione
3289 2679 3312 2744 3

1752 2753 1837 2813 sie
1893 2751 2061 2814 enim
2113 2751 2511 2832 appellantur
2560 2757 2789 2816 sanctae
2836 2753 3144 2835 imagines
3190 2753 3317 2819 fre-

1753 2853 2023 2928 quentet·
2066 2841 2129 2906 in
2178 2843 2285 2907 vn
2332 2845 2588 2926 Synndo
2628 2852 2692 2909 ct
2729 2847 2867 2909 aliis
2898 2847 3223 2922 Patribus:
3254 2855 3317 2914 et

1755 2940 2077 3003 communi
2122 2955 2242 3000 usu
2288 2937 2602 3016 Ecclesiae,
2645 2947 2708 3003 et
2750 2939 2838 3003 sic
2877 2941 3318 3008 discernuntur

1755 3049 1881 3095 non
1935 3029 2140 3095 solum
2196 3031 2278 3094 ab
2328 3031 2530 3110 idolis,
2576 3029 2689 3095 sed
2736 3033 2924 3096 etiam
2956 3055 2993 3097 a
3041 3037 3319 3118 profanis

1753 3123 2153 3206 imaginibus.
2176 3123 2337 3187 Tum
2364 3139 2441 3187 ex
2461 3127 2649 3189 citato
2679 3127 3037 3190 testimonio
3068 3129 3135 3192 D.
3160 3129 3322 3194 Tho-

1753 3237 1870 3281 moe
1901 3223 1961 3282 2.
1988 3221 2052 3293 2,
2075 3225 2295 3299 quaest.
2318 3221 2428 3306 99,
2451 3239 2510 3280 a.
2541 3223 2601 3293 3,
2625 3219 2735 3282 ubi
2762 3221 3055 3300 inter-‚res
3083 3242 3316 3301 sacras,

1757 3311 1988 3392 quibus
2033 3313 2327 3373 sanctitas
2362 3310 2741 3387 attribuitur,
2774 3331 2849 3376 eo
2892 3315 3063 3396 quod
3110 3317 3321 3381 divino

1757 3405 1954 3469 cultui
1994 3405 2213 3469 dicatas
2260 3409 2429 3482 sunt,
2461 3405 2771 3486 imagines
2820 3415 3129 3473 numerat.
3162 3409 3323 3474 Tum

1756 3499 2033 3580 denique
2063 3519 2099 3562 a
2148 3499 2409 3580 paritate
2447 3501 2744 3579 rationiS,
2774 3501 2920 3583 qula
2950 3521 3076 3565 non
3116 3507 3323 3569 minus

1757 3593 2075 3656 sufficiens
2114 3601 2210 3655 est
2245 3589 2386 3656 haec
2426 3592 2730 3657 habitudo
2776 3595 3069 3676 imaginis
3099 3597 3181 3660 ad
3210 3597 3325 3662 liu·

1749 3686 2031 3770 Jusmodi
2074 3687 2399 3762 effectum,
2446 3703 2636 3768 quam
2685 3685 2986 3752 habitudo
3036 3689 3180 3768 loci,
3223 3687 3325 3755 vel

1760 3781 1886 3856 alia·
1911 3779 2152 3844 similis.
2198 3781 2375 3846 Unde
2414 3783 2600 3845 etiam
2632 3785 2949 3864 Scriptura
2992 3785 3171 3849 sacra
3206 3805 3322 3868 ap-

1757 3877 2067 3958 pellatur,
2098 3875 2355 3957 propter
2407 3893 2651 3937 sacram
2702 3875 3255 3958 significationem,
3285 3881 3325 3942 2

1762 3967 1842 4032 ad
1870 3968 2031 4031 Tim.
2062 3971 2137 4047 33
2164 3984 2315 4050 ergo
2346 3967 2631 4031 similiter
2657 3969 2889 4052 imago.

1844 4067 1944 4127 ti.
1995 4061 2401 4127 corollarium
2430 4066 2805 4143 primum.—
2821 4061 2908 4127 Ex
2935 4063 3051 4128 bac
3080 4065 3328 4131 conclu-

1765 4155 1940 4219 sione
1970 4162 2032 4218 et
2062 4154 2304 4218 ratione
2335 4153 2647 4236 colligitur
2675 4159 2899 4238 primo,
2924 4157 3085 4224 hanc
3110 4159 3330 4226 adora-

1763 4250 2001 4315 tionem
2036 4249 2388 4329 imaginum
2415 4257 2601 4332 prout
2644 4251 2722 4313 ad
2750 4251 2889 4314 illas
2933 4255 3327 4334 terminatur,

1765 4344 2179 4427 respectivam
2225 4355 2387 4418 esse,
2421 4349 2483 4406 et
2524 4362 2654 4407 non
2683 4343 3057 4409 absolutam.
3104 4345 3332 4413 Proba-

1767 4443 1872 4502 tur
1903 4455 1981 4502 ex
2008 4435 2193 4502 dictis
2214 4484 2229 4511 ,
2263 4437 2413 4519 quia
2458 4437 2659 4500 solum
2708 4437 3051 4504 adorantur
3078 4449 3333 4526 propter

1767 4531 2205 4596 excellentiam
2244 4538 2310 4594 et
2354 4531 2751 4595 sanctitatem
2790 4549 3009 4597 eorum
3039 4551 3200 4617 quos
3239 4553 3333 4600 re·

1767 4629 2176 4708 proesentant3
2200 4639 2345 4688 cum
2373 4625 2543 4688 enim
2570 4623 2873 4706 imagines
2901 4645 3001 4691 res
3028 4627 3336 4696 inanima·

1767 4725 1848 4782 tae
1877 4720 2023 4793 sint,
2052 4733 2181 4782 non
2226 4724 2491 4800 possunt
2535 4717 2603 4781 in
2648 4738 2717 4782 se
2744 4717 2976 4785 habere
3018 4723 3335 4788 excellen-

1768 4813 1922 4876 tiam
1952 4827 2015 4893 pt
2027 4817 2208 4892 optet·
2234 4827 2423 4892 quam
2447 4809 2825 4886 ador-eninm
2846 4818 2997 4896 ergo
3023 4822 3147 4878 tota
3172 4815 3333 4880 ratio

1773 4907 2079 4968 adorandi
2112 4905 2284 4978 illae,
2318 4913 2412 4968 est
2454 4903 2820 4968 excellentia
2868 4907 3336 4990 prototypi31ta

1773 5013 1924 5077 ergo
1964 4995 2244 5060 adoratio
2293 5017 2512 5060 earum
2558 5016 2685 5060 non
2738 5005 2831 5062 est
2877 4995 3189 5078 absoluta,
3220 4995 3335 5065 sed

1772 5089 2145 5172 respectiva,
2186 5085 2251 5153 id
2302 5094 2421 5167 est,
2466 5099 2721 5173 propter
2766 5088 3201 5158 habitudinem
3253 5087 3337 5159 ad

1775 5186 2192 5247 extrinsecum
2220 5182 2676 5248 excellentiam.

1861 5281 1961 5344 15.
2011 5275 2292 5362 objectio.
2332 5313 2401 5326 -
2431 5277 2779 5362 Responsio.
2804 5309 2885 5331 υ-
2916 5279 3128 5345 Dices:
3170 5279 3235 5344 in
3266 5299 3333 5345 se

1774 5371 1969 5439 babet
2009 5371 2223 5456 imago
2264 5369 2536 5455 figuram
2576 5379 2641 5438 et
2680 5373 3148 5440 similitudinem
3190 5371 3337 5440 alte·

1776 5467 1940 5539 rius3
1978 5467 2125 5548 erg‘o
2148 5467 2209 5529 i‘n
2238 5471 2303 5530 se
2328 5465 2517 5530 babet
2540 5467 2843 5531 rationem
2868 5463 3123 5550 propter·
3144 5479 3333 5549 quam
