<?xml version="1.0" encoding="UTF-8"?>
<!DOCTYPE html PUBLIC "-//W3C//DTD XHTML 1.0 Transitional//EN"
    "http://www.w3.org/TR/xhtml1/DTD/xhtml1-transitional.dtd">
<html xmlns="http://www.w3.org/1999/xhtml" xml:lang="en" lang="en">
 <head>
  <title>
</title>
<meta http-equiv="Content-Type" content="text/html;charset=utf-8" />
  <meta name='ocr-system' content='tesseract 3.04.00' />
  <meta name='ocr-capabilities' content='ocr_page ocr_carea ocr_par ocr_line ocrx_word'/>
</head>
<body>
  <div class='ocr_page' id='page_1' title='image "./rpfranciscisuar00unkngoog_0043.png"; bbox 0 0 3892 6167; ppageno 0'>
   <div class='ocr_carea' id='block_1_1' title="bbox 1322 427 2177 484">
    <p class='ocr_par' dir='ltr' id='par_1_1' title="bbox 1322 427 2177 484">
     <span class='ocr_line' id='line_1_1' title="bbox 1322 427 2177 484; baseline -0.008 1"><span class='ocrx_word' id='word_1_1' title='bbox 1322 427 1640 484; x_wconf 61' lang='lat' dir='ltr'><strong>elsPnTAG.</strong></span> <span class='ocrx_word' id='word_1_2' title='bbox 1677 427 1851 480; x_wconf 72' lang='lat' dir='ltr'><strong>XXW.</strong></span> <span class='ocrx_word' id='word_1_3' title='bbox 1887 428 2055 480; x_wconf 80' lang='lat' dir='ltr'><strong>SECT.</strong></span> <span class='ocrx_word' id='word_1_4' title='bbox 2096 429 2177 481; x_wconf 82' lang='lat' dir='ltr'><strong>m.</strong></span> 
     </span>
    </p>
   </div>
   <div class='ocr_carea' id='block_1_2' title="bbox 129 531 1716 5660">
    <p class='ocr_par' dir='ltr' id='par_1_2' title="bbox 129 531 1716 1920">
     <span class='ocr_line' id='line_1_2' title="bbox 139 531 1714 615; baseline -0.005 -15"><span class='ocrx_word' id='word_1_5' title='bbox 139 541 276 611; x_wconf 78' lang='grc'><strong>112,</strong></span> <span class='ocrx_word' id='word_1_6' title='bbox 311 553 371 599; x_wconf 89' lang='lat' dir='ltr'><strong>c.</strong></span> <span class='ocrx_word' id='word_1_7' title='bbox 391 537 434 601; x_wconf 83' lang='lat'>8</span> <span class='ocrx_word' id='word_1_8' title='bbox 455 551 476 596; x_wconf 77' lang='lat' dir='ltr'><strong><em>z</em></strong></span> <span class='ocrx_word' id='word_1_9' title='bbox 504 533 680 599; x_wconf 73' lang='lat' dir='ltr'><strong>Tune</strong></span> <span class='ocrx_word' id='word_1_10' title='bbox 697 531 940 615; x_wconf 75' lang='lat' dir='ltr'><strong>aliquid</strong></span> <span class='ocrx_word' id='word_1_11' title='bbox 957 532 1498 613; x_wconf 71' lang='lat' dir='ltr'><strong>comprehenditur,</strong></span> <span class='ocrx_word' id='word_1_12' title='bbox 1523 548 1714 614; x_wconf 79' lang='lat' dir='ltr'><strong>quan-</strong></span> 
     </span>
     <span class='ocr_line' id='line_1_3' title="bbox 133 625 1714 706; baseline -0.004 -13"><span class='ocrx_word' id='word_1_13' title='bbox 133 633 208 694; x_wconf 78' lang='lat' dir='ltr'><strong>do</strong></span> <span class='ocrx_word' id='word_1_14' title='bbox 233 630 328 692; x_wconf 73' lang='lat' dir='ltr'><strong>ita</strong></span> <span class='ocrx_word' id='word_1_15' title='bbox 351 631 627 704; x_wconf 69' lang='lat' dir='ltr'><strong>videtur,</strong></span> <span class='ocrx_word' id='word_1_16' title='bbox 653 633 729 690; x_wconf 71' lang='lat' dir='ltr'><strong>nt</strong></span> <span class='ocrx_word' id='word_1_17' title='bbox 751 625 919 690; x_wconf 65' lang='lat' dir='ltr'><strong>nihil</strong></span> <span class='ocrx_word' id='word_1_18' title='bbox 951 625 1182 688; x_wconf 76' lang='lat' dir='ltr'><strong>omnino</strong></span> <span class='ocrx_word' id='word_1_19' title='bbox 1227 643 1429 689; x_wconf 81' lang='lat' dir='ltr'><strong>eorum</strong></span> <span class='ocrx_word' id='word_1_20' title='bbox 1469 643 1600 706; x_wconf 79' lang='lat' dir='ltr'><strong>qua·</strong></span> <span class='ocrx_word' id='word_1_21' title='bbox 1647 625 1714 686; x_wconf 80' lang='lat' dir='ltr'><strong>in</strong></span> 
     </span>
     <span class='ocr_line' id='line_1_4' title="bbox 129 718 1714 802; baseline -0.004 -16"><span class='ocrx_word' id='word_1_22' title='bbox 129 726 268 802; x_wconf 66' lang='lat' dir='ltr'><strong>ipso</strong></span> <span class='ocrx_word' id='word_1_23' title='bbox 289 728 470 797; x_wconf 70' lang='lat' dir='ltr'><strong>sunt,</strong></span> <span class='ocrx_word' id='word_1_24' title='bbox 503 722 794 784; x_wconf 76' lang='lat' dir='ltr'><strong>videntem</strong></span> <span class='ocrx_word' id='word_1_25' title='bbox 824 721 1032 784; x_wconf 74' lang='lat' dir='ltr'><strong>lateat.</strong></span> <span class='ocrx_word' id='word_1_26' title='bbox 1060 721 1132 780; x_wconf 88' lang='lat' dir='ltr'><strong>Et</strong></span> <span class='ocrx_word' id='word_1_27' title='bbox 1156 724 1486 798; x_wconf 87' lang='lat' dir='ltr'><strong>propterea</strong></span> <span class='ocrx_word' id='word_1_28' title='bbox 1513 718 1714 796; x_wconf 88' lang='lat' dir='ltr'><strong>inquit</strong></span> 
     </span>
     <span class='ocr_line' id='line_1_5' title="bbox 130 811 1712 894; baseline -0.003 -17"><span class='ocrx_word' id='word_1_29' title='bbox 130 816 304 877; x_wconf 83' lang='lat' dir='ltr'><strong>idem</strong></span> <span class='ocrx_word' id='word_1_30' title='bbox 341 817 616 894; x_wconf 72' lang='lat' dir='ltr'><strong>August.</strong></span> <span class='ocrx_word' id='word_1_31' title='bbox 640 861 657 887; x_wconf 95' lang='lat'><strong>,</strong></span> <span class='ocrx_word' id='word_1_32' title='bbox 692 817 771 876; x_wconf 75' lang='lat'><strong>12</strong></span> <span class='ocrx_word' id='word_1_33' title='bbox 797 813 879 874; x_wconf 81' lang='lat' dir='ltr'><strong>de</strong></span> <span class='ocrx_word' id='word_1_34' title='bbox 913 812 1065 885; x_wconf 86' lang='lat' dir='ltr'><strong>Civ.,</strong></span> <span class='ocrx_word' id='word_1_35' title='bbox 1099 830 1154 873; x_wconf 91' lang='lat' dir='ltr'><strong>c.</strong></span> <span class='ocrx_word' id='word_1_36' title='bbox 1215 813 1330 888; x_wconf 79' lang='lat'><strong>18,</strong></span> <span class='ocrx_word' id='word_1_37' title='bbox 1374 817 1436 872; x_wconf 82' lang='lat' dir='ltr'><strong>et</strong></span> <span class='ocrx_word' id='word_1_38' title='bbox 1485 811 1595 872; x_wconf 90' lang='lat' dir='ltr'><strong>lib.</strong></span> <span class='ocrx_word' id='word_1_39' title='bbox 1633 812 1712 873; x_wconf 88' lang='lat'><strong>83</strong></span> 
     </span>
     <span class='ocr_line' id='line_1_6' title="bbox 131 905 1716 988; baseline 0 -21"><span class='ocrx_word' id='word_1_40' title='bbox 131 908 401 981; x_wconf 81' lang='lat' dir='ltr'><strong>Quaest.,</strong></span> <span class='ocrx_word' id='word_1_41' title='bbox 436 927 506 988; x_wconf 88' lang='lat' dir='ltr'><strong>q.</strong></span> <span class='ocrx_word' id='word_1_42' title='bbox 539 909 642 978; x_wconf 75' lang='grc'><strong>14,</strong></span> <span class='ocrx_word' id='word_1_43' title='bbox 681 907 840 988; x_wconf 74' lang='lat' dir='ltr'><strong>qnod</strong></span> <span class='ocrx_word' id='word_1_44' title='bbox 879 905 1410 984; x_wconf 68' lang='lat' dir='ltr'><strong>comprehenditur,</strong></span> <span class='ocrx_word' id='word_1_45' title='bbox 1453 905 1632 983; x_wconf 79' lang='lat' dir='ltr'><strong>finiri</strong></span> <span class='ocrx_word' id='word_1_46' title='bbox 1675 923 1716 967; x_wconf 83' lang='lat' dir='ltr'><strong><em>a</em></strong></span> 
     </span>
     <span class='ocr_line' id='line_1_7' title="bbox 133 995 1712 1080; baseline -0.005 -15"><span class='ocrx_word' id='word_1_47' title='bbox 133 1003 708 1080; x_wconf 64' lang='lat' dir='ltr'><strong>eomprekendonte;</strong></span> <span class='ocrx_word' id='word_1_48' title='bbox 731 999 892 1062; x_wconf 88' lang='lat' dir='ltr'><strong>sicut</strong></span> <span class='ocrx_word' id='word_1_49' title='bbox 919 1001 982 1060; x_wconf 91' lang='lat' dir='ltr'><strong>in</strong></span> <span class='ocrx_word' id='word_1_50' title='bbox 1013 997 1439 1060; x_wconf 79' lang='lat' dir='ltr'><strong>materialibus</strong></span> <span class='ocrx_word' id='word_1_51' title='bbox 1463 995 1712 1076; x_wconf 88' lang='lat' dir='ltr'><strong>quanti-</strong></span> 
     </span>
     <span class='ocr_line' id='line_1_8' title="bbox 135 1091 1709 1174; baseline -0.003 -18"><span class='ocrx_word' id='word_1_52' title='bbox 135 1095 402 1168; x_wconf 75' lang='lat' dir='ltr'><strong>tatibus,</strong></span> <span class='ocrx_word' id='word_1_53' title='bbox 425 1114 468 1155; x_wconf 88' lang='lat' dir='ltr'><strong>a</strong></span> <span class='ocrx_word' id='word_1_54' title='bbox 498 1095 730 1173; x_wconf 88' lang='lat' dir='ltr'><strong>quibus</strong></span> <span class='ocrx_word' id='word_1_55' title='bbox 751 1099 1002 1174; x_wconf 86' lang='lat' dir='ltr'><strong>sumpta</strong></span> <span class='ocrx_word' id='word_1_56' title='bbox 1026 1099 1120 1154; x_wconf 90' lang='lat' dir='ltr'><strong>est</strong></span> <span class='ocrx_word' id='word_1_57' title='bbox 1146 1091 1538 1170; x_wconf 80' lang='lat' dir='ltr'><strong>metaphora,</strong></span> <span class='ocrx_word' id='word_1_58' title='bbox 1560 1097 1709 1152; x_wconf 88' lang='lat' dir='ltr'><strong>tune</strong></span> 
     </span>
     <span class='ocr_line' id='line_1_9' title="bbox 136 1182 1709 1267; baseline -0.003 -17"><span class='ocrx_word' id='word_1_59' title='bbox 136 1208 262 1250; x_wconf 89' lang='lat' dir='ltr'><strong>una</strong></span> <span class='ocrx_word' id='word_1_60' title='bbox 305 1189 636 1267; x_wconf 78' lang='lat' dir='ltr'><strong>quantitas</strong></span> <span class='ocrx_word' id='word_1_61' title='bbox 675 1186 906 1248; x_wconf 88' lang='lat' dir='ltr'><strong>dicitur</strong></span> <span class='ocrx_word' id='word_1_62' title='bbox 953 1182 1403 1266; x_wconf 84' lang='lat' dir='ltr'><strong>comprehendi</strong></span> <span class='ocrx_word' id='word_1_63' title='bbox 1433 1185 1516 1246; x_wconf 87' lang='lat' dir='ltr'><strong>ab</strong></span> <span class='ocrx_word' id='word_1_64' title='bbox 1566 1185 1709 1260; x_wconf 87' lang='lat' dir='ltr'><strong>alia,</strong></span> 
     </span>
     <span class='ocr_line' id='line_1_10' title="bbox 133 1275 1710 1360; baseline -0.001 -19"><span class='ocrx_word' id='word_1_65' title='bbox 133 1280 398 1360; x_wconf 85' lang='lat' dir='ltr'><strong>quando</strong></span> <span class='ocrx_word' id='word_1_66' title='bbox 429 1279 598 1341; x_wconf 83' lang='lat' dir='ltr'><strong>intra</strong></span> <span class='ocrx_word' id='word_1_67' title='bbox 616 1279 792 1340; x_wconf 87' lang='lat' dir='ltr'><strong>illam</strong></span> <span class='ocrx_word' id='word_1_68' title='bbox 839 1286 972 1342; x_wconf 86' lang='lat' dir='ltr'><strong>tota</strong></span> <span class='ocrx_word' id='word_1_69' title='bbox 1015 1279 1328 1340; x_wconf 78' lang='lat' dir='ltr'><strong>clauditur</strong></span> <span class='ocrx_word' id='word_1_70' title='bbox 1357 1283 1422 1339; x_wconf 87' lang='lat' dir='ltr'><strong>et</strong></span> <span class='ocrx_word' id='word_1_71' title='bbox 1464 1275 1710 1354; x_wconf 82' lang='lat' dir='ltr'><strong>finitur3</strong></span> 
     </span>
     <span class='ocr_line' id='line_1_11' title="bbox 133 1371 1712 1451; baseline -0.003 -16"><span class='ocrx_word' id='word_1_72' title='bbox 133 1375 250 1435; x_wconf 85' lang='lat' dir='ltr'><strong>sed</strong></span> <span class='ocrx_word' id='word_1_73' title='bbox 281 1375 336 1434; x_wconf 86' lang='lat' dir='ltr'><strong>si</strong></span> <span class='ocrx_word' id='word_1_74' title='bbox 370 1375 589 1434; x_wconf 82' lang='lat' dir='ltr'><strong>anima</strong></span> <span class='ocrx_word' id='word_1_75' title='bbox 619 1373 842 1435; x_wconf 84' lang='lat' dir='ltr'><strong>Christi</strong></span> <span class='ocrx_word' id='word_1_76' title='bbox 870 1371 1112 1435; x_wconf 89' lang='lat' dir='ltr'><strong>videret</strong></span> <span class='ocrx_word' id='word_1_77' title='bbox 1145 1371 1448 1451; x_wconf 88' lang='lat' dir='ltr'><strong>quidquid</strong></span> <span class='ocrx_word' id='word_1_78' title='bbox 1489 1371 1553 1431; x_wconf 91' lang='lat' dir='ltr'><strong>in</strong></span> <span class='ocrx_word' id='word_1_79' title='bbox 1587 1371 1712 1432; x_wconf 90' lang='lat' dir='ltr'><strong>Deo</strong></span> 
     </span>
     <span class='ocr_line' id='line_1_12' title="bbox 135 1465 1710 1546; baseline 0 -18"><span class='ocrx_word' id='word_1_80' title='bbox 135 1475 234 1530; x_wconf 83' lang='lat' dir='ltr'><strong>est</strong></span> <span class='ocrx_word' id='word_1_81' title='bbox 259 1467 618 1529; x_wconf 78' lang='lat' dir='ltr'><strong>formaliter</strong></span> <span class='ocrx_word' id='word_1_82' title='bbox 645 1473 710 1528; x_wconf 89' lang='lat' dir='ltr'><strong>et</strong></span> <span class='ocrx_word' id='word_1_83' title='bbox 761 1467 1130 1539; x_wconf 82' lang='lat' dir='ltr'><strong>eminenter,</strong></span> <span class='ocrx_word' id='word_1_84' title='bbox 1185 1465 1364 1541; x_wconf 87' lang='lat' dir='ltr'><strong>nihil,</strong></span> <span class='ocrx_word' id='word_1_85' title='bbox 1421 1465 1594 1546; x_wconf 87' lang='lat' dir='ltr'><strong>quod</strong></span> <span class='ocrx_word' id='word_1_86' title='bbox 1646 1466 1710 1528; x_wconf 91' lang='lat' dir='ltr'><strong>in</strong></span> 
     </span>
     <span class='ocr_line' id='line_1_13' title="bbox 133 1558 1712 1638; baseline -0.001 -18"><span class='ocrx_word' id='word_1_87' title='bbox 133 1561 264 1620; x_wconf 90' lang='lat' dir='ltr'><strong>Deo</strong></span> <span class='ocrx_word' id='word_1_88' title='bbox 299 1567 425 1637; x_wconf 77' lang='lat' dir='ltr'><strong>est,</strong></span> <span class='ocrx_word' id='word_1_89' title='bbox 473 1561 697 1622; x_wconf 88' lang='lat' dir='ltr'><strong>lateret</strong></span> <span class='ocrx_word' id='word_1_90' title='bbox 721 1558 998 1620; x_wconf 83' lang='lat' dir='ltr'><strong>animam</strong></span> <span class='ocrx_word' id='word_1_91' title='bbox 1031 1558 1348 1620; x_wconf 83' lang='lat' dir='ltr'><strong>videntem</strong></span> <span class='ocrx_word' id='word_1_92' title='bbox 1377 1559 1604 1638; x_wconf 88' lang='lat' dir='ltr'><strong>ipsum,</strong></span> <span class='ocrx_word' id='word_1_93' title='bbox 1650 1565 1712 1619; x_wconf 88' lang='lat' dir='ltr'><strong>et</strong></span> 
     </span>
     <span class='ocr_line' id='line_1_14' title="bbox 137 1651 1712 1732; baseline 0 -18"><span class='ocrx_word' id='word_1_94' title='bbox 137 1661 268 1714; x_wconf 80' lang='lat' dir='ltr'><strong>tota</strong></span> <span class='ocrx_word' id='word_1_95' title='bbox 311 1655 410 1732; x_wconf 86' lang='lat' dir='ltr'><strong>(ut</strong></span> <span class='ocrx_word' id='word_1_96' title='bbox 439 1653 526 1715; x_wconf 84' lang='lat' dir='ltr'><strong>ita</strong></span> <span class='ocrx_word' id='word_1_97' title='bbox 553 1653 786 1732; x_wconf 88' lang='lat' dir='ltr'><strong>dicam)</strong></span> <span class='ocrx_word' id='word_1_98' title='bbox 817 1653 1318 1732; x_wconf 82' lang='lat' dir='ltr'><strong>cognoscibilitas</strong></span> <span class='ocrx_word' id='word_1_99' title='bbox 1359 1653 1471 1714; x_wconf 89' lang='lat' dir='ltr'><strong>Dei</strong></span> <span class='ocrx_word' id='word_1_100' title='bbox 1501 1651 1712 1714; x_wconf 86' lang='lat' dir='ltr'><strong>finire-</strong></span> 
     </span>
     <span class='ocr_line' id='line_1_15' title="bbox 134 1745 1712 1825; baseline 0.002 -20"><span class='ocrx_word' id='word_1_101' title='bbox 134 1749 239 1806; x_wconf 82' lang='lat' dir='ltr'><strong>tur</strong></span> <span class='ocrx_word' id='word_1_102' title='bbox 263 1747 434 1808; x_wconf 85' lang='lat' dir='ltr'><strong>intra</strong></span> <span class='ocrx_word' id='word_1_103' title='bbox 457 1746 888 1825; x_wconf 83' lang='lat' dir='ltr'><strong>cognitionem</strong></span> <span class='ocrx_word' id='word_1_104' title='bbox 915 1745 1082 1808; x_wconf 84' lang='lat' dir='ltr'><strong>illins</strong></span> <span class='ocrx_word' id='word_1_105' title='bbox 1111 1745 1378 1823; x_wconf 82' lang='lat' dir='ltr'><strong>animae;</strong></span> <span class='ocrx_word' id='word_1_106' title='bbox 1415 1763 1566 1824; x_wconf 86' lang='lat' dir='ltr'><strong>ergo</strong></span> <span class='ocrx_word' id='word_1_107' title='bbox 1598 1761 1712 1824; x_wconf 82' lang='lat' dir='ltr'><strong>per</strong></span> 
     </span>
     <span class='ocr_line' id='line_1_16' title="bbox 139 1839 1666 1920; baseline 0 -22"><span class='ocrx_word' id='word_1_108' title='bbox 139 1839 316 1898; x_wconf 87' lang='lat' dir='ltr'><strong>illam</strong></span> <span class='ocrx_word' id='word_1_109' title='bbox 347 1839 777 1920; x_wconf 75' lang='lat' dir='ltr'><strong>cognitionem</strong></span> <span class='ocrx_word' id='word_1_110' title='bbox 803 1839 1451 1918; x_wconf 84' lang='lat' dir='ltr'><strong>comprehenderetur</strong></span> <span class='ocrx_word' id='word_1_111' title='bbox 1474 1841 1666 1901; x_wconf 88' lang='lat' dir='ltr'><strong>Deus.</strong></span> 
     </span>
    </p>

    <p class='ocr_par' dir='ltr' id='par_1_3' title="bbox 129 1933 1714 3788">
     <span class='ocr_line' id='line_1_17' title="bbox 215 1933 1706 2012; baseline 0.001 -18"><span class='ocrx_word' id='word_1_112' title='bbox 215 1937 242 1994; x_wconf 83' lang='grc'><strong>1</strong></span> <span class='ocrx_word' id='word_1_113' title='bbox 256 1935 286 1993; x_wconf 91' lang='grc'><strong>1</strong></span> <span class='ocrx_word' id='word_1_114' title='bbox 301 1977 316 1993; x_wconf 93' lang='grc'><strong>.</strong></span> <span class='ocrx_word' id='word_1_115' title='bbox 337 1933 621 2007; x_wconf 71' lang='lat' dir='ltr'><strong>Qualiter</strong></span> <span class='ocrx_word' id='word_1_116' title='bbox 629 1933 910 1996; x_wconf 75' lang='lat' dir='ltr'><strong>enervari</strong></span> <span class='ocrx_word' id='word_1_117' title='bbox 923 1933 1206 1996; x_wconf 68' lang='lat' dir='ltr'><strong>videatne·</strong></span> <span class='ocrx_word' id='word_1_118' title='bbox 1219 1935 1384 1997; x_wconf 77' lang='lat' dir='ltr'><strong>ratio</strong></span> <span class='ocrx_word' id='word_1_119' title='bbox 1393 1933 1706 2012; x_wconf 69' lang='lat' dir='ltr'><strong>praedicta.</strong></span> 
     </span>
     <span class='ocr_line' id='line_1_18' title="bbox 129 2016 1706 2106; baseline 0.003 -20"><span class='ocrx_word' id='word_1_120' title='bbox 129 2027 364 2086; x_wconf 82' lang='lat' dir='ltr'><strong>—Haec</strong></span> <span class='ocrx_word' id='word_1_121' title='bbox 391 2025 558 2087; x_wconf 86' lang='lat' dir='ltr'><strong>ratio</strong></span> <span class='ocrx_word' id='word_1_122' title='bbox 589 2027 882 2088; x_wconf 78' lang='lat' dir='ltr'><strong>enervari</strong></span> <span class='ocrx_word' id='word_1_123' title='bbox 900 2016 1107 2106; x_wconf 82' lang='lat' dir='ltr'><strong>potest</strong></span> <span class='ocrx_word' id='word_1_124' title='bbox 1125 2025 1528 2088; x_wconf 89' lang='lat' dir='ltr'><strong>distinctione</strong></span> <span class='ocrx_word' id='word_1_125' title='bbox 1555 2034 1706 2090; x_wconf 86' lang='lat' dir='ltr'><strong>sect.</strong></span> 
     </span>
     <span class='ocr_line' id='line_1_19' title="bbox 133 2119 1714 2198; baseline 0.002 -18"><span class='ocrx_word' id='word_1_126' title='bbox 133 2124 164 2180; x_wconf 88' lang='grc'><strong>1</strong></span> <span class='ocrx_word' id='word_1_127' title='bbox 207 2120 509 2194; x_wconf 82' lang='lat' dir='ltr'><strong>rec-itata,</strong></span> <span class='ocrx_word' id='word_1_128' title='bbox 547 2119 628 2180; x_wconf 91' lang='lat' dir='ltr'><strong>de</strong></span> <span class='ocrx_word' id='word_1_129' title='bbox 681 2119 1246 2198; x_wconf 84' lang='lat' dir='ltr'><strong>comprehensione</strong></span> <span class='ocrx_word' id='word_1_130' title='bbox 1306 2121 1626 2182; x_wconf 72' lang='lat' dir='ltr'><strong>extensive</strong></span> <span class='ocrx_word' id='word_1_131' title='bbox 1651 2127 1714 2183; x_wconf 87' lang='lat' dir='ltr'><strong>et</strong></span> 
     </span>
     <span class='ocr_line' id='line_1_20' title="bbox 131 2209 1714 2292; baseline 0.001 -20"><span class='ocrx_word' id='word_1_132' title='bbox 131 2213 450 2273; x_wconf 76' lang='lat' dir='ltr'><strong>intensiva</strong></span> <span class='ocrx_word' id='word_1_133' title='bbox 482 2231 499 2283; x_wconf 86' lang='lat'><strong>;</strong></span> <span class='ocrx_word' id='word_1_134' title='bbox 535 2211 779 2274; x_wconf 86' lang='lat' dir='ltr'><strong>dicetur</strong></span> <span class='ocrx_word' id='word_1_135' title='bbox 807 2213 976 2272; x_wconf 89' lang='lat' dir='ltr'><strong>enim</strong></span> <span class='ocrx_word' id='word_1_136' title='bbox 1007 2209 1370 2292; x_wconf 83' lang='lat' dir='ltr'><strong>praedictam</strong></span> <span class='ocrx_word' id='word_1_137' title='bbox 1404 2213 1714 2274; x_wconf 87' lang='lat' dir='ltr'><strong>visionem</strong></span> 
     </span>
     <span class='ocr_line' id='line_1_21' title="bbox 137 2305 1712 2384; baseline 0.001 -19"><span class='ocrx_word' id='word_1_138' title='bbox 137 2323 278 2366; x_wconf 84' lang='lat' dir='ltr'><strong>esse</strong></span> <span class='ocrx_word' id='word_1_139' title='bbox 325 2305 920 2384; x_wconf 85' lang='lat' dir='ltr'><strong>comprehensivam</strong></span> <span class='ocrx_word' id='word_1_140' title='bbox 961 2310 1206 2366; x_wconf 86' lang='lat' dir='ltr'><strong>tantum</strong></span> <span class='ocrx_word' id='word_1_141' title='bbox 1245 2306 1592 2382; x_wconf 84' lang='lat' dir='ltr'><strong>extensive,</strong></span> <span class='ocrx_word' id='word_1_142' title='bbox 1619 2313 1712 2368; x_wconf 88' lang='lat' dir='ltr'><strong>at·-</strong></span> 
     </span>
     <span class='ocr_line' id='line_1_22' title="bbox 137 2397 1712 2478; baseline 0.001 -19"><span class='ocrx_word' id='word_1_143' title='bbox 137 2417 260 2478; x_wconf 83' lang='lat' dir='ltr'><strong>que</strong></span> <span class='ocrx_word' id='word_1_144' title='bbox 293 2399 463 2459; x_wconf 83' lang='lat' dir='ltr'><strong>adeo</strong></span> <span class='ocrx_word' id='word_1_145' title='bbox 495 2397 845 2460; x_wconf 84' lang='lat' dir='ltr'><strong>secundum</strong></span> <span class='ocrx_word' id='word_1_146' title='bbox 876 2398 1049 2478; x_wconf 89' lang='lat' dir='ltr'><strong>quid,</strong></span> <span class='ocrx_word' id='word_1_147' title='bbox 1081 2415 1208 2459; x_wconf 90' lang='lat' dir='ltr'><strong>non</strong></span> <span class='ocrx_word' id='word_1_148' title='bbox 1237 2405 1453 2460; x_wconf 88' lang='lat' dir='ltr'><strong>&#39;tamen</strong></span> <span class='ocrx_word' id='word_1_149' title='bbox 1481 2399 1712 2478; x_wconf 88' lang='lat' dir='ltr'><strong>simpli·</strong></span> 
     </span>
     <span class='ocr_line' id='line_1_23' title="bbox 140 2490 1710 2565; baseline -0.002 -12"><span class='ocrx_word' id='word_1_150' title='bbox 140 2495 290 2553; x_wconf 81' lang='lat' dir='ltr'><strong>citer</strong></span> <span class='ocrx_word' id='word_1_151' title='bbox 311 2498 378 2553; x_wconf 90' lang='lat' dir='ltr'><strong>et</strong></span> <span class='ocrx_word' id='word_1_152' title='bbox 403 2493 578 2552; x_wconf 88' lang='lat' dir='ltr'><strong>omni</strong></span> <span class='ocrx_word' id='word_1_153' title='bbox 607 2491 824 2563; x_wconf 88' lang='lat' dir='ltr'><strong>modo,</strong></span> <span class='ocrx_word' id='word_1_154' title='bbox 857 2491 975 2553; x_wconf 87' lang='lat' dir='ltr'><strong>hoe</strong></span> <span class='ocrx_word' id='word_1_155' title='bbox 1021 2497 1137 2565; x_wconf 87' lang='lat' dir='ltr'><strong>est,</strong></span> <span class='ocrx_word' id='word_1_156' title='bbox 1171 2490 1489 2552; x_wconf 79' lang='lat' dir='ltr'><strong>extensive</strong></span> <span class='ocrx_word' id='word_1_157' title='bbox 1524 2497 1586 2552; x_wconf 90' lang='lat' dir='ltr'><strong>et</strong></span> <span class='ocrx_word' id='word_1_158' title='bbox 1615 2491 1710 2550; x_wconf 86' lang='lat' dir='ltr'><strong>in·</strong></span> 
     </span>
     <span class='ocr_line' id='line_1_24' title="bbox 141 2583 1712 2663; baseline -0.001 -19"><span class='ocrx_word' id='word_1_159' title='bbox 141 2588 416 2657; x_wconf 85' lang='lat' dir='ltr'><strong>tensive;</strong></span> <span class='ocrx_word' id='word_1_160' title='bbox 449 2590 516 2646; x_wconf 88' lang='lat' dir='ltr'><strong>et</strong></span> <span class='ocrx_word' id='word_1_161' title='bbox 539 2585 682 2646; x_wconf 91' lang='lat' dir='ltr'><strong>ideo</strong></span> <span class='ocrx_word' id='word_1_162' title='bbox 715 2601 846 2644; x_wconf 90' lang='lat' dir='ltr'><strong>non</strong></span> <span class='ocrx_word' id='word_1_163' title='bbox 875 2601 1230 2663; x_wconf 81' lang='lat' dir='ltr'><strong>repugnare</strong></span> <span class='ocrx_word' id='word_1_164' title='bbox 1245 2583 1384 2644; x_wconf 89' lang='lat' dir='ltr'><strong>dari</strong></span> <span class='ocrx_word' id='word_1_165' title='bbox 1407 2583 1712 2646; x_wconf 89' lang='lat' dir='ltr'><strong>visionem</strong></span> 
     </span>
     <span class='ocr_line' id='line_1_25' title="bbox 137 2677 1713 2758; baseline -0.001 -19"><span class='ocrx_word' id='word_1_166' title='bbox 137 2679 244 2739; x_wconf 89' lang='lat' dir='ltr'><strong>Dei</strong></span> <span class='ocrx_word' id='word_1_167' title='bbox 279 2685 586 2751; x_wconf 83' lang='lat' dir='ltr'><strong>creatam,</strong></span> <span class='ocrx_word' id='word_1_168' title='bbox 621 2695 747 2757; x_wconf 86' lang='lat' dir='ltr'><strong>qua</strong></span> <span class='ocrx_word' id='word_1_169' title='bbox 771 2677 982 2738; x_wconf 88' lang='lat' dir='ltr'><strong>omnia</strong></span> <span class='ocrx_word' id='word_1_170' title='bbox 1002 2678 1322 2758; x_wconf 86' lang='lat' dir='ltr'><strong>possibilia</strong></span> <span class='ocrx_word' id='word_1_171' title='bbox 1351 2677 1713 2756; x_wconf 88' lang='lat' dir='ltr'><strong>simpliciter</strong></span> 
     </span>
     <span class='ocr_line' id='line_1_26' title="bbox 136 2769 1709 2851; baseline 0.001 -20"><span class='ocrx_word' id='word_1_172' title='bbox 136 2773 476 2832; x_wconf 80' lang='lat' dir='ltr'><strong>videantur</strong></span> <span class='ocrx_word' id='word_1_173' title='bbox 509 2773 576 2832; x_wconf 88' lang='lat' dir='ltr'><strong>in</strong></span> <span class='ocrx_word' id='word_1_174' title='bbox 605 2772 782 2851; x_wconf 89' lang='lat' dir='ltr'><strong>ipso;</strong></span> <span class='ocrx_word' id='word_1_175' title='bbox 833 2771 1004 2850; x_wconf 86' lang='lat' dir='ltr'><strong>quia,</strong></span> <span class='ocrx_word' id='word_1_176' title='bbox 1034 2770 1205 2850; x_wconf 90' lang='lat' dir='ltr'><strong>quod</strong></span> <span class='ocrx_word' id='word_1_177' title='bbox 1259 2770 1418 2832; x_wconf 86' lang='lat' dir='ltr'><strong>fides</strong></span> <span class='ocrx_word' id='word_1_178' title='bbox 1473 2769 1659 2832; x_wconf 87' lang='lat' dir='ltr'><strong>docet</strong></span> <span class='ocrx_word' id='word_1_179' title='bbox 1688 2815 1709 2845; x_wconf 93' lang='lat'><strong>,</strong></span> 
     </span>
     <span class='ocr_line' id='line_1_27' title="bbox 137 2865 1712 2945; baseline -0.001 -18"><span class='ocrx_word' id='word_1_180' title='bbox 137 2867 338 2927; x_wconf 87' lang='lat' dir='ltr'><strong>Deum</strong></span> <span class='ocrx_word' id='word_1_181' title='bbox 375 2883 520 2927; x_wconf 83' lang='lat' dir='ltr'><strong>esse</strong></span> <span class='ocrx_word' id='word_1_182' title='bbox 557 2865 1278 2945; x_wconf 84' lang='lat' dir='ltr'><strong>incomprehensibilem,</strong></span> <span class='ocrx_word' id='word_1_183' title='bbox 1299 2883 1427 2926; x_wconf 90' lang='lat' dir='ltr'><strong>non</strong></span> <span class='ocrx_word' id='word_1_184' title='bbox 1477 2870 1571 2926; x_wconf 88' lang='lat' dir='ltr'><strong>est</strong></span> <span class='ocrx_word' id='word_1_185' title='bbox 1601 2883 1712 2925; x_wconf 88' lang='lat' dir='ltr'><strong>ne·</strong></span> 
     </span>
     <span class='ocr_line' id='line_1_28' title="bbox 137 2957 1712 3037; baseline -0.001 -17"><span class='ocrx_word' id='word_1_186' title='bbox 137 2977 314 3021; x_wconf 85' lang='lat' dir='ltr'><strong>cesse</strong></span> <span class='ocrx_word' id='word_1_187' title='bbox 357 2965 432 3020; x_wconf 88' lang='lat' dir='ltr'><strong>nt</strong></span> <span class='ocrx_word' id='word_1_188' title='bbox 461 2957 754 3020; x_wconf 84' lang='lat' dir='ltr'><strong>excludat</strong></span> <span class='ocrx_word' id='word_1_189' title='bbox 806 2957 1432 3037; x_wconf 85' lang='lat' dir='ltr'><strong>comprehensionem</strong></span> <span class='ocrx_word' id='word_1_190' title='bbox 1493 2975 1712 3018; x_wconf 89' lang='lat' dir='ltr'><strong>secun-</strong></span> 
     </span>
     <span class='ocr_line' id='line_1_29' title="bbox 137 3051 1713 3133; baseline -0.002 -19"><span class='ocrx_word' id='word_1_191' title='bbox 137 3054 288 3114; x_wconf 87' lang='lat' dir='ltr'><strong>dum</strong></span> <span class='ocrx_word' id='word_1_192' title='bbox 321 3053 500 3133; x_wconf 89' lang='lat' dir='ltr'><strong>quid,</strong></span> <span class='ocrx_word' id='word_1_193' title='bbox 537 3070 652 3114; x_wconf 88' lang='lat' dir='ltr'><strong>seu</strong></span> <span class='ocrx_word' id='word_1_194' title='bbox 699 3051 1108 3126; x_wconf 80' lang='lat' dir='ltr'><strong>extensivam,</strong></span> <span class='ocrx_word' id='word_1_195' title='bbox 1140 3051 1254 3113; x_wconf 89' lang='lat' dir='ltr'><strong>sed</strong></span> <span class='ocrx_word' id='word_1_196' title='bbox 1299 3051 1713 3130; x_wconf 82' lang='lat' dir='ltr'><strong>comprehen-</strong></span> 
     </span>
     <span class='ocr_line' id='line_1_30' title="bbox 141 3144 1708 3224; baseline -0.001 -16"><span class='ocrx_word' id='word_1_197' title='bbox 141 3148 382 3208; x_wconf 79' lang='lat' dir='ltr'><strong>sionem</strong></span> <span class='ocrx_word' id='word_1_198' title='bbox 396 3147 569 3207; x_wconf 90' lang='lat' dir='ltr'><strong>omni</strong></span> <span class='ocrx_word' id='word_1_199' title='bbox 587 3145 774 3206; x_wconf 88' lang='lat' dir='ltr'><strong>modo</strong></span> <span class='ocrx_word' id='word_1_200' title='bbox 794 3145 1158 3224; x_wconf 82' lang='lat' dir='ltr'><strong>perfectam,</strong></span> <span class='ocrx_word' id='word_1_201' title='bbox 1179 3145 1366 3206; x_wconf 89' lang='lat' dir='ltr'><strong>etiam</strong></span> <span class='ocrx_word' id='word_1_202' title='bbox 1383 3144 1708 3206; x_wconf 78' lang='lat' dir='ltr'><strong>intensive.</strong></span> 
     </span>
     <span class='ocr_line' id='line_1_31' title="bbox 139 3238 1713 3318; baseline 0 -18"><span class='ocrx_word' id='word_1_203' title='bbox 139 3241 318 3315; x_wconf 83' lang='lat' dir='ltr'><strong>Quod</strong></span> <span class='ocrx_word' id='word_1_204' title='bbox 343 3241 398 3300; x_wconf 91' lang='lat' dir='ltr'><strong>si</strong></span> <span class='ocrx_word' id='word_1_205' title='bbox 427 3257 558 3299; x_wconf 90' lang='lat' dir='ltr'><strong>non</strong></span> <span class='ocrx_word' id='word_1_206' title='bbox 583 3245 902 3318; x_wconf 84' lang='lat' dir='ltr'><strong>repugnat</strong></span> <span class='ocrx_word' id='word_1_207' title='bbox 930 3238 1382 3299; x_wconf 88' lang='lat' dir='ltr'><strong>communicari</strong></span> <span class='ocrx_word' id='word_1_208' title='bbox 1412 3245 1713 3301; x_wconf 73' lang='lat' dir='ltr'><strong>creatum</strong></span> 
     </span>
     <span class='ocr_line' id='line_1_32' title="bbox 139 3330 1712 3410; baseline -0.003 -14"><span class='ocrx_word' id='word_1_209' title='bbox 139 3335 332 3396; x_wconf 85' lang='lat' dir='ltr'><strong>talem</strong></span> <span class='ocrx_word' id='word_1_210' title='bbox 363 3331 703 3408; x_wconf 85' lang='lat' dir='ltr'><strong>visionem,</strong></span> <span class='ocrx_word' id='word_1_211' title='bbox 733 3349 860 3410; x_wconf 88' lang='lat' dir='ltr'><strong>qua</strong></span> <span class='ocrx_word' id='word_1_212' title='bbox 911 3330 1168 3393; x_wconf 90' lang='lat' dir='ltr'><strong>omnino</strong></span> <span class='ocrx_word' id='word_1_213' title='bbox 1215 3331 1500 3393; x_wconf 88' lang='lat' dir='ltr'><strong>videatur</strong></span> <span class='ocrx_word' id='word_1_214' title='bbox 1543 3333 1712 3392; x_wconf 89' lang='lat' dir='ltr'><strong>Deus</strong></span> 
     </span>
     <span class='ocr_line' id='line_1_33' title="bbox 137 3423 1713 3507; baseline -0.003 -19"><span class='ocrx_word' id='word_1_215' title='bbox 137 3426 352 3507; x_wconf 82' lang='lat' dir='ltr'><strong>quoad</strong></span> <span class='ocrx_word' id='word_1_216' title='bbox 380 3424 822 3488; x_wconf 80' lang='lat' dir='ltr'><strong>extensionem</strong></span> <span class='ocrx_word' id='word_1_217' title='bbox 856 3425 1146 3505; x_wconf 62' lang='lat' dir='ltr'><strong>potentiae</strong></span> <span class='ocrx_word' id='word_1_218' title='bbox 1163 3441 1320 3499; x_wconf 80' lang='lat' dir='ltr'><strong>suae,</strong></span> <span class='ocrx_word' id='word_1_219' title='bbox 1351 3423 1713 3486; x_wconf 86' lang='lat' dir='ltr'><strong>credibilius</strong></span> 
     </span>
     <span class='ocr_line' id='line_1_34' title="bbox 139 3517 1710 3592; baseline -0.003 -9"><span class='ocrx_word' id='word_1_220' title='bbox 139 3540 294 3583; x_wconf 82' lang='lat' dir='ltr'><strong>sane</strong></span> <span class='ocrx_word' id='word_1_221' title='bbox 325 3521 446 3581; x_wconf 86' lang='lat' dir='ltr'><strong>erit</strong></span> <span class='ocrx_word' id='word_1_222' title='bbox 475 3535 614 3580; x_wconf 87' lang='lat' dir='ltr'><strong>esse</strong></span> <span class='ocrx_word' id='word_1_223' title='bbox 643 3519 1170 3580; x_wconf 75' lang='lat' dir='ltr'><strong>communicatam</strong></span> <span class='ocrx_word' id='word_1_224' title='bbox 1212 3517 1436 3578; x_wconf 79' lang='lat' dir='ltr'><strong>animae</strong></span> <span class='ocrx_word' id='word_1_225' title='bbox 1465 3517 1710 3592; x_wconf 81' lang='lat' dir='ltr'><strong>Christi,</strong></span> 
     </span>
     <span class='ocr_line' id='line_1_35' title="bbox 139 3610 1712 3690; baseline -0.002 -15"><span class='ocrx_word' id='word_1_226' title='bbox 139 3622 206 3676; x_wconf 89' lang='lat' dir='ltr'><strong>ut</strong></span> <span class='ocrx_word' id='word_1_227' title='bbox 231 3614 422 3676; x_wconf 82' lang='lat' dir='ltr'><strong>facile</strong></span> <span class='ocrx_word' id='word_1_228' title='bbox 471 3610 716 3673; x_wconf 85' lang='lat' dir='ltr'><strong>ostendi</strong></span> <span class='ocrx_word' id='word_1_229' title='bbox 744 3615 950 3690; x_wconf 82' lang='lat' dir='ltr'><strong>potest</strong></span> <span class='ocrx_word' id='word_1_230' title='bbox 977 3631 1056 3673; x_wconf 90' lang='lat' dir='ltr'><strong>ex</strong></span> <span class='ocrx_word' id='word_1_231' title='bbox 1078 3612 1176 3673; x_wconf 84' lang='lat' dir='ltr'><strong>his</strong></span> <span class='ocrx_word' id='word_1_232' title='bbox 1205 3627 1343 3690; x_wconf 86' lang='lat' dir='ltr'><strong>quae</strong></span> <span class='ocrx_word' id='word_1_233' title='bbox 1387 3610 1466 3672; x_wconf 88' lang='lat' dir='ltr'><strong>de</strong></span> <span class='ocrx_word' id='word_1_234' title='bbox 1497 3611 1712 3690; x_wconf 70' lang='lat' dir='ltr'><strong>gratiae</strong></span> 
     </span>
     <span class='ocr_line' id='line_1_36' title="bbox 139 3703 998 3788; baseline -0.001 -20"><span class='ocrx_word' id='word_1_235' title='bbox 139 3709 340 3788; x_wconf 79' lang='lat' dir='ltr'><strong>ipsius</strong></span> <span class='ocrx_word' id='word_1_236' title='bbox 369 3705 678 3767; x_wconf 81' lang='lat' dir='ltr'><strong>infinitate</strong></span> <span class='ocrx_word' id='word_1_237' title='bbox 707 3703 998 3767; x_wconf 65' lang='lat' dir='ltr'><strong>diximus„</strong></span> 
     </span>
    </p>

    <p class='ocr_par' dir='ltr' id='par_1_4' title="bbox 137 3799 1712 5660">
     <span class='ocr_line' id='line_1_37' title="bbox 220 3799 1707 3880; baseline -0.001 -18"><span class='ocrx_word' id='word_1_238' title='bbox 220 3805 319 3862; x_wconf 75' lang='lat'><strong>12.</strong></span> <span class='ocrx_word' id='word_1_239' title='bbox 341 3799 691 3862; x_wconf 73' lang='lat' dir='ltr'><strong>Robur-atur</strong></span> <span class='ocrx_word' id='word_1_240' title='bbox 709 3800 896 3873; x_wconf 77' lang='lat' dir='ltr'><strong>ratio,</strong></span> <span class='ocrx_word' id='word_1_241' title='bbox 926 3803 982 3862; x_wconf 80' lang='lat' dir='ltr'><strong>et</strong></span> <span class='ocrx_word' id='word_1_242' title='bbox 1005 3799 1306 3862; x_wconf 78' lang='lat' dir='ltr'><strong>enervatio</strong></span> <span class='ocrx_word' id='word_1_243' title='bbox 1331 3801 1707 3880; x_wconf 65' lang='lat' dir='ltr'><strong>expenditur.</strong></span> 
     </span>
     <span class='ocr_line' id='line_1_38' title="bbox 141 3889 1712 3970; baseline -0.001 -15"><span class='ocrx_word' id='word_1_244' title='bbox 141 3895 314 3956; x_wconf 85' lang='lat' dir='ltr'><strong>-In</strong></span> <span class='ocrx_word' id='word_1_245' title='bbox 348 3895 469 3954; x_wconf 87' lang='lat' dir='ltr'><strong>hac</strong></span> <span class='ocrx_word' id='word_1_246' title='bbox 497 3891 931 3970; x_wconf 87' lang='lat' dir='ltr'><strong>responsione,</strong></span> <span class='ocrx_word' id='word_1_247' title='bbox 961 3889 1396 3954; x_wconf 85' lang='lat' dir='ltr'><strong>conditionalis</strong></span> <span class='ocrx_word' id='word_1_248' title='bbox 1421 3892 1526 3953; x_wconf 88' lang='lat' dir='ltr'><strong>illa</strong></span> <span class='ocrx_word' id='word_1_249' title='bbox 1557 3893 1712 3953; x_wconf 88' lang='lat' dir='ltr'><strong>mihi</strong></span> 
     </span>
     <span class='ocr_line' id='line_1_39' title="bbox 139 3984 1712 4067; baseline -0.002 -18"><span class='ocrx_word' id='word_1_250' title='bbox 139 3989 322 4050; x_wconf 80' lang='lat' dir='ltr'><strong>valde</strong></span> <span class='ocrx_word' id='word_1_251' title='bbox 349 3985 583 4067; x_wconf 86' lang='lat' dir='ltr'><strong>placet,</strong></span> <span class='ocrx_word' id='word_1_252' title='bbox 617 3988 680 4046; x_wconf 86' lang='lat' dir='ltr'><strong>et</strong></span> <span class='ocrx_word' id='word_1_253' title='bbox 707 3984 840 4046; x_wconf 77' lang='lat' dir='ltr'><strong>fere</strong></span> <span class='ocrx_word' id='word_1_254' title='bbox 863 4003 938 4046; x_wconf 84' lang='lat' dir='ltr'><strong>ex</strong></span> <span class='ocrx_word' id='word_1_255' title='bbox 967 3985 1248 4048; x_wconf 83' lang='lat' dir='ltr'><strong>terminis</strong></span> <span class='ocrx_word' id='word_1_256' title='bbox 1279 3985 1472 4066; x_wconf 84' lang='lat' dir='ltr'><strong>longe</strong></span> <span class='ocrx_word' id='word_1_257' title='bbox 1499 3987 1712 4048; x_wconf 85' lang='lat' dir='ltr'><strong>verisi-</strong></span> 
     </span>
     <span class='ocr_line' id='line_1_40' title="bbox 141 4077 1710 4160; baseline -0.001 -19"><span class='ocrx_word' id='word_1_258' title='bbox 141 4081 352 4141; x_wconf 87' lang='lat' dir='ltr'><strong>milior</strong></span> <span class='ocrx_word' id='word_1_259' title='bbox 399 4083 684 4159; x_wconf 86' lang='lat' dir='ltr'><strong>apparet,</strong></span> <span class='ocrx_word' id='word_1_260' title='bbox 737 4077 1030 4138; x_wconf 88' lang='lat' dir='ltr'><strong>nimirum</strong></span> <span class='ocrx_word' id='word_1_261' title='bbox 1059 4124 1076 4152; x_wconf 92' lang='lat'><strong>,</strong></span> <span class='ocrx_word' id='word_1_262' title='bbox 1113 4079 1164 4139; x_wconf 89' lang='lat' dir='ltr'><strong>si</strong></span> <span class='ocrx_word' id='word_1_263' title='bbox 1217 4096 1343 4139; x_wconf 92' lang='lat' dir='ltr'><strong>non</strong></span> <span class='ocrx_word' id='word_1_264' title='bbox 1397 4086 1710 4160; x_wconf 82' lang='lat' dir='ltr'><strong>repugnat</strong></span> 
     </span>
     <span class='ocr_line' id='line_1_41' title="bbox 141 4171 1705 4250; baseline 0 -16"><span class='ocrx_word' id='word_1_265' title='bbox 141 4175 270 4235; x_wconf 83' lang='lat' dir='ltr'><strong>dari</strong></span> <span class='ocrx_word' id='word_1_266' title='bbox 296 4173 610 4234; x_wconf 76' lang='lat' dir='ltr'><strong>visionem</strong></span> <span class='ocrx_word' id='word_1_267' title='bbox 646 4177 943 4244; x_wconf 88' lang='lat' dir='ltr'><strong>creatam,</strong></span> <span class='ocrx_word' id='word_1_268' title='bbox 969 4187 1095 4250; x_wconf 87' lang='lat' dir='ltr'><strong>qua</strong></span> <span class='ocrx_word' id='word_1_269' title='bbox 1123 4171 1458 4234; x_wconf 89' lang='lat' dir='ltr'><strong>videantur</strong></span> <span class='ocrx_word' id='word_1_270' title='bbox 1487 4173 1555 4234; x_wconf 88' lang='lat' dir='ltr'><strong>in</strong></span> <span class='ocrx_word' id='word_1_271' title='bbox 1577 4173 1705 4234; x_wconf 91' lang='lat' dir='ltr'><strong>Deo</strong></span> 
     </span>
     <span class='ocr_line' id='line_1_42' title="bbox 145 4262 1706 4344; baseline -0.001 -16"><span class='ocrx_word' id='word_1_272' title='bbox 145 4267 356 4328; x_wconf 88' lang='lat' dir='ltr'><strong>omnia</strong></span> <span class='ocrx_word' id='word_1_273' title='bbox 371 4283 520 4344; x_wconf 67' lang='lat' dir='ltr'><strong>qnae</strong></span> <span class='ocrx_word' id='word_1_274' title='bbox 537 4265 706 4326; x_wconf 87' lang='lat' dir='ltr'><strong>Deus</strong></span> <span class='ocrx_word' id='word_1_275' title='bbox 731 4262 900 4325; x_wconf 88' lang='lat' dir='ltr'><strong>videt</strong></span> <span class='ocrx_word' id='word_1_276' title='bbox 923 4263 1185 4326; x_wconf 90' lang='lat' dir='ltr'><strong>seientia</strong></span> <span class='ocrx_word' id='word_1_277' title='bbox 1209 4263 1506 4344; x_wconf 89' lang='lat' dir='ltr'><strong>simplicis</strong></span> <span class='ocrx_word' id='word_1_278' title='bbox 1527 4265 1706 4328; x_wconf 89' lang='lat' dir='ltr'><strong>intel·</strong></span> 
     </span>
     <span class='ocr_line' id='line_1_43' title="bbox 137 4357 1708 4441; baseline -0.001 -19"><span class='ocrx_word' id='word_1_279' title='bbox 137 4361 412 4441; x_wconf 81' lang='lat' dir='ltr'><strong>ligentiae</strong></span> <span class='ocrx_word' id='word_1_280' title='bbox 439 4365 503 4421; x_wconf 87' lang='lat' dir='ltr'><strong>et</strong></span> <span class='ocrx_word' id='word_1_281' title='bbox 531 4359 808 4430; x_wconf 89' lang='lat' dir='ltr'><strong>visionis,</strong></span> <span class='ocrx_word' id='word_1_282' title='bbox 837 4358 1027 4420; x_wconf 89' lang='lat' dir='ltr'><strong>talem</strong></span> <span class='ocrx_word' id='word_1_283' title='bbox 1071 4357 1380 4420; x_wconf 88' lang='lat' dir='ltr'><strong>visionem</strong></span> <span class='ocrx_word' id='word_1_284' title='bbox 1422 4377 1708 4421; x_wconf 90' lang='lat' dir='ltr'><strong>commu-</strong></span> 
     </span>
     <span class='ocr_line' id='line_1_44' title="bbox 138 4450 1708 4530; baseline 0.001 -16"><span class='ocrx_word' id='word_1_285' title='bbox 138 4457 412 4516; x_wconf 87' lang='lat' dir='ltr'><strong>nicatam</strong></span> <span class='ocrx_word' id='word_1_286' title='bbox 441 4469 584 4514; x_wconf 85' lang='lat' dir='ltr'><strong>esse</strong></span> <span class='ocrx_word' id='word_1_287' title='bbox 609 4451 832 4512; x_wconf 81' lang='lat' dir='ltr'><strong>animae</strong></span> <span class='ocrx_word' id='word_1_288' title='bbox 851 4450 1070 4512; x_wconf 87' lang='lat' dir='ltr'><strong>Christi</strong></span> <span class='ocrx_word' id='word_1_289' title='bbox 1094 4471 1110 4523; x_wconf 83' lang='lat'>3</span> <span class='ocrx_word' id='word_1_290' title='bbox 1147 4453 1294 4530; x_wconf 89' lang='lat' dir='ltr'><strong>quia</strong></span> <span class='ocrx_word' id='word_1_291' title='bbox 1322 4458 1450 4515; x_wconf 89' lang='lat' dir='ltr'><strong>tota</strong></span> <span class='ocrx_word' id='word_1_292' title='bbox 1481 4454 1582 4515; x_wconf 89' lang='lat' dir='ltr'><strong>illa</strong></span> <span class='ocrx_word' id='word_1_293' title='bbox 1613 4460 1708 4516; x_wconf 90' lang='lat' dir='ltr'><strong>est</strong></span> 
     </span>
     <span class='ocr_line' id='line_1_45' title="bbox 141 4544 1706 4627; baseline 0.001 -19"><span class='ocrx_word' id='word_1_294' title='bbox 141 4546 612 4627; x_wconf 79' lang='lat' dir='ltr'><strong>proportionata</strong></span> <span class='ocrx_word' id='word_1_295' title='bbox 629 4544 918 4622; x_wconf 76' lang='lat' dir='ltr'><strong>dignitati</strong></span> <span class='ocrx_word' id='word_1_296' title='bbox 940 4544 1102 4622; x_wconf 86' lang='lat' dir='ltr'><strong>ejus,</strong></span> <span class='ocrx_word' id='word_1_297' title='bbox 1125 4548 1188 4606; x_wconf 90' lang='lat' dir='ltr'><strong>et</strong></span> <span class='ocrx_word' id='word_1_298' title='bbox 1207 4546 1475 4608; x_wconf 88' lang='lat' dir='ltr'><strong>multum</strong></span> <span class='ocrx_word' id='word_1_299' title='bbox 1498 4548 1706 4609; x_wconf 86' lang='lat' dir='ltr'><strong>confe—</strong></span> 
     </span>
     <span class='ocr_line' id='line_1_46' title="bbox 137 4637 1706 4718; baseline 0.001 -17"><span class='ocrx_word' id='word_1_300' title='bbox 137 4649 227 4702; x_wconf 88' lang='lat' dir='ltr'><strong>ret</strong></span> <span class='ocrx_word' id='word_1_301' title='bbox 256 4641 340 4700; x_wconf 84' lang='lat' dir='ltr'><strong>ad</strong></span> <span class='ocrx_word' id='word_1_302' title='bbox 365 4637 818 4718; x_wconf 79' lang='lat' dir='ltr'><strong>perfectionem</strong></span> <span class='ocrx_word' id='word_1_303' title='bbox 841 4637 1246 4699; x_wconf 85' lang='lat' dir='ltr'><strong>beatitudinis</strong></span> <span class='ocrx_word' id='word_1_304' title='bbox 1263 4639 1422 4718; x_wconf 86' lang='lat' dir='ltr'><strong>ejus.</strong></span> <span class='ocrx_word' id='word_1_305' title='bbox 1459 4641 1536 4702; x_wconf 86' lang='lat' dir='ltr'><strong>Et</strong></span> <span class='ocrx_word' id='word_1_306' title='bbox 1564 4641 1706 4703; x_wconf 89' lang='lat' dir='ltr'><strong>nul-</strong></span> 
     </span>
     <span class='ocr_line' id='line_1_47' title="bbox 137 4731 1704 4812; baseline 0.002 -18"><span class='ocrx_word' id='word_1_307' title='bbox 137 4734 194 4795; x_wconf 87' lang='lat' dir='ltr'><strong>la</strong></span> <span class='ocrx_word' id='word_1_308' title='bbox 221 4739 316 4796; x_wconf 89' lang='lat' dir='ltr'><strong>est</strong></span> <span class='ocrx_word' id='word_1_309' title='bbox 344 4731 693 4812; x_wconf 84' lang='lat' dir='ltr'><strong>probabitis</strong></span> <span class='ocrx_word' id='word_1_310' title='bbox 729 4732 888 4792; x_wconf 88' lang='lat' dir='ltr'><strong>ratio</strong></span> <span class='ocrx_word' id='word_1_311' title='bbox 923 4731 1004 4792; x_wconf 90' lang='lat' dir='ltr'><strong>ob</strong></span> <span class='ocrx_word' id='word_1_312' title='bbox 1041 4749 1234 4810; x_wconf 88' lang='lat' dir='ltr'><strong>quam</strong></span> <span class='ocrx_word' id='word_1_313' title='bbox 1261 4733 1404 4794; x_wconf 85' lang='lat' dir='ltr'><strong>talis</strong></span> <span class='ocrx_word' id='word_1_314' title='bbox 1429 4734 1586 4796; x_wconf 90' lang='lat' dir='ltr'><strong>visio</strong></span> <span class='ocrx_word' id='word_1_315' title='bbox 1613 4733 1704 4797; x_wconf 88' lang='lat' dir='ltr'><strong>illi</strong></span> 
     </span>
     <span class='ocr_line' id='line_1_48' title="bbox 141 4825 1704 4900; baseline 0.001 -11"><span class='ocrx_word' id='word_1_316' title='bbox 141 4827 602 4889; x_wconf 87' lang='lat' dir='ltr'><strong>communicata</strong></span> <span class='ocrx_word' id='word_1_317' title='bbox 641 4842 770 4886; x_wconf 90' lang='lat' dir='ltr'><strong>non</strong></span> <span class='ocrx_word' id='word_1_318' title='bbox 815 4825 914 4900; x_wconf 86' lang='lat' dir='ltr'><strong>sit,</strong></span> <span class='ocrx_word' id='word_1_319' title='bbox 943 4827 1216 4887; x_wconf 87' lang='lat' dir='ltr'><strong>maxime</strong></span> <span class='ocrx_word' id='word_1_320' title='bbox 1254 4845 1398 4887; x_wconf 90' lang='lat' dir='ltr'><strong>cum</strong></span> <span class='ocrx_word' id='word_1_321' title='bbox 1443 4827 1704 4890; x_wconf 80' lang='lat' dir='ltr'><strong>interius</strong></span> 
     </span>
     <span class='ocr_line' id='line_1_49' title="bbox 141 4918 1704 4993; baseline 0.001 -11"><span class='ocrx_word' id='word_1_322' title='bbox 141 4921 450 4984; x_wconf 82' lang='lat' dir='ltr'><strong>ostensuri</strong></span> <span class='ocrx_word' id='word_1_323' title='bbox 482 4920 704 4993; x_wconf 81' lang='lat' dir='ltr'><strong>simne,</strong></span> <span class='ocrx_word' id='word_1_324' title='bbox 737 4919 788 4979; x_wconf 90' lang='lat' dir='ltr'><strong>si</strong></span> <span class='ocrx_word' id='word_1_325' title='bbox 814 4919 956 4980; x_wconf 86' lang='lat' dir='ltr'><strong>talis</strong></span> <span class='ocrx_word' id='word_1_326' title='bbox 983 4918 1138 4980; x_wconf 88' lang='lat' dir='ltr'><strong>visio</strong></span> <span class='ocrx_word' id='word_1_327' title='bbox 1167 4919 1422 4982; x_wconf 85' lang='lat' dir='ltr'><strong>aliunde</strong></span> <span class='ocrx_word' id='word_1_328' title='bbox 1449 4939 1578 4982; x_wconf 89' lang='lat' dir='ltr'><strong>non</strong></span> <span class='ocrx_word' id='word_1_329' title='bbox 1609 4928 1704 4984; x_wconf 87' lang='lat' dir='ltr'><strong>est</strong></span> 
     </span>
     <span class='ocr_line' id='line_1_50' title="bbox 142 5011 1700 5095; baseline 0 -19"><span class='ocrx_word' id='word_1_330' title='bbox 142 5014 552 5095; x_wconf 70' lang='lat' dir='ltr'><strong>impossibilis,</strong></span> <span class='ocrx_word' id='word_1_331' title='bbox 593 5015 776 5090; x_wconf 86' lang='lat' dir='ltr'><strong>posse</strong></span> <span class='ocrx_word' id='word_1_332' title='bbox 829 5013 1064 5092; x_wconf 88' lang='lat' dir='ltr'><strong>optime</strong></span> <span class='ocrx_word' id='word_1_333' title='bbox 1093 5011 1354 5091; x_wconf 82' lang='lat' dir='ltr'><strong>intelligi</strong></span> <span class='ocrx_word' id='word_1_334' title='bbox 1408 5015 1542 5076; x_wconf 90' lang='lat' dir='ltr'><strong>sine</strong></span> <span class='ocrx_word' id='word_1_335' title='bbox 1569 5015 1700 5076; x_wconf 88' lang='lat' dir='ltr'><strong>ulla</strong></span> 
     </span>
     <span class='ocr_line' id='line_1_51' title="bbox 145 5105 1700 5184; baseline 0.001 -17"><span class='ocrx_word' id='word_1_336' title='bbox 145 5107 434 5171; x_wconf 82' lang='lat' dir='ltr'><strong>infinitate</strong></span> <span class='ocrx_word' id='word_1_337' title='bbox 487 5105 815 5167; x_wconf 83' lang='lat' dir='ltr'><strong>entitativa</strong></span> <span class='ocrx_word' id='word_1_338' title='bbox 854 5121 970 5184; x_wconf 88' lang='lat' dir='ltr'><strong>per</strong></span> <span class='ocrx_word' id='word_1_339' title='bbox 1013 5105 1273 5168; x_wconf 89' lang='lat' dir='ltr'><strong>modum</strong></span> <span class='ocrx_word' id='word_1_340' title='bbox 1331 5105 1700 5169; x_wconf 84' lang='lat' dir='ltr'><strong>intensionis</strong></span> 
     </span>
     <span class='ocr_line' id='line_1_52' title="bbox 145 5197 1696 5278; baseline -0.003 -13"><span class='ocrx_word' id='word_1_341' title='bbox 145 5203 226 5264; x_wconf 76' lang='lat' dir='ltr'><strong>vel</strong></span> <span class='ocrx_word' id='word_1_342' title='bbox 277 5201 692 5272; x_wconf 81' lang='lat' dir='ltr'><strong>extensionis,</strong></span> <span class='ocrx_word' id='word_1_343' title='bbox 723 5197 837 5259; x_wconf 88' lang='lat' dir='ltr'><strong>sed</strong></span> <span class='ocrx_word' id='word_1_344' title='bbox 887 5198 1094 5259; x_wconf 89' lang='lat' dir='ltr'><strong>solum</strong></span> <span class='ocrx_word' id='word_1_345' title='bbox 1124 5215 1269 5258; x_wconf 90' lang='lat' dir='ltr'><strong>eum</strong></span> <span class='ocrx_word' id='word_1_346' title='bbox 1311 5197 1696 5278; x_wconf 82' lang='lat' dir='ltr'><strong>perfectione</strong></span> 
     </span>
     <span class='ocr_line' id='line_1_53' title="bbox 147 5291 1695 5371; baseline -0.003 -14"><span class='ocrx_word' id='word_1_347' title='bbox 147 5295 484 5358; x_wconf 81' lang='lat' dir='ltr'><strong>indivisibili</strong></span> <span class='ocrx_word' id='word_1_348' title='bbox 515 5292 883 5371; x_wconf 85' lang='lat' dir='ltr'><strong>simpliciter</strong></span> <span class='ocrx_word' id='word_1_349' title='bbox 909 5291 1112 5366; x_wconf 85' lang='lat' dir='ltr'><strong>finita,</strong></span> <span class='ocrx_word' id='word_1_350' title='bbox 1145 5297 1208 5353; x_wconf 87' lang='lat' dir='ltr'><strong>et</strong></span> <span class='ocrx_word' id='word_1_351' title='bbox 1227 5291 1536 5371; x_wconf 89' lang='lat' dir='ltr'><strong>objective</strong></span> <span class='ocrx_word' id='word_1_352' title='bbox 1563 5298 1695 5354; x_wconf 88' lang='lat' dir='ltr'><strong>tan-</strong></span> 
     </span>
     <span class='ocr_line' id='line_1_54' title="bbox 149 5385 1688 5465; baseline -0.001 -15"><span class='ocrx_word' id='word_1_353' title='bbox 149 5397 258 5452; x_wconf 85' lang='lat' dir='ltr'><strong>tum</strong></span> <span class='ocrx_word' id='word_1_354' title='bbox 286 5389 565 5458; x_wconf 76' lang='lat' dir='ltr'><strong>infinita,</strong></span> <span class='ocrx_word' id='word_1_355' title='bbox 599 5403 796 5465; x_wconf 88' lang='lat' dir='ltr'><strong>quam</strong></span> <span class='ocrx_word' id='word_1_356' title='bbox 843 5390 1084 5446; x_wconf 83' lang='lat' dir='ltr'><strong>constat</strong></span> <span class='ocrx_word' id='word_1_357' title='bbox 1125 5403 1264 5448; x_wconf 88' lang='lat' dir='ltr'><strong>esse</strong></span> <span class='ocrx_word' id='word_1_358' title='bbox 1308 5385 1688 5465; x_wconf 88' lang='lat' dir='ltr'><strong>possibilem.</strong></span> 
     </span>
     <span class='ocr_line' id='line_1_55' title="bbox 149 5477 1693 5566; baseline -0.003 -22"><span class='ocrx_word' id='word_1_359' title='bbox 149 5484 339 5566; x_wconf 82' lang='lat' dir='ltr'><strong>ltaque</strong></span> <span class='ocrx_word' id='word_1_360' title='bbox 389 5479 843 5547; x_wconf 83' lang='lat' dir='ltr'><strong>conditionalis</strong></span> <span class='ocrx_word' id='word_1_361' title='bbox 884 5479 1012 5553; x_wconf 86' lang='lat' dir='ltr'><strong>illa,</strong></span> <span class='ocrx_word' id='word_1_362' title='bbox 1065 5477 1206 5541; x_wconf 90' lang='lat' dir='ltr'><strong>licet</strong></span> <span class='ocrx_word' id='word_1_363' title='bbox 1255 5479 1510 5541; x_wconf 82' lang='lat' dir='ltr'><strong>evidens</strong></span> <span class='ocrx_word' id='word_1_364' title='bbox 1565 5497 1693 5540; x_wconf 88' lang='lat' dir='ltr'><strong>non</strong></span> 
     </span>
     <span class='ocr_line' id='line_1_56' title="bbox 153 5571 1692 5660; baseline -0.004 -20"><span class='ocrx_word' id='word_1_365' title='bbox 153 5579 230 5654; x_wconf 81' lang='lat' dir='ltr'><strong>sit,</strong></span> <span class='ocrx_word' id='word_1_366' title='bbox 257 5579 402 5660; x_wconf 86' lang='lat' dir='ltr'><strong>quia</strong></span> <span class='ocrx_word' id='word_1_367' title='bbox 447 5581 662 5640; x_wconf 84' lang='lat' dir='ltr'><strong>totum</strong></span> <span class='ocrx_word' id='word_1_368' title='bbox 707 5571 937 5653; x_wconf 86' lang='lat' dir='ltr'><strong>pendet</strong></span> <span class='ocrx_word' id='word_1_369' title='bbox 989 5591 1066 5638; x_wconf 87' lang='lat' dir='ltr'><strong>ex</strong></span> <span class='ocrx_word' id='word_1_370' title='bbox 1119 5571 1316 5636; x_wconf 88' lang='lat' dir='ltr'><strong>libera</strong></span> <span class='ocrx_word' id='word_1_371' title='bbox 1373 5573 1692 5638; x_wconf 86' lang='lat' dir='ltr'><strong>voluntate</strong></span> 
     </span>
    </p>
   </div>
   <div class='ocr_carea' id='block_1_3' title="bbox 2615 293 2645 346">
    <p class='ocr_par' dir='ltr' id='par_1_5' title="bbox 2615 293 2645 346">
     <span class='ocr_line' id='line_1_57' title="bbox 2615 293 2645 346; baseline 0 0"><span class='ocrx_word' id='word_1_372' title='bbox 2615 293 2645 346; x_wconf 63' lang='grc' dir='ltr'>Χ</span> 
     </span>
    </p>
   </div>
   <div class='ocr_carea' id='block_1_4' title="bbox 1773 429 3363 5657">
    <p class='ocr_par' dir='ltr' id='par_1_6' title="bbox 1793 429 3358 702">
     <span class='ocr_line' id='line_1_58' title="bbox 3279 429 3357 486; baseline -0.026 0"><span class='ocrx_word' id='word_1_373' title='bbox 3279 429 3357 486; x_wconf 72' lang='lat'><strong>2²5</strong></span> 
     </span>
     <span class='ocr_line' id='line_1_59' title="bbox 1795 520 3358 608; baseline 0.003 -18"><span class='ocrx_word' id='word_1_374' title='bbox 1795 529 1926 605; x_wconf 88' lang='lat' dir='ltr'><strong>Dei,</strong></span> <span class='ocrx_word' id='word_1_375' title='bbox 1954 547 2071 592; x_wconf 90' lang='lat' dir='ltr'><strong>nec</strong></span> <span class='ocrx_word' id='word_1_376' title='bbox 2113 535 2307 605; x_wconf 86' lang='lat' dir='ltr'><strong>certa,</strong></span> <span class='ocrx_word' id='word_1_377' title='bbox 2335 530 2485 608; x_wconf 86' lang='lat' dir='ltr'><strong>quia</strong></span> <span class='ocrx_word' id='word_1_378' title='bbox 2529 520 2657 592; x_wconf 88' lang='lat' dir='ltr'><strong>non</strong></span> <span class='ocrx_word' id='word_1_379' title='bbox 2693 535 2787 591; x_wconf 89' lang='lat' dir='ltr'><strong>est</strong></span> <span class='ocrx_word' id='word_1_380' title='bbox 2814 528 3116 608; x_wconf 85' lang='lat' dir='ltr'><strong>revelata,</strong></span> <span class='ocrx_word' id='word_1_381' title='bbox 3148 537 3243 594; x_wconf 89' lang='lat' dir='ltr'><strong>est</strong></span> <span class='ocrx_word' id='word_1_382' title='bbox 3265 538 3358 594; x_wconf 90' lang='lat' dir='ltr'><strong>ta·</strong></span> 
     </span>
     <span class='ocr_line' id='line_1_60' title="bbox 1793 621 3115 702; baseline 0.002 -19"><span class='ocrx_word' id='word_1_383' title='bbox 1793 641 1938 684; x_wconf 88' lang='lat' dir='ltr'><strong>men</strong></span> <span class='ocrx_word' id='word_1_384' title='bbox 1964 642 2080 702; x_wconf 89' lang='lat' dir='ltr'><strong>per</strong></span> <span class='ocrx_word' id='word_1_385' title='bbox 2100 629 2167 685; x_wconf 86' lang='lat' dir='ltr'><strong>se</strong></span> <span class='ocrx_word' id='word_1_386' title='bbox 2195 622 2591 685; x_wconf 87' lang='lat' dir='ltr'><strong>verisimilior</strong></span> <span class='ocrx_word' id='word_1_387' title='bbox 2617 627 2679 684; x_wconf 88' lang='lat' dir='ltr'><strong>et</strong></span> <span class='ocrx_word' id='word_1_388' title='bbox 2712 621 3115 702; x_wconf 85' lang='lat' dir='ltr'><strong>probabilior.</strong></span> 
     </span>
    </p>

    <p class='ocr_par' dir='ltr' id='par_1_7' title="bbox 1773 715 3363 5657">
     <span class='ocr_line' id='line_1_61' title="bbox 1877 715 3363 798; baseline 0.004 -20"><span class='ocrx_word' id='word_1_389' title='bbox 1877 719 1975 779; x_wconf 87' lang='grc'><strong>13.</strong></span> <span class='ocrx_word' id='word_1_390' title='bbox 2028 717 2480 798; x_wconf 71' lang='lat' dir='ltr'><strong>comprehensio</strong></span> <span class='ocrx_word' id='word_1_391' title='bbox 2509 717 2773 778; x_wconf 76' lang='lat' dir='ltr'><strong>omnium</strong></span> <span class='ocrx_word' id='word_1_392' title='bbox 2802 733 2932 798; x_wconf 82' lang='lat' dir='ltr'><strong>quoe</strong></span> <span class='ocrx_word' id='word_1_393' title='bbox 2954 715 3037 778; x_wconf 68' lang='lat' dir='ltr'><strong>Pin</strong></span> <span class='ocrx_word' id='word_1_394' title='bbox 3066 719 3188 780; x_wconf 90' lang='lat' dir='ltr'><strong>Deo</strong></span> <span class='ocrx_word' id='word_1_395' title='bbox 3216 724 3363 784; x_wconf 77' lang='lat' dir='ltr'><strong>sunt</strong></span> 
     </span>
     <span class='ocr_line' id='line_1_62' title="bbox 1790 808 3361 884; baseline 0.003 -14"><span class='ocrx_word' id='word_1_396' title='bbox 1790 810 2133 883; x_wconf 79' lang='lat' dir='ltr'><strong>formaliter</strong></span> <span class='ocrx_word' id='word_1_397' title='bbox 2156 815 2213 874; x_wconf 80' lang='lat' dir='ltr'><strong>et</strong></span> <span class='ocrx_word' id='word_1_398' title='bbox 2231 811 2577 882; x_wconf 76' lang='lat' dir='ltr'><strong>eminenter,</strong></span> <span class='ocrx_word' id='word_1_399' title='bbox 2602 811 2783 872; x_wconf 82' lang='lat' dir='ltr'><strong>eciam</strong></span> <span class='ocrx_word' id='word_1_400' title='bbox 2812 808 2939 872; x_wconf 77' lang='lat' dir='ltr'><strong>sine</strong></span> <span class='ocrx_word' id='word_1_401' title='bbox 2979 811 3229 884; x_wconf 72' lang='lat' dir='ltr'><strong>infinita</strong></span> <span class='ocrx_word' id='word_1_402' title='bbox 3266 815 3361 875; x_wconf 81' lang='lat' dir='ltr'><strong>in·</strong></span> 
     </span>
     <span class='ocr_line' id='line_1_63' title="bbox 1793 901 3361 982; baseline 0 -18"><span class='ocrx_word' id='word_1_403' title='bbox 1793 905 2055 966; x_wconf 72' lang='lat' dir='ltr'><strong>tensione</strong></span> <span class='ocrx_word' id='word_1_404' title='bbox 2084 909 2142 966; x_wconf 87' lang='lat' dir='ltr'><strong>et</strong></span> <span class='ocrx_word' id='word_1_405' title='bbox 2189 903 2471 968; x_wconf 76' lang='lat' dir='ltr'><strong>claritate</strong></span> <span class='ocrx_word' id='word_1_406' title='bbox 2519 901 2935 982; x_wconf 74' lang='lat' dir='ltr'><strong>impossibilis.</strong></span> <span class='ocrx_word' id='word_1_407' title='bbox 2952 935 3035 951; x_wconf 91' lang='lat'><strong>—-</strong></span> <span class='ocrx_word' id='word_1_408' title='bbox 3062 903 3240 964; x_wconf 82' lang='lat' dir='ltr'><strong>Addo</strong></span> <span class='ocrx_word' id='word_1_409' title='bbox 3264 909 3361 964; x_wconf 86' lang='lat' dir='ltr'><strong>ta·-</strong></span> 
     </span>
     <span class='ocr_line' id='line_1_64' title="bbox 1791 995 3359 1076; baseline 0.001 -21"><span class='ocrx_word' id='word_1_410' title='bbox 1791 1013 1940 1056; x_wconf 89' lang='lat' dir='ltr'><strong>men</strong></span> <span class='ocrx_word' id='word_1_411' title='bbox 1984 996 2269 1070; x_wconf 87' lang='lat' dir='ltr'><strong>ulterius,</strong></span> <span class='ocrx_word' id='word_1_412' title='bbox 2302 996 2472 1057; x_wconf 87' lang='lat' dir='ltr'><strong>illam</strong></span> <span class='ocrx_word' id='word_1_413' title='bbox 2508 995 2932 1076; x_wconf 83' lang='lat' dir='ltr'><strong>hypothesim,</strong></span> <span class='ocrx_word' id='word_1_414' title='bbox 2978 995 3236 1071; x_wconf 87' lang='lat' dir='ltr'><strong>scilicet,</strong></span> <span class='ocrx_word' id='word_1_415' title='bbox 3272 1001 3359 1057; x_wconf 88' lang='lat' dir='ltr'><strong>ta·</strong></span> 
     </span>
     <span class='ocr_line' id='line_1_65' title="bbox 1789 1086 3356 1168; baseline 0.002 -22"><span class='ocrx_word' id='word_1_416' title='bbox 1789 1086 1916 1148; x_wconf 89' lang='lat' dir='ltr'><strong>lem</strong></span> <span class='ocrx_word' id='word_1_417' title='bbox 1966 1087 2265 1150; x_wconf 88' lang='lat' dir='ltr'><strong>visionem</strong></span> <span class='ocrx_word' id='word_1_418' title='bbox 2327 1090 2431 1150; x_wconf 90' lang='lat' dir='ltr'><strong>Dei</strong></span> <span class='ocrx_word' id='word_1_419' title='bbox 2488 1094 2762 1151; x_wconf 86' lang='lat' dir='ltr'><strong>creatam</strong></span> <span class='ocrx_word' id='word_1_420' title='bbox 2798 1107 2925 1150; x_wconf 92' lang='lat' dir='ltr'><strong>non</strong></span> <span class='ocrx_word' id='word_1_421' title='bbox 2975 1105 3356 1168; x_wconf 80' lang='lat' dir='ltr'><strong>repugnare,</strong></span> 
     </span>
     <span class='ocr_line' id='line_1_66' title="bbox 1795 1179 3362 1262; baseline 0.002 -23"><span class='ocrx_word' id='word_1_422' title='bbox 1795 1179 2015 1240; x_wconf 80' lang='lat' dir='ltr'><strong>falsam</strong></span> <span class='ocrx_word' id='word_1_423' title='bbox 2066 1199 2225 1243; x_wconf 88' lang='lat' dir='ltr'><strong>esse.</strong></span> <span class='ocrx_word' id='word_1_424' title='bbox 2267 1181 2638 1262; x_wconf 86' lang='lat' dir='ltr'><strong>Quanquam</strong></span> <span class='ocrx_word' id='word_1_425' title='bbox 2668 1182 2859 1258; x_wconf 79' lang='lat' dir='ltr'><strong>enim,</strong></span> <span class='ocrx_word' id='word_1_426' title='bbox 2885 1187 2957 1242; x_wconf 87' lang='lat' dir='ltr'><strong>ut</strong></span> <span class='ocrx_word' id='word_1_427' title='bbox 3010 1181 3216 1242; x_wconf 87' lang='lat' dir='ltr'><strong>statim</strong></span> <span class='ocrx_word' id='word_1_428' title='bbox 3266 1180 3362 1242; x_wconf 89' lang='lat' dir='ltr'><strong>di-</strong></span> 
     </span>
     <span class='ocr_line' id='line_1_67' title="bbox 1795 1271 3360 1349; baseline 0.001 -16"><span class='ocrx_word' id='word_1_429' title='bbox 1795 1290 1959 1344; x_wconf 84' lang='lat' dir='ltr'><strong>cam,</strong></span> <span class='ocrx_word' id='word_1_430' title='bbox 1988 1271 2233 1336; x_wconf 85' lang='lat' dir='ltr'><strong>difficile</strong></span> <span class='ocrx_word' id='word_1_431' title='bbox 2280 1275 2358 1337; x_wconf 88' lang='lat' dir='ltr'><strong>sit</strong></span> <span class='ocrx_word' id='word_1_432' title='bbox 2404 1276 2647 1336; x_wconf 89' lang='lat' dir='ltr'><strong>ratione</strong></span> <span class='ocrx_word' id='word_1_433' title='bbox 2687 1275 2807 1334; x_wconf 89' lang='lat' dir='ltr'><strong>hoc</strong></span> <span class='ocrx_word' id='word_1_434' title='bbox 2837 1274 3231 1349; x_wconf 88' lang='lat' dir='ltr'><strong>convincere,</strong></span> <span class='ocrx_word' id='word_1_435' title='bbox 3268 1280 3360 1335; x_wconf 85' lang='lat' dir='ltr'><strong>ta·</strong></span> 
     </span>
     <span class='ocr_line' id='line_1_68' title="bbox 1794 1365 3363 1448; baseline 0.003 -24"><span class='ocrx_word' id='word_1_436' title='bbox 1794 1383 1942 1426; x_wconf 89' lang='lat' dir='ltr'><strong>men</strong></span> <span class='ocrx_word' id='word_1_437' title='bbox 1974 1365 2037 1426; x_wconf 88' lang='lat' dir='ltr'><strong>in</strong></span> <span class='ocrx_word' id='word_1_438' title='bbox 2088 1367 2185 1428; x_wconf 87' lang='lat' dir='ltr'><strong>his</strong></span> <span class='ocrx_word' id='word_1_439' title='bbox 2236 1367 2424 1430; x_wconf 86' lang='lat' dir='ltr'><strong>rebus</strong></span> <span class='ocrx_word' id='word_1_440' title='bbox 2482 1386 2781 1448; x_wconf 86' lang='lat' dir='ltr'><strong>magnum</strong></span> <span class='ocrx_word' id='word_1_441' title='bbox 2830 1371 2925 1430; x_wconf 88' lang='lat' dir='ltr'><strong>est</strong></span> <span class='ocrx_word' id='word_1_442' title='bbox 2974 1367 3363 1429; x_wconf 82' lang='lat' dir='ltr'><strong>auctoritatis</strong></span> 
     </span>
     <span class='ocr_line' id='line_1_69' title="bbox 1792 1458 3355 1536; baseline 0.001 -18"><span class='ocrx_word' id='word_1_443' title='bbox 1792 1458 2063 1536; x_wconf 89' lang='lat' dir='ltr'><strong>pondus,</strong></span> <span class='ocrx_word' id='word_1_444' title='bbox 2099 1467 2161 1522; x_wconf 88' lang='lat' dir='ltr'><strong>et</strong></span> <span class='ocrx_word' id='word_1_445' title='bbox 2192 1462 2351 1522; x_wconf 86' lang='lat' dir='ltr'><strong>ratio</strong></span> <span class='ocrx_word' id='word_1_446' title='bbox 2382 1463 2531 1524; x_wconf 88' lang='lat' dir='ltr'><strong>satis</strong></span> <span class='ocrx_word' id='word_1_447' title='bbox 2580 1461 2936 1524; x_wconf 90' lang='lat' dir='ltr'><strong>verisimilis</strong></span> <span class='ocrx_word' id='word_1_448' title='bbox 2977 1479 3107 1522; x_wconf 91' lang='lat' dir='ltr'><strong>non</strong></span> <span class='ocrx_word' id='word_1_449' title='bbox 3155 1460 3355 1522; x_wconf 87' lang='lat' dir='ltr'><strong>deest.</strong></span> 
     </span>
     <span class='ocr_line' id='line_1_70' title="bbox 1790 1552 3363 1636; baseline 0.003 -24"><span class='ocrx_word' id='word_1_450' title='bbox 1790 1552 2009 1630; x_wconf 88' lang='lat' dir='ltr'><strong>Itaque</strong></span> <span class='ocrx_word' id='word_1_451' title='bbox 2044 1555 2149 1615; x_wconf 86' lang='lat' dir='ltr'><strong>illa</strong></span> <span class='ocrx_word' id='word_1_452' title='bbox 2190 1559 2501 1617; x_wconf 85' lang='lat' dir='ltr'><strong>sententia</strong></span> <span class='ocrx_word' id='word_1_453' title='bbox 2552 1557 2857 1636; x_wconf 88' lang='lat' dir='ltr'><strong>imprimis</strong></span> <span class='ocrx_word' id='word_1_454' title='bbox 2905 1563 3000 1617; x_wconf 86' lang='lat' dir='ltr'><strong>est</strong></span> <span class='ocrx_word' id='word_1_455' title='bbox 3052 1554 3363 1617; x_wconf 85' lang='lat' dir='ltr'><strong>contraria</strong></span> 
     </span>
     <span class='ocr_line' id='line_1_71' title="bbox 1792 1645 3363 1730; baseline 0.002 -26"><span class='ocrx_word' id='word_1_456' title='bbox 1792 1645 1862 1705; x_wconf 88' lang='lat' dir='ltr'><strong>D.</strong></span> <span class='ocrx_word' id='word_1_457' title='bbox 1895 1647 2176 1720; x_wconf 74' lang='lat' dir='ltr'><strong>Thomas,</strong></span> <span class='ocrx_word' id='word_1_458' title='bbox 2200 1649 2305 1727; x_wconf 90' lang='lat' dir='ltr'><strong>qui</strong></span> <span class='ocrx_word' id='word_1_459' title='bbox 2349 1667 2475 1710; x_wconf 91' lang='lat' dir='ltr'><strong>non</strong></span> <span class='ocrx_word' id='word_1_460' title='bbox 2494 1649 2679 1712; x_wconf 84' lang='lat' dir='ltr'><strong>aliter</strong></span> <span class='ocrx_word' id='word_1_461' title='bbox 2706 1649 2949 1730; x_wconf 82' lang='lat' dir='ltr'><strong>prohat,</strong></span> <span class='ocrx_word' id='word_1_462' title='bbox 2974 1647 3198 1709; x_wconf 89' lang='lat' dir='ltr'><strong>Christi</strong></span> <span class='ocrx_word' id='word_1_463' title='bbox 3230 1647 3363 1708; x_wconf 84' lang='lat' dir='ltr'><strong>ani-</strong></span> 
     </span>
     <span class='ocr_line' id='line_1_72' title="bbox 1792 1740 3363 1816; baseline 0.003 -18"><span class='ocrx_word' id='word_1_464' title='bbox 1792 1755 1963 1799; x_wconf 88' lang='lat' dir='ltr'><strong>mam</strong></span> <span class='ocrx_word' id='word_1_465' title='bbox 1990 1757 2119 1802; x_wconf 91' lang='lat' dir='ltr'><strong>non</strong></span> <span class='ocrx_word' id='word_1_466' title='bbox 2147 1741 2360 1802; x_wconf 88' lang='lat' dir='ltr'><strong>videre</strong></span> <span class='ocrx_word' id='word_1_467' title='bbox 2392 1743 2606 1804; x_wconf 89' lang='lat' dir='ltr'><strong>omnia</strong></span> <span class='ocrx_word' id='word_1_468' title='bbox 2650 1741 2717 1802; x_wconf 89' lang='lat' dir='ltr'><strong>in</strong></span> <span class='ocrx_word' id='word_1_469' title='bbox 2747 1742 2977 1816; x_wconf 86' lang='lat' dir='ltr'><strong>Verb0,</strong></span> <span class='ocrx_word' id='word_1_470' title='bbox 3016 1741 3135 1802; x_wconf 90' lang='lat' dir='ltr'><strong>nisi</strong></span> <span class='ocrx_word' id='word_1_471' title='bbox 3166 1740 3363 1803; x_wconf 90' lang='lat' dir='ltr'><strong>dedu-</strong></span> 
     </span>
     <span class='ocr_line' id='line_1_73' title="bbox 1793 1832 3361 1913; baseline 0.001 -21"><span class='ocrx_word' id='word_1_472' title='bbox 1793 1832 1997 1894; x_wconf 87' lang='lat' dir='ltr'><strong>cendo</strong></span> <span class='ocrx_word' id='word_1_473' title='bbox 2044 1833 2125 1895; x_wconf 88' lang='lat' dir='ltr'><strong>ad</strong></span> <span class='ocrx_word' id='word_1_474' title='bbox 2172 1834 2579 1912; x_wconf 89' lang='lat' dir='ltr'><strong>impossibile,</strong></span> <span class='ocrx_word' id='word_1_475' title='bbox 2618 1835 2939 1910; x_wconf 88' lang='lat' dir='ltr'><strong>nimirum,</strong></span> <span class='ocrx_word' id='word_1_476' title='bbox 2984 1833 3151 1913; x_wconf 88' lang='lat' dir='ltr'><strong>quod</strong></span> <span class='ocrx_word' id='word_1_477' title='bbox 3192 1851 3361 1895; x_wconf 87' lang='lat' dir='ltr'><strong>com-</strong></span> 
     </span>
     <span class='ocr_line' id='line_1_74' title="bbox 1791 1926 3359 2007; baseline -0.001 -20"><span class='ocrx_word' id='word_1_478' title='bbox 1791 1926 2215 2007; x_wconf 87' lang='lat' dir='ltr'><strong>prehenderet</strong></span> <span class='ocrx_word' id='word_1_479' title='bbox 2265 1928 2462 1989; x_wconf 88' lang='lat' dir='ltr'><strong>Deum</strong></span> <span class='ocrx_word' id='word_1_480' title='bbox 2488 1948 2504 2001; x_wconf 89' lang='grc'><strong>;</strong></span> <span class='ocrx_word' id='word_1_481' title='bbox 2532 1934 2594 1991; x_wconf 88' lang='lat' dir='ltr'><strong>et</strong></span> <span class='ocrx_word' id='word_1_482' title='bbox 2634 1928 2859 1990; x_wconf 87' lang='lat' dir='ltr'><strong>eodem</strong></span> <span class='ocrx_word' id='word_1_483' title='bbox 2900 1927 3185 1988; x_wconf 87' lang='lat' dir='ltr'><strong>discursu</strong></span> <span class='ocrx_word' id='word_1_484' title='bbox 3210 1943 3359 2006; x_wconf 88' lang='lat' dir='ltr'><strong>pro-</strong></span> 
     </span>
     <span class='ocr_line' id='line_1_75' title="bbox 1794 2017 3359 2098; baseline 0 -18"><span class='ocrx_word' id='word_1_485' title='bbox 1794 2019 1957 2080; x_wconf 87' lang='lat' dir='ltr'><strong>hat1</strong></span> <span class='ocrx_word' id='word_1_486' title='bbox 1994 2037 2085 2098; x_wconf 91' lang='lat' dir='ltr'><strong>p.,</strong></span> <span class='ocrx_word' id='word_1_487' title='bbox 2117 2036 2179 2098; x_wconf 89' lang='lat' dir='ltr'><strong>q.</strong></span> <span class='ocrx_word' id='word_1_488' title='bbox 2214 2023 2310 2093; x_wconf 74' lang='lat'><strong>¹2,</strong></span> <span class='ocrx_word' id='word_1_489' title='bbox 2345 2026 2459 2081; x_wconf 87' lang='lat' dir='ltr'><strong>art.</strong></span> <span class='ocrx_word' id='word_1_490' title='bbox 2507 2023 2577 2096; x_wconf 90' lang='lat'><strong>8,</strong></span> <span class='ocrx_word' id='word_1_491' title='bbox 2610 2021 2832 2082; x_wconf 86' lang='lat' dir='ltr'><strong>beatos</strong></span> <span class='ocrx_word' id='word_1_492' title='bbox 2875 2038 3005 2080; x_wconf 87' lang='lat' dir='ltr'><strong>non</strong></span> <span class='ocrx_word' id='word_1_493' title='bbox 3056 2017 3267 2080; x_wconf 85' lang='lat' dir='ltr'><strong>videre</strong></span> <span class='ocrx_word' id='word_1_494' title='bbox 3298 2019 3359 2080; x_wconf 92' lang='lat' dir='ltr'><strong>in</strong></span> 
     </span>
     <span class='ocr_line' id='line_1_76' title="bbox 1795 2111 3359 2192; baseline -0.001 -19"><span class='ocrx_word' id='word_1_495' title='bbox 1795 2113 1926 2173; x_wconf 90' lang='lat' dir='ltr'><strong>Deo</strong></span> <span class='ocrx_word' id='word_1_496' title='bbox 1960 2112 2169 2172; x_wconf 89' lang='lat' dir='ltr'><strong>omnia</strong></span> <span class='ocrx_word' id='word_1_497' title='bbox 2192 2129 2336 2190; x_wconf 78' lang='lat' dir='ltr'><strong>quae</strong></span> <span class='ocrx_word' id='word_1_498' title='bbox 2370 2113 2603 2174; x_wconf 88' lang='lat' dir='ltr'><strong>suntin</strong></span> <span class='ocrx_word' id='word_1_499' title='bbox 2633 2113 2767 2192; x_wconf 90' lang='lat' dir='ltr'><strong>ipso</strong></span> <span class='ocrx_word' id='word_1_500' title='bbox 2790 2112 3164 2182; x_wconf 83' lang='lat' dir='ltr'><strong>eminenter,</strong></span> <span class='ocrx_word' id='word_1_501' title='bbox 3186 2111 3359 2190; x_wconf 88' lang='lat' dir='ltr'><strong>quia,</strong></span> 
     </span>
     <span class='ocr_line' id='line_1_77' title="bbox 1794 2205 3356 2286; baseline -0.002 -19"><span class='ocrx_word' id='word_1_502' title='bbox 1794 2205 2050 2276; x_wconf 84' lang='lat' dir='ltr'><strong>scilieet,</strong></span> <span class='ocrx_word' id='word_1_503' title='bbox 2075 2205 2683 2284; x_wconf 86' lang='lat' dir='ltr'><strong>comprehenderent</strong></span> <span class='ocrx_word' id='word_1_504' title='bbox 2703 2205 2977 2266; x_wconf 87' lang='lat' dir='ltr'><strong>divinam</strong></span> <span class='ocrx_word' id='word_1_505' title='bbox 2990 2205 3356 2286; x_wconf 87' lang='lat' dir='ltr'><strong>potentiam,</strong></span> 
     </span>
     <span class='ocr_line' id='line_1_78' title="bbox 1795 2299 3363 2378; baseline -0.001 -18"><span class='ocrx_word' id='word_1_506' title='bbox 1795 2303 1856 2360; x_wconf 86' lang='lat' dir='ltr'><strong>et</strong></span> <span class='ocrx_word' id='word_1_507' title='bbox 1875 2305 2337 2378; x_wconf 88' lang='lat' dir='ltr'><strong>consequenter</strong></span> <span class='ocrx_word' id='word_1_508' title='bbox 2358 2299 2578 2375; x_wconf 89' lang='lat' dir='ltr'><strong>Deum,</strong></span> <span class='ocrx_word' id='word_1_509' title='bbox 2609 2299 2759 2377; x_wconf 89' lang='lat' dir='ltr'><strong>quia</strong></span> <span class='ocrx_word' id='word_1_510' title='bbox 2780 2317 2909 2360; x_wconf 90' lang='lat' dir='ltr'><strong>non</strong></span> <span class='ocrx_word' id='word_1_511' title='bbox 2934 2304 3142 2378; x_wconf 88' lang='lat' dir='ltr'><strong>potest</strong></span> <span class='ocrx_word' id='word_1_512' title='bbox 3164 2313 3363 2358; x_wconf 90' lang='lat' dir='ltr'><strong>unum</strong></span> 
     </span>
     <span class='ocr_line' id='line_1_79' title="bbox 1793 2392 3363 2470; baseline -0.003 -16"><span class='ocrx_word' id='word_1_513' title='bbox 1793 2393 2160 2454; x_wconf 87' lang='lat' dir='ltr'><strong>attributum</strong></span> <span class='ocrx_word' id='word_1_514' title='bbox 2194 2392 2329 2452; x_wconf 89' lang='lat' dir='ltr'><strong>sine</strong></span> <span class='ocrx_word' id='word_1_515' title='bbox 2376 2392 2513 2453; x_wconf 88' lang='lat' dir='ltr'><strong>aliis</strong></span> <span class='ocrx_word' id='word_1_516' title='bbox 2552 2392 3026 2470; x_wconf 81' lang='lat' dir='ltr'><strong>comprehendi,</strong></span> <span class='ocrx_word' id='word_1_517' title='bbox 3062 2409 3205 2453; x_wconf 88' lang='lat' dir='ltr'><strong>cum</strong></span> <span class='ocrx_word' id='word_1_518' title='bbox 3234 2405 3363 2450; x_wconf 89' lang='lat' dir='ltr'><strong>om·</strong></span> 
     </span>
     <span class='ocr_line' id='line_1_80' title="bbox 1792 2482 3360 2564; baseline -0.001 -18"><span class='ocrx_word' id='word_1_519' title='bbox 1792 2486 1898 2546; x_wconf 85' lang='lat' dir='ltr'><strong>nia</strong></span> <span class='ocrx_word' id='word_1_520' title='bbox 1920 2485 2045 2544; x_wconf 86' lang='lat' dir='ltr'><strong>sint</strong></span> <span class='ocrx_word' id='word_1_521' title='bbox 2066 2485 2145 2546; x_wconf 92' lang='lat' dir='ltr'><strong>de</strong></span> <span class='ocrx_word' id='word_1_522' title='bbox 2176 2485 2447 2546; x_wconf 84' lang='lat' dir='ltr'><strong>essentia</strong></span> <span class='ocrx_word' id='word_1_523' title='bbox 2476 2483 2828 2564; x_wconf 82' lang='lat' dir='ltr'><strong>cujuslibet.</strong></span> <span class='ocrx_word' id='word_1_524' title='bbox 2862 2484 3101 2546; x_wconf 88' lang='lat' dir='ltr'><strong>Deinde</strong></span> <span class='ocrx_word' id='word_1_525' title='bbox 3140 2489 3231 2546; x_wconf 87' lang='lat' dir='ltr'><strong>est</strong></span> <span class='ocrx_word' id='word_1_526' title='bbox 3252 2482 3360 2545; x_wconf 84' lang='lat' dir='ltr'><strong>illa</strong></span> 
     </span>
     <span class='ocr_line' id='line_1_81' title="bbox 1791 2575 3354 2657; baseline -0.003 -17"><span class='ocrx_word' id='word_1_527' title='bbox 1791 2577 2103 2641; x_wconf 88' lang='lat' dir='ltr'><strong>sententia</strong></span> <span class='ocrx_word' id='word_1_528' title='bbox 2142 2577 2345 2638; x_wconf 84' lang='lat' dir='ltr'><strong>aliena</strong></span> <span class='ocrx_word' id='word_1_529' title='bbox 2400 2597 2438 2638; x_wconf 89' lang='lat' dir='ltr'><strong>a</strong></span> <span class='ocrx_word' id='word_1_530' title='bbox 2488 2595 2679 2640; x_wconf 88' lang='lat' dir='ltr'><strong>sensu</strong></span> <span class='ocrx_word' id='word_1_531' title='bbox 2725 2579 3003 2651; x_wconf 87' lang='lat' dir='ltr'><strong>Patrum,</strong></span> <span class='ocrx_word' id='word_1_532' title='bbox 3036 2577 3165 2657; x_wconf 81' lang='lat' dir='ltr'><strong>qui,</strong></span> <span class='ocrx_word' id='word_1_533' title='bbox 3200 2575 3354 2638; x_wconf 88' lang='lat' dir='ltr'><strong>dum</strong></span> 
     </span>
     <span class='ocr_line' id='line_1_82' title="bbox 1793 2669 3361 2751; baseline -0.002 -18"><span class='ocrx_word' id='word_1_534' title='bbox 1793 2673 1971 2734; x_wconf 87' lang='lat' dir='ltr'><strong>aiunt</strong></span> <span class='ocrx_word' id='word_1_535' title='bbox 1996 2689 2135 2733; x_wconf 89' lang='lat' dir='ltr'><strong>esse</strong></span> <span class='ocrx_word' id='word_1_536' title='bbox 2163 2671 2355 2732; x_wconf 88' lang='lat' dir='ltr'><strong>Deum</strong></span> <span class='ocrx_word' id='word_1_537' title='bbox 2376 2669 3094 2751; x_wconf 86' lang='lat' dir='ltr'><strong>incomprehensibilem,</strong></span> <span class='ocrx_word' id='word_1_538' title='bbox 3110 2675 3173 2732; x_wconf 92' lang='lat' dir='ltr'><strong>et</strong></span> <span class='ocrx_word' id='word_1_539' title='bbox 3192 2685 3361 2730; x_wconf 90' lang='lat' dir='ltr'><strong>com·</strong></span> 
     </span>
     <span class='ocr_line' id='line_1_83' title="bbox 1791 2763 3359 2846; baseline -0.002 -19"><span class='ocrx_word' id='word_1_540' title='bbox 1791 2765 2279 2846; x_wconf 87' lang='lat' dir='ltr'><strong>prehensionem</strong></span> <span class='ocrx_word' id='word_1_541' title='bbox 2322 2765 2460 2844; x_wconf 87' lang='lat' dir='ltr'><strong>ejus</strong></span> <span class='ocrx_word' id='word_1_542' title='bbox 2510 2783 2647 2826; x_wconf 87' lang='lat' dir='ltr'><strong>esse</strong></span> <span class='ocrx_word' id='word_1_543' title='bbox 2678 2763 3131 2844; x_wconf 88' lang='lat' dir='ltr'><strong>impossibilem</strong></span> <span class='ocrx_word' id='word_1_544' title='bbox 3176 2763 3359 2826; x_wconf 86' lang='lat' dir='ltr'><strong>intel-</strong></span> 
     </span>
     <span class='ocr_line' id='line_1_84' title="bbox 1791 2856 3360 2930; baseline -0.001 -11"><span class='ocrx_word' id='word_1_545' title='bbox 1791 2856 1979 2920; x_wconf 86' lang='lat' dir='ltr'><strong>lectui</strong></span> <span class='ocrx_word' id='word_1_546' title='bbox 2018 2864 2253 2930; x_wconf 85' lang='lat' dir='ltr'><strong>create,</strong></span> <span class='ocrx_word' id='word_1_547' title='bbox 2284 2877 2413 2919; x_wconf 90' lang='lat' dir='ltr'><strong>non</strong></span> <span class='ocrx_word' id='word_1_548' title='bbox 2440 2862 2711 2920; x_wconf 87' lang='lat' dir='ltr'><strong>tractant</strong></span> <span class='ocrx_word' id='word_1_549' title='bbox 2748 2857 2827 2919; x_wconf 89' lang='lat' dir='ltr'><strong>de</strong></span> <span class='ocrx_word' id='word_1_550' title='bbox 2857 2858 3211 2919; x_wconf 85' lang='lat' dir='ltr'><strong>intensione</strong></span> <span class='ocrx_word' id='word_1_551' title='bbox 3260 2856 3360 2918; x_wconf 90' lang='lat' dir='ltr'><strong>vel</strong></span> 
     </span>
     <span class='ocr_line' id='line_1_85' title="bbox 1791 2949 3363 3030; baseline -0.003 -15"><span class='ocrx_word' id='word_1_552' title='bbox 1791 2951 1872 3015; x_wconf 90' lang='lat' dir='ltr'><strong>de</strong></span> <span class='ocrx_word' id='word_1_553' title='bbox 1901 2951 2183 3014; x_wconf 87' lang='lat' dir='ltr'><strong>claritate</strong></span> <span class='ocrx_word' id='word_1_554' title='bbox 2221 2952 2615 3030; x_wconf 76' lang='lat' dir='ltr'><strong>cognitionis„</strong></span> <span class='ocrx_word' id='word_1_555' title='bbox 2646 2951 2757 3013; x_wconf 91' lang='lat' dir='ltr'><strong>sed</strong></span> <span class='ocrx_word' id='word_1_556' title='bbox 2800 2950 2880 3012; x_wconf 90' lang='lat' dir='ltr'><strong>de</strong></span> <span class='ocrx_word' id='word_1_557' title='bbox 2930 2949 3103 3012; x_wconf 88' lang='lat' dir='ltr'><strong>totali</strong></span> <span class='ocrx_word' id='word_1_558' title='bbox 3132 2949 3363 3029; x_wconf 88' lang='lat' dir='ltr'><strong>objecti</strong></span> 
     </span>
     <span class='ocr_line' id='line_1_86' title="bbox 1794 3043 3360 3126; baseline -0.003 -18"><span class='ocrx_word' id='word_1_559' title='bbox 1794 3045 2254 3126; x_wconf 86' lang='lat' dir='ltr'><strong>penetratione,</strong></span> <span class='ocrx_word' id='word_1_560' title='bbox 2288 3053 2351 3108; x_wconf 89' lang='lat' dir='ltr'><strong>et</strong></span> <span class='ocrx_word' id='word_1_561' title='bbox 2378 3047 2659 3108; x_wconf 87' lang='lat' dir='ltr'><strong>omnium</strong></span> <span class='ocrx_word' id='word_1_562' title='bbox 2703 3063 2843 3125; x_wconf 80' lang='lat' dir='ltr'><strong>quae</strong></span> <span class='ocrx_word' id='word_1_563' title='bbox 2875 3044 2938 3105; x_wconf 93' lang='lat' dir='ltr'><strong>in</strong></span> <span class='ocrx_word' id='word_1_564' title='bbox 2974 3044 3105 3118; x_wconf 87' lang='lat' dir='ltr'><strong>illo,</strong></span> <span class='ocrx_word' id='word_1_565' title='bbox 3140 3043 3360 3124; x_wconf 75' lang='lat' dir='ltr'><strong>quovis</strong></span> 
     </span>
     <span class='ocr_line' id='line_1_87' title="bbox 1795 3137 3360 3218; baseline -0.001 -17"><span class='ocrx_word' id='word_1_566' title='bbox 1795 3141 1981 3201; x_wconf 86' lang='lat' dir='ltr'><strong>modo</strong></span> <span class='ocrx_word' id='word_1_567' title='bbox 2012 3145 2179 3213; x_wconf 88' lang='lat' dir='ltr'><strong>sunt,</strong></span> <span class='ocrx_word' id='word_1_568' title='bbox 2213 3146 2323 3201; x_wconf 86' lang='lat' dir='ltr'><strong>aut</strong></span> <span class='ocrx_word' id='word_1_569' title='bbox 2369 3139 2661 3218; x_wconf 88' lang='lat' dir='ltr'><strong>cognosci</strong></span> <span class='ocrx_word' id='word_1_570' title='bbox 2690 3144 2976 3218; x_wconf 88' lang='lat' dir='ltr'><strong>possunt.</strong></span> <span class='ocrx_word' id='word_1_571' title='bbox 3010 3139 3143 3199; x_wconf 89' lang='lat' dir='ltr'><strong>Hoc</strong></span> <span class='ocrx_word' id='word_1_572' title='bbox 3181 3137 3360 3199; x_wconf 82' lang='lat' dir='ltr'><strong>facile</strong></span> 
     </span>
     <span class='ocr_line' id='line_1_88' title="bbox 1794 3230 3359 3314; baseline -0.001 -20"><span class='ocrx_word' id='word_1_573' title='bbox 1794 3234 1910 3294; x_wconf 88' lang='lat' dir='ltr'><strong>sibi</strong></span> <span class='ocrx_word' id='word_1_574' title='bbox 1961 3231 2387 3314; x_wconf 84' lang='lat' dir='ltr'><strong>persuadebit,</strong></span> <span class='ocrx_word' id='word_1_575' title='bbox 2417 3233 2521 3310; x_wconf 90' lang='lat' dir='ltr'><strong>qui</strong></span> <span class='ocrx_word' id='word_1_576' title='bbox 2569 3239 2718 3293; x_wconf 86' lang='lat' dir='ltr'><strong>sect.</strong></span> <span class='ocrx_word' id='word_1_577' title='bbox 2766 3231 3036 3310; x_wconf 78' lang='lat' dir='ltr'><strong>praeeed.</strong></span> <span class='ocrx_word' id='word_1_578' title='bbox 3088 3230 3359 3293; x_wconf 89' lang='lat' dir='ltr'><strong>adducta</strong></span> 
     </span>
     <span class='ocr_line' id='line_1_89' title="bbox 1796 3325 3362 3389; baseline -0.001 -1"><span class='ocrx_word' id='word_1_579' title='bbox 1796 3329 1943 3389; x_wconf 87' lang='lat' dir='ltr'><strong>satis</strong></span> <span class='ocrx_word' id='word_1_580' title='bbox 2000 3334 2235 3389; x_wconf 88' lang='lat' dir='ltr'><strong>attente</strong></span> <span class='ocrx_word' id='word_1_581' title='bbox 2276 3325 2785 3388; x_wconf 87' lang='lat' dir='ltr'><strong>consideraverit.</strong></span> <span class='ocrx_word' id='word_1_582' title='bbox 2821 3325 3167 3389; x_wconf 72' lang='lat' dir='ltr'><strong>Praesertim</strong></span> <span class='ocrx_word' id='word_1_583' title='bbox 3217 3329 3362 3386; x_wconf 86' lang='lat' dir='ltr'><strong>sunt</strong></span> 
     </span>
     <span class='ocr_line' id='line_1_90' title="bbox 1795 3419 3356 3500; baseline -0.002 -17"><span class='ocrx_word' id='word_1_584' title='bbox 1795 3422 2143 3483; x_wconf 83' lang='lat' dir='ltr'><strong>clarissima</strong></span> <span class='ocrx_word' id='word_1_585' title='bbox 2198 3421 2389 3482; x_wconf 85' lang='lat' dir='ltr'><strong>verba</strong></span> <span class='ocrx_word' id='word_1_586' title='bbox 2430 3420 2647 3499; x_wconf 87' lang='lat' dir='ltr'><strong>Greg.,</strong></span> <span class='ocrx_word' id='word_1_587' title='bbox 2695 3420 2828 3500; x_wconf 88' lang='lat' dir='ltr'><strong>qui,</strong></span> <span class='ocrx_word' id='word_1_588' title='bbox 2862 3419 2971 3482; x_wconf 86' lang='lat' dir='ltr'><strong>lib.</strong></span> <span class='ocrx_word' id='word_1_589' title='bbox 3006 3422 3083 3482; x_wconf 84' lang='lat'><strong>10</strong></span> <span class='ocrx_word' id='word_1_590' title='bbox 3110 3420 3356 3495; x_wconf 67' lang='lat' dir='ltr'><strong>Moral„</strong></span> 
     </span>
     <span class='ocr_line' id='line_1_91' title="bbox 1794 3511 3361 3596; baseline 0 -20"><span class='ocrx_word' id='word_1_591' title='bbox 1794 3521 1934 3595; x_wconf 87' lang='lat' dir='ltr'><strong>post</strong></span> <span class='ocrx_word' id='word_1_592' title='bbox 1982 3515 2271 3594; x_wconf 88' lang='lat' dir='ltr'><strong>superius</strong></span> <span class='ocrx_word' id='word_1_593' title='bbox 2322 3513 2612 3588; x_wconf 87' lang='lat' dir='ltr'><strong>adducta,</strong></span> <span class='ocrx_word' id='word_1_594' title='bbox 2644 3513 2853 3574; x_wconf 86' lang='lat' dir='ltr'><strong>subdit</strong></span> <span class='ocrx_word' id='word_1_595' title='bbox 2888 3531 2903 3573; x_wconf 77' lang='grc' dir='ltr'><strong><em>ε</em></strong></span> <span class='ocrx_word' id='word_1_596' title='bbox 2936 3513 3229 3596; x_wconf 66' lang='lat' dir='ltr'><strong>Anyelica</strong></span> <span class='ocrx_word' id='word_1_597' title='bbox 3268 3511 3361 3577; x_wconf 74' lang='lat' dir='ltr'><strong>vel</strong></span> 
     </span>
     <span class='ocr_line' id='line_1_92' title="bbox 1795 3605 3360 3688; baseline -0.001 -16"><span class='ocrx_word' id='word_1_598' title='bbox 1795 3610 2057 3672; x_wconf 70' lang='lat' dir='ltr'><strong>humana</strong></span> <span class='ocrx_word' id='word_1_599' title='bbox 2084 3625 2273 3681; x_wconf 73' lang='lat' dir='ltr'><strong>mens,</strong></span> <span class='ocrx_word' id='word_1_600' title='bbox 2304 3625 2439 3670; x_wconf 83' lang='lat' dir='ltr'><strong>eum</strong></span> <span class='ocrx_word' id='word_1_601' title='bbox 2488 3609 2569 3670; x_wconf 81' lang='lat' dir='ltr'><strong>ad</strong></span> <span class='ocrx_word' id='word_1_602' title='bbox 2620 3607 3211 3688; x_wconf 74' lang='lat' dir='ltr'><strong>incircumscriptum</strong></span> <span class='ocrx_word' id='word_1_603' title='bbox 3264 3605 3360 3670; x_wconf 74' lang='lat' dir='ltr'><strong>ln·</strong></span> 
     </span>
     <span class='ocr_line' id='line_1_93' title="bbox 1793 3701 3359 3782; baseline -0.002 -17"><span class='ocrx_word' id='word_1_604' title='bbox 1793 3719 1928 3765; x_wconf 87' lang='lat' dir='ltr'><strong>men</strong></span> <span class='ocrx_word' id='word_1_605' title='bbox 1979 3701 2201 3775; x_wconf 69' lang='lat' dir='ltr'><strong>inhiat,</strong></span> <span class='ocrx_word' id='word_1_606' title='bbox 2237 3719 2297 3762; x_wconf 86' lang='lat' dir='ltr'><strong>eo</strong></span> <span class='ocrx_word' id='word_1_607' title='bbox 2324 3701 2455 3780; x_wconf 72' lang='lat' dir='ltr'><strong>ipso</strong></span> <span class='ocrx_word' id='word_1_608' title='bbox 2482 3717 2564 3774; x_wconf 75' lang='lat' dir='ltr'><strong>se,</strong></span> <span class='ocrx_word' id='word_1_609' title='bbox 2601 3717 2713 3782; x_wconf 80' lang='lat' dir='ltr'><strong>quo</strong></span> <span class='ocrx_word' id='word_1_610' title='bbox 2741 3705 2831 3762; x_wconf 72' lang='lat' dir='ltr'><strong>esc</strong></span> <span class='ocrx_word' id='word_1_611' title='bbox 2858 3705 3159 3774; x_wconf 79' lang='lat' dir='ltr'><strong>creatura,</strong></span> <span class='ocrx_word' id='word_1_612' title='bbox 3186 3717 3359 3762; x_wconf 83' lang='lat' dir='ltr'><strong>coan-</strong></span> 
     </span>
     <span class='ocr_line' id='line_1_94' title="bbox 1793 3795 3361 3876; baseline 0.001 -22"><span class='ocrx_word' id='word_1_613' title='bbox 1793 3800 2023 3876; x_wconf 66' lang='grc' dir='ltr'><strong>φιειαι,</strong></span> <span class='ocrx_word' id='word_1_614' title='bbox 2061 3800 2114 3857; x_wconf 78' lang='lat' dir='ltr'><strong>ec</strong></span> <span class='ocrx_word' id='word_1_615' title='bbox 2146 3801 2329 3875; x_wconf 74' lang='lat' dir='ltr'><strong>super</strong></span> <span class='ocrx_word' id='word_1_616' title='bbox 2368 3811 2431 3858; x_wconf 76' lang='lat' dir='ltr'><strong>se</strong></span> <span class='ocrx_word' id='word_1_617' title='bbox 2464 3795 2697 3876; x_wconf 74' lang='lat' dir='ltr'><strong>quidem</strong></span> <span class='ocrx_word' id='word_1_618' title='bbox 2741 3811 2852 3874; x_wconf 78' lang='lat' dir='ltr'><strong>per</strong></span> <span class='ocrx_word' id='word_1_619' title='bbox 2874 3799 3207 3872; x_wconf 77' lang='lat' dir='ltr'><strong>proveetum</strong></span> <span class='ocrx_word' id='word_1_620' title='bbox 3238 3799 3361 3856; x_wconf 78' lang='lat' dir='ltr'><strong>ten-</strong></span> 
     </span>
     <span class='ocr_line' id='line_1_95' title="bbox 1793 3887 3355 3970; baseline -0.003 -17"><span class='ocrx_word' id='word_1_621' title='bbox 1793 3891 1908 3965; x_wconf 79' lang='lat' dir='ltr'><strong>dit,</strong></span> <span class='ocrx_word' id='word_1_622' title='bbox 1941 3891 2045 3952; x_wconf 80' lang='lat' dir='ltr'><strong>sed</strong></span> <span class='ocrx_word' id='word_1_623' title='bbox 2079 3895 2281 3952; x_wconf 81' lang='lat' dir='ltr'><strong>tamen</strong></span> <span class='ocrx_word' id='word_1_624' title='bbox 2311 3890 2443 3970; x_wconf 72' lang='lat' dir='ltr'><strong>ejus</strong></span> <span class='ocrx_word' id='word_1_625' title='bbox 2488 3889 2794 3968; x_wconf 68' lang='lat' dir='ltr'><strong>fulyorem</strong></span> <span class='ocrx_word' id='word_1_626' title='bbox 2830 3887 3306 3968; x_wconf 71' lang='lat' dir='ltr'><strong>comprehendere</strong></span> <span class='ocrx_word' id='word_1_627' title='bbox 3333 3934 3355 3963; x_wconf 94' lang='lat'><strong>,</strong></span> 
     </span>
     <span class='ocr_line' id='line_1_96' title="bbox 1791 3979 3361 4063; baseline -0.001 -19"><span class='ocrx_word' id='word_1_628' title='bbox 1791 4000 1895 4047; x_wconf 85' lang='lat' dir='ltr'><strong>nee</strong></span> <span class='ocrx_word' id='word_1_629' title='bbox 1933 3983 2200 4045; x_wconf 76' lang='lat' dir='ltr'><strong>dilatata</strong></span> <span class='ocrx_word' id='word_1_630' title='bbox 2231 3983 2491 4059; x_wconf 72' lang='lat' dir='ltr'><strong>suffieit,</strong></span> <span class='ocrx_word' id='word_1_631' title='bbox 2524 3981 2628 4063; x_wconf 75' lang='lat' dir='ltr'><strong>qni</strong></span> <span class='ocrx_word' id='word_1_632' title='bbox 2666 3987 2725 4044; x_wconf 76' lang='lat' dir='ltr'><strong>et</strong></span> <span class='ocrx_word' id='word_1_633' title='bbox 2773 3979 3235 4044; x_wconf 75' lang='lat' dir='ltr'><strong>transcendendo</strong></span> <span class='ocrx_word' id='word_1_634' title='bbox 3254 4023 3272 4053; x_wconf 94' lang='lat'><strong>,</strong></span> <span class='ocrx_word' id='word_1_635' title='bbox 3304 3984 3361 4042; x_wconf 80' lang='lat' dir='ltr'><strong>et</strong></span> 
     </span>
     <span class='ocr_line' id='line_1_97' title="bbox 1785 4071 3358 4157; baseline -0.004 -19"><span class='ocrx_word' id='word_1_636' title='bbox 1785 4077 2083 4157; x_wconf 76' lang='lat' dir='ltr'><strong>portando</strong></span> <span class='ocrx_word' id='word_1_637' title='bbox 2103 4074 2303 4138; x_wconf 78' lang='lat' dir='ltr'><strong>omnia</strong></span> <span class='ocrx_word' id='word_1_638' title='bbox 2331 4081 2389 4140; x_wconf 80' lang='lat' dir='ltr'><strong>et</strong></span> <span class='ocrx_word' id='word_1_639' title='bbox 2416 4075 2713 4154; x_wconf 78' lang='lat' dir='ltr'><strong>implendo</strong></span> <span class='ocrx_word' id='word_1_640' title='bbox 2739 4073 3055 4137; x_wconf 74' lang='lat' dir='ltr'><strong>concludit.</strong></span> <span class='ocrx_word' id='word_1_641' title='bbox 3078 4071 3198 4135; x_wconf 87' lang='lat' dir='ltr'><strong>Ubi</strong></span> <span class='ocrx_word' id='word_1_642' title='bbox 3213 4089 3358 4133; x_wconf 89' lang='lat' dir='ltr'><strong>con-</strong></span> 
     </span>
     <span class='ocr_line' id='line_1_98' title="bbox 1790 4167 3358 4248; baseline -0.001 -18"><span class='ocrx_word' id='word_1_643' title='bbox 1790 4169 2194 4230; x_wconf 89' lang='lat' dir='ltr'><strong>siderandum</strong></span> <span class='ocrx_word' id='word_1_644' title='bbox 2222 4168 2529 4248; x_wconf 88' lang='lat' dir='ltr'><strong>imprimis</strong></span> <span class='ocrx_word' id='word_1_645' title='bbox 2550 4174 2667 4246; x_wconf 86' lang='lat' dir='ltr'><strong>est,</strong></span> <span class='ocrx_word' id='word_1_646' title='bbox 2701 4185 2849 4230; x_wconf 89' lang='lat' dir='ltr'><strong>eum</strong></span> <span class='ocrx_word' id='word_1_647' title='bbox 2878 4167 3050 4245; x_wconf 89' lang='lat' dir='ltr'><strong>loqui</strong></span> <span class='ocrx_word' id='word_1_648' title='bbox 3077 4167 3155 4228; x_wconf 90' lang='lat' dir='ltr'><strong>de</strong></span> <span class='ocrx_word' id='word_1_649' title='bbox 3192 4169 3358 4238; x_wconf 83' lang='lat' dir='ltr'><strong>statu</strong></span> 
     </span>
     <span class='ocr_line' id='line_1_99' title="bbox 1787 4260 3357 4337; baseline -0.001 -14"><span class='ocrx_word' id='word_1_650' title='bbox 1787 4262 2187 4324; x_wconf 88' lang='lat' dir='ltr'><strong>beatitudinis</strong></span> <span class='ocrx_word' id='word_1_651' title='bbox 2214 4282 2230 4337; x_wconf 91' lang='lat'><strong>;</strong></span> <span class='ocrx_word' id='word_1_652' title='bbox 2261 4263 2351 4324; x_wconf 88' lang='lat' dir='ltr'><strong>sic</strong></span> <span class='ocrx_word' id='word_1_653' title='bbox 2374 4263 2543 4324; x_wconf 91' lang='lat' dir='ltr'><strong>enim</strong></span> <span class='ocrx_word' id='word_1_654' title='bbox 2568 4263 2825 4325; x_wconf 84' lang='lat' dir='ltr'><strong>inchoat</strong></span> <span class='ocrx_word' id='word_1_655' title='bbox 2851 4279 2867 4324; x_wconf 90' lang='lat'><strong>:</strong></span> <span class='ocrx_word' id='word_1_656' title='bbox 2902 4261 2983 4324; x_wconf 86' lang='lat' dir='ltr'><strong>In</strong></span> <span class='ocrx_word' id='word_1_657' title='bbox 3006 4260 3357 4325; x_wconf 78' lang='lat' dir='ltr'><strong>retributio-</strong></span> 
     </span>
     <span class='ocr_line' id='line_1_100' title="bbox 1789 4353 3356 4438; baseline -0.002 -20"><span class='ocrx_word' id='word_1_658' title='bbox 1789 4355 2224 4438; x_wconf 71' lang='lat' dir='ltr'><strong>nia,cnlmine.</strong></span> <span class='ocrx_word' id='word_1_659' title='bbox 2258 4353 2491 4418; x_wconf 88' lang='lat' dir='ltr'><strong>Deinde</strong></span> <span class='ocrx_word' id='word_1_660' title='bbox 2522 4361 2619 4418; x_wconf 86' lang='lat' dir='ltr'><strong>est</strong></span> <span class='ocrx_word' id='word_1_661' title='bbox 2671 4353 3153 4436; x_wconf 88' lang='lat' dir='ltr'><strong>ponderandum</strong></span> <span class='ocrx_word' id='word_1_662' title='bbox 3201 4353 3356 4415; x_wconf 87' lang='lat' dir='ltr'><strong>illud</strong></span> 
     </span>
     <span class='ocr_line' id='line_1_101' title="bbox 1787 4447 3352 4530; baseline -0.003 -19"><span class='ocrx_word' id='word_1_663' title='bbox 1787 4448 2075 4522; x_wconf 91' lang='lat' dir='ltr'><strong>verbum,</strong></span> <span class='ocrx_word' id='word_1_664' title='bbox 2104 4468 2163 4512; x_wconf 86' lang='lat' dir='ltr'><strong>eo</strong></span> <span class='ocrx_word' id='word_1_665' title='bbox 2214 4451 2347 4528; x_wconf 75' lang='lat' dir='ltr'><strong>ipso</strong></span> <span class='ocrx_word' id='word_1_666' title='bbox 2402 4467 2513 4530; x_wconf 80' lang='lat' dir='ltr'><strong>quo</strong></span> <span class='ocrx_word' id='word_1_667' title='bbox 2561 4455 2649 4514; x_wconf 75' lang='lat' dir='ltr'><strong>est</strong></span> <span class='ocrx_word' id='word_1_668' title='bbox 2694 4455 2997 4514; x_wconf 75' lang='lat' dir='ltr'><strong>creatura.</strong></span> <span class='ocrx_word' id='word_1_669' title='bbox 3028 4449 3158 4509; x_wconf 87' lang='lat' dir='ltr'><strong>haec</strong></span> <span class='ocrx_word' id='word_1_670' title='bbox 3186 4447 3352 4508; x_wconf 91' lang='lat' dir='ltr'><strong>enim</strong></span> 
     </span>
     <span class='ocr_line' id='line_1_102' title="bbox 1787 4538 3355 4605; baseline -0.003 -2"><span class='ocrx_word' id='word_1_671' title='bbox 1787 4543 1944 4604; x_wconf 84' lang='lat' dir='ltr'><strong>ratio</strong></span> <span class='ocrx_word' id='word_1_672' title='bbox 1971 4542 2162 4605; x_wconf 86' lang='lat' dir='ltr'><strong>habet</strong></span> <span class='ocrx_word' id='word_1_673' title='bbox 2189 4543 2397 4604; x_wconf 87' lang='lat' dir='ltr'><strong>locum</strong></span> <span class='ocrx_word' id='word_1_674' title='bbox 2432 4543 2499 4603; x_wconf 90' lang='lat' dir='ltr'><strong>in</strong></span> <span class='ocrx_word' id='word_1_675' title='bbox 2530 4543 2700 4604; x_wconf 89' lang='lat' dir='ltr'><strong>omni</strong></span> <span class='ocrx_word' id='word_1_676' title='bbox 2739 4541 3060 4604; x_wconf 88' lang='lat' dir='ltr'><strong>intellectu</strong></span> <span class='ocrx_word' id='word_1_677' title='bbox 3087 4547 3149 4602; x_wconf 83' lang='lat' dir='ltr'><strong>et</strong></span> <span class='ocrx_word' id='word_1_678' title='bbox 3175 4538 3355 4600; x_wconf 88' lang='lat' dir='ltr'><strong>lumi-</strong></span> 
     </span>
     <span class='ocr_line' id='line_1_103' title="bbox 1785 4633 3355 4700; baseline 0 -3"><span class='ocrx_word' id='word_1_679' title='bbox 1785 4655 1888 4698; x_wconf 88' lang='lat' dir='ltr'><strong>ne.</strong></span> <span class='ocrx_word' id='word_1_680' title='bbox 1923 4637 2279 4699; x_wconf 86' lang='lat' dir='ltr'><strong>Notandum</strong></span> <span class='ocrx_word' id='word_1_681' title='bbox 2332 4641 2429 4698; x_wconf 86' lang='lat' dir='ltr'><strong>est</strong></span> <span class='ocrx_word' id='word_1_682' title='bbox 2457 4637 2643 4700; x_wconf 87' lang='lat' dir='ltr'><strong>etiam</strong></span> <span class='ocrx_word' id='word_1_683' title='bbox 2676 4633 2830 4697; x_wconf 91' lang='lat' dir='ltr'><strong>illud</strong></span> <span class='ocrx_word' id='word_1_684' title='bbox 2860 4653 2873 4694; x_wconf 93' lang='lat'><strong>:</strong></span> <span class='ocrx_word' id='word_1_685' title='bbox 2924 4635 3055 4698; x_wconf 83' lang='lat' dir='ltr'><strong>Nee</strong></span> <span class='ocrx_word' id='word_1_686' title='bbox 3093 4634 3355 4697; x_wconf 73' lang='lat' dir='ltr'><strong>dilatata</strong></span> 
     </span>
     <span class='ocr_line' id='line_1_104' title="bbox 1785 4725 3354 4809; baseline -0.004 -16"><span class='ocrx_word' id='word_1_687' title='bbox 1785 4731 2045 4809; x_wconf 75' lang='lat' dir='ltr'><strong>suflicit,</strong></span> <span class='ocrx_word' id='word_1_688' title='bbox 2073 4731 2239 4792; x_wconf 89' lang='lat' dir='ltr'><strong>idem</strong></span> <span class='ocrx_word' id='word_1_689' title='bbox 2274 4731 2442 4792; x_wconf 89' lang='lat' dir='ltr'><strong>enim</strong></span> <span class='ocrx_word' id='word_1_690' title='bbox 2474 4734 2569 4792; x_wconf 87' lang='lat' dir='ltr'><strong>est</strong></span> <span class='ocrx_word' id='word_1_691' title='bbox 2610 4747 2683 4792; x_wconf 87' lang='lat' dir='ltr'><strong>ac</strong></span> <span class='ocrx_word' id='word_1_692' title='bbox 2726 4729 2777 4790; x_wconf 87' lang='lat' dir='ltr'><strong>si</strong></span> <span class='ocrx_word' id='word_1_693' title='bbox 2823 4727 3099 4790; x_wconf 88' lang='lat' dir='ltr'><strong>diceret:</strong></span> <span class='ocrx_word' id='word_1_694' title='bbox 3145 4725 3354 4799; x_wconf 88' lang='lat' dir='ltr'><strong>Quan-</strong></span> 
     </span>
     <span class='ocr_line' id='line_1_105' title="bbox 1783 4817 3351 4904; baseline -0.004 -18"><span class='ocrx_word' id='word_1_695' title='bbox 1783 4823 2016 4886; x_wconf 85' lang='lat' dir='ltr'><strong>tumvis</strong></span> <span class='ocrx_word' id='word_1_696' title='bbox 2040 4825 2104 4885; x_wconf 91' lang='lat' dir='ltr'><strong>in</strong></span> <span class='ocrx_word' id='word_1_697' title='bbox 2131 4825 2357 4886; x_wconf 83' lang='lat' dir='ltr'><strong>virtute</strong></span> <span class='ocrx_word' id='word_1_698' title='bbox 2388 4821 2781 4904; x_wconf 87' lang='lat' dir='ltr'><strong>intelligendi</strong></span> <span class='ocrx_word' id='word_1_699' title='bbox 2814 4823 3055 4882; x_wconf 85' lang='lat' dir='ltr'><strong>crescat</strong></span> <span class='ocrx_word' id='word_1_700' title='bbox 3081 4823 3189 4882; x_wconf 89' lang='lat' dir='ltr'><strong>aut</strong></span> <span class='ocrx_word' id='word_1_701' title='bbox 3226 4817 3351 4880; x_wconf 87' lang='lat' dir='ltr'><strong>ele·</strong></span> 
     </span>
     <span class='ocr_line' id='line_1_106' title="bbox 1781 4910 3348 4998; baseline -0.005 -18"><span class='ocrx_word' id='word_1_702' title='bbox 1781 4924 1984 4980; x_wconf 82' lang='lat' dir='ltr'><strong>vetur.</strong></span> <span class='ocrx_word' id='word_1_703' title='bbox 2037 4918 2319 4980; x_wconf 88' lang='lat' dir='ltr'><strong>Tandem</strong></span> <span class='ocrx_word' id='word_1_704' title='bbox 2369 4917 2659 4998; x_wconf 89' lang='lat' dir='ltr'><strong>expendo</strong></span> <span class='ocrx_word' id='word_1_705' title='bbox 2694 4914 2799 4976; x_wconf 85' lang='lat' dir='ltr'><strong>illa</strong></span> <span class='ocrx_word' id='word_1_706' title='bbox 2846 4914 3061 4976; x_wconf 86' lang='lat' dir='ltr'><strong>ultima</strong></span> <span class='ocrx_word' id='word_1_707' title='bbox 3101 4910 3295 4974; x_wconf 87' lang='lat' dir='ltr'><strong>verba</strong></span> <span class='ocrx_word' id='word_1_708' title='bbox 3330 4927 3348 4973; x_wconf 73' lang='lat' dir='ltr'><strong>t</strong></span> 
     </span>
     <span class='ocr_line' id='line_1_107' title="bbox 1787 5005 3349 5086; baseline -0.005 -11"><span class='ocrx_word' id='word_1_709' title='bbox 1787 5012 1906 5086; x_wconf 77' lang='lat' dir='ltr'><strong>Qui</strong></span> <span class='ocrx_word' id='word_1_710' title='bbox 1954 5011 2421 5075; x_wconf 77' lang='lat' dir='ltr'><strong>transcendendo</strong></span> <span class='ocrx_word' id='word_1_711' title='bbox 2474 5010 2674 5072; x_wconf 81' lang='lat' dir='ltr'><strong>omnia</strong></span> <span class='ocrx_word' id='word_1_712' title='bbox 2715 5005 3035 5073; x_wconf 75' lang='lat' dir='ltr'><strong>concludit.</strong></span> <span class='ocrx_word' id='word_1_713' title='bbox 3082 5007 3239 5068; x_wconf 84' lang='lat' dir='ltr'><strong>Nam</strong></span> <span class='ocrx_word' id='word_1_714' title='bbox 3283 5005 3349 5068; x_wconf 91' lang='lat' dir='ltr'><strong>in</strong></span> 
     </span>
     <span class='ocr_line' id='line_1_108' title="bbox 1779 5100 3351 5186; baseline -0.004 -20"><span class='ocrx_word' id='word_1_715' title='bbox 1779 5106 1900 5167; x_wconf 91' lang='lat' dir='ltr'><strong>hoc</strong></span> <span class='ocrx_word' id='word_1_716' title='bbox 1926 5103 2113 5185; x_wconf 86' lang='lat' dir='ltr'><strong>plane</strong></span> <span class='ocrx_word' id='word_1_717' title='bbox 2136 5103 2467 5186; x_wconf 84' lang='lat' dir='ltr'><strong>significat,</strong></span> <span class='ocrx_word' id='word_1_718' title='bbox 2498 5103 2738 5165; x_wconf 86' lang='lat' dir='ltr'><strong>ratione</strong></span> <span class='ocrx_word' id='word_1_719' title='bbox 2776 5118 2907 5161; x_wconf 70' lang='lat' dir='ltr'><strong>suae</strong></span> <span class='ocrx_word' id='word_1_720' title='bbox 2934 5100 3190 5162; x_wconf 82' lang='lat' dir='ltr'><strong>infinitae</strong></span> <span class='ocrx_word' id='word_1_721' title='bbox 3213 5117 3351 5180; x_wconf 88' lang='lat' dir='ltr'><strong>per-</strong></span> 
     </span>
     <span class='ocr_line' id='line_1_109' title="bbox 1776 5197 3348 5278; baseline -0.004 -17"><span class='ocrx_word' id='word_1_722' title='bbox 1776 5200 2100 5273; x_wconf 80' lang='lat' dir='ltr'><strong>fectionis,</strong></span> <span class='ocrx_word' id='word_1_723' title='bbox 2152 5215 2277 5278; x_wconf 88' lang='lat' dir='ltr'><strong>qua</strong></span> <span class='ocrx_word' id='word_1_724' title='bbox 2338 5197 2551 5260; x_wconf 89' lang='lat' dir='ltr'><strong>omnia</strong></span> <span class='ocrx_word' id='word_1_725' title='bbox 2614 5197 2935 5268; x_wconf 85' lang='lat' dir='ltr'><strong>continet,</strong></span> <span class='ocrx_word' id='word_1_726' title='bbox 2983 5212 3111 5256; x_wconf 90' lang='lat' dir='ltr'><strong>non</strong></span> <span class='ocrx_word' id='word_1_727' title='bbox 3162 5210 3348 5272; x_wconf 87' lang='lat' dir='ltr'><strong>posse</strong></span> 
     </span>
     <span class='ocr_line' id='line_1_110' title="bbox 1776 5287 3351 5372; baseline -0.006 -18"><span class='ocrx_word' id='word_1_728' title='bbox 1776 5294 2102 5372; x_wconf 86' lang='lat' dir='ltr'><strong>adaequate</strong></span> <span class='ocrx_word' id='word_1_729' title='bbox 2134 5291 2451 5372; x_wconf 87' lang='lat' dir='ltr'><strong>cognosci.</strong></span> <span class='ocrx_word' id='word_1_730' title='bbox 2478 5291 2656 5354; x_wconf 85' lang='lat' dir='ltr'><strong>Unde</strong></span> <span class='ocrx_word' id='word_1_731' title='bbox 2684 5289 2889 5350; x_wconf 85' lang='lat' dir='ltr'><strong>statim</strong></span> <span class='ocrx_word' id='word_1_732' title='bbox 2906 5287 3229 5368; x_wconf 88' lang='lat' dir='ltr'><strong>subjungit</strong></span> <span class='ocrx_word' id='word_1_733' title='bbox 3252 5303 3351 5346; x_wconf 88' lang='lat' dir='ltr'><strong>se-</strong></span> 
     </span>
     <span class='ocr_line' id='line_1_111' title="bbox 1775 5379 3349 5466; baseline -0.004 -18"><span class='ocrx_word' id='word_1_734' title='bbox 1775 5390 2035 5466; x_wconf 85' lang='lat' dir='ltr'><strong>quentia</strong></span> <span class='ocrx_word' id='word_1_735' title='bbox 2058 5387 2251 5449; x_wconf 82' lang='lat' dir='ltr'><strong>verba</strong></span> <span class='ocrx_word' id='word_1_736' title='bbox 2281 5406 2297 5451; x_wconf 89' lang='lat'><strong>:</strong></span> <span class='ocrx_word' id='word_1_737' title='bbox 2326 5385 2655 5448; x_wconf 71' lang='lat' dir='ltr'><strong>Ena-elsim·</strong></span> <span class='ocrx_word' id='word_1_738' title='bbox 2683 5385 2822 5448; x_wconf 81' lang='lat' dir='ltr'><strong>eoelo</strong></span> <span class='ocrx_word' id='word_1_739' title='bbox 2848 5389 2975 5453; x_wconf 63' lang='grc' dir='ltr'><strong>ω,-</strong></span> <span class='ocrx_word' id='word_1_740' title='bbox 3004 5387 3060 5446; x_wconf 79' lang='lat' dir='ltr'><strong>ec</strong></span> <span class='ocrx_word' id='word_1_741' title='bbox 3088 5379 3235 5462; x_wconf 80' lang='lat' dir='ltr'><strong>quid</strong></span> <span class='ocrx_word' id='word_1_742' title='bbox 3246 5381 3349 5456; x_wconf 78' lang='lat' dir='ltr'><strong>fa-</strong></span> 
     </span>
     <span class='ocr_line' id='line_1_112' title="bbox 1775 5473 3347 5560; baseline -0.005 -16"><span class='ocrx_word' id='word_1_743' title='bbox 1775 5482 1898 5544; x_wconf 66' lang='lat' dir='ltr'><strong>eie-5</strong></span> <span class='ocrx_word' id='word_1_744' title='bbox 1920 5483 1949 5542; x_wconf 85' lang='lat'><em>?</em></span> <span class='ocrx_word' id='word_1_745' title='bbox 1975 5481 2352 5560; x_wconf 80' lang='lat' dir='ltr'><strong>Profundior</strong></span> <span class='ocrx_word' id='word_1_746' title='bbox 2389 5481 2629 5553; x_wconf 78' lang='lat' dir='ltr'><strong>inferno</strong></span> <span class='ocrx_word' id='word_1_747' title='bbox 2649 5505 2673 5552; x_wconf 90' lang='lat'><em>;</em></span> <span class='ocrx_word' id='word_1_748' title='bbox 2702 5483 2757 5540; x_wconf 76' lang='lat' dir='ltr'><strong>ec</strong></span> <span class='ocrx_word' id='word_1_749' title='bbox 2781 5477 2936 5540; x_wconf 73' lang='lat' dir='ltr'><strong>unde</strong></span> <span class='ocrx_word' id='word_1_750' title='bbox 2977 5490 3286 5556; x_wconf 57' lang='lat' dir='ltr'><strong>cognosces</strong></span> <span class='ocrx_word' id='word_1_751' title='bbox 3314 5473 3347 5536; x_wconf 70' lang='lat' dir='ltr'><em>P</em></span> 
     </span>
     <span class='ocr_line' id='line_1_113' title="bbox 1773 5568 3343 5657; baseline -0.005 -17"><span class='ocrx_word' id='word_1_752' title='bbox 1773 5573 2041 5657; x_wconf 67' lang='lat' dir='ltr'><strong>Lonqzor</strong></span> <span class='ocrx_word' id='word_1_753' title='bbox 2083 5580 2249 5640; x_wconf 77' lang='lat' dir='ltr'><strong>terra</strong></span> <span class='ocrx_word' id='word_1_754' title='bbox 2296 5589 2582 5636; x_wconf 62' lang='lat' dir='ltr'><strong>ozensara</strong></span> <span class='ocrx_word' id='word_1_755' title='bbox 2624 5571 2791 5650; x_wconf 60' lang='lat' dir='ltr'><strong>eius,</strong></span> <span class='ocrx_word' id='word_1_756' title='bbox 2832 5575 2887 5632; x_wconf 78' lang='lat' dir='ltr'><strong>ec</strong></span> <span class='ocrx_word' id='word_1_757' title='bbox 2929 5569 3113 5634; x_wconf 70' lang='lat' dir='ltr'><strong>latior</strong></span> <span class='ocrx_word' id='word_1_758' title='bbox 3156 5568 3343 5632; x_wconf 75' lang='lat' dir='ltr'><strong>naari.</strong></span> 
     </span>
    </p>
   </div>
  </div>
 </body>
</html>
