3892 6167
597 287 682 349 96

595 402 720 471 tur,
743 400 814 459 ut
829 395 994 459 infra
1018 411 1134 459 suo
1157 394 1298 457 loco
1325 392 1602 467 dicetur;
1627 390 1802 455 etita
1821 392 1969 467 hoc,
1995 389 2169 471 quod

595 488 1000 565 intendimus,
1045 486 1257 551 docuit
1312 487 1728 567 Augustinus,
1760 490 1938 548 tract.
1979 488 2055 549 19
2102 489 2167 548 et

593 584 706 657 20,
741 589 805 647 et
839 580 1284 663 sequentibus;
1319 583 1384 643 et
1433 579 1616 642 divus
1657 580 1932 641 Thomas
1975 577 2162 653 infra,

591 681 814 755 quaest.
847 676 950 739 56.
997 674 1205 737 Tertio
1224 717 1242 747 ,
1273 691 1496 735 omnes
1525 672 1742 755 gratim
1757 716 1781 749 ,
1809 672 1912 734 vel
1945 688 2166 753 super-

593 769 904 833 naturalia
939 768 1108 833 dona
1149 784 1290 847 quas
1327 767 1398 829 in
1423 766 1702 829 Ecclesia
1728 765 2159 840 conferuntur,

591 879 708 942 per
734 860 958 925 Christi
984 859 1442 923 humanitatem
1471 857 1766 932 conferri,
1787 858 1940 921 satis
1965 858 2069 937 pie
2100 860 2165 921 et

589 955 995 1035 probabiliter
1039 954 1212 1017 credi
1265 957 1496 1033 potest;
1529 970 1682 1013 nam
1726 950 1830 1014 ille
1883 956 1981 1013 est
2001 995 2019 1025 ,
2048 950 2160 1031 qui

587 1048 1012 1129 principaliter
1035 1046 1331 1128 baptizat,
1365 1045 1474 1126 qui
1506 1052 1856 1121 consecrat,
1879 1045 1989 1124 qui
2016 1061 2161 1107 san·

589 1140 847 1215 ctificat3
877 1140 944 1201 hi
969 1143 1183 1202 autem
1211 1138 1474 1203 effectus
1502 1139 1584 1201 ad
1613 1156 1800 1201 usum
1829 1138 2019 1218 hujus
2047 1156 2161 1218 po-

587 1235 830 1298 testatis
879 1234 1219 1315 pertinent.
1273 1235 1455 1310 Nam,
1505 1234 1651 1295 licet
1700 1232 1834 1295 istae
1881 1232 2159 1295 actiones

581 1328 714 1409 jam
761 1345 890 1389 non
933 1326 1224 1389 dicantur
1266 1326 1520 1407 proprie
1550 1324 1973 1401 miraculose,
2008 1325 2156 1404 quia

585 1440 716 1483 non
743 1428 890 1483 sunt
915 1420 1214 1496 insolitae,
1245 1425 1309 1482 et
1333 1419 1496 1483 fiunt
1523 1418 1871 1483 secundum
1903 1418 2159 1481 ordina-

585 1513 743 1575 riam
773 1513 980 1593 legem
1009 1512 1226 1594 gratiss
1246 1557 1263 1588 ‚
1291 1512 1660 1594 simpliciter
1693 1518 1908 1575 tamen
1938 1530 2155 1593 super-

583 1606 904 1670 naturales
949 1612 1098 1668 sunt
1113 1650 1134 1682 ,
1161 1608 1226 1668 et
1257 1605 1340 1667 ad
1365 1610 1742 1685 potestatem
1779 1611 2155 1685 supernatu-

581 1701 782 1763 ralem
823 1699 1202 1763 efficientem
1247 1699 1586 1778 pertinent.
1625 1696 1942 1777 Denique,
1992 1698 2153 1760 sicut

583 1791 858 1857 Christus
885 1809 1056 1855 nunc
1085 1792 1316 1856 retinet
1337 1798 1402 1855 et
1423 1792 1870 1873 perfectissime
1899 1797 2153 1855 exercet

581 1888 960 1968 dignitatem
983 1887 1225 1969 capitis,
1248 1886 1334 1947 ita
1354 1890 1418 1947 et
1438 1886 1715 1966 perfecto
1735 1884 1924 1947 modo
1945 1884 2152 1949 influit

581 1981 850 2061 gratiam
877 1998 996 2060 per
1017 1998 1204 2041 usum
1250 1979 1440 2057 hujus
1480 1978 1829 2058 potestatis.
1858 1978 1999 2041 Scio
2027 1978 2150 2040 An-

581 2074 820 2137 draeam
851 2073 932 2136 de
957 2073 1163 2153 vega,
1191 2072 1302 2133 lib.
1330 2073 1370 2134 6
1393 2073 1460 2133 in
1477 2071 1676 2149 Trid„
1703 2090 1758 2134 c.
1790 2074 1892 2147 14,
1907 2072 1973 2134 in
1992 2070 2145 2150 fine,

577 2166 963 2247 probabilius
991 2166 1350 2229 existimare
1365 2165 1678 2228 Christum
1700 2165 1766 2226 in
1789 2164 1946 2227 coelo
1974 2183 2147 2229 nunc

578 2259 949 2323 existentem
995 2277 1126 2321 non
1176 2259 1444 2321 influere
1489 2258 1852 2323 immediate
1895 2258 1961 2319 in
2001 2277 2147 2339 gra-

575 2354 730 2417 tiam
769 2370 912 2433 quae
961 2352 1150 2415 nobis
1179 2353 1517 2415 confertur.
1557 2352 1684 2415 Sed
1711 2351 1765 2415 si
1809 2352 2142 2433 intelligat,

575 2463 706 2507 non
749 2446 1137 2521 immediate,
1165 2444 1228 2506 id
1258 2451 1390 2519 est,
1420 2463 1552 2506 non
1591 2445 1728 2507 sine
1758 2443 1882 2507 alio
1917 2445 2145 2507 instru-

573 2546 788 2601 mento
815 2539 1194 2620 propinquo,
1217 2544 1313 2601 est
1341 2538 1405 2601 id
1431 2558 1648 2601 verum
1667 2539 1733 2600 in
1755 2538 2146 2619 justificatio-

573 2651 682 2709 ne,
713 2651 856 2712 quae
885 2633 958 2695 fit
993 2650 1108 2713 per
1163 2638 1653 2709 sacramentum,
1687 2649 1818 2694 non
1867 2650 2017 2695 vero
2072 2632 2139 2695 in

573 2725 732 2789 aliis.
753 2726 822 2789 Si
847 2744 998 2789 vero
1026 2724 1336 2805 intelligat
1359 2724 1554 2803 (quod
1581 2724 1786 2805 magis
1805 2724 2137 2806 significat)

571 2819 1032 2881 humanitatem
1049 2816 1270 2880 Christi
1299 2836 1416 2899 per
1439 2836 1508 2881 se
1537 2836 1666 2881 non
1691 2816 1983 2892 influere,
2012 2836 2139 2881 non

571 2919 668 2975 est
715 2912 1132 2993 improbabile
1173 2912 1346 2991 quod
1375 2912 1462 2975 ait
1471 2927 1494 2991 3
1524 2912 1736 2975 verius
1761 2918 1975 2975 tamen
2002 2929 2139 2975 cre·

569 3004 776 3067 dimus
811 3022 950 3067 esse
991 3005 1368 3084 oppositum,
1401 3004 1551 3084 quia
1591 3004 1768 3065 nulla
1813 3010 1905 3067 est
1952 3022 2141 3067 causa

567 3099 888 3160 sufficiens
917 3098 998 3159 ad
1027 3098 1386 3179 negandam
1411 3098 1652 3160 Christo
1677 3098 1842 3161 hanc
1870 3096 2139 3178 dignita-

568 3198 722 3254 tem.
784 3190 964 3263 Quod
1018 3210 1170 3253 vero
1223 3192 1532 3271 quosdam
1583 3208 1862 3253 asserere
1919 3190 2131 3266 audio,

563 3287 872 3349 Christum
909 3302 1024 3365 per
1056 3286 1329 3366 Angelos
1361 3286 1530 3347 hunc
1557 3284 1852 3348 effectum
1888 3284 2135 3347 confer-

562 3396 632 3441 re
654 3423 670 3454 ,
701 3378 1090 3441 intellectum
1121 3378 1200 3441 de
1230 3378 1484 3459 propria
1522 3378 1857 3441 efficientia
1902 3378 2135 3441 instru-

561 3472 844 3547 mentali‚
891 3471 1304 3552 improbabile
1350 3478 1468 3547 est,
1500 3472 1652 3552 quia
1693 3472 1866 3535 nullo
1911 3472 2132 3535 funda·

559 3570 798 3637 mento,
825 3566 940 3627 sed
966 3582 1140 3627 mere
1161 3564 1356 3645 gratis
1386 3565 1715 3640 asseritur;
1735 3566 2127 3631 intellectum

559 3664 776 3721 autem
801 3657 880 3721 de
904 3676 1096 3721 causa
1124 3656 1516 3720 ministeriali
1541 3664 1605 3721 et
1631 3660 1850 3721 morali
1879 3678 2010 3721 non
2034 3663 2130 3722 est

560 3752 640 3815 ad
669 3772 839 3831 rem,
873 3760 942 3815 ut
968 3772 1082 3835 per
1109 3771 1250 3815 sese
1275 3753 1428 3816 satis
1453 3759 1720 3817 constat.

638 3850 698 3909 8.
721 3847 954 3920 Tertio,
977 3846 1176 3926 quaeri
1199 3853 1412 3927 posset
1429 3846 1600 3926 quod
1621 3847 1701 3908 sit
1722 3846 2124 3926 adaequatum

555 3939 878 4020 objectum
904 3939 1095 4019 hujus
1119 3940 1482 4019 potestatis,
1513 3938 1684 4020 quod
1714 3944 1812 4003 est
1839 3959 2121 4020 quaerere

554 4030 640 4095 ad
665 4050 825 4113 quos
857 4033 1117 4096 effectus
1156 4051 1225 4095 se
1255 4032 1572 4097 extendat.
1609 4032 1736 4097 Sed
1773 4034 1893 4095 hoc
1926 4034 2122 4115 expli-

553 4126 796 4189 cabitur
836 4126 1230 4189 commodius
1273 4130 1418 4207 post
1461 4126 1808 4189 sectionem
1839 4130 1878 4191 5
1901 4172 1918 4202 ,
1971 4129 2119 4208 quia

553 4218 790 4299 pendet
825 4238 902 4281 ex
941 4219 1131 4281 modo
1161 4237 1287 4299 quo
1318 4220 1454 4283 haec
1478 4225 1758 4301 potestas
1787 4228 2109 4301 operatur.

1158 4401 1375 4456 SECTlO
1403 4402 1486 4457 111.

547 4525 632 4582 An
653 4526 771 4584 hoec
795 4532 1040 4601 potestas
1066 4526 1142 4583 sit
1167 4542 1313 4599 vere,
1347 4533 1402 4584 et
1426 4528 1654 4601 physice
1683 4528 1942 4603 effectiva
1968 4544 2105 4603 yra-

825 4611 932 4681 tiae,
965 4618 1018 4667 et
1043 4612 1554 4683 supernaturalium
1577 4626 1829 4684 operum.

630 4780 684 4839 l.
713 4777 1012 4857 Suppono
1041 4792 1154 4855 per
1179 4776 1524 4856 potentiam
1550 4775 1808 4857 physice
1835 4776 2103 4840 activam

545 4888 664 4931 nos
693 4869 1042 4947 intelligere
1071 4869 1279 4944 illam,
1316 4886 1458 4949 quae
1490 4887 1604 4949 per
1627 4870 1865 4933 realem
1903 4874 1967 4933 et
2002 4888 2106 4933 ve-

543 4980 682 5024 ram
711 4962 1024 5025 actionem
1055 4969 1350 5043 operatur
1369 5008 1384 5037 ,
1419 4969 1484 5025 et
1509 4981 1548 5025 a
1581 4982 1708 5044 qua
1748 4963 2005 5027 effectus
2036 4982 2105 5026 re

541 5054 676 5135 ipsa
721 5054 956 5136 pendet
981 5056 1048 5118 in
1075 5074 1190 5119 suo
1233 5074 1394 5120 esse.
1427 5056 1603 5119 Multi
1632 5074 1783 5137 ergo
1811 5064 2104 5120 auctores

538 5154 774 5229 negant
796 5148 1251 5211 humanitatem
1269 5150 1492 5213 Christi
1513 5151 1792 5230 potuisse
1821 5151 1942 5213 hoc
1970 5169 2102 5212 mo-

536 5241 618 5303 do
649 5241 905 5320 elevari,
928 5250 998 5305 ut
1021 5250 1186 5307 esset
1209 5244 1582 5325 principium
1608 5245 1884 5307 efficiens
1905 5262 2099 5326 opera

537 5336 1068 5416 supernaturalia,
1099 5344 1162 5399 et
1183 5336 1534 5419 praesertim
1557 5338 1846 5419 gratiam,
1865 5338 1944 5401 de
1971 5357 2097 5424 qua

533 5430 930 5510 frequentius
976 5437 1266 5495 auctores
1311 5430 1657 5513 loquuntur
1679 5476 1696 5507 ,
1727 5450 2093 5515 quanquam

1828 290 2065 353 QUAEST.
2099 286 2229 345 ΧΙΙΙ.
2260 284 2468 345 Anno.
2502 288 2589 341 lv.

2248 408 2473 453 eorum
2512 386 3000 452 fundamentum
3024 391 3323 471 generale
3376 394 3485 457 sit.
3532 397 3625 461 Ita
3650 404 3793 468 tenet

2245 482 2551 547 Alexand.
2602 480 2843 559 Alens.,
2872 484 2911 545 3
2939 501 3031 564 p.‚
3059 502 3123 565 q.
3152 486 3197 547 3
3212 530 3235 561 ,
3266 488 3517 551 memb.
3550 493 3612 569 3,
3636 512 3690 555 a.
3726 498 3783 571 3;

2248 575 2560 653 ΑΙιίεἱοᾱ.,
2584 578 2704 656 3p.
2727 577 2996 653 Summ.,
3028 582 3207 639 tract.
3230 580 3288 655 1,
3324 598 3385 643 c.
3421 582 3485 657 4,
3518 601 3581 663 q.
3603 590 3667 659 23
3696 590 3788 653 ΒΟ.

2250 688 2396 733 ιιιιν.
2430 677 2493 733 et
2520 670 2794 743 Richar.,
2826 669 2890 730 in
2918 671 2982 747 3,
3006 669 3069 732 d.
3101 672 3203 747 13,
3234 691 3293 734 a.
3316 678 3385 749 2,
3432 694 3498 758 q.
3524 678 3597 753 33
3628 688 3685 744 et
3714 684 3781 747 ib.

2244 761 2459 839 Gabr.,
2498 762 2647 825 dub.
2676 765 2748 835 3;
2784 760 3093 839 Durand.‚
3124 764 3271 828 dist.
3303 769 3411 843 14,
3448 786 3514 849 q.
3554 775 3613 845 4,
3644 782 3701 837 et
3731 778 3781 840 in

2242 856 2306 932 4,
2348 855 2410 918 (1.
2464 860 2522 932 1,
2550 874 2616 936 q.
2656 858 2722 930 43
2758 858 2821 919 et
2846 856 2936 919 ibi
2978 858 3179 935 Scot.,
3204 877 3267 939 q.
3302 864 3369 937 1,
3404 860 3572 925 circa
3600 866 3778 947 finem,

2243 965 2441 1029 agens
2468 947 2549 1011 de
2571 948 2991 1012 instrumento
3015 952 3379 1026 creationis.
3408 960 3475 1019 et
3494 976 3557 1037 q.
3579 960 3635 1033 4,
3663 970 3715 1023 et
3730 967 3777 1039 3,

2241 1058 2440 1121 agens
2470 1041 2550 1103 de
2572 1042 2636 1104 vi
2666 1042 2978 1105 effectrice
3008 1052 3588 1124 sacramentorum;
3619 1060 3673 1115 et
3693 1054 3777 1119 ibi·

2240 1134 2387 1197 dem
2420 1136 2686 1209 Bonav.,
2718 1142 2780 1199 et
2808 1136 2966 1212 aie„
2998 1143 3061 1199 et
3087 1138 3271 1202 multi
3304 1140 3684 1221 Nominale5‚
3708 1150 3767 1212 de

2240 1228 2466 1292 eadem
2505 1248 2575 1291 re
2608 1229 3019 1311 disputantes.
3049 1230 3563 1300 Fundamentum
3591 1260 3771 1307 eorum

2240 1326 2357 1399 est,
2394 1323 2541 1402 quia
2571 1322 2933 1386 humanitas
2970 1324 3235 1402 Christi,
3269 1330 3345 1391 ut
3373 1349 3525 1394 vere
3552 1352 3621 1395 ac
3646 1336 3768 1415 phy·

2236 1416 2365 1479 sice
2389 1418 2641 1495 efficiat,
2664 1425 2911 1497 oportet
2934 1420 3091 1481 utin
3118 1439 3188 1483 se
3208 1424 3515 1505 suspiciat
3534 1428 3767 1509 aliquam

2234 1510 2525 1573 virtutem
2552 1512 2779 1593 agendi
2808 1531 2825 1587 3
2858 1512 2994 1575 hoec
3022 1532 3170 1577 vero
3202 1515 3383 1579 nulla
3410 1537 3549 1581 esse
3574 1530 3760 1603 potest,

2240 1603 2389 1683 quia
2422 1621 2541 1667 nec
2586 1609 2796 1685 potest
2839 1623 2974 1669 esse
3002 1608 3272 1685 qualitas
3320 1609 3569 1693 aliqua,
3594 1633 3763 1695 neque

2232 1704 2465 1773 mutua,
2487 1716 2696 1805 neque
2718 1699 2952 1780 aliquid
2977 1702 3345 1782 hujusmodi
3370 1720 3386 1735 ·
3365 1724 3578 1787 ‚‚ergo
3604 1710 3761 1789 Major

2232 1796 2494 1865 constat,
2522 1792 2668 1871 quia
2688 1800 2866 1855 actus
2886 1795 3197 1859 secundus
3218 1799 3637 1865 essentialiter
3652 1822 3759 1883 sup-

2229 1883 2406 1965 ponit
2430 1883 2731 1964 primum3
2752 1905 2883 1950 non
2912 1904 3065 1969 ergo
3097 1896 3311 1970 potest
3341 1892 3579 1975 aliquid
3602 1915 3753 1977 agere

2231 1977 2369 2042 sine
2391 1976 2616 2041 virtute
2640 1979 2888 2059 agendi.
2917 1982 3234 2061 Secundo,
3262 2002 3420 2047 nam
3450 1986 3657 2049 eadem
3680 2010 3754 2051 res

2228 2069 2295 2131 in
2336 2088 2405 2132 se
2446 2070 2779 2135 immutata
2821 2092 3086 2137 manens
3135 2095 3271 2139 non
3314 2085 3525 2159 potest
3562 2082 3751 2162 aliquid

2229 2164 2504 2239 efficere,
2535 2164 2618 2226 ad
2646 2165 2815 2247 quod
2852 2166 3253 2231 efficiendum
3296 2171 3380 2235 de
3412 2191 3482 2235 se
3511 2174 3751 2239 virtutem

2224 2274 2356 2319 non
2392 2256 2671 2337 habeat3
2702 2259 2815 2321 sed
2852 2259 3213 2325 humanitas
3242 2262 3327 2326 de
3357 2283 3427 2329 se
3455 2285 3577 2329 non
3602 2269 3746 2331 habet

2224 2345 2517 2411 virtutem
2543 2351 2626 2413 ad
2655 2350 2792 2413 haec
2816 2370 3049 2434 opera,
3032 2371 3047 2387 ·
3072 2373 3226 2437 ergo
3258 2365 3510 2437 oportet
3530 2368 3592 2421 ut
3616 2360 3744 2422 illam

2224 2439 2483 2521 recipiat
2508 2462 2627 2549 per
2674 2444 2953 2524 aliquam
2984 2448 3082 2509 sui
3114 2450 3557 2525 mutationem,
3589 2460 3641 2515 et
3662 2452 3743 2514 ali-

2225 2534 2407 2615 cujus
2431 2537 2522 2598 rei
2549 2539 3011 2620 receptionem3
3034 2542 3303 2625 intelligi
3337 2543 3507 2609 enim
3531 2565 3641 2608 non
3662 2564 3739 2627 po-

2218 2633 2338 2690 test
2356 2626 2495 2691 fieri
2516 2632 2961 2713 potentiorem,
2986 2643 3363 2701 manentem
3396 2638 3551 2701 sicut
3573 2644 3732 2701 antea.
3810 2688 3812 2691 ι

2218 2720 2471 2795 Tertio,
2506 2724 2656 2803 quia
2689 2724 2950 2809 intelligi
2998 2747 3129 2792 non
3162 2737 3379 2811 potest
3404 2738 3471 2795 ut
3495 2732 3620 2793 duae
3642 2749 3729 2803 res,
3810 2794 3812 2799 .

2220 2830 2360 2893 quae
2388 2833 2467 2877 ex
2497 2824 2723 2881 natura
2752 2838 2867 2882 sua
2897 2839 3025 2884 non
3057 2822 3299 2887 habent
3336 2825 3730 2887 connexionem

2219 2924 2339 2969 nec
2364 2907 2849 2990 dependentium
2874 2932 3080 2977 causae
3100 2921 3163 2979 et
3185 2916 3475 2995 effectus,
3491 2916 3730 2998 incipiant

2220 3000 2393 3063 illam
2440 3002 2674 3067 habere
2697 3053 2711 3081 ,
2761 3006 2985 3069 eodem
3024 3007 3214 3071 modo
3246 3016 3513 3091 utraque
3534 3028 3729 3091 perma-

2218 3099 2409 3157 nente
2435 3139 2453 3169 ,
2507 3097 2750 3177 absque
2795 3098 3113 3163 additione
3158 3102 3291 3165 ulla
3336 3121 3476 3183 quae
3503 3103 3725 3165 conferat

2215 3187 2510 3250 virtutem
2536 3192 2788 3270 agendi,
2816 3196 2877 3255 et
2904 3193 2981 3255 sit
2998 3194 3377 3276 principium
3406 3203 3466 3259 et
3485 3196 3624 3258 ratio
3644 3195 3723 3253 hu·
3806 3200 3808 3205 “

2207 3279 2315 3361 jus
2342 3280 2800 3362 dependentioe.
2830 3284 3010 3348 Unde
3054 3286 3249 3351 infert
3292 3288 3430 3352 haec
3468 3286 3720 3351 sententia

2212 3372 2381 3435 hanc
2408 3380 2779 3455 potestatem
2814 3378 3124 3442 efficiendi
3149 3380 3457 3445 miracula
3485 3378 3717 3445 salumin
3801 3452 3802 3457 ἵ

2212 3465 2335 3529 hoc
2368 3484 2508 3531 esse
2554 3470 2821 3549 positam
2846 3517 2864 3547 ,
2893 3472 3064 3553 quod
3100 3472 3507 3539 infallibiliter
3534 3474 3603 3537 ad
3627 3480 3717 3534 tac-
3799 3544 3800 3548 Ἰ

2210 3562 2369 3634 tum,
2391 3565 2499 3621 aut
2514 3562 2799 3643 verbum,
2826 3582 2938 3627 seu
2957 3566 3354 3631 voluntatem
3373 3564 3715 3631 humanitatis

2208 3649 2436 3715 Christi
2464 3654 2672 3716 statim
2692 3654 2876 3719 adest
2892 3657 3103 3721 divina
3122 3660 3321 3724 virtus
3342 3662 3421 3725 ad
3445 3681 3587 3743 opus
3606 3678 3711 3722 con·

2205 3743 2568 3825 fidendum,
2591 3749 2763 3828 quod
2788 3750 3412 3831 Christus,uthomo,
3438 3750 3707 3825 fierivult5

2208 3843 2271 3899 et
2294 3838 2441 3918 quia
2470 3838 2592 3903 hoc
2618 3848 2874 3923 pactum
2900 3850 2996 3905 est
3020 3844 3303 3922 firmum,
3334 3853 3394 3911 et
3421 3844 3703 3911 infallibile,

2208 3948 2285 3992 ac
2312 3937 2721 4012 perpetuum,
2754 3934 2896 3999 ideo
2952 3938 3177 4000 morali
3222 3939 3489 4020 quadam
3516 3936 3704 4001 ratione

2203 4022 2431 4085 dicitur
2460 4024 2738 4089 Christus
2767 4026 2849 4089 ad
2872 4033 3296 4111 perpetranda
3323 4030 3601 4095 miracula
3624 4028 3701 4089 ha-

2200 4115 2351 4179 bere
2390 4125 2871 4197 permanentem
2907 4129 3305 4204 potestatem.
3340 4126 3463 4187 Nec
3494 4144 3525 4185 a
3558 4136 3700 4183 sensu

2199 4210 2571 4273 Sanctorum
2598 4212 2847 4275 Patrum
2866 4214 3000 4278 haec
3023 4218 3329 4298 expositio
3349 4218 3574 4279 videtur
3591 4212 3697 4273 alie-

2194 4321 2279 4364 na
2300 4322 2314 4364 :
2342 4305 2628 4367 Damaso.
2661 4306 2855 4384 enim,
2884 4306 2991 4371 lib.
3012 4310 3309 4384 Quomodo
3328 4312 3405 4374 ad
3424 4308 3693 4386 imayinem

2194 4396 2311 4460 Dei
2362 4400 2518 4477 facti
2556 4415 2792 4475 sumus,
2846 4400 3011 4463 circa
3057 4400 3289 4479 finem,
3321 4419 3462 4464 cum
3487 4397 3689 4465 ‚dixisset

2192 4490 2321 4552 vim
2348 4490 2621 4552 divinam
2649 4510 2763 4573 per
2794 4498 3024 4556 tactum
3056 4494 3333 4577 corporis
3363 4509 3594 4556 sanasse
3626 4488 3691 4547 in·

2186 4582 2427 4660 firmos,
2453 4588 2518 4645 et
2543 4582 2818 4647 divinam
2850 4586 3242 4649 voluntatem
3269 4605 3383 4668 per
3406 4588 3687 4647 humanam

2190 4674 2473 4739 effecisse
2502 4678 2840 4756 miracula,
2873 4681 3219 4761 explanans
3266 4680 3431 4743 hunc
3468 4672 3687 4741 effectio-

2184 4769 2284 4831 nis
2314 4767 2596 4848 modum,
2651 4771 2799 4833 dicit
2842 4772 3122 4855 singulas
3157 4779 3433 4847 naturaS‚
3460 4767 3681 4832 divinam

2188 4866 2252 4923 et
2276 4862 2644 4939 humanam,
2678 4862 2963 4927 effecisse
2994 4865 3115 4927 sibi
3147 4865 3393 4949 propria
3420 4878 3547 4924 cum
3570 4872 3680 4919 con·

2188 4954 2377 5015 sortio
2418 4956 2708 5031 alteriuS,
2745 4956 2992 5021 duabus
3028 4964 3242 5022 tamen
3271 4954 3585 5021 actionibus
3608 4948 3677 5007 ἰη-

2184 5047 2703 5111 tervenientibus,
2765 5051 2938 5113 Sicut
2988 5054 3239 5133 quando
3289 5067 3452 5114 serra
3502 5040 3671 5124 ignita

2186 5139 2533 5202 scindendo
2576 5141 2719 5212 urit,
2770 5143 2967 5205 altera
2998 5154 3093 5209 est
3119 5146 3277 5209 actio
3316 5138 3573 5210 secandi,
3607 5130 3671 5191 ³1·

2180 5236 2315 5295 tera
2340 5234 2584 5311 urendi,
2602 5253 2641 5296 a
2666 5234 2926 5298 diversis
2950 5239 3265 5321 principiis
3282 5232 3665 5319 procedentes·

2181 5328 2318 5403 Sic,
2350 5328 2581 5409 inquit,
2613 5332 2846 5413 quando
2892 5333 3187 5399 divinitas
3210 5339 3369 5399 tactu
3391 5323 3572 5393 carnis
3591 5330 3662 5378 ta·
3739 5388 3741 5391 ,

2177 5420 2363 5487 nabat
2383 5422 2726 5501 infirmum,
2752 5424 2886 5489 alia
2917 5432 3049 5491 erat
3084 5427 3338 5513 propria
3380 5418 3519 5486 aotzo
3543 5405 3660 5474 divi·
