3892 6167
519 295 640 358 296

518 401 694 478 patet
718 413 795 460 ex
819 396 996 458 dictis
1021 395 1088 456 in
1117 395 1320 473 prima
1347 393 1738 464 difficultate,
1767 409 1975 471 neque
2002 409 2080 454 ex

515 495 696 576 parte
732 489 985 569 objecti,
1017 493 1088 551 ιιι
1137 487 1343 568 magis
1389 487 1626 568 patebit
1671 505 1752 549 ex
1797 484 2081 547 dicendis

519 583 587 645 in
614 584 822 654 tertio.
851 583 1004 646 Aliae
1035 580 1226 642 etiam
1245 581 1630 660 objectiones
1653 585 1914 658 possent
1947 578 2077 640 for·

518 683 689 738 tasse
709 673 990 748 dissolvi,
1017 674 1128 738 sed
1153 679 1226 736 ιιι
1249 680 1380 736 tota
1423 675 1558 736 haec
1587 672 1918 738 difficultas
1939 689 2077 734 me-

521 767 648 833 lius
685 766 1061 829 dissolvatur
1085 772 1148 829 et
1169 766 1578 845 intelligatur,

597 863 662 922 9.
707 861 1040 941 Responsio
1073 861 1319 924 mima.
1337 877 1418 908 ⁴-
1438 858 1905 922 Adverteudum
1950 859 2077 938 pri·

519 972 626 1018 mo
669 959 800 1030 est,
827 955 942 1016 etsi
971 955 1394 1016 concedamus
1423 955 1622 1016 Deum
1651 952 1942 1016 absoluta
1970 969 2075 1014 vo·

518 1045 760 1108 luutute
787 1045 1276 1125 praedefinivisse
1313 1047 1380 1108 in
1409 1045 1772 1126 particulari
1825 1051 1888 1108 et
1933 1063 2082 1106 cum

521 1140 816 1202 omnibus
849 1141 1332 1202 circumstantiis
1359 1157 1582 1202 omnes
1599 1139 2085 1203 actusvoluuta-

518 1233 598 1295 tis
624 1231 848 1296 Christi
870 1251 886 1305 ς
925 1240 1020 1294 est
1047 1231 1220 1294 enim
1247 1233 1368 1294 hoc
1393 1230 1816 1305 verisimilius,
1843 1237 1910 1294 et
1932 1249 2083 1294 een·

518 1327 726 1388 tentiis
760 1326 834 1386 D.
863 1324 1092 1386 Thom.
1123 1326 1328 1405 magis
1359 1333 1900 1398 consentaneum3
1931 1324 2081 1386 dicit

519 1417 692 1481 enim
723 1417 832 1480 lib.
863 1421 905 1478 ι
933 1421 1103 1480 cont.
1147 1417 1362 1494 Gent„
1391 1435 1450 1478 c.
1483 1420 1590 1492 36,
1621 1417 1932 1478 Christum
1972 1433 2080 1477 vo·

516 1510 758 1573 luntate
789 1511 1066 1572 humana
1094 1509 1252 1572 nihil
1269 1509 1704 1584 voluisse,nisi
1730 1507 2081 1572 secundum

520 1603 692 1683 quod
719 1619 867 1664 eum
893 1603 1060 1666 velle
1085 1602 1376 1666 voluntas
1399 1603 1616 1665 divina
1637 1602 1967 1682 disposuit,
1984 1619 2081 1662 se·

521 1695 802 1760 cundum
827 1695 986 1758 illud
1024 1696 1206 1758 Joan.
1245 1697 1324 1758 8:
1355 1696 1505 1772 Quoe
1535 1698 1772 1776 placita
1813 1701 1959 1758 eunt
1998 1697 2079 1770 ei,

518 1791 682 1868 facio
723 1807 951 1869 semper
979 1815 1006 1863 ;
1037 1795 1101 1851 ει
1151 1789 1332 1864 infra,
1367 1807 1432 1869 q.
1463 1792 1536 1852 21
1568 1835 1588 1866 ‚
1623 1795 1738 1853 art.
1783 1791 1824 1850 4
1847 1835 1864 1862 ,
1893 1789 2079 1862 dicit,

523 1881 834 1946 Christum
861 1884 1210 1946 secundum
1239 1884 1624 1946 voluntatem
1650 1884 1908 1946 rationis
1929 1883 2084 1945 nihil

521 1976 820 2052 voluisse,
852 1977 974 2038 nisi
1010 1977 1181 2056 quod
1229 1977 1410 2038 scivit
1452 1979 1653 2040 Deum
1683 1977 1843 2040 velle
1875 1999 1894 2051 3
1937 1977 2085 2038 licet

523 2070 648 2132 hoc
669 2117 686 2144 ,
743 2069 1028 2149 inquam,
1065 2070 1486 2134 concedamus
1506 2116 1523 2142 ‚
1563 2089 1692 2130 non
1743 2071 1892 2132 inde
1946 2070 2086 2130 fleri

525 2163 841 2226 Christum
901 2163 1208 2226 habuisse·
1235 2171 1618 2246 preceptum
1665 2163 1746 2226 de
1791 2163 2085 2226 omnibus

532 2255 778 2320 actibus
795 2258 860 2318 in
887 2257 1210 2320 individuo
1237 2259 1382 2320 etin
1410 2258 1794 2338 particulari,
1813 2257 1963 2337 quia
1976 2275 2089 2318 νο-

524 2349 758 2418 luutas.
789 2367 916 2429 qua
965 2353 1255 2433 superior
1301 2351 1454 2422 vult,
1487 2357 1552 2412 et
1589 2351 1786 2412 veluti
1815 2351 1973 2412 intra
2016 2367 2087 2410 se

525 2443 820 2523 disponit,
853 2451 922 2508 ιιι
945 2444 1208 2507 inferior
1231 2445 1470 2525 aliquid
1495 2444 1668 2518 velit,
1685 2459 1766 2504 ex
1787 2443 1907 2504 hoc
1929 2459 2085 2522 prae.»

527 2539 658 2598 eise
684 2553 814 2598 non
853 2537 1044 2600 habet
1081 2539 1208 2600 vim
1259 2537 1420 2618 legis
1448 2543 1512 2600 et
1537 2535 1861 2616 praecepti,
1893 2537 2086 2596 etiam

527 2631 578 2690 si
601 2629 858 2691 aliunde
885 2631 1004 2709 ipsi
1031 2629 1310 2692 inferiori
1339 2635 1488 2691 nota
1515 2629 1616 2701 sit,
1649 2633 1719 2690 ut
1735 2632 1982 2690 constat
2010 2645 2087 2689 ex

528 2723 810 2785 doctrino
837 2724 920 2784 D.
949 2723 1172 2785 Thom.
1196 2767 1218 2798 ,
1243 2723 1308 2782 in
1357 2727 1416 2784 l.
1453 2723 1534 2794 2,
1581 2739 1646 2801 q.
1686 2723 1808 2794 903
1839 2720 1953 2782 sed
2002 2721 2087 2782 ad

530 2813 976 2896 obligationem
999 2816 1314 2897 pracepti,
1343 2831 1608 2878 necesse
1643 2820 1740 2876 est
1785 2820 1856 2876 ut
1895 2831 2087 2894 supe·

381 2901 398 2914 ⁰
529 2908 660 2970 rior
677 2908 824 2971 velit
845 2915 906 2970 et
936 2912 1170 2971 statuat
1195 2908 1478 2990 obligare
1495 2907 1854 2969 inferiorem
1879 2906 1963 2968 ad
1980 2905 2091 2968 ali·

529 2999 680 3080 quid
708 3000 1089 3077 faciendum,
1113 3017 1386 3081 eamque
1408 3001 1796 3062 voluntatem
1814 2999 2089 3079 practice

532 3101 598 3158 et
647 3095 1018 3176 imperando
1071 3097 1318 3158 intimet
1365 3095 1668 3158 inferiori.
1715 3095 2087 3175 Quanquam

531 3195 747 3250 autem
785 3189 1072 3268 superior
1099 3195 1214 3251 aut
1259 3187 1432 3252 Deus
1457 3188 1605 3250 velit
1651 3195 1716 3250 et
1749 3193 1985 3250 statuat
2017 3193 2089 3250 ut

533 3297 652 3360 ego
681 3281 917 3360 aliquid
945 3281 1131 3346 velim
1137 3327 1160 3359 ,
1181 3299 1310 3344 non
1337 3282 1480 3344 ideo
1509 3281 1642 3344 vult
1665 3285 1737 3342 ut
1759 3298 1838 3343 ex
1855 3281 2091 3362 obliga·

533 3376 706 3437 tione
733 3375 804 3438 id
827 3375 1039 3452 velim,
1069 3375 1182 3438 sed
1209 3379 1418 3456 potest
1437 3375 1602 3437 velle
1633 3380 1706 3436 ut
1729 3391 1904 3436 mere
1931 3373 2094 3435 libe-

535 3485 606 3530 re
635 3474 702 3530 et
729 3469 866 3530 sine
893 3469 1278 3550 obligatione
1299 3469 1364 3530 id
1376 3469 1567 3530 velim
1591 3487 1608 3542 ;
1633 3467 1808 3530 aliud
1825 3485 1979 3547 ergo
1998 3471 2095 3528 est

541 3561 742 3623 Deum
769 3561 1162 3641 proedefinire
1197 3579 1414 3624 meum
1469 3567 1679 3624 actum
1730 3560 2089 3634 voluntatis,

541 3653 718 3716 aliud
731 3654 892 3716 velle
905 3673 1008 3717 me
1037 3653 1316 3735 obligare
1333 3654 1418 3716 ad
1435 3655 1612 3717 illum
1635 3661 1868 3716 actum.
1891 3655 2097 3728 Quan-

539 3765 736 3828 quam·
760 3765 914 3830 ergo
960 3747 1238 3812 Christus
1289 3747 1594 3812 Dominus
1643 3747 1813 3810 clare
1859 3746 2098 3809 videret

536 3839 924 3904 voluntatem
951 3840 1064 3904 Dei
1089 3841 1628 3922 praedefinientem
1657 3857 1878 3902 omnes
1917 3844 2097 3902 actus

539 3951 712 4012 enos,
747 3953 876 3996 nou
903 3933 1048 3998 ideo
1076 3934 1329 3998 videbat
1349 3953 1420 3996 se
1445 3935 1648 3998 teneri
1673 3950 1751 3996 ex
1776 3938 2093 4013 praecepto

537 4029 621 4090 ad
657 4029 800 4090 illos
845 4028 1206 4108 faciendos3
1241 4027 1395 4109 quin
1435 4029 1646 4109 potius
1689 4027 1946 4090 videbat
1990 4045 2097 4088 ea-

536 4121 684 4184 dem
719 4122 929 4184 divina
959 4123 1280 4186 voluntate
1323 4121 1788 4202 praedefinitum
1823 4137 1997 4196 esse,
2024 4125 2095 4185 ut

537 4215 844 4294 quosdam
865 4215 1102 4278 faceret
1129 4233 1208 4278 ex
1223 4215 1637 4296 obligatione,
1667 4213 2000 4294 quosdam,
2024 4219 2097 4276 ut

537 4309 622 4369 ita
647 4307 876 4382 dicam,
904 4308 1148 4372 taceret
1173 4326 1252 4370 ex
1277 4309 1560 4370 consilio.

619 4405 716 4465 10.
753 4401 1226 4464 Adron-tendum
1263 4400 1539 4463 secundo
1575 4405 1697 4476 est,
1727 4417 2093 4482 quanquam

535 4511 754 4558 verum
785 4495 885 4570 sit,
907 4493 1166 4556 beatum
1193 4495 1260 4556 in
1285 4493 1490 4573 patria
1512 4511 1728 4555 amare
1751 4494 1955 4556 Deum
1984 4511 2094 4558 ue-

535 4588 808 4652 cessario
825 4588 1040 4668 quoad
1057 4586 1590 4666 specificationem
1616 4593 1680 4650 et
1703 4588 2091 4664 exercitium,

536 4699 614 4744 eo
643 4699 859 4744 amore
879 4725 895 4755 ,
929 4682 1035 4760 qui
1067 4688 1164 4744 est
1187 4681 1284 4759 (ut
1315 4681 1402 4742 ita
1433 4681 1666 4760 dicam)
1700 4679 1780 4744 de
1809 4681 2097 4744 substan·

535 4779 620 4840 tiu
644 4784 710 4837 et
737 4775 1112 4838 necessitate
1139 4773 1456 4836 charitatis
1477 4775 1791 4854 perfecus,
1815 4793 1956 4855 quae
1988 4793 2094 4837 ex·

533 4868 729 4931 cludit
768 4883 958 4929 omne
985 4873 1339 4947 peccatum,
1371 4872 1433 4928 et
1461 4883 1648 4929 omne
1675 4867 1914 4930 malum
1947 4867 2095 4930 bea·

536 4961 788 5025 titudini
829 4977 1228 5040 repugnans,
1263 4976 1392 5021 nou
1439 4967 1654 5022 temen
1695 4959 1944 5022 videtur
1983 4977 2096 5022 ne-

533 5055 880 5117 cessarium
910 5061 980 5116 ut
1021 5053 1348 5115 actualiter
1387 5059 1452 5115 et
1485 5052 1696 5132 quoad
1728 5054 2095 5116 exercitium

535 5153 706 5208 emet
749 5147 944 5208 Deum
995 5145 1350 5208 necessario
1405 5145 1618 5225 quoad
1665 5163 1919 5208 omnem
1962 5161 2096 5206 mo-

533 5239 710 5316 dum,
743 5247 806 5302 et
835 5237 1286 5320 perfectionem
1317 5237 1688 5318 objectivam
1729 5236 2094 5319 possibilem

532 5335 657 5416 ipsi
671 5332 992 5406 charitati;
1014 5338 1106 5405 ut,
1127 5331 1303 5393 verbi
1325 5332 1548 5412 gretia,
1564 5349 1694 5393 non
1716 5337 1815 5393 εει
1829 5347 2095 5394 necesse

529 5433 606 5492 ut
623 5441 878 5507 semper
901 5433 1047 5492 actu
1071 5424 1298 5491 heatus
1319 5425 1468 5490 velit
1495 5426 1806 5489 honorem
1827 5424 1941 5488 Dei
1944 5469 1975 5503 ,.
1992 5423 2095 5488 vel

1721 295 1955 356 QuAEsv.
1993 295 2161 348 Xi'lll.
2198 295 2399 348 Anne.
2434 295 2515 347 w.

2164 390 2426 470 gloriam
2454 392 2875 454 extrinsecam
2904 407 3095 471 quam
3122 391 3325 454 babet
3341 413 3419 456 ex
3456 412 3665 462 cenver-

2160 485 2339 546 sione
2368 484 2693 548 hominum
2709 530 2734 561 ,
2762 491 2830 546 et
2870 485 2997 546 alia
3022 485 3289 558 similia,
3320 503 3457 564 quae
3492 508 3667 554 secuu-

2159 576 2331 638 daria
2377 583 2547 640 aunt.
2578 579 2949 657 Quanquam
2981 579 3175 654 enim,
3198 580 3453 660 quando
3494 582 3667 649 benun

2158 677 2457 750 operatur
2476 671 2641 734 circa
2671 671 2808 733 haec
2834 671 3113 750 objecta,
3142 683 3667 754 semper'operetur

2158 782 2236 828 ex
2262 763 2541 844 perfectu
2572 765 2904 838 charitate,
2932 771 3143 828 tamen
3170 783 3311 828 non
3336 773 3431 830 est
3460 787 3667 834 neeesse

2160 863 2229 920 ut
2264 857 2429 920 circa
2466 857 2575 920 illa
2602 876 2855 938 semper
2880 865 3021 920 actu
3051 863 3371 938 operetur.
3402 861 3475 922 Et
3493 864 3669 926 >eadem

2158 950 2403 1012 ratione
2424 967 2561 1012 non
2595 957 2695 1012 est
2740 969 3003 1014 necesse
3032 958 3137 1028 ut,
3168 969 3247 1014 eo
3274 956 3427 1014 actu
3448 969 3672 1032 quone·-

2164 1043 2437 1106 cessario
2462 1049 2637 1105 amat
2678 1045 2879 1106 Deum
2894 1091 2911 1115 ‚
2940 1043 3333 1119 formaliter,
3347 1047 3607 1126 explicite
3628 1059 3673 1112 et

2162 1136 2490 1200 actualiter
2534 1154 2787 1217 semper
2824 1137 2976 1200 velit
3017 1137 3285 1218 implere
3313 1138 3569 1202 divinum
3592 1161 3669 1204 ro-

2159 1229 2495 1305 luutatem,
2548 1231 2739 1294 etiam
2788 1231 2855 1292 in
2910 1231 2989 1292 iis
3042 1249 3187 1310 quse
3232 1240 3537 1312 praecept·
3576 1253 3669 1296 nou

2162 1329 2330 1397 sunt,
2376 1339 2585 1400 neque
2638 1323 2762 1386 sub
2804 1324 3083 1403 aliquam
3134 1323 3569 1405 obligationem
3600 1347 3669 1392 ea·

2162 1415 2348 1486 duut;
2376 1417 2523 1495 quia
2548 1415 2668 1478 hoc
2692 1417 2884 1478 etiam
2908 1424 3007 1478 αι
3022 1416 3491 1494 secundarium,
3510 1427 3671 1482 einen

2163 1513 2257 1570 est
2282 1507 2365 1570 de
2386 1506 2679 1570 absoluta
2694 1510 3075 1572 necessitate
3096 1509 3427 1574 charitatis
3440 1529 3543 1574 seu
3568 1513 3671 1576 bea-

2162 1602 2483 1678 titudinis;
2504 1609 2570 1664 et
2592 1602 2739 1666 ideo
2768 1621 2899 1665 non
2926 1608 3027 1666 est
3050 1603 3237 1666 unde-
3252 1605 3490 1668 oriatur
3506 1624 3671 1669 aeres-

2164 1697 2315 1758 sitas
2326 1696 2539 1775 quoad
2558 1696 2923 1758 exercitium
2940 1697 3005 1758 in
3030 1698 3141 1760 tali
3167 1704 3341 1772 amu,
3360 1716 3473 1761 seu
3496 1701 3553 1762 in
3572 1703 3675 1763 ulis

2165 1796 2343 1852 actus
2386 1789 2781 1865 extensione,
2808 1809 2922 1852 seu
2948 1790 3365 1870 perfectione.
3393 1793 3471 1855 Bt
3492 1811 3563 1854 ex
3586 1796 3669 1861 hae

2165 1883 2399 1961 duplici
2432 1883 2976 1946 animadversione
3028 1891 3279 1947 cessant
3309 1902 3525 1948 omnes
3554 1885 3673 1948 dilli-

2166 1976 2455 2050 cultates‚
2486 1991 2629 2055 quse
2656 1982 2803 2038 sunt
2832 1975 2913 2038 de
2938 1977 3182 2038 actibus
3206 1995 3345 2040 nou
3386 1983 3671 2059 pmeeptis,

2166 2070 2337 2146 quin,
2364 2069 2513 2131 licet
2536 2069 2661 2130 sint
2686 2088 2725 2130 a
2748 2070 2879 2132 Deo
2907 2069 3317 2149 praedefiniti,
3333 2078 3401 2131 et
3422 2071 3553 2134 idco
3572 2090 3675 2134 cou-

2168 2160 2453 2224 sentanei
2480 2161 2705 2224 divinae
2732 2162 3075 2238 voluntati,
3099 2180 3237 2224 nou
3262 2163 3413 2224 ideo
3440 2172 3567 2226 sunt
3590 2167 3673 2226 sub

2168 2254 2552 2334 obligatione
2570 2260 2635 2316 et
2654 2255 2997 2317 necessarii
3016 2255 3420 2337 simpliciter,
3434 2274 3615 2334 neque
3631 2259 3675 2318 in

2167 2362 2383 2408 amore
2425 2345 2719 2409 beatifico
2764 2350 2860 2410 est
2900 2347 3139 2427 aliquid
3180 2348 3363 2428 quod
3400 2349 3479 2410 ad
3513 2351 3677 2426 hujus·

2166 2437 2339 2500 modi
2386 2444 2563 2500 actus
2606 2439 2949 2504 eliciendos
3000 2442 3445 2504 necessitatem
3484 2441 3675 2518 inserat,

2171 2533 2243 2592 ut
2274 2531 2655 2612 explicatum
2690 2541 2807 2594 εει.

2248 2627 2281 2686 1
2298 2628 2317 2684 l
2336 2667 2349 2684 .
2394 2625 2601 2686 Tertio
2618 2669 2641 2702 ,
2679 2625 2759 2688 de
2784 2627 3028 2688 actibus
3058 2630 3400 2708 praeceptis
3424 2629 3565 2690 nihil
3586 2629 3679 2689 fere

2168 2715 2529 2780 addendum
2546 2719 2818 2781 occurrit
2830 2718 2907 2780 iis
2922 2738 3067 2799 qum
3086 2721 3157 2781 in
3179 2729 3415 2800 quarto
3427 2729 3494 2784 et
3510 2724 3677 2802 quinto

2168 2809 2359 2874 modo
2388 2810 2814 2889 respondendi
2842 2811 3007 2874 dicta
3027 2821 3201 2875 sunt.
3230 2815 3417 2888 Num,
3440 2815 3491 2876 si
3514 2831 3677 2876 conce-

2170 2901 2396 2966 damus
2424 2910 2805 2984 praeceptum
2834 2904 3265 2970 determinare
3291 2914 3357 2970 et
3382 2915 3573 2970 aetum
3590 2954 3606 2984 ,
3634 2913 3677 2968 et

2168 2995 2452 3067 modum,
2492 3002 2556 3058 et
2590 2997 2919 3071 motivum,
2958 3005 3024 3060 et
3060 3016 3289 3062 omnes
3316 3000 3575 3080 denique
3596 3007 3677 3063 cir-

2169 3089 2599 3161 cumstantias,
2652 3105 2778 3150 non
2815 3090 3001 3153 video
3026 3093 3377 3172 quomodo,
3418 3095 3676 3174 supposita

2168 3181 2541 3244 necessitate
2568 3187 2750 3244 actus
2774 3183 3031 3258 amoris,
3068 3185 3471 3265 relinquatur
3490 3185 3677 3249 indiffe-

2173 3275 2377 3336 rentia
2418 3273 2629 3353 aliqua
2664 3274 2727 3336 iu
2766 3275 3204 3340 observatione
3240 3280 3387 3340 talis
3416 3279 3675 3359 pracepit

2174 3369 2293 3432 nisi
2326 3370 2545 3450 quinta
2586 3377 2839 3432 utamur
2882 3372 3324 3451 responsione,
3360 3381 3425 3437 et
3450 3375 3677 3438 dicamus

2175 3480 2457 3527 amorem
2502 3463 2861 3526 beatificum
2900 3481 3033 3530 non
3074 3467 3403 3531 influxisse
3426 3470 3491 3530 iu
3518 3468 3677 3547 hujus-

2176 3556 2349 3620 modi
2384 3562 2583 3632 actus,
2626 3557 2737 3636 qui
2768 3558 3172 3638 pertinebant
3210 3562 3299 3624 ad
3344 3569 3557 3624 statum
3590 3561 3678 3620 vin·

2176 3648 2329 3710 toris
2354 3693 2373 3721 ,
2416 3649 2564 3727 quia
2600 3649 2757 3712 alias
2796 3653 2931 3730 ipse
2964 3669 3145 3714 amor
3172 3661 3271 3718 est
3295 3653 3513 3717 efficax
3536 3669 3675 3714 censa

2176 3741 2530 3810 necessario
2590 3743 2897 3806 inducens
2938 3745 3369 3811 obedientiam
3414 3747 3675 3828 precepti.

2176 3834 2357 3898 Unde
2384 3835 2441 3896 si
2466 3835 2625 3897 alias
2650 3836 2718 3896 in
2744 3837 2881 3917 ipso
2908 3845 3223 3920 praecepto
3249 3843 3349 3902 vel
3380 3838 3675 3903 obedientia

2174 3927 2349 3990 nulla
2374 3929 2749 4008 relinquitur
2772 3930 3217 4009 indifferentia,
3248 3954 3379 3996 non
3402 3944 3495 3996 eet
3510 3934 3566 3996 in
3586 3947 3675 4010 quo

2174 4023 2372 4104 possit
2412 4041 2673 4088 manere
2712 4024 2995 4088 libertas.
3046 4027 3265 4091 Potest
3302 4035 3511 4092 tamen
3540 4024 3676 4088 facile

2172 4117 2417 4198 negari,
2438 4123 2822 4198 praeceptum
2848 4135 2989 4182 esse
3013 4120 3137 4183 hoc
3152 4123 3351 4184 modo
3374 4121 3674 4202 impositum

2174 4227 2319 4272 cum
2342 4215 2477 4272 tota
2503 4211 2621 4274 bac
2644 4210 3189 4278 determinatione.
3222 4217 3301 4278 Et
3320 4215 3477 4278 ratio
3494 4231 3563 4276 ex
3580 4211 3675 4274 die-

2174 4303 2255 4368 tis
2282 4303 2459 4366 reddi
2487 4311 2693 4384 potest
2716 4349 2733 4379 ,
2772 4307 2924 4386 quia
2952 4325 3103 4370 cum
3130 4309 3233 4372 hic
3260 4309 3483 4372 modus
3508 4303 3675 4386 pruci-

2173 4397 2412 4478 piendi,
2448 4415 2656 4477 neque
2684 4416 2764 4460 ex
2784 4406 3015 4462 natura
3042 4400 3243 4480 ipsius
3268 4401 3567 4482 praecepti,
3594 4411 3675 4457 ne·

2176 4511 2301 4574 que
2346 4510 2425 4554 ex
2466 4493 2783 4572 Scriptura
2824 4509 3028 4570 sacra,
3078 4501 3191 4558 aut
3232 4497 3445 4576 aliqua
3484 4493 3673 4555 ratione

2176 4585 2531 4668 colligatur,
2560 4591 2627 4648 et
2652 4587 2807 4648 alias
2838 4587 3378 4652 extraordinarius
3396 4589 3491 4664 sit,
3516 4589 3567 4648 et
3588 4581 3676 4644 mi·

2175 4678 2347 4742 nime
2372 4677 2640 4740 usitatus
2660 4725 2681 4756 ,
2730 4697 2860 4741 non
2890 4685 2989 4742 εει
3015 4699 3133 4744 cur
3158 4683 3299 4744 sine
3324 4677 3671 4744 fimdmento

2176 4778 2515 4834 asseratur.
2558 4769 2737 4844 Quod
2778 4773 3053 4836 maxime
3088 4773 3391 4838 declarari
3428 4767 3669 4853 potestin

2174 4869 2483 4945 praecepto
2524 4863 2632 4925 illo
2676 4865 2985 4928 moriendi
3037 4885 3155 4946 pro
3200 4867 3540 4930 honunibos
3553 4905 3572 4938 ,
3614 4858 3669 4917 de

2176 4975 2303 5036 quo
2350 4956 2513 5021 solet
2557 4959 2873 5037 praecipue
2916 4958 3051 5022 haic
3098 4959 3427 5024 difficultas
3466 4949 3668 5022 versati,

2175 5068 2325 5114 nam
2354 5050 2511 5113 illud
2542 5058 2924 5132 praeceptum
2961 5051 3201 5120 directe
3235 5054 3399 5116 cadit
3428 5052 3491 5114 in
3514 5050 3667 5129 ipsum

2176 5150 2385 5207 actum
2412 5144 2787 5207 exteriorem
2810 5191 2827 5220 ,
2874 5146 2985 5226 qui
3014 5153 3109 5209 est
3136 5147 3445 5228 obiectum
3468 5137 3665 5206 interio-

2172 5238 2261 5301 ris
2287 5244 2463 5300 actus
2487 5238 2821 5301 voluntatis
2847 5283 2865 5314 ,
2906 5240 3018 5319 qui
3048 5240 3237 5302 etiam
3259 5237 3663 5316 consequenter

2171 5331 2551 5412 precipitur,
2580 5339 2893 5412 quatenus
2918 5350 3067 5394 cum
3089 5332 3379 5396 exteriori
3406 5320 3663 5404 componit

2174 5441 2370 5488 unum
2400 5431 2613 5489 actum
2636 5425 2944 5490 moralem
2974 5431 3039 5489 et
3062 5425 3351 5490 liberum..
3396 5422 3533 5501 Quia
3550 5428 3661 5477 vem
