3892 6167
517 327 636 390 500

421 507 432 518 ⁶
515 447 658 495 eam
689 429 756 494 in
805 428 1046 496 Christo
1103 435 1174 492 ιιι
1221 429 1476 498 homine
1527 430 1965 512 explicuimus,
2016 436 2081 496 et

511 529 684 588 recte
713 522 916 603 attigit
959 521 1225 599 albert„
1257 522 1326 586 in
1373 527 1437 599 3,
1485 523 1630 589 dist.
1667 528 1766 600 ⁴0,
1815 532 1934 590 art.
1976 527 2077 588 13.

512 618 641 682 Nec
667 619 878 698 potest
901 615 1111 698 aptius
1129 635 1366 681 nomen
1395 617 1688 696 inveniri,
1717 635 1844 700 quo
1869 619 2081 684 decla-

507 717 686 774 retur
713 709 1020 774 naturalis
1069 712 1502 788 sanctificatio,
1553 718 1616 776 et
1670 715 2079 778 connaturale

504 804 612 884 jus
635 803 726 890 ,ad
772 803 1050 867 divinam
1095 804 1586 882 beatitudinem,
1639 821 1782 886 quae
1817 805 2081 872 haberet

511 898 779 979 Spiritus
806 895 1071 962 Sanctus
1103 901 1176 962 ut
1202 899 1392 962 homo
1421 916 1500 964 ex
1525 898 1590 962 vi
1619 900 1789 962 illius
1817 900 2079 980 originis

509 1009 706 1072 quam
733 998 808 1054 ut
851 991 1042 1056 homo
1087 991 1356 1056 haberet
1381 1012 1422 1055 a
1463 995 1598 1058 Deo
1645 1000 1716 1057 ιιι
1765 993 2075 1058 efficiente

511 1085 648 1165 ejus
675 1087 1198 1164 incarnationem,
1229 1105 1442 1168 neque
1467 1093 1688 1152 contra
1713 1087 1836 1152 hoc
1857 1106 2079 1152 occur·

506 1177 592 1242 rit
628 1179 962 1244 difficultas
1003 1178 1270 1260 alicujus
1315 1182 1644 1246 momenti.
1701 1181 1881 1254 Quod
1923 1200 2075 1244 vero

509 1272 730 1336 attinet
749 1274 832 1336 ad
865 1272 1124 1336 modum
1153 1273 1476 1354 loquendi,
1496 1281 1742 1356 oportet
1767 1291 1953 1338 caute
1981 1277 2075 1338 lo·-

509 1365 641 1446 qui,
669 1373 734 1430 et
779 1367 1194 1430 sufficientem
1225 1367 1708 1448 explicationem
1742 1369 2068 1446 adhibere,

509 1477 592 1522 ne
607 1459 939 1524 tribuendo
953 1461 1210 1540 Spiritui
1223 1463 1454 1524 Sancto
1475 1481 1704 1526 nomen
1721 1463 2075 1537 filii,videa-

505 1571 650 1616 mur
677 1571 977 1636 personas
1004 1555 1390 1618 confundere
1406 1572 1430 1636 3
1467 1556 1640 1638 quod
1683 1556 1868 1620 facile
1917 1557 2075 1622 vita-

503 1647 674 1712 bitur
709 1647 1117 1730 adjungendo
1141 1649 1301 1712 illud
1323 1647 1634 1729 additum,
1661 1668 1772 1732 per
1797 1653 2073 1730 qratiam

501 1759 766 1806 unwan.

583 1838 688 1898 40.
731 1837 870 1900 Non
917 1843 1015 1900 est
1039 1843 1256 1902 tamen
1303 1838 1504 1902 simile
1532 1837 1614 1903 de
1641 1839 1902 1921 Virgine
1939 1839 2070 1904 Ma-

503 1933 621 2006 tre,
651 1935 724 1992 ut
747 1931 814 1992 in
841 1930 1064 1994 ultima
1103 1931 1578 1998 confirmatione
1629 1933 2017 1998 inferebatur
2043 1979 2061 2010 ‚

502 2029 640 2086 tum
664 2024 813 2104 quia
827 2042 945 2106 per
967 2026 1432 2092 maternitatem
1457 2045 1588 2090 non
1608 2025 1681 2090 fit
1705 2028 1894 2092 realis
1913 2028 2065 2090 unio

500 2121 566 2180 et
587 2117 936 2198 personalis
982 2137 1128 2182 cnm
1177 2121 1308 2184 Deo
1332 2139 1348 2198 ;
1413 2121 1584 2186 unde
1643 2140 1776 2186 non
1829 2121 2067 2186 tollitur

501 2211 656 2290 quin
683 2210 788 2274 illa
814 2231 1088 2294 persona
1115 2215 1465 2278 secundum
1481 2234 1552 2280 se
1579 2221 1831 2280 maneat
1859 2221 2069 2280 extra-

499 2321 656 2379 nea3
682 2312 820 2370 tum
837 2308 1030 2372 etiam
1053 2310 1204 2390 quia
1223 2311 1334 2374 illa
1355 2309 1558 2391 gratia
1575 2327 1708 2374 non
1727 2318 1820 2376 est
1845 2313 1934 2375 ita
1954 2311 2067 2375 de·

496 2399 628 2464 hita
657 2407 724 2464 et
747 2403 1168 2468 connaturalis
1205 2405 1450 2470 ratione
1495 2406 1724 2470 divinae
1769 2405 2065 2470 materni·

497 2500 666 2577 tatis,
693 2502 856 2566 sicut
880 2477 1557 2586 ratione⁸hypostaticae
1597 2505 1868 2570 unionis,
1901 2507 2063 2568 Tum

497 2593 774 2676 denique
829 2597 980 2677 quia
1047 2597 1156 2660 illa
1207 2599 1371 2661 ratio
1423 2599 1756 2664 antecessit
1807 2606 1880 2661 ut
1933 2599 2065 2663 dis-

494 2687 721 2766 positio
769 2705 1052 2771 congrua
1093 2697 1158 2754 et
1199 2691 1436 2756 decens
1471 2693 1557 2756 ad
1595 2693 2067 2758 maternitatem

497 2779 795 2856 divinam,
829 2789 894 2846 et
913 2802 1032 2866 per
1057 2783 1232 2847 illam
1261 2792 1330 2850 ut
1359 2785 1446 2850 sic
1497 2787 1795 2868 adoptata
1847 2793 1946 2851 est
1987 2788 2059 2850 B.

493 2872 686 2954 Virgo
702 2875 768 2938 in
785 2875 984 2938 filiam
1005 2879 1554 2958 perfectissimam,
1575 2887 1649 2944 ιιι
1673 2887 1894 2961 posset
1919 2899 2063 2945 esse

495 2969 810 3050 condigna
835 2976 1062 3034 mater.

574 3065 676 3124 41.
721 3064 1010 3127 Tandem
1063 3083 1142 3128 ex
1193 3065 1296 3130 his
1341 3085 1718 3150 responsum
1765 3067 1918 3132 satis
1965 3074 2063 3133 est

493 3154 906 3220 fundamento
933 3159 1246 3226 Durandi:
1272 3161 1610 3226 dicendum
1629 3164 1800 3226 enim
1829 3169 1924 3227 est
1945 3163 2061 3226 im·

495 3248 742 3330 primis,
774 3256 858 3326 ,ut
901 3269 980 3314 ex
1033 3251 1214 3316 dictis
1259 3253 1444 3319 facile
1493 3263 1756 3336 constat,
1789 3257 2059 3338 gratiam

494 3345 771 3423 unionis,
817 3349 1346 3412 communicatam
1391 3351 1766 3417 humanitati
1807 3350 2055 3428 christi,

495 3454 636 3502 esse
664 3439 920 3504 alterins
947 3442 1212 3505 rationis
1237 3461 1278 3507 a
1323 3444 1528 3525 gratia
1555 3443 1828 3509 filiorum
1861 3445 2059 3525 adop-

491 3533 786 3605 tivorum,
810 3541 875 3598 et
891 3535 1036 3599 ideo
1061 3553 1196 3600 non
1211 3539 1594 3602 constituere
1609 3537 1924 3604 Christum
1947 3538 2059 3602 ho·

491 3627 724 3690 minem
751 3627 952 3690 filium
995 3629 1382 3710 adoptivum,
1415 3632 1532 3696 sed
1561 3633 1767 3713 potius
1795 3637 2055 3696 natura·

491 3717 644 3794 lem,
676 3720 828 3800 quia
859 3739 1147 3803 personas
1180 3725 1271 3788 sic
1319 3726 1674 3788 constitutae
1717 3725 2056 3790 intrinseca

491 3817 556 3876 et
583 3815 1002 3879 connaturalis
1029 3825 1126 3880 est
1152 3816 1296 3882 talis
1323 3819 1551 3900 gratia,
1582 3826 1645 3883 et
1689 3820 1934 3883 ratione
1980 3820 2057 3882 il·-

489 3907 614 3973 lius
641 3915 734 3972 est
757 3909 952 3973 etiam
980 3909 1074 3972 illi
1109 3911 1522 3975 intrinsecum
1551 3919 1616 3976 et
1639 3914 2053 3978 connaturale

483 4001 595 4081 jus
619 4002 703 4064 ad
729 4009 1035 4068 aeternam
1062 4005 1516 4069 haereditatem.
1549 4007 1730 4070 Unde
1772 4008 2053 4072 secundo

489 4095 738 4173 dicitur,
766 4097 912 4161 licet
939 4101 1142 4178 gratia
1166 4099 1502 4163 habitualis
1529 4101 1703 4164 sitin
1729 4100 1969 4164 Christo
1988 4107 2053 4166 et

489 4189 674 4252 nohis
711 4191 1000 4271 ejusdem
1027 4193 1288 4256 rationis
1303 4238 1324 4270 ,
1371 4199 1592 4256 tamen
1637 4194 1900 4257 modum
1935 4195 2053 4260 ha-

488 4282 682 4346 bendi
709 4283 880 4346 illam
931 4304 1060 4348 non
1105 4305 1245 4350 esse
1278 4287 1604 4362 eumdem;
1637 4294 1704 4354 et
1731 4287 1876 4350 ideo
1903 4288 2053 4354 licet

490 4395 605 4440 nos
623 4395 740 4459 per
762 4379 928 4442 hanc
953 4381 1222 4460 gratiam
1243 4383 1698 4446 constituamur
1721 4381 1836 4444 filii
1857 4381 2053 4464 adop-

489 4470 620 4545 tivi,
653 4471 802 4550 quia
829 4489 959 4535 non
995 4477 1410 4557 supponimur
1431 4476 1568 4551 filii,
1587 4474 1704 4540 sed
1733 4479 2051 4538 extraneas

483 4579 791 4644 personas.
827 4573 892 4629 et
915 4585 1031 4647 per
1055 4569 1248 4630 talem
1285 4570 1554 4650 gratiam
1582 4568 1842 4632 omnino
1885 4568 2051 4632 libe-

487 4657 706 4721 raliter
727 4665 1133 4741 acceptamur
1149 4706 1172 4739 ,
1195 4662 1476 4725 Christus
1499 4669 1713 4726 tamen
1741 4679 1860 4742 per
1876 4661 2051 4724 illam

489 4753 758 4833 gratiam
789 4771 918 4817 non
947 4754 1200 4836 proprie
1227 4756 1628 4820 constituitur
1667 4755 1859 4832 filius,
1901 4755 2049 4835 quia

481 4845 618 4925 jam
659 4849 1050 4929 supponitur,
1099 4854 1164 4913 et
1188 4851 1392 4932 gratia
1421 4851 1532 4914 illa
1569 4855 1666 4914 est
1693 4849 1876 4932 quasi
1903 4866 2052 4929 pro-

488 4938 720 5019 prietas
745 4957 1140 5023 consequens
1167 4943 1559 5006 filiationem.
1590 4942 1744 5017 Imo,
1767 4941 1918 5006 licet
1943 4941 2053 5003 da·

487 5051 700 5096 remus
728 5035 938 5115 aliquo
965 5037 1154 5098 modo
1183 5036 1578 5101 denominari
1606 5035 1808 5098 filium
1835 5035 1918 5098 ab
1941 5035 2053 5098 illa

487 5128 712 5208 gratia,
745 5135 810 5192 et
849 5130 1156 5192 relatione
1182 5130 1354 5193 illam
1397 5134 1866 5209 consequente,
1913 5145 2049 5192 non

486 5226 702 5285 tamen
727 5225 918 5287 etiam
947 5225 1066 5286 suh
1107 5225 1230 5290 hac
1256 5225 1502 5289 ratione
1549 5223 1856 5288 dicendus
1882 5230 2051 5288 esset

485 5315 652 5380 filins
677 5317 1034 5401 adoptivus,
1061 5319 1176 5382 sed
1189 5319 1517 5393 naturalis,
1544 5319 1694 5398 quia
1717 5320 1812 5398 (ut
1827 5335 2046 5398 supra,

485 5410 832 5489 questione
881 5415 944 5489 7,
992 5411 1138 5494 dixi)
1177 5413 1369 5476 etiam
1407 5413 1610 5495 gratia
1655 5411 1774 5476 fuit
1803 5409 2047 5476 Christo

485 5505 936 5586 connaturalis,
957 5525 1088 5572 non
1100 5507 1438 5574 adventitia
1457 5513 1523 5572 et
1535 5512 1862 5581 extranea3
1891 5523 2045 5588 orgo

1726 331 1963 396 QUAEST.
1998 331 2147 386 ΧΧΙῘ.
2182 331 2383 386 Anne.
2420 332 2502 386 lv,

2160 438 2224 496 et
2256 431 2481 494 relatio
2524 445 2665 514 quae
2701 429 2771 492 in
2806 427 2913 492 illa
2957 427 3281 494 fundatur.
3318 429 3493 494 Unde
3512 475 3529 506 ,
3560 431 3703 494 sicat

2160 525 2329 588 idem
2352 525 2527 589 calor
2550 524 2683 606 igni
2714 529 2810 587 est
2841 523 3171 597 naturalis,
3194 529 3259 586 et
3283 541 3467 604 aquoe
3491 522 3704 586 violen-

2160 625 2258 684 tus
2280 665 2301 696 ,
2340 619 2427 684 ita
2464 619 2690 684 eadem
2727 617 2979 692 relatio,
3013 634 3157 698 quae
3188 617 3257 680 in
3302 617 3493 683 nohis
3532 624 3625 682 est
3646 615 3705 678 ii·

2160 713 2335 778 liatio
2362 713 2685 794 adoptiva,
2706 712 2775 775 in
2794 710 3032 776 christo
3060 729 3190 774 non
3206 717 3421 792 potest
3441 711 3607 774 hanc
3624 729 3709 771 ra-

2160 808 2400 872 tionem
2424 807 2715 884 induere,
2748 811 2821 868 nt
2838 811 3011 868 recte
3037 803 3141 867 hic
3168 805 3241 868 D.
3271 803 3501 870 Thom.
3531 803 3614 866 ad
3632 822 3709 866 se·

2158 903 2439 966 cundum
2488 901 2681 978 dixit3
2735 901 2911 982 quod
2975 899 3235 962 tandem
3276 899 3473 963 etiam
3524 898 3713 962 docuit

2156 997 2351 1072 Scot.‚
2384 997 2448 1060 in
2476 999 2540 1072 3,
2580 995 2647 1058 d.
2686 997 2787 1072 10,
2836 993 3125 1076 quamvis
3149 1011 3285 1056 non
3308 993 3466 1058 satis
3496 1011 3713 1058 conna-

2156 1089 2541 1154 turalitatem
2582 1089 2749 1152 illius
2782 1089 3001 1170 gratiae
3042 1087 3448 1168 explicuerit,
3486 1105 3608 1150 nec
3632 1106 3715 1148 ra-

2154 1183 2390 1246 tionem
2432 1181 2774 1256 filiationis,
2820 1199 3013 1264 quam
3042 1181 3367 1260 {Chi-istus,
3416 1179 3489 1244 in
3536 1199 3715 1262 quan-

2153 1282 2291 1340 tum
2318 1277 2531 1354 homo,
2562 1275 2756 1340 habet
2786 1293 2865 1340 ex
2893 1275 2957 1338 vi
2986 1275 3181 1340 solius
3202 1275 3427 1358 gratim
3456 1273 3713 1338 unionis.

2238 1375 2337 1436 42.
2382 1371 2479 1435 Ad
2518 1369 3067 1434 confirmationem
3114 1375 3185 1434 et
3228 1369 3501 1433 tertium
3546 1387 3719 1447 argu-

2152 1472 2439 1530 mentum
2460 1465 2530 1528 in
2550 1463 2928 1546 procedenti
2956 1463 3243 1528 sectione
3262 1463 3589 1538 relictum,
3614 1461 3719 1522 sui·

2152 1558 2436 1624 sicienter
2456 1559 2591 1640 jam
2618 1575 2997 1642 responsum
3025 1564 3139 1623 est.

2770 1735 2987 1790 sEc‘rlo
3021 1735 3107 1790 m.

2147 1882 2229 1940 An
2250 1884 2329 1940 sit
2352 1883 2421 1940 dc
2444 1881 2570 1954 tide,
2602 1883 2689 1942 vel
2709 1897 2809 1956 quo
2838 1881 3013 1956 qradu
3038 1877 3405 1938 cer-timeinis
3432 1879 3725 1938 tenedus

2216 1969 2309 2038 sit,
2342 1967 2638 2038 Christum,
2672 1969 2734 2024 in
2758 1973 3021 2038 quantum
3044 1966 3365 2035 hominem,
3410 1979 3517 2024 seu
3536 1979 3719 2024 secu·

2214 2053 2350 2110 dum
2385 2053 2818 2124 humanitatem,
2850 2067 2959 2112 aon
2990 2067 3111 2110 esse
3140 2050 3335 2121 [elium
3368 2049 3488 2108 Dei
3508 2049 3721 2124 adepti-

2216 2152 2363 2210 num,
2394 2137 2492 2196 sed
2512 2139 2845 2196 naturalem.

2229 2311 2701 2397 1..Ar9um0ata
2724 2314 3041 2380 sententias
3062 2313 3570 2396 affirmantie.-
3582 2315 3717 2378 Pri—

2144 2424 2329 2472 mm.
2352 2437 2437 2458 -··
2456 2408 2634 2472 Ratio
2656 2406 2988 2470 dubitandi
3010 2413 3130 2484 est,
3170 2407 3327 2488 quia
3348 2406 3469 2472 illa
3497 2425 3719 2488 propo·

2142 2501 2304 2578 sitio,
2330 2503 2521 2565 etiam
2548 2520 2696 2566 cum
2723 2501 3293 2564 determinatione:
3326 2500 3719 2578 Christus,in

2143 2602 2449 2676 quantum
2476 2596 2691 2670 homo,
2745 2602 2843 2659 est
2862 2594 3031 2658 filius
3060 2594 3425 2674 adoptivae,
3475 2595 3719 2658 videtur

2146 2690 2447 2754 damnata
2488 2690 2557 2754 in
2608 2691 2907 2770 praedicto
2954 2679 3229 2754 Concilio
3270 2689 3717 2767 Francorordq

2146 2791 2243 2848 eet
2268 2803 2421 2864 ergo
2447 2783 2552 2846 illa
2576 2783 2921 2866 propositio
2954 2783 3275 2862 haeretica,
3310 2784 3379 2846 et
3404 2785 3721 2846 connata

2142 2877 2222 2942 de
2250 2878 2399 2954 fide,
2430 2895 2582 2942 nam
2600 2923 2619 2952 ,
2663 2885 2732 2940 ut
2762 2877 3175 2959 supponimus
3198 2921 3217 2950 ‚
3259 2876 3443 2940 illius
3471 2877 3723 2941 Concssii

2142 2973 2481 3036 auctoritas
2522 2971 2841 3034 sufficiens
2865 2977 2967 3033 est
2992 2971 3069 3032 ad
3101 2976 3346 3036 certam
3370 2971 3587 3034 fidem
3612 2991 3721 3034 no-

2140 3066 2237 3129 bis
2256 3064 2651 3140 faciendam3
2688 3085 2839 3128 nam
2866 3065 3015 3128 licet
3042 3064 3359 3128 nationale
3382 3065 3593 3128 fuerit
3616 3071 3725 3128 tre·

2142 3167 2467 3224 centorum
2524 3161 2977 3242 Episcoporum
3010 3203 3029 3234 ,
3075 3165 3292 3224 tamen
3358 3159 3721 3224 intercessi

2141 3254 2385 3320 Summi
2414 3252 2725 3316 Pontificis
2756 3253 3119 3327 auctoritas,
3162 3270 3297 3317 non
3328 3259 3595 3316 tantum
3618 3273 3720 3336 per

2137 3347 2403 3428 legatos,
2458 3347 2571 3410 sed
2626 3347 2819 3410 etiam
2858 3365 2971 3428 per
3018 3345 3531 3426 instructionem,
3581 3366 3716 3428 quae

2139 3441 2427 3522 ejusdem
2466 3440 2747 3504 veritatis
2786 3441 3245 3521 definitionem,
3288 3447 3355 3504 et
3380 3441 3719 3504 virtualem

2138 3533 2395 3599 concilii
2412 3533 2957 3597 confirmationem
2975 3533 3363 3598 continebat.
3392 3535 3721 3615 Et,quam-

2135 3628 2229 3690 vis
2269 3645 2384 3708 per
2429 3627 2673 3708 aliquos
2715 3645 2915 3690 annos
2956 3627 3208 3690 latuerit
3244 3627 3358 3690 illa
3395 3622 3715 3702 definitio,

2136 3739 2265 3786 non
2293 3727 2501 3804 potest
2534 3728 2749 3785 tamen
2787 3721 3064 3784 dubitari
3102 3722 3259 3802 quin
3282 3721 3461 3784 facta
3487 3721 3713 3796 fuerit,

2135 3823 2209 3882 ut
2234 3835 2313 3880 ex
2338 3817 2613 3880 historiis
2634 3823 2903 3887 constat.
2934 3820 3000 3880 et
3026 3823 3500 3898 consequenter
3524 3817 3715 3880 etiam

2137 3919 2231 3976 est
2274 3917 2539 3988 certum,
2587 3911 2767 3974 nobis
2812 3929 2955 3974 esse
2994 3909 3383 3974 sufficienter
3430 3909 3716 3992 proposi-

2134 4011 2291 4081 tum,
2332 4005 2679 4086 praesertim
2730 4006 2853 4068 hoc
2897 4011 3207 4086 tempore,
3256 4004 3327 4066 in
3380 4021 3517 4086 quo
3565 4001 3715 4066 illud

2132 4099 2475 4162 Concilium
2520 4105 2843 4180 repertum
2890 4101 3009 4174 est,
3053 4103 3117 4160 et
3158 4098 3407 4162 caeteris
3456 4097 3715 4179 adjunc-

2130 4197 2291 4269 tum,
2342 4199 2407 4254 et
2452 4192 2517 4254 in
2568 4192 2861 4256 omnibus
2904 4197 3251 4274 receptum.
3302 4193 3713 4259 Antecedeus

2131 4286 2437 4366 probatur
2480 4286 2681 4367 primo
2732 4304 2812 4349 ex
2860 4303 3053 4348 sensu
3102 4285 3403 4348 contrarii
3450 4287 3711 4360 erroriS,

2134 4389 2352 4446 contra
2379 4401 2573 4463 quem
2594 4383 2758 4446 facta
2780 4389 2881 4446 est
2899 4382 3009 4446 illa
3029 4381 3331 4446 definitio.
3360 4383 3713 4468 Elipandus

2134 4477 2327 4551 enim,
2353 4482 2425 4538 ιιι
2451 4495 2531 4540 ex
2554 4477 2833 4557 quadam
2862 4476 3001 4556 ejus
3022 4476 3285 4556 antiqua
3309 4477 3713 4542 confessione

2131 4571 2401 4634 refertur
2430 4615 2447 4645 ,
2492 4589 2625 4634 non
2650 4571 2929 4650 negabat
2956 4588 3149 4632 unam
3176 4571 3243 4631 in
3281 4569 3537 4637 Christo
3572 4593 3713 4656 per·

2133 4681 2374 4742 sonam,
2403 4681 2595 4744 quam
2626 4683 2765 4730 esse
2792 4665 3071 4728 Verbum
3095 4665 3305 4744 ipsum
3330 4666 3645 4731 divinum·
3656 4673 3709 4730 et

2131 4755 2353 4820 Filium
2384 4758 2499 4820 Dei
2540 4757 2892 4822 naturalem
2940 4757 3298 4834 fatebatur;
3354 4761 3583 4826 aiebat
3630 4768 3711 4824 ta·

2128 4868 2303 4927 men,
2334 4851 2511 4914 illum
2526 4853 2725 4930 misse
2750 4851 2937 4916 simul
2962 4852 3079 4916 Dei
3104 4857 3162 4918 et
3187 4853 3461 4918 hminis
3476 4857 3707 4934 filisu,

2131 4942 2477 5022 adoptivum
2518 4945 2917 5020 humanitate,
2946 4963 3067 5010 noa
3090 4946 3451 5027 adoptivum
3486 4945 3710 5011 divini-

2129 5041 2275 5102 tate.
2319 5036 2497 5100 Unde
2524 5055 2653 5098 non
2681 5037 2805 5102 alio
2834 5056 3027 5102 sensu
3062 5041 3421 5104 asseruisse
3458 5042 3711 5104 videtur

2128 5130 2439 5194 Christum
2468 5137 2539 5194 ut
2560 5132 2884 5196 hominem
2912 5153 3053 5198 esse
3080 5133 3283 5197 filium
3301 5135 3707 5218 adoptivum,

2129 5224 2255 5285 nisi
2274 5223 2339 5286 in
2362 5243 2439 5288 eo
2468 5243 2661 5305 quem
2686 5227 2967 5290 Durand.
3000 5227 3297 5306 admittit,
3326 5247 3487 5294 nam
3508 5230 3711 5294 confi·

2128 5317 2320 5396 tendo
2368 5318 2701 5382 in.Christ0
2734 5339 2930 5384 unam
2962 5340 3303 5404 personam
3344 5323 3417 5386 in
3457 5324 3709 5389 duabus

2127 5412 2392 5489 naturis,
2418 5417 2782 5496 nonpotest
2806 5415 2967 5480 alius
2988 5417 3216 5480 modus
3242 5417 3615 5500 adoptionis
3646 5419 3710 5484 in

2128 5522 2205 5570 eo
2238 5507 2597 5590 excogitari.
2626 5509 2759 5574 imo
2787 5528 2905 5575 neo
2929 5511 3295 5592 simpliciter
3323 5514 3585 5580 videtur
3608 5533 3707 5576 as-
