3892 6167
1360 329 1681 387 nlsrtJTAT.
1714 328 1838 383 mv,
1871 328 2042 384 SEGT.
2078 330 2138 386 V.

106 434 431 515 cipaliter
454 432 833 497 terminatur
870 431 955 493 ad
992 432 1339 513 exemplar,
1368 434 1452 497 ad
1480 432 1705 513 imagi-

112 546 294 590 nem
322 546 473 591 vero
498 526 1015 601 concomitanter,
1048 531 1111 588 ει
1138 532 1440 607 tanquam
1468 528 1549 589 ad
1574 544 1706 589 ma-

110 622 373 683 teriam
400 622 773 702 proximam,
792 619 855 679 in
876 636 1005 698 qua
1026 619 1345 700 exemplar
1370 620 1699 695 adoratum

118 721 203 777 et
234 715 342 777 hic
370 715 599 777 modus
642 712 1027 775 adorationis
1052 718 1396 787 exercetur,
1436 714 1710 794 quotics-

118 826 399 891 cunque
433 810 635 891 signa‚
666 812 777 869 aut
812 807 1004 869 verba
1033 807 1261 887 quibus
1303 808 1584 871 adoratio
1613 807 1706 886 fit,

118 903 293 965 talia
324 909 494 977 sunt,
542 902 645 963 vel
676 900 783 965 tali
818 899 1005 963 modo
1032 900 1214 977 fiunt,
1246 908 1315 964 ut
1356 901 1711 965 absolutam

122 996 587 1059 adorationem
610 995 997 1071 contineant,
1020 1001 1085 1059 ει
1098 995 1180 1057 ad
1204 1014 1341 1058 rem
1364 996 1705 1071 viventem,

122 1096 201 1153 et
232 1108 355 1171 per
382 1110 453 1153 se
482 1090 742 1170 dignam
768 1090 1177 1152 veneratione
1205 1089 1427 1153 referri
1453 1090 1711 1153 videan-

124 1190 268 1245 tur.
298 1184 381 1246 At
408 1200 561 1246 vero
589 1183 934 1263 aliquando
972 1182 1183 1264 imago
1210 1199 1339 1245 non
1374 1184 1460 1247 ita
1484 1202 1712 1265 appre-

126 1276 472 1353 henditur,
506 1282 579 1339 ιιι
617 1280 760 1339 actu
787 1283 1198 1358 repraesentet
1227 1278 1546 1359 exemplar
1574 1286 1708 1341 tan·

130 1390 341 1451 quam
384 1371 699 1450 objectum
743 1388 861 1451 per
900 1389 969 1433 se
1010 1371 1377 1435 adoratione
1418 1373 1705 1454 dignum,

132 1466 261 1527 sed
290 1470 363 1527 ιιι
388 1464 593 1526 solum
628 1463 1021 1545 concipiatur
1056 1470 1365 1545 tanquam
1400 1484 1503 1529 res
1531 1483 1709 1546 quec-

132 1559 293 1621 dam
328 1576 544 1634 sacra,
578 1564 641 1621 ει
682 1558 764 1619 ad
794 1572 975 1619 usum
1010 1558 1375 1639 religiosum
1402 1560 1705 1631 instituta,

95 1658 209 1714 -et
248 1651 397 1714 ideo
434 1656 796 1713 reverenter
834 1651 1199 1729 tractanda,
1255 1652 1384 1715 sive
1432 1654 1553 1716 hoc
1602 1652 1713 1716 fiat

130 1764 267 1825 per
296 1744 627 1807 confusam
654 1745 1135 1824 conceptionem
1156 1746 1250 1808 rei
1278 1764 1475 1809 sacrae
1512 1751 1577 1811 et
1611 1766 1712 1810 re·

134 1839 417 1919 ligiosae,
442 1839 605 1900 sicut
650 1838 1145 1919 apprehenditur
1167 1839 1351 1915 calix,
1384 1848 1495 1904 aut
1520 1842 1712 1905 vestis

135 1950 355 2007 sacra,
374 1950 516 2011 quae
532 1950 661 1993 non
676 1948 929 2011 semper
942 1932 1060 1993 sub
1080 1932 1349 2015 propriis
1367 1934 1711 1998 rationibus

136 2034 215 2090 et
229 2026 602 2088 muneribus
623 2024 1081 2105 concipiuntur,
1094 2030 1167 2089 ut
1175 2042 1244 2089 re
1252 2034 1541 2089 verenter
1550 2034 1712 2091 trac·

136 2127 389 2195 tentur,
418 2119 533 2181 sed
566 2125 810 2182 tantum
852 2118 971 2181 suh
1016 2126 1325 2201 conceptu
1354 2122 1449 2183 rei
1478 2140 1669 2185 sacrae
1690 2122 1731 2197 ς’

143 2216 291 2276 sive
320 2212 707 2294 concipiatur
730 2213 847 2275 sub
876 2218 1185 2294 conceptu
1208 2214 1349 2277 talis
1376 2216 1471 2279 rei
1492 2234 1711 2291 sacras,

140 2326 301 2389 quse
328 2308 411 2369 ob
434 2307 1059 2387 repraesentationem
1082 2306 1227 2369 talis
1258 2326 1544 2388 personae
1570 2326 1715 2371 cum

142 2402 371 2465 debita
412 2401 821 2465 veneratione
870 2402 1129 2465 tractari
1178 2403 1367 2466 debet
1392 2448 1408 2479 ,
1466 2404 1531 2465 in
1590 2422 1715 2485 quo

147 2500 469 2577 conceptu
522 2512 783 2557 necesse
832 2502 931 2558 est
976 2496 1186 2576 aliquo
1234 2496 1423 2559 modo
1472 2499 1716 2579 concipi

155 2590 349 2653 etiam
396 2589 750 2668 exemplar,
794 2606 925 2651 nen
966 2589 1270 2653 tamenin
1304 2597 1477 2653 recto
1498 2635 1519 2668 ,
1571 2597 1718 2655 tan-

152 2701 351 2765 quam
390 2683 707 2763 objectum
736 2682 1151 2759 adorandum,
1184 2684 1295 2745 sed
1335 2684 1400 2745 in
1432 2684 1713 2765 oblique,

146 2782 461 2855 tanquam
486 2775 752 2838 formam
782 2776 1199 2839 extrinsecam
1220 2822 1237 2851 ‚
1265 2778 1447 2857 quasi
1482 2778 1717 2841 sancti-

148 2872 452 2933 ficantem
488 2870 853 2951 imaginem,
870 2876 935 2933 ει
954 2870 1319 2933 reddentem
1340 2871 1509 2933 illam
1527 2890 1717 2935 vene·

148 2964 405 3027 ratione
430 2962 713 3044 dignam.
745 2962 939 3027 Priori
962 2978 1117 3045 ergo
1142 2964 1333 3027 modo
1360 2964 1481 3027 dici
1512 2971 1717 3046 potest

152 3060 371 3139 imago
394 3056 673 3138 perfecte
700 3074 988 3120 exercere
1030 3074 1263 3119 munus
1302 3058 1622 3139 imaginis3
1654 3066 1719 3123 et

150 3152 306 3215 ideo
326 3150 627 3226 adoratio,
650 3168 789 3231 quoe
803 3150 889 3212 illi
910 3152 1158 3213 muneri
1182 3166 1294 3213 sen
1320 3153 1717 3233 conceptioni

156 3244 524 3326 respondet,
556 3244 679 3307 dici
710 3244 870 3308 solet
909 3244 1161 3325 proprie
1192 3245 1475 3309 adoratio
1498 3246 1718 3327 imagi·-

154 3340 279 3416 niS,
328 3344 395 3401 ιιι
445 3338 657 3419 imago
690 3344 808 3402 est.
854 3338 1191 3402 Posteriori
1241 3344 1457 3401 autem
1502 3339 1716 3415 modo,

154 3431 447 3513 quamvis
478 3433 671 3496 etiam
698 3448 916 3496 revera
943 3434 1153 3513 imago
1178 3434 1311 3513 ipsa
1334 3432 1723 3514 concipiatur

156 3533 224 3589 et
256 3526 577 3601 adoretur,
613 3526 844 3589 dicitur
866 3533 1081 3589 tamen
1108 3524 1361 3588 adorari
1392 3532 1592 3588 utres
1618 3544 1722 3587 sa·-

156 3639 268 3683 cra
297 3627 415 3693 est,
446 3622 551 3683 vel
576 3628 648 3685 ιιι
672 3620 1094 3699 distinguatur
1119 3621 1220 3683 hic
1246 3619 1473 3683 modus
1499 3620 1721 3682 adora-

154 3715 348 3777 tionis
372 3732 408 3777 a
433 3715 651 3796 priori,
674 3714 777 3778 vel
806 3714 954 3795 qnia
982 3714 1087 3777 iile
1108 3714 1334 3777 modus
1360 3714 1581 3778 similis
1606 3732 1723 3778 seu

156 3808 645 3888 proportionalis
664 3814 761 3870 cst
776 3808 843 3869 in
864 3806 1248 3887 quibuslibet
1270 3808 1465 3872 rebus
1506 3810 1720 3871 sacris.

240 3904 342 3965 31.
388 3904 685 3964 Doctores
710 3902 925 3983 igitur,
958 3907 1095 3965 tum
1124 3902 1319 3977 sacri,
1354 3908 1485 3965 tum
1530 3903 1721 3965 etiam

158 3995 533 4071 scholastici,
559 4002 899 4059 tractantes
923 3994 1005 4058 de
1030 3995 1377 4078 imaginum
1402 3995 1720 4059 adoratio-

156 4108 269 4167 ne,
296 4090 663 4171 frequenter
692 4089 1039 4169 loquuntur
1064 4090 1145 4151 de
1164 4090 1459 4170 imagine,
1480 4096 1549 4151 ut
1572 4096 1719 4153 actu

158 4190 412 4247 exercet
438 4192 673 4245 munus
700 4182 1017 4264 imaginis,
1045 4187 1111 4245 ει
1132 4188 1599 4262 consequenter
1614 4183 1718 4246 de·

156 4277 403 4340 clarent
429 4276 747 4357 quomodo
777 4274 943 4339 circa
971 4276 1145 4340 illam
1166 4283 1533 4339 exerceatur
1550 4276 1717 4340 idem

157 4376 337 4434 actus
367 4368 775 4447 adorationis,
802 4370 911 4451 qui
944 4370 1110 4434 circa
1156 4386 1494 4452 personam
1534 4371 1719 4432 ratio-

154 4466 373 4528 nalem
416 4463 695 4527 exerceri
740 4470 945 4545 potest
968 4470 1037 4527 et
1073 4464 1287 4529 debet.
1322 4464 1469 4528 Ideo
1505 4470 1721 4527 autem

154 4560 239 4621 de
272 4558 549 4640 imagine
582 4557 705 4619 snb
750 4559 869 4621 hac
897 4558 1397 4623 consideratione
1424 4558 1722 4640 frequen-

154 4654 281 4715 tius
328 4652 695 4733 loquuntur,
754 4650 904 4731 quia
958 4651 1064 4715 illa
1107 4658 1205 4716 est
1240 4653 1443 4733 magis
1468 4654 1722 4734 propria

153 4744 446 4825 imagini,
484 4750 555 4806 ιιι
582 4762 769 4807 suum
796 4760 1030 4807 munus
1058 4752 1339 4821 exercet3
1388 4744 1511 4807 alia
1552 4744 1721 4806 enim

152 4838 577 4902 consideratio
602 4838 957 4902 communis
978 4843 1071 4902 est
1092 4839 1391 4902 omnibns
1410 4838 1601 4901 rebus
1626 4856 1722 4900 sa-

154 4932 306 4995 cris.
339 4933 518 5008 Item,
546 4932 698 5013 quia
717 4932 785 4993 in
815 4932 921 4995 illc
948 4939 1095 4995 actu
1112 4932 1505 5013 potissimum
1528 4949 1725 5013 appa»-

156 5030 259 5089 ret
291 5022 649 5103 difficultas,
681 5025 1001 5105 quemodo
1049 5026 1242 5109 possit
1294 5025 1458 5088 circa
1500 5024 1723 5106 imagi·

156 5134 313 5181 nem
343 5118 755 5181 inanimatam
788 5121 1090 5197 exerceri,
1128 5136 1273 5183 cum
1302 5118 1624 5199 propriam
1658 5126 1725 5181 et

158 5210 517 5276 absolutam
553 5213 801 5276 latriam
838 5213 941 5277 vel
966 5212 1205 5277 duliam
1233 5214 1595 5287 contineat:
1644 5220 1723 5275 ‘ac

158 5306 435 5386 denique
460 5308 608 5387 quia
635 5306 771 5371 haec
793 5306 1211 5371 consideratio
1239 5304 1533 5388 imaginis
1576 5307 1723 5368 alte-

160 5416 299 5461 ram
320 5406 448 5461 non
476 5401 774 5479 excludit,
806 5403 919 5466 sed
950 5402 1161 5485 potius
1186 5402 1359 5465 illam
1380 5402 1447 5464 in
1470 5416 1539 5464 se
1568 5419 1723 5483 quo·

160 5493 501 5557 dammodo
550 5495 1023 5575 complectitur,
1076 5500 1142 5561 ιιι
1194 5502 1391 5560 totum
1444 5495 1721 5559 continet

1782 435 2030 509 partem
2046 446 2069 509 3
2115 446 2287 506 nam,
2319 435 2390 493 ιιι
2431 448 2624 513 supra
2649 432 2888 495 dictum
2925 438 3042 510 est,
3085 435 3344 513 quando

1784 524 1873 586 sic
1897 524 2197 586 adoratur
2217 525 2430 605 imago
2457 530 2530 587 ut
2556 525 2790 605 imago,
2809 525 3096 606 quamvis
3107 526 3346 591 directe

1788 634 1863 678 ac
1873 616 2172 698 primario
2185 617 2484 681 adoretur
2491 624 2894 700 prototypon,
2917 625 3130 683 tamen
3155 620 3346 683 etiam

1790 710 1925 790 ipsa
1942 710 2154 791 imago
2177 711 2576 787 coadoratur,
2603 717 2666 773 et
2681 712 2844 775 eirca
2868 712 3042 775 illam
3060 720 3348 778 versatur

1790 821 1920 865 non
1967 804 2176 867 solum
2215 810 2476 867 externa
2502 805 2690 881 actio,
2723 806 2836 869 sed
2869 808 3058 869 etiam
3085 807 3346 869 intentio

1790 896 2014 971 cultus,
2049 914 2214 977 quae,
2239 902 2312 959 ιιι
2335 897 2420 959 ad
2444 897 2788 978 imaginem
2811 905 3072 980 spectat,
3096 899 3350 963 inferio·-

1790 988 1877 1050 ris
1904 988 2288 1053 adorationis
2317 991 2632 1054 rationem
2655 992 2870 1068 habet,
2910 1010 3104 1073 quam
3131 999 3201 1057 ιιι
3221 992 3350 1056 fer-

1790 1090 1893 1147 tur
1918 1084 2001 1147 ad
2031 1087 2386 1166 exemplar;
2420 1092 2610 1165 atque
2635 1087 2724 1150 ita
2755 1088 2822 1152 in
2849 1087 2954 1150 illa
2979 1088 3348 1151 adoratione

1789 1178 2016 1241 virtute
2043 1186 2110 1241 ει
2147 1179 2500 1243 eminenter
2523 1182 2879 1243 continetur
2903 1181 3012 1243 illa
3039 1181 3347 1259 adoratio,

1788 1288 1933 1351 quae
1979 1277 2188 1353 potest
2232 1273 2494 1354 imagini
2529 1273 2741 1351 tribui,
2774 1280 2846 1337 ιιι
2873 1274 3015 1337 talis
3041 1292 3150 1337 res
3167 1292 3350 1337 sacra

1790 1371 1905 1439 est,
1936 1366 2110 1445 quod
2141 1367 2294 1429 satis
2321 1366 2721 1429 insinuarunt
2751 1366 3048 1444 Concilio,
3091 1367 3348 1449 quande

1790 1459 2222 1521 adorationem
2245 1460 2536 1541 imaginis
2558 1460 2921 1525 inferiorem
2937 1468 3263 1526 vocarunt.

1870 1554 1972 1615 32.
2016 1553 2398 1633 Replicatis?
2419 1552 2678 1619 Oeneius·
2705 1556 3054 1621 lit-identitas·
3087 1557 3354 1621 tuamo-

1790 1646 1984 1709 m’um.
2011 1676 2094 1695 -
2120 1647 2206 1709 Ex
2257 1647 2354 1708 his
2401 1664 2556 1727 ergo
2600 1646 2970 1711 facillimum
3016 1650 3136 1712 erit
3175 1650 3353 1713 testie-

1790 1739 2008 1801 monia
2035 1738 2259 1817 citata,
2290 1747 2356 1804 et
2392 1742 2606 1804 omnia
2633 1742 2860 1803 similia
2898 1742 3094 1805 verba
3121 1760 3352 1822 expcn-

1794 1832 1947 1896 dere
1976 1851 2052 1896 ac
2073 1832 2462 1915 intelliget-m
2493 1850 2644 1897 nam
2671 1834 3020 1900 Concilium
3045 1835 3356 1898 Tridenti-

1792 1944 1972 2003 num,
1999 1928 2278 2007 primum
2303 1947 2378 1990 ac
2405 1929 2758 2009 generatim
2783 1929 3024 2007 docuit,
3064 1929 3356 2011 imagini·

1792 2020 1911 2083 bus
1944 2020 2230 2082 debitum
2271 2021 2577 2083 honorem
2606 2040 2682 2083 ac
2701 2024 3174 2087 venerationem
3213 2040 3354 2085 esse

1794 2113 2308 2194 impertienda-tm
2342 2114 2516 2194 quod
2549 2130 2769 2177 verum
2811 2122 2938 2191 est,
2971 2116 3104 2179 sive
3127 2116 3358 2197 imagi-

1794 2225 1933 2281 neS,
1975 2210 2046 2268 ιιι
2071 2206 2378 2287 imagines
2399 2250 2416 2283 ,
2451 2208 2582 2271 sive
2609 2213 2682 2270 ut
2709 2226 2814 2271 res
2842 2226 3064 2286 sacrm,
3101 2226 3357 2271 suman·

1796 2305 1925 2361 tur.
1955 2300 2194 2363 Deinde
2223 2318 2372 2363 vero
2413 2301 2691 2365 declarat
2719 2302 2918 2383 qualis
2937 2304 3016 2367 sit
3041 2303 3178 2366 haec
3201 2304 3356 2366 ado-

1796 2394 1985 2471 ratio,
2011 2402 2199 2475 prout
2225 2395 2308 2457 ad
2333 2394 2644 2477 imagines
2673 2404 2937 2477 spectat,
2969 2396 3182 2460 dicens
3213 2415 3356 2461 esse

1796 2487 2212 2567 respectivam
2233 2488 2300 2549 in
2320 2488 2540 2551 ordine
2559 2488 2642 2551 ad
2663 2490 3006 2571 exemplar,
3027 2494 3092 2553 et
3111 2490 3357 2553 ratione

1794 2581 1989 2658 illius,
2026 2582 2198 2662 quod
2225 2583 2414 2647 etiam
2453 2592 2552 2646 est
2580 2601 2827 2662 verum,
2870 2602 3002 2646 non
3025 2584 3230 2646 solum
3273 2584 3358 2647 de

1796 2676 2165 2739 adoratione
2199 2694 2340 2757 quoe
2365 2678 2626 2758 praecise
2655 2678 2948 2741 tribuitur
2973 2679 3259 2761 imagini,
3287 2684 3359 2741 ut

1794 2786 1900 2831 res
1938 2788 2119 2833 sacra
2147 2778 2266 2847 est,
2293 2771 2410 2833 sed
2435 2771 2627 2834 etiam
2655 2772 2738 2834 de
2763 2771 2874 2833 illa
2902 2790 3032 2853 qua
3059 2772 3359 2835 adoratur

1794 2863 2008 2945 imago
2027 2908 2050 2941 ,
2093 2871 2164 2927 ιιι
2207 2872 2350 2928 actu
2405 2882 2710 2929 exercens
2753 2884 2986 2929 munus
3023 2867 3354 2949 imaginis3

1796 2974 1950 3018 nam
1979 2958 2169 3021 etiam
2195 2958 2326 3034 illa,
2361 2976 2484 3038 qua
2523 2978 2603 3021 ex
2655 2967 2836 3041 parte
2875 2962 3220 3041 imaginem
3265 2968 3361 3025 at-

1797 3051 2006 3131 tingit,
2040 3050 2112 3113 fit
2137 3052 2386 3115 ratione
2413 3053 2814 3134 exemplaris,
2847 3060 2912 3116 ει
2953 3055 3036 3117 ad
3065 3054 3222 3117 illud
3261 3071 3361 3117 re-

1797 3144 2022 3206 fertur.
2055 3146 2281 3208 Postea
2317 3162 2470 3207 vero
2494 3146 2776 3211 declarat
2815 3148 3162 3211 Concilium
3207 3166 3362 3229 qno·

1798 3238 1990 3300 modo
2011 3240 2149 3302 haec
2176 3240 2466 3320 imaginis
2491 3242 2776 3305 adoratio
2795 3244 2864 3304 in
2887 3243 2991 3305 illa
3013 3262 3142 3306 non
3157 3244 3359 3319 sistat,

1800 3332 1913 3395 sed
1934 3331 2020 3395 ad
2047 3333 2368 3413 exemplar
2407 3337 2711 3410 transm,
2755 3336 2930 3415 quod
2973 3341 3184 3417 potest
3223 3336 3361 3417 qui-

1800 3424 1949 3487 dem
1965 3424 2284 3493 vcnficcrr
2299 3424 2380 3489 de
2405 3431 2675 3506 utroque
2709 3428 2902 3491 modo
2931 3430 3316 3493 adorationis
3338 3452 3356 3507 3

1800 3518 2150 3581 Concilium
2197 3524 2412 3581 antem
2461 3519 2710 3582 videtur
2743 3521 3018 3585 voluisse
3037 3523 3362 3587 declarare

1802 3612 1868 3674 in
1896 3612 2020 3673 iliis
2058 3611 2294 3674 ultimis
2335 3612 2545 3674 verbis
2569 3612 3078 3677 formalissimam
3107 3636 3184 3679 ac
3219 3634 3363 3697 per-

1800 3704 2208 3768 fectissimam
2231 3704 2664 3769 adorationem
2692 3708 3010 3789 imaginis,
3053 3714 3123 3773 ut
3147 3710 3358 3790 imago

1804 3805 1919 3876 est,
1946 3816 2078 3861 non
2123 3798 2274 3879 qnia
2313 3817 2568 3863 necesse
2595 3802 2678 3863 sit
2715 3809 2806 3878 nt,
2837 3803 3360 3885 quotiescumque

1806 3898 2172 3955 reverenter
2195 3899 2498 3955 uastatur
2525 3895 2758 3975 image,
2797 3906 2872 3959 ut
2895 3912 3001 3961 res
3029 3886 3357 3975 sacra'est,

1798 3986 1968 4049 circa
1991 3986 2162 4049 illam
2207 3986 2350 4050 talis
2391 3988 2616 4051 modus
2655 3990 3040 4054 adorationis
3069 4006 3360 4055 exercea-

1799 4080 2073 4156 tur-,sed
2095 4080 2246 4161 quia
2273 4082 2510 4163 imago,
2540 4090 2611 4148 ut
2637 4085 2871 4167 imago,
2895 4104 3096 4168 capax
3121 4093 3220 4151 est
3244 4084 3357 4149 hu-

1791 4176 1901 4256 jus
1920 4175 2327 4251 adorationis,
2349 4182 2414 4239 et
2429 4176 2742 4259 explicare
2751 4182 3028 4261 oportuit
3039 4182 3358 4263 quomode

1798 4270 1941 4332 talis
1969 4270 2252 4333 adoratio
2299 4270 2564 4335 honeste
2609 4273 2778 4336 circa
2809 4274 3154 4356 imaginem
3181 4294 3361 4339 exer-

1799 4370 2044 4442 ceatur,
2079 4364 2227 4444 quia
2274 4382 2407 4427 non
2451 4372 2696 4430 tantum
2725 4367 2794 4430 in
2841 4370 3042 4450 ipsam
3063 4414 3084 4446 ‚
3133 4370 3247 4433 sed
3294 4370 3359 4433 in

1800 4458 2112 4521 Christum
2129 4464 2244 4523 aut
2261 4460 2524 4524 Sanctcs
2543 4461 2782 4525 directe
2799 4463 3019 4527 tendit.
3034 4464 3148 4527 Vel
3167 4464 3359 4528 etiam

1800 4560 2068 4633 possunt
2095 4553 2206 4615 illa
2229 4554 2426 4617 verba
2465 4555 2550 4617 ad
2579 4560 2910 4638 utramque
2929 4558 3360 4621 adorationem

1800 4647 2274 4728 proportionata
2341 4650 2827 4725 accommodari,
2893 4666 3043 4714 nam
3105 4650 3361 4731 quando

1798 4739 2114 4821 imagines
2141 4742 2522 4815 osculamur,
2540 4744 2639 4805 vel
2653 4758 2869 4806 coram
2889 4746 2983 4807 eis
3003 4750 3194 4824 caput
3208 4758 3363 4825 ape-

1800 4832 2018 4905 rimus,
2057 4837 2306 4896 tantum
2345 4840 2418 4895 ιιι
2461 4852 2566 4897 res
2610 4838 2900 4915 quaedam
2942 4852 3138 4899 sacrm
3189 4844 3357 4914 sunt,

1804 4927 1967 4987 sicut
2017 4926 2378 4989 osculamur
2410 4928 2640 4991 librum
2683 4931 3167 5011 Evangelieru'm
3186 4977 3208 5010 ,
3250 4939 3360 4995 aut

1802 5025 2042 5085 vestem
2073 5036 2340 5100 sacram,
2369 5022 2684 5085 Christum
2712 5030 2776 5087 ει
2811 5024 3072 5089 Sanctos
3093 5034 3362 5089 'venera-

1800 5132 1945 5179 mur
1972 5114 2040 5177 in
2069 5114 2347 5193 oblique,
2378 5124 2449 5178 ιιι
2473 5116 2562 5182 sic
2589 5114 2819 5192 dicam,
2851 5134 2966 5181 seu
3004 5120 3069 5181 in
3105 5120 3356 5196 virtute,

1800 5215 2114 5291 quatenus
2141 5206 2210 5269 in
2257 5208 2349 5271 eis
2397 5215 2492 5271 est
2517 5215 2647 5271 tota
2691 5211 2849 5273 ratio
2894 5213 2984 5275 sie
3015 5212 3359 5276 venerandi

1802 5302 2111 5383 imagines
2126 5324 2147 5380 3
2172 5302 2426 5384 quando
2449 5319 2602 5365 vero
2621 5322 2833 5367 coram
2855 5304 3240 5389 'imaginibus
3259 5324 3358 5369 ca-

1801 5404 1917 5479 put
1944 5398 2264 5479 aperimus
2300 5403 2366 5460 ει
2406 5400 2905 5479 procumbimus,
2934 5400 3038 5464 iiio
3079 5400 3268 5464 modo
3295 5407 3360 5464 et

1804 5489 2058 5569 affectu,
2087 5492 2194 5570 qui
2219 5492 2576 5556 absolutam
2603 5498 2666 5555 et
2686 5494 3028 5573 perfectam
3047 5496 3360 5560 adoratio·-
