<?xml version="1.0" encoding="UTF-8"?>
<!DOCTYPE html PUBLIC "-//W3C//DTD XHTML 1.0 Transitional//EN"
    "http://www.w3.org/TR/xhtml1/DTD/xhtml1-transitional.dtd">
<html xmlns="http://www.w3.org/1999/xhtml" xml:lang="en" lang="en">
 <head>
  <title>
</title>
<meta http-equiv="Content-Type" content="text/html;charset=utf-8" />
  <meta name='ocr-system' content='tesseract 3.04.00' />
  <meta name='ocr-capabilities' content='ocr_page ocr_carea ocr_par ocr_line ocrx_word'/>
</head>
<body>
  <div class='ocr_page' id='page_1' title='image "./rpfranciscisuar00unkngoog_0217.png"; bbox 0 0 3892 6167; ppageno 0'>
   <div class='ocr_carea' id='block_1_1' title="bbox 1303 320 2161 381">
    <p class='ocr_par' dir='ltr' id='par_1_1' title="bbox 1303 320 2161 381">
     <span class='ocr_line' id='line_1_1' title="bbox 1303 320 2161 381; baseline 0.002 -2"><span class='ocrx_word' id='word_1_1' title='bbox 1303 322 1626 381; x_wconf 62' lang='lat' dir='ltr'>mse-nur.</span> <span class='ocrx_word' id='word_1_2' title='bbox 1657 320 1878 379; x_wconf 80' lang='lat' dir='ltr'>xxxw.</span> <span class='ocrx_word' id='word_1_3' title='bbox 1911 322 2086 381; x_wconf 72' lang='lat' dir='ltr'>SEC‘I&#39;.</span> <span class='ocrx_word' id='word_1_4' title='bbox 2120 327 2161 381; x_wconf 91' lang='lat'>1.</span> 
     </span>
    </p>
   </div>
   <div class='ocr_carea' id='block_1_2' title="bbox 155 420 1688 5575">
    <p class='ocr_par' dir='ltr' id='par_1_2' title="bbox 155 420 1682 2293">
     <span class='ocr_line' id='line_1_2' title="bbox 160 420 1679 513; baseline -0.004 -24"><span class='ocrx_word' id='word_1_5' title='bbox 160 428 298 513; x_wconf 83' lang='lat' dir='ltr'>gulis</span> <span class='ocrx_word' id='word_1_6' title='bbox 325 423 558 487; x_wconf 87' lang='lat' dir='ltr'>actibus</span> <span class='ocrx_word' id='word_1_7' title='bbox 593 422 662 485; x_wconf 88' lang='lat' dir='ltr'>in</span> <span class='ocrx_word' id='word_1_8' title='bbox 703 420 1058 503; x_wconf 78' lang='lat' dir='ltr'>particulari</span> <span class='ocrx_word' id='word_1_9' title='bbox 1106 421 1525 504; x_wconf 86' lang='lat' dir='ltr'>disputantes.</span> <span class='ocrx_word' id='word_1_10' title='bbox 1555 424 1679 485; x_wconf 83' lang='lat' dir='ltr'>Ra-</span> 
     </span>
     <span class='ocr_line' id='line_1_3' title="bbox 159 516 1680 599; baseline -0.005 -12"><span class='ocrx_word' id='word_1_11' title='bbox 159 526 304 587; x_wconf 81' lang='lat' dir='ltr'>tione</span> <span class='ocrx_word' id='word_1_12' title='bbox 352 517 702 582; x_wconf 80' lang='lat' dir='ltr'>declaratur</span> <span class='ocrx_word' id='word_1_13' title='bbox 755 516 958 595; x_wconf 83' lang='lat' dir='ltr'>primo</span> <span class='ocrx_word' id='word_1_14' title='bbox 994 560 1012 591; x_wconf 92' lang='lat'>,</span> <span class='ocrx_word' id='word_1_15' title='bbox 1061 518 1209 597; x_wconf 81' lang='lat' dir='ltr'>quia</span> <span class='ocrx_word' id='word_1_16' title='bbox 1251 517 1534 599; x_wconf 87' lang='lat' dir='ltr'>potentia</span> <span class='ocrx_word' id='word_1_17' title='bbox 1581 518 1680 579; x_wconf 84' lang='lat' dir='ltr'>est</span> 
     </span>
     <span class='ocr_line' id='line_1_4' title="bbox 157 610 1680 701; baseline -0.004 -24"><span class='ocrx_word' id='word_1_18' title='bbox 157 621 380 701; x_wconf 86' lang='lat' dir='ltr'>propter</span> <span class='ocrx_word' id='word_1_19' title='bbox 419 618 622 686; x_wconf 79' lang='lat' dir='ltr'>actua,</span> <span class='ocrx_word' id='word_1_20' title='bbox 651 628 830 672; x_wconf 90' lang='lat' dir='ltr'>secus</span> <span class='ocrx_word' id='word_1_21' title='bbox 869 611 1064 673; x_wconf 81' lang='lat' dir='ltr'>otiose.</span> <span class='ocrx_word' id='word_1_22' title='bbox 1109 616 1300 687; x_wconf 87' lang='lat' dir='ltr'>esset,</span> <span class='ocrx_word' id='word_1_23' title='bbox 1329 610 1680 693; x_wconf 72' lang='lat' dir='ltr'>praesertIm</span> 
     </span>
     <span class='ocr_line' id='line_1_5' title="bbox 158 704 1679 793; baseline -0.001 -23"><span class='ocrx_word' id='word_1_24' title='bbox 158 708 378 793; x_wconf 80' lang='lat' dir='ltr'>quando</span> <span class='ocrx_word' id='word_1_25' title='bbox 421 710 598 767; x_wconf 88' lang='lat' dir='ltr'>actus</span> <span class='ocrx_word' id='word_1_26' title='bbox 651 710 794 766; x_wconf 87' lang='lat' dir='ltr'>sunt</span> <span class='ocrx_word' id='word_1_27' title='bbox 840 704 1281 779; x_wconf 85' lang='lat' dir='ltr'>immanentes,</span> <span class='ocrx_word' id='word_1_28' title='bbox 1317 706 1428 787; x_wconf 87' lang='lat' dir='ltr'>qui</span> <span class='ocrx_word' id='word_1_29' title='bbox 1453 721 1568 787; x_wconf 87' lang='lat' dir='ltr'>per</span> <span class='ocrx_word' id='word_1_30' title='bbox 1610 722 1679 769; x_wconf 84' lang='lat' dir='ltr'>so</span> 
     </span>
     <span class='ocr_line' id='line_1_6' title="bbox 157 796 1682 887; baseline -0.001 -22"><span class='ocrx_word' id='word_1_31' title='bbox 157 804 438 887; x_wconf 84' lang='lat' dir='ltr'>pertinent</span> <span class='ocrx_word' id='word_1_32' title='bbox 459 799 546 861; x_wconf 84' lang='lat' dir='ltr'>ad</span> <span class='ocrx_word' id='word_1_33' title='bbox 585 800 1062 865; x_wconf 86' lang='lat' dir='ltr'>connaturalem</span> <span class='ocrx_word' id='word_1_34' title='bbox 1101 800 1408 865; x_wconf 77' lang='lat' dir='ltr'>individui</span> <span class='ocrx_word' id='word_1_35' title='bbox 1443 796 1682 881; x_wconf 78' lang='lat' dir='ltr'>perfec·</span> 
     </span>
     <span class='ocr_line' id='line_1_7' title="bbox 155 893 1682 973; baseline -0.005 -11"><span class='ocrx_word' id='word_1_36' title='bbox 155 902 356 963; x_wconf 84' lang='lat' dir='ltr'>tionem</span> <span class='ocrx_word' id='word_1_37' title='bbox 371 913 386 969; x_wconf 92' lang='lat'>;</span> <span class='ocrx_word' id='word_1_38' title='bbox 404 893 706 969; x_wconf 85' lang='lat' dir='ltr'>secundo,</span> <span class='ocrx_word' id='word_1_39' title='bbox 719 893 890 973; x_wconf 85' lang='lat' dir='ltr'>quia,</span> <span class='ocrx_word' id='word_1_40' title='bbox 903 899 973 955; x_wconf 86' lang='lat' dir='ltr'>ut</span> <span class='ocrx_word' id='word_1_41' title='bbox 995 893 1382 971; x_wconf 78' lang='lat' dir='ltr'>dicebamus,</span> <span class='ocrx_word' id='word_1_42' title='bbox 1394 894 1494 957; x_wconf 89' lang='lat' dir='ltr'>isti</span> <span class='ocrx_word' id='word_1_43' title='bbox 1503 899 1682 957; x_wconf 87' lang='lat' dir='ltr'>actus</span> 
     </span>
     <span class='ocr_line' id='line_1_8' title="bbox 157 985 1680 1055; baseline -0.004 0"><span class='ocrx_word' id='word_1_44' title='bbox 157 995 370 1055; x_wconf 84' lang='lat' dir='ltr'>fuerunt</span> <span class='ocrx_word' id='word_1_45' title='bbox 413 985 1046 1051; x_wconf 86' lang='lat' dir='ltr'>accommodatissimi</span> <span class='ocrx_word' id='word_1_46' title='bbox 1096 987 1180 1049; x_wconf 89' lang='lat' dir='ltr'>ad</span> <span class='ocrx_word' id='word_1_47' title='bbox 1203 986 1397 1051; x_wconf 87' lang='lat' dir='ltr'>finem</span> <span class='ocrx_word' id='word_1_48' title='bbox 1433 986 1680 1051; x_wconf 88' lang='lat' dir='ltr'>redem-</span> 
     </span>
     <span class='ocr_line' id='line_1_9' title="bbox 161 1078 1682 1167; baseline -0.004 -18"><span class='ocrx_word' id='word_1_49' title='bbox 161 1084 373 1167; x_wconf 86' lang='lat' dir='ltr'>ptionis,</span> <span class='ocrx_word' id='word_1_50' title='bbox 403 1086 466 1143; x_wconf 89' lang='lat' dir='ltr'>et</span> <span class='ocrx_word' id='word_1_51' title='bbox 511 1078 596 1141; x_wconf 89' lang='lat' dir='ltr'>ad</span> <span class='ocrx_word' id='word_1_52' title='bbox 622 1082 952 1144; x_wconf 79' lang='lat' dir='ltr'>veritatem</span> <span class='ocrx_word' id='word_1_53' title='bbox 989 1082 1282 1143; x_wconf 80' lang='lat' dir='ltr'>humanae</span> <span class='ocrx_word' id='word_1_54' title='bbox 1309 1087 1548 1145; x_wconf 77' lang='lat' dir='ltr'>naturoe</span> <span class='ocrx_word' id='word_1_55' title='bbox 1575 1080 1682 1143; x_wconf 85' lang='lat' dir='ltr'>de-</span> 
     </span>
     <span class='ocr_line' id='line_1_10' title="bbox 165 1174 1681 1253; baseline -0.004 -10"><span class='ocrx_word' id='word_1_56' title='bbox 165 1175 632 1250; x_wconf 82' lang='lat' dir='ltr'>monstrandam3</span> <span class='ocrx_word' id='word_1_57' title='bbox 659 1174 866 1251; x_wconf 82' lang='lat' dir='ltr'>tertio,</span> <span class='ocrx_word' id='word_1_58' title='bbox 885 1175 1038 1253; x_wconf 84' lang='lat' dir='ltr'>quia</span> <span class='ocrx_word' id='word_1_59' title='bbox 1062 1178 1127 1237; x_wconf 87' lang='lat' dir='ltr'>in</span> <span class='ocrx_word' id='word_1_60' title='bbox 1151 1175 1394 1239; x_wconf 86' lang='lat' dir='ltr'>Christo</span> <span class='ocrx_word' id='word_1_61' title='bbox 1425 1175 1681 1239; x_wconf 81' lang='lat' dir='ltr'>fuerunt</span> 
     </span>
     <span class='ocr_line' id='line_1_11' title="bbox 163 1269 1677 1347; baseline -0.003 -12"><span class='ocrx_word' id='word_1_62' title='bbox 163 1278 304 1337; x_wconf 80' lang='lat' dir='ltr'>aetus</span> <span class='ocrx_word' id='word_1_63' title='bbox 343 1286 648 1333; x_wconf 87' lang='lat' dir='ltr'>sensuum</span> <span class='ocrx_word' id='word_1_64' title='bbox 693 1274 1100 1336; x_wconf 79' lang='lat' dir='ltr'>externorum</span> <span class='ocrx_word' id='word_1_65' title='bbox 1149 1274 1212 1335; x_wconf 88' lang='lat' dir='ltr'>et</span> <span class='ocrx_word' id='word_1_66' title='bbox 1251 1269 1677 1347; x_wconf 86' lang='lat' dir='ltr'>internorum3</span> 
     </span>
     <span class='ocr_line' id='line_1_12' title="bbox 161 1362 1678 1445; baseline -0.004 -14"><span class='ocrx_word' id='word_1_67' title='bbox 161 1385 280 1445; x_wconf 78' lang='lat' dir='ltr'>ergo</span> <span class='ocrx_word' id='word_1_68' title='bbox 315 1372 376 1427; x_wconf 86' lang='lat' dir='ltr'>et</span> <span class='ocrx_word' id='word_1_69' title='bbox 409 1364 734 1443; x_wconf 81' lang='lat' dir='ltr'>appetitus</span> <span class='ocrx_word' id='word_1_70' title='bbox 771 1362 1081 1437; x_wconf 81' lang='lat' dir='ltr'>sensitivi3</span> <span class='ocrx_word' id='word_1_71' title='bbox 1120 1370 1342 1443; x_wconf 84' lang='lat' dir='ltr'>quarto</span> <span class='ocrx_word' id='word_1_72' title='bbox 1377 1362 1678 1442; x_wconf 85' lang='lat' dir='ltr'>denique,</span> 
     </span>
     <span class='ocr_line' id='line_1_13' title="bbox 163 1455 1682 1541; baseline -0.001 -20"><span class='ocrx_word' id='word_1_73' title='bbox 163 1461 276 1541; x_wconf 81' lang='lat' dir='ltr'>quia</span> <span class='ocrx_word' id='word_1_74' title='bbox 299 1457 584 1519; x_wconf 73' lang='lat' dir='ltr'>voluutas</span> <span class='ocrx_word' id='word_1_75' title='bbox 608 1456 836 1520; x_wconf 82' lang='lat' dir='ltr'>Christi</span> <span class='ocrx_word' id='word_1_76' title='bbox 863 1456 1246 1537; x_wconf 77' lang='lat' dir='ltr'>operabatur</span> <span class='ocrx_word' id='word_1_77' title='bbox 1271 1455 1462 1519; x_wconf 90' lang='lat' dir='ltr'>modo</span> <span class='ocrx_word' id='word_1_78' title='bbox 1495 1462 1682 1519; x_wconf 85' lang='lat' dir='ltr'>natu·</span> 
     </span>
     <span class='ocr_line' id='line_1_14' title="bbox 157 1549 1678 1629; baseline -0.001 -12"><span class='ocrx_word' id='word_1_79' title='bbox 157 1556 266 1629; x_wconf 80' lang='lat' dir='ltr'>rali,</span> <span class='ocrx_word' id='word_1_80' title='bbox 289 1558 344 1613; x_wconf 87' lang='lat' dir='ltr'>et</span> <span class='ocrx_word' id='word_1_81' title='bbox 367 1551 844 1615; x_wconf 84' lang='lat' dir='ltr'>accommodato</span> <span class='ocrx_word' id='word_1_82' title='bbox 875 1552 1102 1613; x_wconf 67' lang='lat' dir='ltr'>animae</span> <span class='ocrx_word' id='word_1_83' title='bbox 1129 1549 1502 1613; x_wconf 81' lang='lat' dir='ltr'>informanti</span> <span class='ocrx_word' id='word_1_84' title='bbox 1535 1569 1678 1615; x_wconf 80' lang='lat' dir='ltr'>cor-</span> 
     </span>
     <span class='ocr_line' id='line_1_15' title="bbox 159 1644 1680 1731; baseline -0.001 -22"><span class='ocrx_word' id='word_1_85' title='bbox 159 1664 282 1731; x_wconf 83' lang='lat' dir='ltr'>pus;</span> <span class='ocrx_word' id='word_1_86' title='bbox 309 1652 396 1707; x_wconf 87' lang='lat' dir='ltr'>est</span> <span class='ocrx_word' id='word_1_87' title='bbox 421 1651 640 1709; x_wconf 85' lang='lat' dir='ltr'>autem</span> <span class='ocrx_word' id='word_1_88' title='bbox 669 1645 972 1709; x_wconf 87' lang='lat' dir='ltr'>naturalis</span> <span class='ocrx_word' id='word_1_89' title='bbox 995 1644 1326 1711; x_wconf 70' lang='lat' dir='ltr'>consensio</span> <span class='ocrx_word' id='word_1_90' title='bbox 1365 1644 1530 1709; x_wconf 87' lang='lat' dir='ltr'>inter</span> <span class='ocrx_word' id='word_1_91' title='bbox 1565 1644 1680 1707; x_wconf 84' lang='lat' dir='ltr'>hn-</span> 
     </span>
     <span class='ocr_line' id='line_1_16' title="bbox 155 1738 1678 1823; baseline -0.003 -18"><span class='ocrx_word' id='word_1_92' title='bbox 155 1740 386 1823; x_wconf 81' lang='lat' dir='ltr'>jusmodi</span> <span class='ocrx_word' id='word_1_93' title='bbox 412 1738 771 1814; x_wconf 84' lang='lat' dir='ltr'>facultates,</span> <span class='ocrx_word' id='word_1_94' title='bbox 797 1743 869 1800; x_wconf 90' lang='lat' dir='ltr'>ut</span> <span class='ocrx_word' id='word_1_95' title='bbox 899 1740 1190 1803; x_wconf 82' lang='lat' dir='ltr'>voluntas</span> <span class='ocrx_word' id='word_1_96' title='bbox 1233 1738 1508 1803; x_wconf 83' lang='lat' dir='ltr'>excitare</span> <span class='ocrx_word' id='word_1_97' title='bbox 1535 1757 1678 1818; x_wconf 83' lang='lat' dir='ltr'>pos·</span> 
     </span>
     <span class='ocr_line' id='line_1_17' title="bbox 159 1832 1682 1913; baseline -0.005 -14"><span class='ocrx_word' id='word_1_98' title='bbox 159 1838 238 1909; x_wconf 78' lang='lat' dir='ltr'>sit,</span> <span class='ocrx_word' id='word_1_99' title='bbox 263 1842 576 1899; x_wconf 82' lang='lat' dir='ltr'>etmovere</span> <span class='ocrx_word' id='word_1_100' title='bbox 607 1832 963 1913; x_wconf 84' lang='lat' dir='ltr'>appetitum</span> <span class='ocrx_word' id='word_1_101' title='bbox 991 1834 1073 1897; x_wconf 87' lang='lat' dir='ltr'>ad</span> <span class='ocrx_word' id='word_1_102' title='bbox 1093 1832 1362 1895; x_wconf 82' lang='lat' dir='ltr'>similem</span> <span class='ocrx_word' id='word_1_103' title='bbox 1390 1849 1506 1893; x_wconf 89' lang='lat' dir='ltr'>seu</span> <span class='ocrx_word' id='word_1_104' title='bbox 1535 1850 1682 1912; x_wconf 78' lang='lat' dir='ltr'>pro·</span> 
     </span>
     <span class='ocr_line' id='line_1_18' title="bbox 159 1926 1682 2012; baseline -0.001 -19"><span class='ocrx_word' id='word_1_105' title='bbox 159 1927 522 2012; x_wconf 74' lang='lat' dir='ltr'>portionalem</span> <span class='ocrx_word' id='word_1_106' title='bbox 563 1932 783 1991; x_wconf 85' lang='lat' dir='ltr'>actum</span> <span class='ocrx_word' id='word_1_107' title='bbox 803 1972 826 2005; x_wconf 88' lang='lat'>,</span> <span class='ocrx_word' id='word_1_108' title='bbox 885 1932 948 1993; x_wconf 81' lang='lat' dir='ltr'>et</span> <span class='ocrx_word' id='word_1_109' title='bbox 997 1927 1099 1993; x_wconf 85' lang='lat' dir='ltr'>hio</span> <span class='ocrx_word' id='word_1_110' title='bbox 1135 1928 1361 1991; x_wconf 85' lang='lat' dir='ltr'>modus</span> <span class='ocrx_word' id='word_1_111' title='bbox 1407 1926 1682 2008; x_wconf 79' lang='lat' dir='ltr'>pertinet</span> 
     </span>
     <span class='ocr_line' id='line_1_19' title="bbox 163 2022 1680 2104; baseline -0.003 -15"><span class='ocrx_word' id='word_1_112' title='bbox 163 2025 226 2089; x_wconf 77' lang='lat' dir='ltr'>ad</span> <span class='ocrx_word' id='word_1_113' title='bbox 244 2022 682 2104; x_wconf 79' lang='lat' dir='ltr'>perfectionem.</span> <span class='ocrx_word' id='word_1_114' title='bbox 716 2024 1010 2085; x_wconf 78' lang='lat' dir='ltr'>humanae</span> <span class='ocrx_word' id='word_1_115' title='bbox 1042 2022 1444 2101; x_wconf 81' lang='lat' dir='ltr'>operationis,</span> <span class='ocrx_word' id='word_1_116' title='bbox 1477 2028 1544 2085; x_wconf 88' lang='lat' dir='ltr'>et</span> <span class='ocrx_word' id='word_1_117' title='bbox 1585 2022 1680 2085; x_wconf 85' lang='lat' dir='ltr'>ni-</span> 
     </span>
     <span class='ocr_line' id='line_1_20' title="bbox 166 2114 1678 2198; baseline -0.001 -17"><span class='ocrx_word' id='word_1_118' title='bbox 166 2120 229 2181; x_wconf 85' lang='lat' dir='ltr'>hil</span> <span class='ocrx_word' id='word_1_119' title='bbox 251 2118 418 2181; x_wconf 81' lang='lat' dir='ltr'>habet</span> <span class='ocrx_word' id='word_1_120' title='bbox 458 2116 796 2193; x_wconf 82' lang='lat' dir='ltr'>indecens,</span> <span class='ocrx_word' id='word_1_121' title='bbox 825 2114 928 2181; x_wconf 78' lang='lat' dir='ltr'>vel</span> <span class='ocrx_word' id='word_1_122' title='bbox 977 2116 1220 2181; x_wconf 81' lang='lat' dir='ltr'>Christo</span> <span class='ocrx_word' id='word_1_123' title='bbox 1269 2134 1636 2198; x_wconf 77' lang='lat' dir='ltr'>repugnans</span> <span class='ocrx_word' id='word_1_124' title='bbox 1653 2132 1678 2195; x_wconf 94' lang='lat'>3</span> 
     </span>
     <span class='ocr_line' id='line_1_21' title="bbox 163 2232 295 2293; baseline -0.008 -18"><span class='ocrx_word' id='word_1_125' title='bbox 163 2232 295 2293; x_wconf 77' lang='lat' dir='ltr'>ergo,</span> 
     </span>
    </p>

    <p class='ocr_par' dir='ltr' id='par_1_3' title="bbox 159 2303 1682 3797">
     <span class='ocr_line' id='line_1_22' title="bbox 223 2303 1682 2386; baseline 0.001 -15"><span class='ocrx_word' id='word_1_126' title='bbox 223 2311 272 2371; x_wconf 88' lang='grc'>3.</span> <span class='ocrx_word' id='word_1_127' title='bbox 309 2305 628 2386; x_wconf 71' lang='lat' dir='ltr'>Appetitas</span> <span class='ocrx_word' id='word_1_128' title='bbox 690 2306 1014 2373; x_wconf 67' lang='lat' dir='ltr'>sonetum</span> <span class='ocrx_word' id='word_1_129' title='bbox 1059 2305 1130 2371; x_wconf 67' lang='lat' dir='ltr'>in</span> <span class='ocrx_word' id='word_1_130' title='bbox 1171 2303 1410 2373; x_wconf 66' lang='lat' dir='ltr'>olio-isto</span> <span class='ocrx_word' id='word_1_131' title='bbox 1452 2324 1682 2386; x_wconf 69' lang='lat' dir='ltr'>semper</span> 
     </span>
     <span class='ocr_line' id='line_1_23' title="bbox 159 2399 1681 2467; baseline -0.003 0"><span class='ocrx_word' id='word_1_132' title='bbox 159 2401 346 2467; x_wconf 75' lang='lat' dir='ltr'>rationi</span> <span class='ocrx_word' id='word_1_133' title='bbox 369 2399 920 2466; x_wconf 53' lang='lat' dir='ltr'>aiodian—nico</span> <span class='ocrx_word' id='word_1_134' title='bbox 943 2400 1162 2463; x_wconf 84' lang='lat' dir='ltr'>tertio:</span> <span class='ocrx_word' id='word_1_135' title='bbox 1191 2399 1290 2461; x_wconf 89' lang='lat' dir='ltr'>isti</span> <span class='ocrx_word' id='word_1_136' title='bbox 1319 2402 1494 2463; x_wconf 85' lang='lat' dir='ltr'>actus</span> <span class='ocrx_word' id='word_1_137' title='bbox 1517 2417 1681 2463; x_wconf 86' lang='lat' dir='ltr'>sem·-</span> 
     </span>
     <span class='ocr_line' id='line_1_24' title="bbox 163 2492 1680 2576; baseline -0.001 -19"><span class='ocrx_word' id='word_1_138' title='bbox 163 2494 495 2576; x_wconf 84' lang='lat' dir='ltr'>perfuerunt</span> <span class='ocrx_word' id='word_1_139' title='bbox 517 2493 584 2554; x_wconf 87' lang='lat' dir='ltr'>in</span> <span class='ocrx_word' id='word_1_140' title='bbox 599 2493 851 2557; x_wconf 87' lang='lat' dir='ltr'>Christo</span> <span class='ocrx_word' id='word_1_141' title='bbox 879 2511 958 2555; x_wconf 84' lang='lat' dir='ltr'>ex</span> <span class='ocrx_word' id='word_1_142' title='bbox 977 2492 1392 2555; x_wconf 80' lang='lat' dir='ltr'>consensione</span> <span class='ocrx_word' id='word_1_143' title='bbox 1413 2492 1680 2557; x_wconf 84' lang='lat' dir='ltr'>rationis</span> 
     </span>
     <span class='ocr_line' id='line_1_25' title="bbox 165 2586 1678 2667; baseline -0.001 -16"><span class='ocrx_word' id='word_1_144' title='bbox 165 2596 208 2651; x_wconf 82' lang='lat' dir='ltr'>et</span> <span class='ocrx_word' id='word_1_145' title='bbox 229 2587 556 2664; x_wconf 80' lang='lat' dir='ltr'>voluntatis,</span> <span class='ocrx_word' id='word_1_146' title='bbox 587 2604 792 2667; x_wconf 86' lang='lat' dir='ltr'>quam</span> <span class='ocrx_word' id='word_1_147' title='bbox 815 2604 1146 2666; x_wconf 86' lang='lat' dir='ltr'>nunquam</span> <span class='ocrx_word' id='word_1_148' title='bbox 1171 2586 1518 2666; x_wconf 75' lang='lat' dir='ltr'>praevenire</span> <span class='ocrx_word' id='word_1_149' title='bbox 1567 2604 1678 2667; x_wconf 88' lang='lat' dir='ltr'>po·</span> 
     </span>
     <span class='ocr_line' id='line_1_26' title="bbox 163 2684 1672 2757; baseline -0.003 -8"><span class='ocrx_word' id='word_1_150' title='bbox 163 2694 384 2749; x_wconf 84' lang='lat' dir='ltr'>tuerunt.</span> <span class='ocrx_word' id='word_1_151' title='bbox 409 2687 516 2747; x_wconf 88' lang='lat' dir='ltr'>Est</span> <span class='ocrx_word' id='word_1_152' title='bbox 543 2684 910 2747; x_wconf 86' lang='lat' dir='ltr'>communis</span> <span class='ocrx_word' id='word_1_153' title='bbox 943 2684 1275 2757; x_wconf 86' lang='lat' dir='ltr'>sententia,</span> <span class='ocrx_word' id='word_1_154' title='bbox 1301 2700 1432 2746; x_wconf 89' lang='lat' dir='ltr'>non</span> <span class='ocrx_word' id='word_1_155' title='bbox 1465 2684 1672 2745; x_wconf 88' lang='lat' dir='ltr'>solum</span> 
     </span>
     <span class='ocr_line' id='line_1_27' title="bbox 163 2778 1668 2860; baseline -0.001 -19"><span class='ocrx_word' id='word_1_156' title='bbox 163 2781 598 2860; x_wconf 84' lang='lat' dir='ltr'>Theologorum,</span> <span class='ocrx_word' id='word_1_157' title='bbox 640 2778 760 2843; x_wconf 86' lang='lat' dir='ltr'>sed</span> <span class='ocrx_word' id='word_1_158' title='bbox 787 2778 978 2841; x_wconf 87' lang='lat' dir='ltr'>etiam</span> <span class='ocrx_word' id='word_1_159' title='bbox 1007 2784 1366 2839; x_wconf 87' lang='lat' dir='ltr'>sanctorum</span> <span class='ocrx_word' id='word_1_160' title='bbox 1395 2778 1668 2841; x_wconf 82' lang='lat' dir='ltr'>Petrum.</span> 
     </span>
     <span class='ocr_line' id='line_1_28' title="bbox 163 2872 1674 2954; baseline 0 -17"><span class='ocrx_word' id='word_1_161' title='bbox 163 2878 256 2937; x_wconf 87' lang='lat' dir='ltr'>Leo</span> <span class='ocrx_word' id='word_1_162' title='bbox 277 2878 444 2954; x_wconf 84' lang='lat' dir='ltr'>Papa,</span> <span class='ocrx_word' id='word_1_163' title='bbox 467 2874 674 2953; x_wconf 80' lang='lat' dir='ltr'>Epist.</span> <span class='ocrx_word' id='word_1_164' title='bbox 704 2876 802 2948; x_wconf 79' lang='lat' dir='ltr'>ll,</span> <span class='ocrx_word' id='word_1_165' title='bbox 833 2872 998 2937; x_wconf 82' lang='lat' dir='ltr'>circa</span> <span class='ocrx_word' id='word_1_166' title='bbox 1019 2872 1238 2947; x_wconf 86' lang='lat' dir='ltr'>finem,</span> <span class='ocrx_word' id='word_1_167' title='bbox 1269 2872 1473 2952; x_wconf 85' lang='lat' dir='ltr'>inquit</span> <span class='ocrx_word' id='word_1_168' title='bbox 1487 2918 1509 2949; x_wconf 86' lang='lat'>,</span> <span class='ocrx_word' id='word_1_169' title='bbox 1537 2874 1674 2937; x_wconf 78' lang='lat' dir='ltr'>ani·</span> 
     </span>
     <span class='ocr_line' id='line_1_29' title="bbox 161 2964 1672 3050; baseline -0.001 -19"><span class='ocrx_word' id='word_1_170' title='bbox 161 2987 282 3031; x_wconf 79' lang='lat' dir='ltr'>mam</span> <span class='ocrx_word' id='word_1_171' title='bbox 304 2968 523 3031; x_wconf 76' lang='lat' dir='ltr'>Christi</span> <span class='ocrx_word' id='word_1_172' title='bbox 548 2966 865 3042; x_wconf 72' lang='lat' dir='ltr'>excellere,</span> <span class='ocrx_word' id='word_1_173' title='bbox 889 2984 1008 3031; x_wconf 72' lang='lat' dir='ltr'>non</span> <span class='ocrx_word' id='word_1_174' title='bbox 1042 2964 1386 3029; x_wconf 79' lang='lat' dir='ltr'>diversitate</span> <span class='ocrx_word' id='word_1_175' title='bbox 1412 2968 1672 3050; x_wconf 64' lang='lat' dir='ltr'>ymnis,</span> 
     </span>
     <span class='ocr_line' id='line_1_30' title="bbox 165 3058 1678 3136; baseline -0.003 -9"><span class='ocrx_word' id='word_1_176' title='bbox 165 3082 242 3127; x_wconf 76' lang='lat' dir='ltr'>ses</span> <span class='ocrx_word' id='word_1_177' title='bbox 261 3061 605 3125; x_wconf 69' lang='lat' dir='ltr'>sublimitate</span> <span class='ocrx_word' id='word_1_178' title='bbox 639 3062 926 3136; x_wconf 74' lang='lat' dir='ltr'>virtutis,</span> <span class='ocrx_word' id='word_1_179' title='bbox 965 3060 1130 3121; x_wconf 68' lang='lat' dir='ltr'>mihil</span> <span class='ocrx_word' id='word_1_180' title='bbox 1167 3058 1322 3123; x_wconf 73' lang='lat' dir='ltr'>enim</span> <span class='ocrx_word' id='word_1_181' title='bbox 1349 3060 1523 3123; x_wconf 70' lang='lat' dir='ltr'>carui</span> <span class='ocrx_word' id='word_1_182' title='bbox 1550 3078 1678 3123; x_wconf 74' lang='lat' dir='ltr'>suoe</span> 
     </span>
     <span class='ocr_line' id='line_1_31' title="bbox 165 3154 1675 3230; baseline 0 -11"><span class='ocrx_word' id='word_1_183' title='bbox 165 3157 362 3219; x_wconf 65' lang='lat' dir='ltr'>habebat</span> <span class='ocrx_word' id='word_1_184' title='bbox 391 3158 738 3230; x_wconf 73' lang='lat' dir='ltr'>adeersum,</span> <span class='ocrx_word' id='word_1_185' title='bbox 761 3172 868 3219; x_wconf 72' lang='lat' dir='ltr'>nse</span> <span class='ocrx_word' id='word_1_186' title='bbox 905 3154 1226 3217; x_wconf 74' lang='lat' dir='ltr'>discordia·</span> <span class='ocrx_word' id='word_1_187' title='bbox 1243 3154 1675 3219; x_wconf 67' lang='lat' dir='ltr'>desideriorum</span> 
     </span>
     <span class='ocr_line' id='line_1_32' title="bbox 168 3247 1676 3331; baseline -0.001 -18"><span class='ocrx_word' id='word_1_188' title='bbox 168 3250 434 3331; x_wconf 66' lang='lat' dir='ltr'>yiqnohast</span> <span class='ocrx_word' id='word_1_189' title='bbox 467 3248 1004 3329; x_wconf 69' lang='lat' dir='ltr'>oompuqnanciam</span> <span class='ocrx_word' id='word_1_190' title='bbox 1029 3247 1400 3309; x_wconf 66' lang='lat' dir='ltr'>voluntatum</span> <span class='ocrx_word' id='word_1_191' title='bbox 1419 3271 1448 3319; x_wconf 91' lang='lat'>,·</span> <span class='ocrx_word' id='word_1_192' title='bbox 1463 3264 1676 3313; x_wconf 70' lang='lat' dir='ltr'>seusus</span> 
     </span>
     <span class='ocr_line' id='line_1_33' title="bbox 169 3340 1677 3421; baseline 0.001 -18"><span class='ocrx_word' id='word_1_193' title='bbox 169 3343 382 3421; x_wconf 73' lang='lat' dir='ltr'>corporei</span> <span class='ocrx_word' id='word_1_194' title='bbox 415 3342 704 3421; x_wconf 66' lang='lat' dir='ltr'>viqebant</span> <span class='ocrx_word' id='word_1_195' title='bbox 729 3340 858 3405; x_wconf 72' lang='lat' dir='ltr'>sine</span> <span class='ocrx_word' id='word_1_196' title='bbox 894 3342 1020 3419; x_wconf 65' lang='grc' dir='ltr'>ἶφι</span> <span class='ocrx_word' id='word_1_197' title='bbox 1057 3342 1312 3419; x_wconf 78' lang='lat' dir='ltr'>peccati,</span> <span class='ocrx_word' id='word_1_198' title='bbox 1341 3346 1400 3405; x_wconf 75' lang='lat' dir='ltr'>st</span> <span class='ocrx_word' id='word_1_199' title='bbox 1449 3342 1677 3405; x_wconf 73' lang='lat' dir='ltr'>veritas</span> 
     </span>
     <span class='ocr_line' id='line_1_34' title="bbox 173 3432 1674 3514; baseline 0 -17"><span class='ocrx_word' id='word_1_200' title='bbox 173 3436 520 3514; x_wconf 66' lang='lat' dir='ltr'>affectionum,</span> <span class='ocrx_word' id='word_1_201' title='bbox 535 3435 656 3499; x_wconf 72' lang='lat' dir='ltr'>sub</span> <span class='ocrx_word' id='word_1_202' title='bbox 671 3434 1078 3500; x_wconf 65' lang='lat' dir='ltr'>moderamine</span> <span class='ocrx_word' id='word_1_203' title='bbox 1091 3432 1337 3497; x_wconf 74' lang='lat' dir='ltr'>deitatis</span> <span class='ocrx_word' id='word_1_204' title='bbox 1351 3440 1412 3498; x_wconf 76' lang='lat' dir='ltr'>st</span> <span class='ocrx_word' id='word_1_205' title='bbox 1429 3435 1674 3499; x_wconf 72' lang='lat' dir='ltr'>mentis.</span> 
     </span>
     <span class='ocr_line' id='line_1_35' title="bbox 175 3525 1678 3607; baseline 0.001 -20"><span class='ocrx_word' id='word_1_206' title='bbox 175 3530 406 3606; x_wconf 68' lang='lat' dir='ltr'>August„</span> <span class='ocrx_word' id='word_1_207' title='bbox 431 3528 534 3593; x_wconf 87' lang='lat' dir='ltr'>lib.</span> <span class='ocrx_word' id='word_1_208' title='bbox 565 3532 593 3590; x_wconf 75' lang='lat'><strong>⁴</strong></span> <span class='ocrx_word' id='word_1_209' title='bbox 637 3532 858 3589; x_wconf 86' lang='lat' dir='ltr'>eontra</span> <span class='ocrx_word' id='word_1_210' title='bbox 893 3527 1060 3589; x_wconf 80' lang='lat' dir='ltr'>Duas</span> <span class='ocrx_word' id='word_1_211' title='bbox 1087 3526 1266 3604; x_wconf 83' lang='lat' dir='ltr'>epist.</span> <span class='ocrx_word' id='word_1_212' title='bbox 1311 3525 1678 3607; x_wconf 78' lang='lat' dir='ltr'>Pelagiano-</span> 
     </span>
     <span class='ocr_line' id='line_1_36' title="bbox 177 3620 1678 3701; baseline -0.001 -20"><span class='ocrx_word' id='word_1_213' title='bbox 177 3640 300 3695; x_wconf 82' lang='lat' dir='ltr'>rnm,</span> <span class='ocrx_word' id='word_1_214' title='bbox 323 3622 456 3685; x_wconf 86' lang='lat' dir='ltr'>dicit</span> <span class='ocrx_word' id='word_1_215' title='bbox 486 3622 694 3688; x_wconf 77' lang='lat' dir='ltr'>fuisse</span> <span class='ocrx_word' id='word_1_216' title='bbox 713 3622 1036 3701; x_wconf 85' lang='lat' dir='ltr'>proprium</span> <span class='ocrx_word' id='word_1_217' title='bbox 1077 3620 1318 3681; x_wconf 85' lang='lat' dir='ltr'>Christo</span> <span class='ocrx_word' id='word_1_218' title='bbox 1361 3638 1490 3681; x_wconf 88' lang='lat' dir='ltr'>non</span> <span class='ocrx_word' id='word_1_219' title='bbox 1537 3638 1678 3685; x_wconf 84' lang='lat' dir='ltr'>sen-</span> 
     </span>
     <span class='ocr_line' id='line_1_37' title="bbox 185 3714 1676 3797; baseline 0.002 -21"><span class='ocrx_word' id='word_1_220' title='bbox 185 3716 271 3777; x_wconf 84' lang='lat' dir='ltr'>tire</span> <span class='ocrx_word' id='word_1_221' title='bbox 299 3716 764 3797; x_wconf 74' lang='lat' dir='ltr'>repugmantiam</span> <span class='ocrx_word' id='word_1_222' title='bbox 789 3714 996 3777; x_wconf 84' lang='lat' dir='ltr'>carnis</span> <span class='ocrx_word' id='word_1_223' title='bbox 1029 3721 1093 3776; x_wconf 92' lang='lat' dir='ltr'>et</span> <span class='ocrx_word' id='word_1_224' title='bbox 1129 3714 1676 3793; x_wconf 72' lang='lat' dir='ltr'>concupiscentiae.</span> 
     </span>
    </p>

    <p class='ocr_par' dir='ltr' id='par_1_4' title="bbox 183 3808 1688 5387">
     <span class='ocr_line' id='line_1_38' title="bbox 191 3808 1678 3889; baseline 0.003 -21"><span class='ocrx_word' id='word_1_225' title='bbox 191 3808 596 3889; x_wconf 80' lang='lat' dir='ltr'>intelligendum</span> <span class='ocrx_word' id='word_1_226' title='bbox 627 3828 786 3871; x_wconf 79' lang='lat' dir='ltr'>vero</span> <span class='ocrx_word' id='word_1_227' title='bbox 812 3814 928 3885; x_wconf 85' lang='lat' dir='ltr'>est,</span> <span class='ocrx_word' id='word_1_228' title='bbox 977 3826 1094 3889; x_wconf 88' lang='lat' dir='ltr'>per</span> <span class='ocrx_word' id='word_1_229' title='bbox 1121 3826 1215 3884; x_wconf 88' lang='lat' dir='ltr'>se,</span> <span class='ocrx_word' id='word_1_230' title='bbox 1245 3815 1308 3871; x_wconf 89' lang='lat' dir='ltr'>et</span> <span class='ocrx_word' id='word_1_231' title='bbox 1343 3827 1420 3871; x_wconf 88' lang='lat' dir='ltr'>ex</span> <span class='ocrx_word' id='word_1_232' title='bbox 1454 3808 1516 3871; x_wconf 80' lang='lat' dir='ltr'>vi</span> <span class='ocrx_word' id='word_1_233' title='bbox 1547 3826 1678 3873; x_wconf 76' lang='lat' dir='ltr'>suae</span> 
     </span>
     <span class='ocr_line' id='line_1_39' title="bbox 189 3901 1678 3982; baseline 0.001 -21"><span class='ocrx_word' id='word_1_234' title='bbox 189 3903 560 3981; x_wconf 68' lang='lat' dir='ltr'>conceptionis,</span> <span class='ocrx_word' id='word_1_235' title='bbox 593 3904 722 3965; x_wconf 85' lang='lat' dir='ltr'>hoc</span> <span class='ocrx_word' id='word_1_236' title='bbox 750 3902 944 3965; x_wconf 77' lang='lat' dir='ltr'>fuisse</span> <span class='ocrx_word' id='word_1_237' title='bbox 971 3902 1298 3982; x_wconf 84' lang='lat' dir='ltr'>proprium</span> <span class='ocrx_word' id='word_1_238' title='bbox 1324 3901 1488 3963; x_wconf 87' lang='lat' dir='ltr'>illius</span> <span class='ocrx_word' id='word_1_239' title='bbox 1501 3916 1526 3978; x_wconf 98' lang='lat'>3</span> <span class='ocrx_word' id='word_1_240' title='bbox 1555 3901 1678 3965; x_wconf 88' lang='lat' dir='ltr'>alio</span> 
     </span>
     <span class='ocr_line' id='line_1_40' title="bbox 185 3993 1680 4072; baseline 0.003 -19"><span class='ocrx_word' id='word_1_241' title='bbox 185 3994 312 4055; x_wconf 81' lang='lat' dir='ltr'>euim</span> <span class='ocrx_word' id='word_1_242' title='bbox 332 3996 504 4058; x_wconf 83' lang='lat' dir='ltr'>modo</span> <span class='ocrx_word' id='word_1_243' title='bbox 540 3996 1085 4059; x_wconf 84' lang='lat' dir='ltr'>communicatum</span> <span class='ocrx_word' id='word_1_244' title='bbox 1129 3993 1248 4056; x_wconf 83' lang='lat' dir='ltr'>fuit</span> <span class='ocrx_word' id='word_1_245' title='bbox 1302 3993 1558 4072; x_wconf 79' lang='lat' dir='ltr'>Virgini,</span> <span class='ocrx_word' id='word_1_246' title='bbox 1612 4000 1680 4058; x_wconf 89' lang='lat' dir='ltr'>ut</span> 
     </span>
     <span class='ocr_line' id='line_1_41' title="bbox 183 4086 1674 4165; baseline 0.003 -16"><span class='ocrx_word' id='word_1_247' title='bbox 183 4086 304 4149; x_wconf 77' lang='lat' dir='ltr'>intra</span> <span class='ocrx_word' id='word_1_248' title='bbox 343 4090 652 4165; x_wconf 63' lang='lat' dir='ltr'>disemum</span> <span class='ocrx_word' id='word_1_249' title='bbox 707 4090 991 4154; x_wconf 87' lang='lat' dir='ltr'>similiter</span> <span class='ocrx_word' id='word_1_250' title='bbox 1029 4089 1134 4153; x_wconf 86' lang='lat' dir='ltr'>lib.</span> <span class='ocrx_word' id='word_1_251' title='bbox 1167 4092 1208 4151; x_wconf 74' lang='lat'><strong>2</strong></span> <span class='ocrx_word' id='word_1_252' title='bbox 1246 4088 1324 4151; x_wconf 87' lang='lat' dir='ltr'>de</span> <span class='ocrx_word' id='word_1_253' title='bbox 1357 4090 1674 4153; x_wconf 78' lang='lat' dir='ltr'>Peccator.</span> 
     </span>
     <span class='ocr_line' id='line_1_42' title="bbox 183 4180 1683 4263; baseline 0.003 -22"><span class='ocrx_word' id='word_1_254' title='bbox 183 4180 340 4245; x_wconf 80' lang='lat' dir='ltr'>merit.</span> <span class='ocrx_word' id='word_1_255' title='bbox 365 4190 422 4247; x_wconf 87' lang='lat' dir='ltr'>et</span> <span class='ocrx_word' id='word_1_256' title='bbox 443 4186 688 4259; x_wconf 66' lang='lat' dir='ltr'>remis„</span> <span class='ocrx_word' id='word_1_257' title='bbox 727 4204 783 4247; x_wconf 88' lang='lat' dir='ltr'>c.</span> <span class='ocrx_word' id='word_1_258' title='bbox 822 4186 926 4257; x_wconf 77' lang='lat'>29,</span> <span class='ocrx_word' id='word_1_259' title='bbox 959 4189 1022 4247; x_wconf 85' lang='lat' dir='ltr'>et</span> <span class='ocrx_word' id='word_1_260' title='bbox 1060 4182 1168 4246; x_wconf 91' lang='lat' dir='ltr'>lib.</span> <span class='ocrx_word' id='word_1_261' title='bbox 1201 4182 1282 4245; x_wconf 88' lang='lat' dir='ltr'>de</span> <span class='ocrx_word' id='word_1_262' title='bbox 1307 4183 1586 4263; x_wconf 82' lang='lat' dir='ltr'>Corrept.</span> <span class='ocrx_word' id='word_1_263' title='bbox 1619 4189 1683 4246; x_wconf 88' lang='lat' dir='ltr'>et</span> 
     </span>
     <span class='ocr_line' id='line_1_43' title="bbox 183 4276 1682 4353; baseline -0.005 -5"><span class='ocrx_word' id='word_1_264' title='bbox 183 4282 328 4350; x_wconf 54' lang='lat'>8121„</span> <span class='ocrx_word' id='word_1_265' title='bbox 353 4296 400 4339; x_wconf 84' lang='lat' dir='ltr'>o.</span> <span class='ocrx_word' id='word_1_266' title='bbox 431 4284 528 4353; x_wconf 76' lang='lat' dir='ltr'>ss,</span> <span class='ocrx_word' id='word_1_267' title='bbox 553 4279 709 4343; x_wconf 81' lang='lat' dir='ltr'>dicit</span> <span class='ocrx_word' id='word_1_268' title='bbox 737 4279 806 4341; x_wconf 86' lang='lat' dir='ltr'>in</span> <span class='ocrx_word' id='word_1_269' title='bbox 839 4276 1083 4339; x_wconf 85' lang='lat' dir='ltr'>Christo</span> <span class='ocrx_word' id='word_1_270' title='bbox 1110 4294 1238 4339; x_wconf 88' lang='lat' dir='ltr'>non</span> <span class='ocrx_word' id='word_1_271' title='bbox 1276 4276 1474 4337; x_wconf 83' lang='lat' dir='ltr'>t&#39;uisse</span> <span class='ocrx_word' id='word_1_272' title='bbox 1509 4276 1682 4341; x_wconf 88' lang='lat' dir='ltr'>illam</span> 
     </span>
     <span class='ocr_line' id='line_1_44' title="bbox 184 4368 1680 4451; baseline -0.001 -17"><span class='ocrx_word' id='word_1_273' title='bbox 184 4382 408 4445; x_wconf 69' lang='lat' dir='ltr'>pugnam,</span> <span class='ocrx_word' id='word_1_274' title='bbox 423 4374 624 4437; x_wconf 83' lang='lat' dir='ltr'>carnis</span> <span class='ocrx_word' id='word_1_275' title='bbox 639 4379 704 4435; x_wconf 85' lang='lat' dir='ltr'>et</span> <span class='ocrx_word' id='word_1_276' title='bbox 716 4372 990 4451; x_wconf 84' lang='lat' dir='ltr'>spiritus,</span> <span class='ocrx_word' id='word_1_277' title='bbox 1003 4386 1196 4448; x_wconf 86' lang='lat' dir='ltr'>quam</span> <span class='ocrx_word' id='word_1_278' title='bbox 1208 4368 1504 4431; x_wconf 54' lang='lat' dir='ltr'>&gt;describit</span> <span class='ocrx_word' id='word_1_279' title='bbox 1520 4370 1680 4449; x_wconf 78' lang='lat' dir='ltr'>Apo·</span> 
     </span>
     <span class='ocr_line' id='line_1_45' title="bbox 183 4462 1676 4542; baseline 0.003 -22"><span class='ocrx_word' id='word_1_280' title='bbox 183 4462 358 4535; x_wconf 80' lang='lat' dir='ltr'>stolus,</span> <span class='ocrx_word' id='word_1_281' title='bbox 383 4465 659 4529; x_wconf 65' lang='lat' dir='ltr'>aditum.</span> <span class='ocrx_word' id='word_1_282' title='bbox 711 4468 772 4527; x_wconf 82' lang='lat'>7.</span> <span class='ocrx_word' id='word_1_283' title='bbox 817 4464 992 4529; x_wconf 83' lang='lat' dir='ltr'>Idem</span> <span class='ocrx_word' id='word_1_284' title='bbox 1018 4463 1128 4527; x_wconf 92' lang='lat' dir='ltr'>lib.</span> <span class='ocrx_word' id='word_1_285' title='bbox 1171 4466 1212 4525; x_wconf 69' lang='grc'><strong>4</strong></span> <span class='ocrx_word' id='word_1_286' title='bbox 1261 4464 1676 4542; x_wconf 81' lang='lat' dir='ltr'>Hypognost.‚</span> 
     </span>
     <span class='ocr_line' id='line_1_46' title="bbox 183 4554 1680 4635; baseline 0.002 -21"><span class='ocrx_word' id='word_1_287' title='bbox 183 4554 314 4617; x_wconf 76' lang='lat' dir='ltr'>eirca</span> <span class='ocrx_word' id='word_1_288' title='bbox 333 4557 530 4635; x_wconf 83' lang='lat' dir='ltr'>finem,</span> <span class='ocrx_word' id='word_1_289' title='bbox 573 4560 684 4621; x_wconf 85' lang='lat' dir='ltr'>ubi</span> <span class='ocrx_word' id='word_1_290' title='bbox 734 4558 968 4621; x_wconf 84' lang='lat' dir='ltr'>indicat</span> <span class='ocrx_word' id='word_1_291' title='bbox 1022 4556 1394 4635; x_wconf 81' lang='lat' dir='ltr'>Pelagianos</span> <span class='ocrx_word' id='word_1_292' title='bbox 1437 4560 1680 4619; x_wconf 85' lang='lat' dir='ltr'>contra·</span> 
     </span>
     <span class='ocr_line' id='line_1_47' title="bbox 187 4648 1678 4733; baseline -0.001 -20"><span class='ocrx_word' id='word_1_293' title='bbox 187 4650 314 4713; x_wconf 72' lang='lat' dir='ltr'>rium</span> <span class='ocrx_word' id='word_1_294' title='bbox 341 4654 614 4717; x_wconf 76' lang='lat' dir='ltr'>sensisse.</span> <span class='ocrx_word' id='word_1_295' title='bbox 643 4652 993 4733; x_wconf 78' lang='lat' dir='ltr'>Cyprianus</span> <span class='ocrx_word' id='word_1_296' title='bbox 1033 4650 1156 4711; x_wconf 88' lang='lat' dir='ltr'>hoc</span> <span class='ocrx_word' id='word_1_297' title='bbox 1187 4666 1378 4711; x_wconf 87' lang='lat' dir='ltr'>sensu</span> <span class='ocrx_word' id='word_1_298' title='bbox 1421 4648 1571 4712; x_wconf 85' lang='lat' dir='ltr'>dicit</span> <span class='ocrx_word' id='word_1_299' title='bbox 1615 4650 1678 4711; x_wconf 88' lang='lat' dir='ltr'>in</span> 
     </span>
     <span class='ocr_line' id='line_1_48' title="bbox 190 4740 1676 4825; baseline 0 -22"><span class='ocrx_word' id='word_1_300' title='bbox 190 4756 428 4809; x_wconf 82' lang='lat' dir='ltr'>sermone</span> <span class='ocrx_word' id='word_1_301' title='bbox 457 4746 538 4809; x_wconf 83' lang='lat' dir='ltr'>de</span> <span class='ocrx_word' id='word_1_302' title='bbox 561 4746 812 4825; x_wconf 78' lang='lat' dir='ltr'>Jejunio</span> <span class='ocrx_word' id='word_1_303' title='bbox 853 4750 917 4807; x_wconf 87' lang='lat' dir='ltr'>et</span> <span class='ocrx_word' id='word_1_304' title='bbox 951 4742 1400 4805; x_wconf 82' lang='lat' dir='ltr'>tentationibus</span> <span class='ocrx_word' id='word_1_305' title='bbox 1431 4740 1676 4819; x_wconf 78' lang='lat' dir='ltr'>Christi,</span> 
     </span>
     <span class='ocr_line' id='line_1_49' title="bbox 193 4834 1676 4915; baseline 0 -18"><span class='ocrx_word' id='word_1_306' title='bbox 193 4834 352 4911; x_wconf 80' lang='lat' dir='ltr'>ipsum</span> <span class='ocrx_word' id='word_1_307' title='bbox 376 4840 636 4904; x_wconf 70' lang='lat' dir='ltr'>centissa</span> <span class='ocrx_word' id='word_1_308' title='bbox 654 4846 720 4903; x_wconf 82' lang='lat' dir='ltr'>ct</span> <span class='ocrx_word' id='word_1_309' title='bbox 749 4856 964 4912; x_wconf 87' lang='lat' dir='ltr'>sensu,</span> <span class='ocrx_word' id='word_1_310' title='bbox 995 4841 1060 4899; x_wconf 87' lang='lat' dir='ltr'>et</span> <span class='ocrx_word' id='word_1_311' title='bbox 1079 4854 1390 4899; x_wconf 82' lang='lat' dir='ltr'>consensu</span> <span class='ocrx_word' id='word_1_312' title='bbox 1413 4836 1676 4915; x_wconf 88' lang='lat' dir='ltr'>peccati.</span> 
     </span>
     <span class='ocr_line' id='line_1_50' title="bbox 191 4928 1679 5007; baseline 0.002 -19"><span class='ocrx_word' id='word_1_313' title='bbox 191 4928 372 4993; x_wconf 83' lang='lat' dir='ltr'>Probat</span> <span class='ocrx_word' id='word_1_314' title='bbox 395 4934 574 4998; x_wconf 76' lang='lat' dir='ltr'>etiam</span> <span class='ocrx_word' id='word_1_315' title='bbox 595 4934 718 4995; x_wconf 85' lang='lat' dir='ltr'>hoc</span> <span class='ocrx_word' id='word_1_316' title='bbox 736 4933 862 4997; x_wconf 83' lang='lat' dir='ltr'>late</span> <span class='ocrx_word' id='word_1_317' title='bbox 887 4932 1202 5005; x_wconf 66' lang='lat' dir='ltr'>Damaso„</span> <span class='ocrx_word' id='word_1_318' title='bbox 1231 4929 1336 4991; x_wconf 91' lang='lat' dir='ltr'>lib.</span> <span class='ocrx_word' id='word_1_319' title='bbox 1357 4930 1396 4991; x_wconf 87' lang='grc'>3</span> <span class='ocrx_word' id='word_1_320' title='bbox 1417 4929 1496 4991; x_wconf 91' lang='lat' dir='ltr'>de</span> <span class='ocrx_word' id='word_1_321' title='bbox 1519 4929 1653 4992; x_wconf 83' lang='lat' dir='ltr'>Fid.</span> <span class='ocrx_word' id='word_1_322' title='bbox 1657 4976 1679 5007; x_wconf 89' lang='lat'>,</span> 
     </span>
     <span class='ocr_line' id='line_1_51' title="bbox 195 5023 1683 5105; baseline 0.002 -22"><span class='ocrx_word' id='word_1_323' title='bbox 195 5038 300 5102; x_wconf 79' lang='lat' dir='ltr'>cup.</span> <span class='ocrx_word' id='word_1_324' title='bbox 323 5029 394 5089; x_wconf 79' lang='lat'>20</span> <span class='ocrx_word' id='word_1_325' title='bbox 417 5033 474 5091; x_wconf 88' lang='lat' dir='ltr'>et</span> <span class='ocrx_word' id='word_1_326' title='bbox 500 5030 600 5105; x_wconf 73' lang='lat'>32,</span> <span class='ocrx_word' id='word_1_327' title='bbox 629 5027 740 5091; x_wconf 87' lang='lat' dir='ltr'>uhi</span> <span class='ocrx_word' id='word_1_328' title='bbox 766 5026 937 5101; x_wconf 86' lang='lat' dir='ltr'>dicit,</span> <span class='ocrx_word' id='word_1_329' title='bbox 965 5026 1084 5087; x_wconf 78' lang='lat' dir='ltr'>hos</span> <span class='ocrx_word' id='word_1_330' title='bbox 1112 5023 1372 5087; x_wconf 77' lang='lat' dir='ltr'>affectus</span> <span class='ocrx_word' id='word_1_331' title='bbox 1405 5023 1596 5085; x_wconf 82' lang='lat' dir='ltr'>fuisse</span> <span class='ocrx_word' id='word_1_332' title='bbox 1617 5024 1683 5087; x_wconf 90' lang='lat' dir='ltr'>in</span> 
     </span>
     <span class='ocr_line' id='line_1_52' title="bbox 197 5114 1684 5198; baseline 0.005 -25"><span class='ocrx_word' id='word_1_333' title='bbox 197 5114 388 5181; x_wconf 87' lang='lat' dir='ltr'>Christo</span> <span class='ocrx_word' id='word_1_334' title='bbox 411 5122 798 5193; x_wconf 83' lang='lat' dir='ltr'>voluntarios,</span> <span class='ocrx_word' id='word_1_335' title='bbox 822 5122 970 5198; x_wconf 85' lang='lat' dir='ltr'>quia</span> <span class='ocrx_word' id='word_1_336' title='bbox 987 5116 1142 5179; x_wconf 84' lang='lat' dir='ltr'>nihil</span> <span class='ocrx_word' id='word_1_337' title='bbox 1173 5118 1240 5179; x_wconf 87' lang='lat' dir='ltr'>iu</span> <span class='ocrx_word' id='word_1_338' title='bbox 1267 5118 1374 5179; x_wconf 88' lang='lat' dir='ltr'>illo</span> <span class='ocrx_word' id='word_1_339' title='bbox 1397 5122 1684 5183; x_wconf 82' lang='lat' dir='ltr'>coactum</span> 
     </span>
     <span class='ocr_line' id='line_1_53' title="bbox 200 5206 1682 5295; baseline 0.003 -28"><span class='ocrx_word' id='word_1_340' title='bbox 200 5206 304 5273; x_wconf 80' lang='lat' dir='ltr'>init.</span> <span class='ocrx_word' id='word_1_341' title='bbox 325 5212 587 5295; x_wconf 79' lang='lat' dir='ltr'>Denique</span> <span class='ocrx_word' id='word_1_342' title='bbox 607 5216 674 5277; x_wconf 78' lang='lat' dir='ltr'>in</span> <span class='ocrx_word' id='word_1_343' title='bbox 703 5216 758 5275; x_wconf 86' lang='lat' dir='ltr'>V</span> <span class='ocrx_word' id='word_1_344' title='bbox 783 5211 1048 5293; x_wconf 66' lang='lat' dir='ltr'>Synod„</span> <span class='ocrx_word' id='word_1_345' title='bbox 1081 5211 1290 5273; x_wconf 88' lang='lat' dir='ltr'>collat.</span> <span class='ocrx_word' id='word_1_346' title='bbox 1322 5211 1382 5285; x_wconf 87' lang='lat'>8,</span> <span class='ocrx_word' id='word_1_347' title='bbox 1415 5213 1682 5285; x_wconf 70' lang='lat' dir='ltr'>can.12,</span> 
     </span>
     <span class='ocr_line' id='line_1_54' title="bbox 202 5300 1688 5387; baseline 0.004 -24"><span class='ocrx_word' id='word_1_348' title='bbox 202 5300 480 5369; x_wconf 79' lang='lat' dir='ltr'>damnatur</span> <span class='ocrx_word' id='word_1_349' title='bbox 531 5308 782 5387; x_wconf 85' lang='lat' dir='ltr'>quidam</span> <span class='ocrx_word' id='word_1_350' title='bbox 841 5304 1156 5370; x_wconf 84' lang='lat' dir='ltr'>Theodor.</span> <span class='ocrx_word' id='word_1_351' title='bbox 1185 5348 1202 5377; x_wconf 93' lang='lat'>,</span> <span class='ocrx_word' id='word_1_352' title='bbox 1255 5303 1364 5383; x_wconf 87' lang='lat' dir='ltr'>qui</span> <span class='ocrx_word' id='word_1_353' title='bbox 1438 5303 1688 5369; x_wconf 82' lang='lat' dir='ltr'>dicebat</span> 
     </span>
    </p>

    <p class='ocr_par' dir='ltr' id='par_1_5' title="bbox 205 5394 1688 5480">
     <span class='ocr_line' id='line_1_55' title="bbox 205 5394 1688 5480; baseline 0.001 -23"><span class='ocrx_word' id='word_1_354' title='bbox 205 5394 458 5463; x_wconf 76' lang='lat' dir='ltr'>Christum</span> <span class='ocrx_word' id='word_1_355' title='bbox 479 5400 678 5480; x_wconf 81' lang='lat' dir='ltr'>aliquo</span> <span class='ocrx_word' id='word_1_356' title='bbox 710 5406 996 5479; x_wconf 80' lang='lat' dir='ltr'>tempore</span> <span class='ocrx_word' id='word_1_357' title='bbox 1041 5398 1186 5460; x_wconf 80' lang='lat' dir='ltr'>vitae</span> <span class='ocrx_word' id='word_1_358' title='bbox 1233 5414 1364 5457; x_wconf 81' lang='lat' dir='ltr'>suae</span> <span class='ocrx_word' id='word_1_359' title='bbox 1389 5397 1688 5462; x_wconf 87' lang='lat' dir='ltr'>rebellio-</span> 
     </span>
    </p>

    <p class='ocr_par' dir='ltr' id='par_1_6' title="bbox 207 5490 1687 5575">
     <span class='ocr_line' id='line_1_56' title="bbox 207 5490 1687 5575; baseline 0.003 -27"><span class='ocrx_word' id='word_1_360' title='bbox 207 5503 320 5549; x_wconf 82' lang='lat' dir='ltr'>nem</span> <span class='ocrx_word' id='word_1_361' title='bbox 346 5490 521 5572; x_wconf 63' lang='lat' dir='ltr'>‚hujus</span> <span class='ocrx_word' id='word_1_362' title='bbox 547 5494 846 5575; x_wconf 76' lang='lat' dir='ltr'>appetitus</span> <span class='ocrx_word' id='word_1_363' title='bbox 873 5509 1130 5573; x_wconf 82' lang='lat' dir='ltr'>passum</span> <span class='ocrx_word' id='word_1_364' title='bbox 1159 5508 1318 5567; x_wconf 81' lang='lat' dir='ltr'>esse,</span> <span class='ocrx_word' id='word_1_365' title='bbox 1341 5496 1408 5553; x_wconf 86' lang='lat' dir='ltr'>et</span> <span class='ocrx_word' id='word_1_366' title='bbox 1445 5490 1687 5555; x_wconf 79' lang='lat' dir='ltr'>virtutis</span> 
     </span>
    </p>
   </div>
   <div class='ocr_carea' id='block_1_3' title="bbox 1753 422 3329 5572">
    <p class='ocr_par' dir='ltr' id='par_1_7' title="bbox 1757 422 3329 2569">
     <span class='ocr_line' id='line_1_57' title="bbox 1759 422 3327 507; baseline 0.008 -24"><span class='ocrx_word' id='word_1_367' title='bbox 1759 422 2059 491; x_wconf 80' lang='lat' dir='ltr'>exercitio</span> <span class='ocrx_word' id='word_1_368' title='bbox 2110 422 2287 487; x_wconf 87' lang='lat' dir='ltr'>illam</span> <span class='ocrx_word' id='word_1_369' title='bbox 2350 440 2705 507; x_wconf 80' lang='lat' dir='ltr'>superesse.</span> <span class='ocrx_word' id='word_1_370' title='bbox 2764 424 3059 492; x_wconf 76' lang='lat' dir='ltr'>Rationes</span> <span class='ocrx_word' id='word_1_371' title='bbox 3110 427 3327 496; x_wconf 77' lang='lat' dir='ltr'>faciles</span> 
     </span>
     <span class='ocr_line' id='line_1_58' title="bbox 1759 516 3329 601; baseline 0.009 -26"><span class='ocrx_word' id='word_1_372' title='bbox 1759 521 1942 579; x_wconf 88' lang='lat' dir='ltr'>sunt:</span> <span class='ocrx_word' id='word_1_373' title='bbox 1976 516 2202 595; x_wconf 88' lang='lat' dir='ltr'>prima,</span> <span class='ocrx_word' id='word_1_374' title='bbox 2232 518 2381 598; x_wconf 81' lang='lat' dir='ltr'>quia</span> <span class='ocrx_word' id='word_1_375' title='bbox 2426 519 2777 601; x_wconf 80' lang='lat' dir='ltr'>appetitum</span> <span class='ocrx_word' id='word_1_376' title='bbox 2806 519 3167 586; x_wconf 82' lang='lat' dir='ltr'>inferiorem</span> <span class='ocrx_word' id='word_1_377' title='bbox 3192 540 3329 589; x_wconf 85' lang='lat' dir='ltr'>mo·</span> 
     </span>
     <span class='ocr_line' id='line_1_59' title="bbox 1759 609 3321 693; baseline 0.005 -22"><span class='ocrx_word' id='word_1_378' title='bbox 1759 609 1894 671; x_wconf 80' lang='lat' dir='ltr'>veri</span> <span class='ocrx_word' id='word_1_379' title='bbox 1919 616 2141 673; x_wconf 87' lang='lat' dir='ltr'>contra</span> <span class='ocrx_word' id='word_1_380' title='bbox 2169 612 2269 673; x_wconf 89' lang='lat' dir='ltr'>vel</span> <span class='ocrx_word' id='word_1_381' title='bbox 2298 614 2527 692; x_wconf 82' lang='lat' dir='ltr'>praeter</span> <span class='ocrx_word' id='word_1_382' title='bbox 2554 612 2891 693; x_wconf 87' lang='lat' dir='ltr'>superioris</span> <span class='ocrx_word' id='word_1_383' title='bbox 2916 632 3321 692; x_wconf 85' lang='lat' dir='ltr'>consensum,</span> 
     </span>
     <span class='ocr_line' id='line_1_60' title="bbox 1763 704 3325 789; baseline 0.007 -26"><span class='ocrx_word' id='word_1_384' title='bbox 1763 709 1858 765; x_wconf 89' lang='lat' dir='ltr'>est</span> <span class='ocrx_word' id='word_1_385' title='bbox 1887 704 2149 783; x_wconf 82' lang='lat' dir='ltr'>quidam</span> <span class='ocrx_word' id='word_1_386' title='bbox 2176 705 2457 772; x_wconf 76' lang='lat' dir='ltr'>defectus</span> <span class='ocrx_word' id='word_1_387' title='bbox 2482 705 2777 771; x_wconf 73' lang='lat' dir='ltr'>humanae</span> <span class='ocrx_word' id='word_1_388' title='bbox 2818 713 3080 784; x_wconf 77' lang='lat' dir='ltr'>natur-se,</span> <span class='ocrx_word' id='word_1_389' title='bbox 3118 709 3227 789; x_wconf 86' lang='lat' dir='ltr'>qui</span> <span class='ocrx_word' id='word_1_390' title='bbox 3254 709 3325 774; x_wconf 88' lang='lat' dir='ltr'>in</span> 
     </span>
     <span class='ocr_line' id='line_1_61' title="bbox 1762 796 3326 881; baseline 0.005 -24"><span class='ocrx_word' id='word_1_391' title='bbox 1762 796 1900 859; x_wconf 86' lang='lat' dir='ltr'>aliis</span> <span class='ocrx_word' id='word_1_392' title='bbox 1923 798 2285 863; x_wconf 87' lang='lat' dir='ltr'>bominibus</span> <span class='ocrx_word' id='word_1_393' title='bbox 2314 816 2393 861; x_wconf 86' lang='lat' dir='ltr'>ex</span> <span class='ocrx_word' id='word_1_394' title='bbox 2421 804 2681 878; x_wconf 86' lang='lat' dir='ltr'>peccato</span> <span class='ocrx_word' id='word_1_395' title='bbox 2710 799 3003 881; x_wconf 80' lang='lat' dir='ltr'>originali</span> <span class='ocrx_word' id='word_1_396' title='bbox 3043 808 3326 865; x_wconf 87' lang='lat' dir='ltr'>contrac-</span> 
     </span>
     <span class='ocr_line' id='line_1_62' title="bbox 1760 892 3325 975; baseline 0.004 -23"><span class='ocrx_word' id='word_1_397' title='bbox 1760 893 1862 953; x_wconf 87' lang='lat' dir='ltr'>tus</span> <span class='ocrx_word' id='word_1_398' title='bbox 1891 896 2021 967; x_wconf 65' lang='grc' dir='ltr'>θεῖς</span> <span class='ocrx_word' id='word_1_399' title='bbox 2056 892 2173 955; x_wconf 88' lang='lat' dir='ltr'>sed</span> <span class='ocrx_word' id='word_1_400' title='bbox 2198 892 2267 957; x_wconf 88' lang='lat' dir='ltr'>in</span> <span class='ocrx_word' id='word_1_401' title='bbox 2300 892 2539 959; x_wconf 86' lang='lat' dir='ltr'>Christo</span> <span class='ocrx_word' id='word_1_402' title='bbox 2568 910 2711 955; x_wconf 87' lang='lat' dir='ltr'>esse</span> <span class='ocrx_word' id='word_1_403' title='bbox 2732 911 2861 958; x_wconf 90' lang='lat' dir='ltr'>non</span> <span class='ocrx_word' id='word_1_404' title='bbox 2888 895 3091 975; x_wconf 84' lang='lat' dir='ltr'>potuit</span> <span class='ocrx_word' id='word_1_405' title='bbox 3110 913 3187 960; x_wconf 78' lang='lat' dir='ltr'>ex</span> <span class='ocrx_word' id='word_1_406' title='bbox 3202 896 3325 960; x_wconf 84' lang='lat' dir='ltr'>heo</span> 
     </span>
     <span class='ocr_line' id='line_1_63' title="bbox 1759 984 3326 1067; baseline 0.003 -18"><span class='ocrx_word' id='word_1_407' title='bbox 1759 984 1999 1063; x_wconf 84' lang='lat' dir='ltr'>radice,</span> <span class='ocrx_word' id='word_1_408' title='bbox 2026 1005 2149 1053; x_wconf 87' lang='lat' dir='ltr'>nec</span> <span class='ocrx_word' id='word_1_409' title='bbox 2176 1004 2329 1051; x_wconf 85' lang='lat' dir='ltr'>vero</span> <span class='ocrx_word' id='word_1_410' title='bbox 2358 986 2633 1067; x_wconf 82' lang='lat' dir='ltr'>oportuit</span> <span class='ocrx_word' id='word_1_411' title='bbox 2658 994 2769 1051; x_wconf 86' lang='lat' dir='ltr'>aut</span> <span class='ocrx_word' id='word_1_412' title='bbox 2800 988 3009 1051; x_wconf 88' lang='lat' dir='ltr'>decuit</span> <span class='ocrx_word' id='word_1_413' title='bbox 3034 988 3326 1053; x_wconf 82' lang='lat' dir='ltr'>volunta·-</span> 
     </span>
     <span class='ocr_line' id='line_1_64' title="bbox 1759 1080 3326 1162; baseline -0.003 -13"><span class='ocrx_word' id='word_1_414' title='bbox 1759 1082 1852 1149; x_wconf 80' lang='lat' dir='ltr'>rie</span> <span class='ocrx_word' id='word_1_415' title='bbox 1877 1083 2137 1155; x_wconf 86' lang='lat' dir='ltr'>assumi,</span> <span class='ocrx_word' id='word_1_416' title='bbox 2168 1082 2319 1162; x_wconf 85' lang='lat' dir='ltr'>quia</span> <span class='ocrx_word' id='word_1_417' title='bbox 2356 1099 2567 1162; x_wconf 84' lang='lat' dir='ltr'>neque</span> <span class='ocrx_word' id='word_1_418' title='bbox 2594 1080 2679 1145; x_wconf 83' lang='lat' dir='ltr'>ad</span> <span class='ocrx_word' id='word_1_419' title='bbox 2714 1081 2911 1148; x_wconf 85' lang='lat' dir='ltr'>fidem</span> <span class='ocrx_word' id='word_1_420' title='bbox 2946 1083 3326 1147; x_wconf 86' lang='lat' dir='ltr'>incarnatio·</span> 
     </span>
     <span class='ocr_line' id='line_1_65' title="bbox 1760 1176 3325 1253; baseline 0.002 -13"><span class='ocrx_word' id='word_1_421' title='bbox 1760 1176 1881 1253; x_wconf 87' lang='lat' dir='ltr'>nis,</span> <span class='ocrx_word' id='word_1_422' title='bbox 1929 1194 2045 1239; x_wconf 88' lang='lat' dir='ltr'>seu</span> <span class='ocrx_word' id='word_1_423' title='bbox 2072 1180 2356 1241; x_wconf 85' lang='lat' dir='ltr'>nostram</span> <span class='ocrx_word' id='word_1_424' title='bbox 2386 1176 2717 1241; x_wconf 78' lang='lat' dir='ltr'>utilitatem</span> <span class='ocrx_word' id='word_1_425' title='bbox 2744 1176 3171 1251; x_wconf 77' lang='lat' dir='ltr'>conducebat3</span> <span class='ocrx_word' id='word_1_426' title='bbox 3204 1194 3325 1243; x_wconf 83' lang='lat' dir='ltr'>neo</span> 
     </span>
     <span class='ocr_line' id='line_1_66' title="bbox 1762 1268 3323 1350; baseline 0.001 -17"><span class='ocrx_word' id='word_1_427' title='bbox 1762 1287 1876 1348; x_wconf 88' lang='lat' dir='ltr'>per</span> <span class='ocrx_word' id='word_1_428' title='bbox 1904 1286 2045 1333; x_wconf 86' lang='lat' dir='ltr'>sese</span> <span class='ocrx_word' id='word_1_429' title='bbox 2087 1276 2224 1332; x_wconf 88' lang='lat' dir='ltr'>erat</span> <span class='ocrx_word' id='word_1_430' title='bbox 2260 1268 2630 1350; x_wconf 86' lang='lat' dir='ltr'>expetibilis,</span> <span class='ocrx_word' id='word_1_431' title='bbox 2676 1275 2787 1333; x_wconf 87' lang='lat' dir='ltr'>aut</span> <span class='ocrx_word' id='word_1_432' title='bbox 2814 1270 3053 1333; x_wconf 88' lang='lat' dir='ltr'>Christo</span> <span class='ocrx_word' id='word_1_433' title='bbox 3094 1286 3323 1335; x_wconf 79' lang='lat' dir='ltr'>conve·</span> 
     </span>
     <span class='ocr_line' id='line_1_67' title="bbox 1761 1363 3325 1445; baseline 0 -20"><span class='ocrx_word' id='word_1_434' title='bbox 1761 1364 1949 1427; x_wconf 88' lang='lat' dir='ltr'>niens</span> <span class='ocrx_word' id='word_1_435' title='bbox 1966 1379 1987 1441; x_wconf 85' lang='lat'>3</span> <span class='ocrx_word' id='word_1_436' title='bbox 2008 1382 2163 1445; x_wconf 79' lang='lat' dir='ltr'>ergo</span> <span class='ocrx_word' id='word_1_437' title='bbox 2178 1370 2537 1445; x_wconf 85' lang='lat' dir='ltr'>assumptus</span> <span class='ocrx_word' id='word_1_438' title='bbox 2554 1380 2685 1427; x_wconf 87' lang='lat' dir='ltr'>non</span> <span class='ocrx_word' id='word_1_439' title='bbox 2704 1370 2821 1427; x_wconf 84' lang='lat' dir='ltr'>eet.</span> <span class='ocrx_word' id='word_1_440' title='bbox 2838 1364 3153 1441; x_wconf 86' lang='lat' dir='ltr'>Secunda,</span> <span class='ocrx_word' id='word_1_441' title='bbox 3176 1363 3325 1443; x_wconf 86' lang='lat' dir='ltr'>quia</span> 
     </span>
     <span class='ocr_line' id='line_1_68' title="bbox 1761 1457 3323 1537; baseline 0.002 -18"><span class='ocrx_word' id='word_1_442' title='bbox 1761 1458 1862 1521; x_wconf 89' lang='lat' dir='ltr'>hic</span> <span class='ocrx_word' id='word_1_443' title='bbox 1892 1457 2177 1521; x_wconf 80' lang='lat' dir='ltr'>defectus</span> <span class='ocrx_word' id='word_1_444' title='bbox 2202 1474 2413 1537; x_wconf 90' lang='lat' dir='ltr'>neque</span> <span class='ocrx_word' id='word_1_445' title='bbox 2440 1457 2559 1521; x_wconf 88' lang='lat' dir='ltr'>fuit</span> <span class='ocrx_word' id='word_1_446' title='bbox 2598 1459 2663 1523; x_wconf 89' lang='lat' dir='ltr'>in</span> <span class='ocrx_word' id='word_1_447' title='bbox 2712 1464 2879 1521; x_wconf 84' lang='lat' dir='ltr'>statu</span> <span class='ocrx_word' id='word_1_448' title='bbox 2923 1458 3323 1535; x_wconf 74' lang='lat' dir='ltr'>innocentius,</span> 
     </span>
     <span class='ocr_line' id='line_1_69' title="bbox 1760 1549 3323 1633; baseline -0.001 -17"><span class='ocrx_word' id='word_1_449' title='bbox 1760 1568 1971 1633; x_wconf 87' lang='lat' dir='ltr'>neque</span> <span class='ocrx_word' id='word_1_450' title='bbox 2011 1552 2131 1617; x_wconf 86' lang='lat' dir='ltr'>erit</span> <span class='ocrx_word' id='word_1_451' title='bbox 2156 1552 2223 1615; x_wconf 89' lang='lat' dir='ltr'>in</span> <span class='ocrx_word' id='word_1_452' title='bbox 2254 1558 2417 1617; x_wconf 83' lang='lat' dir='ltr'>statu</span> <span class='ocrx_word' id='word_1_453' title='bbox 2444 1552 2697 1633; x_wconf 75' lang='lat' dir='ltr'>gloriae:</span> <span class='ocrx_word' id='word_1_454' title='bbox 2728 1550 3008 1617; x_wconf 86' lang='lat' dir='ltr'>Christus</span> <span class='ocrx_word' id='word_1_455' title='bbox 3030 1569 3177 1617; x_wconf 85' lang='lat' dir='ltr'>vero</span> <span class='ocrx_word' id='word_1_456' title='bbox 3202 1549 3323 1616; x_wconf 88' lang='lat' dir='ltr'>Do·</span> 
     </span>
     <span class='ocr_line' id='line_1_70' title="bbox 1759 1644 3324 1726; baseline 0.001 -19"><span class='ocrx_word' id='word_1_457' title='bbox 1759 1646 1971 1709; x_wconf 80' lang='lat' dir='ltr'>minus</span> <span class='ocrx_word' id='word_1_458' title='bbox 1998 1646 2325 1726; x_wconf 83' lang='lat' dir='ltr'>utriusque</span> <span class='ocrx_word' id='word_1_459' title='bbox 2355 1652 2555 1709; x_wconf 86' lang='lat' dir='ltr'>status</span> <span class='ocrx_word' id='word_1_460' title='bbox 2590 1644 3041 1725; x_wconf 84' lang='lat' dir='ltr'>perfectionem</span> <span class='ocrx_word' id='word_1_461' title='bbox 3078 1662 3324 1709; x_wconf 86' lang='lat' dir='ltr'>assum·</span> 
     </span>
     <span class='ocr_line' id='line_1_71' title="bbox 1757 1737 3313 1823; baseline -0.003 -20"><span class='ocrx_word' id='word_1_462' title='bbox 1757 1741 1920 1821; x_wconf 88' lang='lat' dir='ltr'>psit,</span> <span class='ocrx_word' id='word_1_463' title='bbox 1976 1747 2237 1823; x_wconf 83' lang='lat' dir='ltr'>excepto</span> <span class='ocrx_word' id='word_1_464' title='bbox 2302 1758 2563 1821; x_wconf 85' lang='lat' dir='ltr'>corpore</span> <span class='ocrx_word' id='word_1_465' title='bbox 2612 1737 2999 1819; x_wconf 85' lang='lat' dir='ltr'>impassibili.</span> <span class='ocrx_word' id='word_1_466' title='bbox 3062 1738 3271 1801; x_wconf 90' lang='lat' dir='ltr'>Tertia</span> <span class='ocrx_word' id='word_1_467' title='bbox 3298 1758 3313 1799; x_wconf 75' lang='grc' dir='ltr'><strong>ε</strong></span> 
     </span>
     <span class='ocr_line' id='line_1_72' title="bbox 1759 1830 3325 1917; baseline -0.004 -18"><span class='ocrx_word' id='word_1_468' title='bbox 1759 1836 2037 1899; x_wconf 78' lang='lat' dir='ltr'>Christus</span> <span class='ocrx_word' id='word_1_469' title='bbox 2060 1854 2313 1917; x_wconf 88' lang='lat' dir='ltr'>semper</span> <span class='ocrx_word' id='word_1_470' title='bbox 2342 1834 2463 1899; x_wconf 80' lang='lat' dir='ltr'>fuit</span> <span class='ocrx_word' id='word_1_471' title='bbox 2506 1835 2573 1897; x_wconf 92' lang='lat' dir='ltr'>in</span> <span class='ocrx_word' id='word_1_472' title='bbox 2602 1834 2833 1899; x_wconf 87' lang='lat' dir='ltr'>actuali</span> <span class='ocrx_word' id='word_1_473' title='bbox 2870 1850 2991 1893; x_wconf 86' lang='lat' dir='ltr'>usu</span> <span class='ocrx_word' id='word_1_474' title='bbox 3032 1830 3325 1907; x_wconf 86' lang='lat' dir='ltr'>rationis,</span> 
     </span>
     <span class='ocr_line' id='line_1_73' title="bbox 1759 1924 3323 2011; baseline -0.003 -18"><span class='ocrx_word' id='word_1_475' title='bbox 1759 1948 1886 2011; x_wconf 85' lang='lat' dir='ltr'>quo</span> <span class='ocrx_word' id='word_1_476' title='bbox 1925 1931 2133 2011; x_wconf 83' lang='lat' dir='ltr'>potuit</span> <span class='ocrx_word' id='word_1_477' title='bbox 2170 1928 2513 2011; x_wconf 78' lang='lat' dir='ltr'>praevenire</span> <span class='ocrx_word' id='word_1_478' title='bbox 2574 1934 2637 1991; x_wconf 90' lang='lat' dir='ltr'>et</span> <span class='ocrx_word' id='word_1_479' title='bbox 2686 1926 3088 1990; x_wconf 87' lang='lat' dir='ltr'>considerare</span> <span class='ocrx_word' id='word_1_480' title='bbox 3145 1924 3323 2003; x_wconf 86' lang='lat' dir='ltr'>quid·</span> 
     </span>
     <span class='ocr_line' id='line_1_74' title="bbox 1762 2016 3321 2106; baseline -0.004 -18"><span class='ocrx_word' id='word_1_481' title='bbox 1762 2025 1918 2106; x_wconf 84' lang='lat' dir='ltr'>quid</span> <span class='ocrx_word' id='word_1_482' title='bbox 1939 2025 2291 2105; x_wconf 83' lang='lat' dir='ltr'>appetitum</span> <span class='ocrx_word' id='word_1_483' title='bbox 2332 2040 2519 2085; x_wconf 85' lang='lat' dir='ltr'>suum</span> <span class='ocrx_word' id='word_1_484' title='bbox 2547 2021 2819 2085; x_wconf 86' lang='lat' dir='ltr'>excitare</span> <span class='ocrx_word' id='word_1_485' title='bbox 2847 2023 3116 2099; x_wconf 88' lang='lat' dir='ltr'>poterat,</span> <span class='ocrx_word' id='word_1_486' title='bbox 3148 2016 3321 2097; x_wconf 86' lang='lat' dir='ltr'>quod</span> 
     </span>
     <span class='ocr_line' id='line_1_75' title="bbox 1761 2111 3322 2201; baseline -0.005 -18"><span class='ocrx_word' id='word_1_487' title='bbox 1761 2137 1874 2201; x_wconf 90' lang='lat' dir='ltr'>per</span> <span class='ocrx_word' id='word_1_488' title='bbox 1899 2119 2287 2181; x_wconf 78' lang='lat' dir='ltr'>voluntatem</span> <span class='ocrx_word' id='word_1_489' title='bbox 2314 2116 2519 2197; x_wconf 85' lang='lat' dir='ltr'>potuit</span> <span class='ocrx_word' id='word_1_490' title='bbox 2543 2115 2645 2177; x_wconf 82' lang='lat' dir='ltr'>vel</span> <span class='ocrx_word' id='word_1_491' title='bbox 2681 2114 3037 2189; x_wconf 81' lang='lat' dir='ltr'>admittere,</span> <span class='ocrx_word' id='word_1_492' title='bbox 3084 2112 3188 2175; x_wconf 86' lang='lat' dir='ltr'>vel</span> <span class='ocrx_word' id='word_1_493' title='bbox 3231 2111 3322 2175; x_wconf 75' lang='lat' dir='ltr'>vi·</span> 
     </span>
     <span class='ocr_line' id='line_1_76' title="bbox 1761 2208 3323 2289; baseline -0.005 -15"><span class='ocrx_word' id='word_1_494' title='bbox 1761 2217 1920 2275; x_wconf 87' lang='lat' dir='ltr'>tare.</span> <span class='ocrx_word' id='word_1_495' title='bbox 1956 2213 2195 2275; x_wconf 83' lang='lat' dir='ltr'>Rursus</span> <span class='ocrx_word' id='word_1_496' title='bbox 2218 2210 2463 2285; x_wconf 89' lang='lat' dir='ltr'>habuit,</span> <span class='ocrx_word' id='word_1_497' title='bbox 2494 2208 2719 2273; x_wconf 86' lang='lat' dir='ltr'>saltem</span> <span class='ocrx_word' id='word_1_498' title='bbox 2740 2225 2855 2289; x_wconf 88' lang='lat' dir='ltr'>per</span> <span class='ocrx_word' id='word_1_499' title='bbox 2878 2212 3323 2287; x_wconf 85' lang='lat' dir='ltr'>supernatura·</span> 
     </span>
     <span class='ocr_line' id='line_1_77' title="bbox 1759 2299 3325 2384; baseline -0.004 -15"><span class='ocrx_word' id='word_1_500' title='bbox 1759 2304 1890 2369; x_wconf 89' lang='lat' dir='ltr'>lem</span> <span class='ocrx_word' id='word_1_501' title='bbox 1915 2305 2239 2380; x_wconf 79' lang='lat' dir='ltr'>virtutem,</span> <span class='ocrx_word' id='word_1_502' title='bbox 2274 2303 2621 2384; x_wconf 80' lang='lat' dir='ltr'>perfectum</span> <span class='ocrx_word' id='word_1_503' title='bbox 2650 2301 2997 2367; x_wconf 88' lang='lat' dir='ltr'>dominium</span> <span class='ocrx_word' id='word_1_504' title='bbox 3036 2299 3325 2363; x_wconf 85' lang='lat' dir='ltr'>omnium</span> 
     </span>
     <span class='ocr_line' id='line_1_78' title="bbox 1760 2392 3323 2479; baseline -0.005 -16"><span class='ocrx_word' id='word_1_505' title='bbox 1760 2417 2017 2463; x_wconf 86' lang='lat' dir='ltr'>suarum</span> <span class='ocrx_word' id='word_1_506' title='bbox 2038 2398 2492 2479; x_wconf 83' lang='lat' dir='ltr'>potentiarum3</span> <span class='ocrx_word' id='word_1_507' title='bbox 2518 2414 2670 2477; x_wconf 79' lang='lat' dir='ltr'>ergo</span> <span class='ocrx_word' id='word_1_508' title='bbox 2696 2401 2761 2459; x_wconf 87' lang='lat' dir='ltr'>et</span> <span class='ocrx_word' id='word_1_509' title='bbox 2776 2394 3093 2477; x_wconf 82' lang='lat' dir='ltr'>appetitus</span> <span class='ocrx_word' id='word_1_510' title='bbox 3116 2392 3235 2467; x_wconf 84' lang='lat' dir='ltr'>sui,</span> <span class='ocrx_word' id='word_1_511' title='bbox 3260 2396 3323 2455; x_wconf 87' lang='lat' dir='ltr'>et</span> 
     </span>
     <span class='ocr_line' id='line_1_79' title="bbox 1759 2489 2977 2569; baseline -0.005 -14"><span class='ocrx_word' id='word_1_512' title='bbox 1759 2493 2039 2557; x_wconf 89' lang='lat' dir='ltr'>omnium</span> <span class='ocrx_word' id='word_1_513' title='bbox 2074 2498 2329 2555; x_wconf 82' lang='lat' dir='ltr'>actuum</span> <span class='ocrx_word' id='word_1_514' title='bbox 2360 2497 2423 2553; x_wconf 89' lang='lat' dir='ltr'>et</span> <span class='ocrx_word' id='word_1_515' title='bbox 2442 2491 2793 2553; x_wconf 88' lang='lat' dir='ltr'>motionum</span> <span class='ocrx_word' id='word_1_516' title='bbox 2817 2489 2977 2569; x_wconf 85' lang='lat' dir='ltr'>ejus.</span> 
     </span>
    </p>

    <p class='ocr_par' dir='ltr' id='par_1_8' title="bbox 1753 2579 3323 4823">
     <span class='ocr_line' id='line_1_80' title="bbox 1837 2579 3317 2667; baseline -0.004 -16"><span class='ocrx_word' id='word_1_517' title='bbox 1837 2592 1902 2651; x_wconf 69' lang='lat'>4.</span> <span class='ocrx_word' id='word_1_518' title='bbox 1945 2588 2215 2652; x_wconf 71' lang='lat' dir='ltr'>Dubium</span> <span class='ocrx_word' id='word_1_519' title='bbox 2252 2586 2536 2667; x_wconf 71' lang='lat' dir='ltr'>quomodo</span> <span class='ocrx_word' id='word_1_520' title='bbox 2562 2584 2844 2649; x_wconf 70' lang='lat' dir='ltr'>voluntas</span> <span class='ocrx_word' id='word_1_521' title='bbox 2874 2579 3201 2657; x_wconf 67' lang='lat' dir='ltr'>christiin</span> <span class='ocrx_word' id='word_1_522' title='bbox 3222 2596 3317 2645; x_wconf 74' lang='lat' dir='ltr'>ro-</span> 
     </span>
     <span class='ocr_line' id='line_1_81' title="bbox 1753 2674 3317 2765; baseline -0.007 -19"><span class='ocrx_word' id='word_1_523' title='bbox 1753 2682 1938 2765; x_wconf 69' lang='lat' dir='ltr'>qmdo</span> <span class='ocrx_word' id='word_1_524' title='bbox 1990 2682 2267 2763; x_wconf 72' lang='lat' dir='ltr'>appetitu</span> <span class='ocrx_word' id='word_1_525' title='bbox 2311 2695 2376 2743; x_wconf 80' lang='lat' dir='ltr'>ss</span> <span class='ocrx_word' id='word_1_526' title='bbox 2423 2678 2724 2743; x_wconf 72' lang='lat' dir='ltr'>habuerit.</span> <span class='ocrx_word' id='word_1_527' title='bbox 2748 2710 2828 2727; x_wconf 89' lang='lat'>-·-</span> <span class='ocrx_word' id='word_1_528' title='bbox 2854 2674 3209 2757; x_wconf 70' lang='lat' dir='ltr'>Responsio.</span> <span class='ocrx_word' id='word_1_529' title='bbox 3234 2706 3317 2721; x_wconf 85' lang='lat'>-—</span> 
     </span>
     <span class='ocr_line' id='line_1_82' title="bbox 1757 2768 3315 2852; baseline -0.006 -12"><span class='ocrx_word' id='word_1_530' title='bbox 1757 2775 1882 2841; x_wconf 87' lang='lat' dir='ltr'>Sed</span> <span class='ocrx_word' id='word_1_531' title='bbox 1939 2792 2180 2852; x_wconf 78' lang='lat' dir='ltr'>quoeres</span> <span class='ocrx_word' id='word_1_532' title='bbox 2228 2791 2309 2835; x_wconf 88' lang='lat' dir='ltr'>an</span> <span class='ocrx_word' id='word_1_533' title='bbox 2364 2769 2727 2851; x_wconf 84' lang='lat' dir='ltr'>hujusmodi</span> <span class='ocrx_word' id='word_1_534' title='bbox 2770 2775 2945 2833; x_wconf 85' lang='lat' dir='ltr'>actus</span> <span class='ocrx_word' id='word_1_535' title='bbox 2998 2768 3315 2849; x_wconf 85' lang='lat' dir='ltr'>appetitus</span> 
     </span>
     <span class='ocr_line' id='line_1_83' title="bbox 1755 2860 3313 2947; baseline -0.004 -16"><span class='ocrx_word' id='word_1_536' title='bbox 1755 2869 1989 2931; x_wconf 77' lang='lat' dir='ltr'>fuerint</span> <span class='ocrx_word' id='word_1_537' title='bbox 2016 2883 2269 2947; x_wconf 84' lang='lat' dir='ltr'>semper</span> <span class='ocrx_word' id='word_1_538' title='bbox 2296 2866 2363 2926; x_wconf 91' lang='lat' dir='ltr'>in</span> <span class='ocrx_word' id='word_1_539' title='bbox 2386 2863 2627 2929; x_wconf 84' lang='lat' dir='ltr'>Christo</span> <span class='ocrx_word' id='word_1_540' title='bbox 2651 2862 2913 2943; x_wconf 81' lang='lat' dir='ltr'>profecti</span> <span class='ocrx_word' id='word_1_541' title='bbox 2943 2880 3023 2925; x_wconf 82' lang='lat' dir='ltr'>ex</span> <span class='ocrx_word' id='word_1_542' title='bbox 3048 2860 3313 2945; x_wconf 87' lang='lat' dir='ltr'>positivo</span> 
     </span>
     <span class='ocr_line' id='line_1_84' title="bbox 1758 2956 3318 3032; baseline -0.005 -7"><span class='ocrx_word' id='word_1_543' title='bbox 1758 2980 2071 3027; x_wconf 87' lang='lat' dir='ltr'>consensu</span> <span class='ocrx_word' id='word_1_544' title='bbox 2102 2966 2164 3023; x_wconf 93' lang='lat' dir='ltr'>et</span> <span class='ocrx_word' id='word_1_545' title='bbox 2198 2958 2475 3021; x_wconf 88' lang='lat' dir='ltr'>motione</span> <span class='ocrx_word' id='word_1_546' title='bbox 2518 2956 2879 3032; x_wconf 80' lang='lat' dir='ltr'>voluntatis,</span> <span class='ocrx_word' id='word_1_547' title='bbox 2909 2975 2993 3019; x_wconf 90' lang='lat' dir='ltr'>an</span> <span class='ocrx_word' id='word_1_548' title='bbox 3018 2974 3171 3019; x_wconf 77' lang='lat' dir='ltr'>vero</span> <span class='ocrx_word' id='word_1_549' title='bbox 3216 2956 3318 3019; x_wconf 87' lang='lat' dir='ltr'>in·-</span> 
     </span>
     <span class='ocr_line' id='line_1_85' title="bbox 1755 3050 3318 3133; baseline -0.006 -14"><span class='ocrx_word' id='word_1_550' title='bbox 1755 3055 2004 3119; x_wconf 86' lang='lat' dir='ltr'>terdum</span> <span class='ocrx_word' id='word_1_551' title='bbox 2032 3054 2269 3117; x_wconf 85' lang='lat' dir='ltr'>fuerint</span> <span class='ocrx_word' id='word_1_552' title='bbox 2290 3052 2535 3133; x_wconf 79' lang='lat' dir='ltr'>praevisi</span> <span class='ocrx_word' id='word_1_553' title='bbox 2575 3057 2639 3113; x_wconf 89' lang='lat' dir='ltr'>et</span> <span class='ocrx_word' id='word_1_554' title='bbox 2682 3050 2993 3131; x_wconf 87' lang='lat' dir='ltr'>permissi.</span> <span class='ocrx_word' id='word_1_555' title='bbox 3037 3052 3318 3129; x_wconf 87' lang='lat' dir='ltr'>Respon-</span> 
     </span>
     <span class='ocr_line' id='line_1_86' title="bbox 1757 3141 3315 3228; baseline -0.005 -15"><span class='ocrx_word' id='word_1_556' title='bbox 1757 3152 1963 3223; x_wconf 90' lang='lat' dir='ltr'>detur‚</span> <span class='ocrx_word' id='word_1_557' title='bbox 1981 3166 2147 3228; x_wconf 83' lang='lat' dir='ltr'>saepe</span> <span class='ocrx_word' id='word_1_558' title='bbox 2165 3146 2355 3209; x_wconf 85' lang='lat' dir='ltr'>fuisse</span> <span class='ocrx_word' id='word_1_559' title='bbox 2375 3146 2686 3211; x_wconf 85' lang='lat' dir='ltr'>Christum</span> <span class='ocrx_word' id='word_1_560' title='bbox 2710 3162 2897 3207; x_wconf 84' lang='lat' dir='ltr'>usum</span> <span class='ocrx_word' id='word_1_561' title='bbox 2916 3144 3109 3225; x_wconf 86' lang='lat' dir='ltr'>priori</span> <span class='ocrx_word' id='word_1_562' title='bbox 3128 3141 3315 3206; x_wconf 86' lang='lat' dir='ltr'>modo</span> 
     </span>
     <span class='ocr_line' id='line_1_87' title="bbox 1756 3239 3315 3327; baseline -0.005 -21"><span class='ocrx_word' id='word_1_563' title='bbox 1756 3245 2037 3327; x_wconf 76' lang='lat' dir='ltr'>positivae</span> <span class='ocrx_word' id='word_1_564' title='bbox 2062 3242 2377 3315; x_wconf 88' lang='lat' dir='ltr'>motionis,</span> <span class='ocrx_word' id='word_1_565' title='bbox 2402 3246 2473 3303; x_wconf 90' lang='lat' dir='ltr'>ut</span> <span class='ocrx_word' id='word_1_566' title='bbox 2498 3242 2743 3303; x_wconf 86' lang='lat' dir='ltr'>constat</span> <span class='ocrx_word' id='word_1_567' title='bbox 2762 3258 2840 3301; x_wconf 82' lang='lat' dir='ltr'>ex</span> <span class='ocrx_word' id='word_1_568' title='bbox 2868 3239 2974 3301; x_wconf 89' lang='lat' dir='ltr'>illo</span> <span class='ocrx_word' id='word_1_569' title='bbox 3004 3239 3038 3301; x_wconf 84' lang='lat' dir='ltr'><strong>J</strong></span> <span class='ocrx_word' id='word_1_570' title='bbox 3044 3256 3187 3301; x_wconf 86' lang='lat' dir='ltr'>oan.</span> <span class='ocrx_word' id='word_1_571' title='bbox 3214 3239 3315 3299; x_wconf 80' lang='lat'>11:</span> 
     </span>
     <span class='ocr_line' id='line_1_88' title="bbox 1762 3331 3319 3418; baseline -0.008 -15"><span class='ocrx_word' id='word_1_572' title='bbox 1762 3338 2063 3403; x_wconf 75' lang='lat' dir='ltr'>Turbavit</span> <span class='ocrx_word' id='word_1_573' title='bbox 2088 3338 2499 3418; x_wconf 76' lang='lat' dir='ltr'>semetipsum,</span> <span class='ocrx_word' id='word_1_574' title='bbox 2530 3339 2593 3397; x_wconf 87' lang='lat' dir='ltr'>ul</span> <span class='ocrx_word' id='word_1_575' title='bbox 2640 3333 2728 3395; x_wconf 90' lang='lat' dir='ltr'>ibi</span> <span class='ocrx_word' id='word_1_576' title='bbox 2774 3335 3077 3396; x_wconf 84' lang='lat' dir='ltr'>notarunt</span> <span class='ocrx_word' id='word_1_577' title='bbox 3122 3331 3319 3411; x_wconf 76' lang='lat' dir='ltr'>Chry-</span> 
     </span>
     <span class='ocr_line' id='line_1_89' title="bbox 1756 3426 3317 3509; baseline -0.006 -14"><span class='ocrx_word' id='word_1_578' title='bbox 1756 3438 2039 3507; x_wconf 90' lang='lat' dir='ltr'>sostom.,</span> <span class='ocrx_word' id='word_1_579' title='bbox 2076 3430 2292 3493; x_wconf 90' lang='lat' dir='ltr'>homil.</span> <span class='ocrx_word' id='word_1_580' title='bbox 2326 3432 2443 3505; x_wconf 77' lang='lat'>623</span> <span class='ocrx_word' id='word_1_581' title='bbox 2488 3428 2703 3509; x_wconf 69' lang='lat' dir='ltr'>Cyril„</span> <span class='ocrx_word' id='word_1_582' title='bbox 2732 3427 2843 3491; x_wconf 88' lang='lat' dir='ltr'>lib.</span> <span class='ocrx_word' id='word_1_583' title='bbox 2900 3430 2936 3487; x_wconf 84' lang='lat'><strong>7</strong></span> <span class='ocrx_word' id='word_1_584' title='bbox 2991 3427 3057 3487; x_wconf 92' lang='lat' dir='ltr'>in</span> <span class='ocrx_word' id='word_1_585' title='bbox 3101 3426 3317 3501; x_wconf 83' lang='lat' dir='ltr'>Joan.‚</span> 
     </span>
     <span class='ocr_line' id='line_1_90' title="bbox 1758 3519 3319 3605; baseline -0.007 -16"><span class='ocrx_word' id='word_1_586' title='bbox 1758 3544 1898 3605; x_wconf 87' lang='lat' dir='ltr'>cap.</span> <span class='ocrx_word' id='word_1_587' title='bbox 1928 3528 2035 3601; x_wconf 78' lang='lat'>20;</span> <span class='ocrx_word' id='word_1_588' title='bbox 2082 3525 2374 3605; x_wconf 69' lang='lat' dir='ltr'>August„</span> <span class='ocrx_word' id='word_1_589' title='bbox 2420 3528 2602 3585; x_wconf 81' lang='lat' dir='ltr'>tract.</span> <span class='ocrx_word' id='word_1_590' title='bbox 2632 3526 2746 3597; x_wconf 72' lang='lat'>49;</span> <span class='ocrx_word' id='word_1_591' title='bbox 2794 3519 3170 3601; x_wconf 77' lang='lat' dir='ltr'>Theophyl.,</span> <span class='ocrx_word' id='word_1_592' title='bbox 3200 3519 3319 3579; x_wconf 86' lang='lat' dir='ltr'>Eu·</span> 
     </span>
     <span class='ocr_line' id='line_1_91' title="bbox 1760 3611 3316 3700; baseline -0.006 -18"><span class='ocrx_word' id='word_1_593' title='bbox 1760 3621 1922 3700; x_wconf 66' lang='lat' dir='ltr'>thy„</span> <span class='ocrx_word' id='word_1_594' title='bbox 1954 3625 2073 3681; x_wconf 89' lang='lat' dir='ltr'>etc.</span> <span class='ocrx_word' id='word_1_595' title='bbox 2098 3634 2123 3697; x_wconf 92' lang='lat'>3</span> <span class='ocrx_word' id='word_1_596' title='bbox 2154 3622 2216 3681; x_wconf 89' lang='lat' dir='ltr'>et</span> <span class='ocrx_word' id='word_1_597' title='bbox 2240 3618 2505 3681; x_wconf 85' lang='lat' dir='ltr'>fortasse</span> <span class='ocrx_word' id='word_1_598' title='bbox 2530 3615 2663 3679; x_wconf 84' lang='lat' dir='ltr'>fere</span> <span class='ocrx_word' id='word_1_599' title='bbox 2690 3633 2941 3695; x_wconf 89' lang='lat' dir='ltr'>semper</span> <span class='ocrx_word' id='word_1_600' title='bbox 2967 3616 3087 3677; x_wconf 88' lang='lat' dir='ltr'>boe</span> <span class='ocrx_word' id='word_1_601' title='bbox 3126 3611 3316 3675; x_wconf 88' lang='lat' dir='ltr'>modo</span> 
     </span>
     <span class='ocr_line' id='line_1_92' title="bbox 1761 3705 3320 3795; baseline -0.005 -21"><span class='ocrx_word' id='word_1_602' title='bbox 1761 3718 2061 3795; x_wconf 83' lang='lat' dir='ltr'>operatus</span> <span class='ocrx_word' id='word_1_603' title='bbox 2090 3716 2209 3787; x_wconf 90' lang='lat' dir='ltr'>est,</span> <span class='ocrx_word' id='word_1_604' title='bbox 2238 3711 2385 3791; x_wconf 87' lang='lat' dir='ltr'>quia</span> <span class='ocrx_word' id='word_1_605' title='bbox 2418 3716 2479 3773; x_wconf 88' lang='lat' dir='ltr'>et</span> <span class='ocrx_word' id='word_1_606' title='bbox 2508 3709 2843 3792; x_wconf 86' lang='lat' dir='ltr'>perfectior</span> <span class='ocrx_word' id='word_1_607' title='bbox 2866 3713 2983 3783; x_wconf 87' lang='lat' dir='ltr'>est,</span> <span class='ocrx_word' id='word_1_608' title='bbox 3016 3712 3079 3769; x_wconf 91' lang='lat' dir='ltr'>et</span> <span class='ocrx_word' id='word_1_609' title='bbox 3116 3706 3203 3767; x_wconf 90' lang='lat' dir='ltr'>illi</span> <span class='ocrx_word' id='word_1_610' title='bbox 3228 3705 3320 3767; x_wconf 86' lang='lat' dir='ltr'>fa-</span> 
     </span>
     <span class='ocr_line' id='line_1_93' title="bbox 1762 3801 3321 3883; baseline -0.005 -14"><span class='ocrx_word' id='word_1_611' title='bbox 1762 3807 2051 3869; x_wconf 89' lang='lat' dir='ltr'>cillimus.</span> <span class='ocrx_word' id='word_1_612' title='bbox 2086 3804 2461 3883; x_wconf 80' lang='lat' dir='ltr'>Quanquam</span> <span class='ocrx_word' id='word_1_613' title='bbox 2492 3804 2559 3865; x_wconf 89' lang='lat' dir='ltr'>in</span> <span class='ocrx_word' id='word_1_614' title='bbox 2587 3804 2793 3883; x_wconf 84' lang='lat' dir='ltr'>rigore</span> <span class='ocrx_word' id='word_1_615' title='bbox 2822 3820 2949 3865; x_wconf 90' lang='lat' dir='ltr'>nou</span> <span class='ocrx_word' id='word_1_616' title='bbox 2982 3801 3060 3862; x_wconf 86' lang='lat' dir='ltr'>sit</span> <span class='ocrx_word' id='word_1_617' title='bbox 3102 3817 3321 3863; x_wconf 85' lang='lat' dir='ltr'>neces-</span> 
     </span>
     <span class='ocr_line' id='line_1_94' title="bbox 1763 3896 3321 3963; baseline -0.004 -1"><span class='ocrx_word' id='word_1_618' title='bbox 1763 3900 1967 3963; x_wconf 86' lang='lat' dir='ltr'>sarius</span> <span class='ocrx_word' id='word_1_619' title='bbox 1994 3902 2065 3961; x_wconf 92' lang='lat' dir='ltr'>ut</span> <span class='ocrx_word' id='word_1_620' title='bbox 2091 3898 2179 3960; x_wconf 89' lang='lat' dir='ltr'>illi</span> <span class='ocrx_word' id='word_1_621' title='bbox 2206 3902 2419 3959; x_wconf 89' lang='lat' dir='ltr'>motus</span> <span class='ocrx_word' id='word_1_622' title='bbox 2436 3916 2553 3961; x_wconf 89' lang='lat' dir='ltr'>seu</span> <span class='ocrx_word' id='word_1_623' title='bbox 2580 3896 2841 3959; x_wconf 87' lang='lat' dir='ltr'>effectus</span> <span class='ocrx_word' id='word_1_624' title='bbox 2880 3896 3169 3958; x_wconf 85' lang='lat' dir='ltr'>dicautur</span> <span class='ocrx_word' id='word_1_625' title='bbox 3212 3910 3321 3955; x_wconf 81' lang='lat' dir='ltr'>vo·</span> 
     </span>
     <span class='ocr_line' id='line_1_95' title="bbox 1760 3988 3317 4071; baseline -0.004 -14"><span class='ocrx_word' id='word_1_626' title='bbox 1760 3994 2035 4065; x_wconf 88' lang='lat' dir='ltr'>luntarii,</span> <span class='ocrx_word' id='word_1_627' title='bbox 2086 3998 2149 4055; x_wconf 90' lang='lat' dir='ltr'>et</span> <span class='ocrx_word' id='word_1_628' title='bbox 2196 4011 2275 4057; x_wconf 84' lang='lat' dir='ltr'>ex</span> <span class='ocrx_word' id='word_1_629' title='bbox 2318 3992 2561 4055; x_wconf 87' lang='lat' dir='ltr'>ratione</span> <span class='ocrx_word' id='word_1_630' title='bbox 2599 3990 2885 4071; x_wconf 83' lang='lat' dir='ltr'>profecti,</span> <span class='ocrx_word' id='word_1_631' title='bbox 2925 3990 3162 4068; x_wconf 85' lang='lat' dir='ltr'>absque</span> <span class='ocrx_word' id='word_1_632' title='bbox 3192 3988 3317 4051; x_wconf 84' lang='lat' dir='ltr'>uuo</span> 
     </span>
     <span class='ocr_line' id='line_1_96' title="bbox 1762 4084 3316 4165; baseline -0.003 -16"><span class='ocrx_word' id='word_1_633' title='bbox 1762 4089 2013 4151; x_wconf 84' lang='lat' dir='ltr'>defectu</span> <span class='ocrx_word' id='word_1_634' title='bbox 2040 4087 2313 4165; x_wconf 87' lang='lat' dir='ltr'>virtutis3</span> <span class='ocrx_word' id='word_1_635' title='bbox 2342 4085 2492 4147; x_wconf 90' lang='lat' dir='ltr'>satis</span> <span class='ocrx_word' id='word_1_636' title='bbox 2522 4084 2695 4149; x_wconf 89' lang='lat' dir='ltr'>enim</span> <span class='ocrx_word' id='word_1_637' title='bbox 2725 4101 2865 4149; x_wconf 90' lang='lat' dir='ltr'>esse</span> <span class='ocrx_word' id='word_1_638' title='bbox 2892 4084 3200 4165; x_wconf 86' lang='lat' dir='ltr'>potuisset</span> <span class='ocrx_word' id='word_1_639' title='bbox 3224 4087 3316 4157; x_wconf 88' lang='lat' dir='ltr'>ut,</span> 
     </span>
     <span class='ocr_line' id='line_1_97' title="bbox 1759 4176 3322 4263; baseline -0.004 -17"><span class='ocrx_word' id='word_1_640' title='bbox 1759 4186 2083 4263; x_wconf 78' lang='lat' dir='ltr'>praeeunte</span> <span class='ocrx_word' id='word_1_641' title='bbox 2108 4180 2497 4243; x_wconf 79' lang='lat' dir='ltr'>advertentis</span> <span class='ocrx_word' id='word_1_642' title='bbox 2510 4179 2793 4255; x_wconf 88' lang='lat' dir='ltr'>rationis,</span> <span class='ocrx_word' id='word_1_643' title='bbox 2811 4178 3013 4257; x_wconf 86' lang='lat' dir='ltr'>portio</span> <span class='ocrx_word' id='word_1_644' title='bbox 3032 4176 3322 4257; x_wconf 84' lang='lat' dir='ltr'>superior</span> 
     </span>
     <span class='ocr_line' id='line_1_98' title="bbox 1761 4270 3322 4357; baseline -0.005 -19"><span class='ocrx_word' id='word_1_645' title='bbox 1761 4276 2153 4357; x_wconf 87' lang='lat' dir='ltr'>permitteret</span> <span class='ocrx_word' id='word_1_646' title='bbox 2193 4273 2469 4339; x_wconf 81' lang='lat' dir='ltr'>inferiori</span> <span class='ocrx_word' id='word_1_647' title='bbox 2516 4273 2761 4355; x_wconf 86' lang='lat' dir='ltr'>operari</span> <span class='ocrx_word' id='word_1_648' title='bbox 2797 4290 2935 4351; x_wconf 82' lang='lat' dir='ltr'>quae</span> <span class='ocrx_word' id='word_1_649' title='bbox 2978 4270 3142 4331; x_wconf 88' lang='lat' dir='ltr'>illius</span> <span class='ocrx_word' id='word_1_650' title='bbox 3174 4276 3322 4331; x_wconf 88' lang='lat' dir='ltr'>sunt</span> 
     </span>
     <span class='ocr_line' id='line_1_99' title="bbox 1761 4366 3322 4451; baseline -0.003 -20"><span class='ocrx_word' id='word_1_651' title='bbox 1761 4369 2035 4451; x_wconf 88' lang='lat' dir='ltr'>propria,</span> <span class='ocrx_word' id='word_1_652' title='bbox 2074 4376 2143 4432; x_wconf 88' lang='lat' dir='ltr'>ut</span> <span class='ocrx_word' id='word_1_653' title='bbox 2166 4369 2443 4447; x_wconf 86' lang='lat' dir='ltr'>loquitur</span> <span class='ocrx_word' id='word_1_654' title='bbox 2472 4368 2785 4445; x_wconf 64' lang='lat' dir='ltr'>Damaso„</span> <span class='ocrx_word' id='word_1_655' title='bbox 2816 4366 2925 4427; x_wconf 88' lang='lat' dir='ltr'>lib.</span> <span class='ocrx_word' id='word_1_656' title='bbox 2950 4368 3013 4439; x_wconf 89' lang='lat'>3,</span> <span class='ocrx_word' id='word_1_657' title='bbox 3048 4384 3105 4426; x_wconf 87' lang='lat' dir='ltr'>c.</span> <span class='ocrx_word' id='word_1_658' title='bbox 3155 4366 3233 4427; x_wconf 77' lang='lat'>15</span> <span class='ocrx_word' id='word_1_659' title='bbox 3258 4369 3322 4426; x_wconf 87' lang='lat' dir='ltr'>et</span> 
     </span>
     <span class='ocr_line' id='line_1_100' title="bbox 1761 4456 3320 4541; baseline -0.006 -14"><span class='ocrx_word' id='word_1_660' title='bbox 1761 4466 1842 4527; x_wconf 74' lang='lat'>20</span> <span class='ocrx_word' id='word_1_661' title='bbox 1860 4479 1882 4541; x_wconf 89' lang='lat'>3</span> <span class='ocrx_word' id='word_1_662' title='bbox 1903 4470 1975 4525; x_wconf 90' lang='lat' dir='ltr'>ut</span> <span class='ocrx_word' id='word_1_663' title='bbox 1994 4464 2157 4523; x_wconf 89' lang='lat' dir='ltr'>enim</span> <span class='ocrx_word' id='word_1_664' title='bbox 2186 4479 2248 4541; x_wconf 88' lang='lat' dir='ltr'>q.</span> <span class='ocrx_word' id='word_1_665' title='bbox 2284 4466 2360 4527; x_wconf 70' lang='lat'>14</span> <span class='ocrx_word' id='word_1_666' title='bbox 2384 4460 2774 4536; x_wconf 80' lang='lat' dir='ltr'>dicebamus,</span> <span class='ocrx_word' id='word_1_667' title='bbox 2806 4458 3129 4523; x_wconf 78' lang='lat' dir='ltr'>naturales</span> <span class='ocrx_word' id='word_1_668' title='bbox 3152 4456 3320 4525; x_wconf 86' lang='lat' dir='ltr'>Chri-</span> 
     </span>
     <span class='ocr_line' id='line_1_101' title="bbox 1763 4552 3323 4635; baseline -0.006 -14"><span class='ocrx_word' id='word_1_669' title='bbox 1763 4558 1838 4621; x_wconf 89' lang='lat' dir='ltr'>sti</span> <span class='ocrx_word' id='word_1_670' title='bbox 1865 4558 2191 4619; x_wconf 80' lang='lat' dir='ltr'>tacultates</span> <span class='ocrx_word' id='word_1_671' title='bbox 2231 4574 2363 4619; x_wconf 87' lang='lat' dir='ltr'>non</span> <span class='ocrx_word' id='word_1_672' title='bbox 2404 4554 2719 4635; x_wconf 74' lang='lat' dir='ltr'>impeditae</span> <span class='ocrx_word' id='word_1_673' title='bbox 2738 4600 2759 4629; x_wconf 92' lang='lat'>,</span> <span class='ocrx_word' id='word_1_674' title='bbox 2787 4557 2853 4617; x_wconf 88' lang='lat' dir='ltr'>et</span> <span class='ocrx_word' id='word_1_675' title='bbox 2876 4552 3185 4617; x_wconf 88' lang='lat' dir='ltr'>habentes</span> <span class='ocrx_word' id='word_1_676' title='bbox 3214 4568 3323 4631; x_wconf 87' lang='lat' dir='ltr'>ap·</span> 
     </span>
     <span class='ocr_line' id='line_1_102' title="bbox 1761 4646 3321 4731; baseline -0.003 -20"><span class='ocrx_word' id='word_1_677' title='bbox 1761 4650 1991 4731; x_wconf 87' lang='lat' dir='ltr'>plicata</span> <span class='ocrx_word' id='word_1_678' title='bbox 2036 4650 2306 4729; x_wconf 85' lang='lat' dir='ltr'>objecta,</span> <span class='ocrx_word' id='word_1_679' title='bbox 2346 4648 2718 4713; x_wconf 82' lang='lat' dir='ltr'>naturaliter</span> <span class='ocrx_word' id='word_1_680' title='bbox 2765 4646 3209 4728; x_wconf 87' lang='lat' dir='ltr'>operabantur,</span> <span class='ocrx_word' id='word_1_681' title='bbox 3250 4650 3321 4707; x_wconf 84' lang='lat' dir='ltr'>ut</span> 
     </span>
     <span class='ocr_line' id='line_1_103' title="bbox 1763 4740 3155 4823; baseline -0.001 -18"><span class='ocrx_word' id='word_1_682' title='bbox 1763 4744 1814 4805; x_wconf 87' lang='lat' dir='ltr'>si</span> <span class='ocrx_word' id='word_1_683' title='bbox 1841 4742 2301 4823; x_wconf 81' lang='lat' dir='ltr'>flagellabatur,</span> <span class='ocrx_word' id='word_1_684' title='bbox 2327 4742 2695 4805; x_wconf 88' lang='lat' dir='ltr'>naturaliter</span> <span class='ocrx_word' id='word_1_685' title='bbox 2728 4740 3004 4815; x_wconf 86' lang='lat' dir='ltr'>dolebat,</span> <span class='ocrx_word' id='word_1_686' title='bbox 3035 4746 3155 4803; x_wconf 85' lang='lat' dir='ltr'>etc.</span> 
     </span>
    </p>

    <p class='ocr_par' dir='ltr' id='par_1_9' title="bbox 1762 4832 3327 5572">
     <span class='ocr_line' id='line_1_104' title="bbox 1841 4832 3319 4913; baseline -0.003 -14"><span class='ocrx_word' id='word_1_687' title='bbox 1841 4838 1902 4899; x_wconf 81' lang='lat'>5.</span> <span class='ocrx_word' id='word_1_688' title='bbox 1938 4838 2265 4901; x_wconf 74' lang='lat' dir='ltr'>Passiones</span> <span class='ocrx_word' id='word_1_689' title='bbox 2289 4836 2596 4901; x_wconf 78' lang='lat' dir='ltr'>sensibiles</span> <span class='ocrx_word' id='word_1_690' title='bbox 2611 4853 2691 4900; x_wconf 78' lang='lat' dir='ltr'>an</span> <span class='ocrx_word' id='word_1_691' title='bbox 2711 4834 2947 4913; x_wconf 75' lang='lat' dir='ltr'>fuerint</span> <span class='ocrx_word' id='word_1_692' title='bbox 2961 4835 3033 4897; x_wconf 70' lang='lat' dir='ltr'>in</span> <span class='ocrx_word' id='word_1_693' title='bbox 3052 4832 3319 4897; x_wconf 72' lang='lat' dir='ltr'>Christo.</span> 
     </span>
     <span class='ocr_line' id='line_1_105' title="bbox 1764 4928 3321 5009; baseline -0.004 -16"><span class='ocrx_word' id='word_1_694' title='bbox 1764 4962 1845 4979; x_wconf 92' lang='lat'>-</span> <span class='ocrx_word' id='word_1_695' title='bbox 1867 4932 1944 4993; x_wconf 88' lang='lat' dir='ltr'>Et</span> <span class='ocrx_word' id='word_1_696' title='bbox 1976 4948 2055 4991; x_wconf 84' lang='lat' dir='ltr'>ex</span> <span class='ocrx_word' id='word_1_697' title='bbox 2081 4930 2181 4991; x_wconf 89' lang='lat' dir='ltr'>his</span> <span class='ocrx_word' id='word_1_698' title='bbox 2228 4929 2409 4993; x_wconf 87' lang='lat' dir='ltr'>facile</span> <span class='ocrx_word' id='word_1_699' title='bbox 2442 4929 2742 4992; x_wconf 83' lang='lat' dir='ltr'>definitur</span> <span class='ocrx_word' id='word_1_700' title='bbox 2790 4928 2894 4991; x_wconf 87' lang='lat' dir='ltr'>illa</span> <span class='ocrx_word' id='word_1_701' title='bbox 2924 4928 3207 5009; x_wconf 73' lang='lat' dir='ltr'>quaestio,</span> <span class='ocrx_word' id='word_1_702' title='bbox 3238 4944 3321 4987; x_wconf 88' lang='lat' dir='ltr'>an</span> 
     </span>
     <span class='ocr_line' id='line_1_106' title="bbox 1762 5020 3323 5105; baseline -0.001 -19"><span class='ocrx_word' id='word_1_703' title='bbox 1762 5024 1830 5086; x_wconf 88' lang='lat' dir='ltr'>in</span> <span class='ocrx_word' id='word_1_704' title='bbox 1846 5024 2080 5089; x_wconf 88' lang='lat' dir='ltr'>Christo</span> <span class='ocrx_word' id='word_1_705' title='bbox 2102 5023 2330 5087; x_wconf 81' lang='lat' dir='ltr'>fuerint</span> <span class='ocrx_word' id='word_1_706' title='bbox 2344 5026 2675 5105; x_wconf 84' lang='lat' dir='ltr'>passiones</span> <span class='ocrx_word' id='word_1_707' title='bbox 2698 5020 3025 5085; x_wconf 86' lang='lat' dir='ltr'>sensibiles</span> <span class='ocrx_word' id='word_1_708' title='bbox 3034 5036 3059 5099; x_wconf 91' lang='lat'>3</span> <span class='ocrx_word' id='word_1_709' title='bbox 3072 5021 3127 5083; x_wconf 87' lang='lat' dir='ltr'>si</span> <span class='ocrx_word' id='word_1_710' title='bbox 3152 5020 3323 5085; x_wconf 86' lang='lat' dir='ltr'>enim</span> 
     </span>
     <span class='ocr_line' id='line_1_107' title="bbox 1767 5114 3322 5196; baseline -0.003 -17"><span class='ocrx_word' id='word_1_711' title='bbox 1767 5120 1844 5179; x_wconf 90' lang='lat' dir='ltr'>sit</span> <span class='ocrx_word' id='word_1_712' title='bbox 1891 5136 2099 5179; x_wconf 88' lang='lat' dir='ltr'>sermo</span> <span class='ocrx_word' id='word_1_713' title='bbox 2142 5118 2223 5181; x_wconf 89' lang='lat' dir='ltr'>de</span> <span class='ocrx_word' id='word_1_714' title='bbox 2269 5136 2339 5179; x_wconf 92' lang='lat' dir='ltr'>re</span> <span class='ocrx_word' id='word_1_715' title='bbox 2392 5118 2549 5196; x_wconf 89' lang='lat' dir='ltr'>ipsa,</span> <span class='ocrx_word' id='word_1_716' title='bbox 2596 5122 2839 5181; x_wconf 84' lang='lat' dir='ltr'>constat</span> <span class='ocrx_word' id='word_1_717' title='bbox 2882 5116 2951 5179; x_wconf 88' lang='lat' dir='ltr'>in</span> <span class='ocrx_word' id='word_1_718' title='bbox 2991 5115 3099 5177; x_wconf 92' lang='lat' dir='ltr'>illo</span> <span class='ocrx_word' id='word_1_719' title='bbox 3126 5114 3322 5175; x_wconf 85' lang='lat' dir='ltr'>fuisse</span> 
     </span>
     <span class='ocr_line' id='line_1_108' title="bbox 1770 5207 3327 5290; baseline -0.004 -17"><span class='ocrx_word' id='word_1_720' title='bbox 1770 5213 2027 5273; x_wconf 83' lang='lat' dir='ltr'>affectus</span> <span class='ocrx_word' id='word_1_721' title='bbox 2048 5212 2241 5290; x_wconf 89' lang='lat' dir='ltr'>quiin</span> <span class='ocrx_word' id='word_1_722' title='bbox 2271 5212 2453 5272; x_wconf 88' lang='lat' dir='ltr'>nobis</span> <span class='ocrx_word' id='word_1_723' title='bbox 2480 5211 2773 5273; x_wconf 88' lang='lat' dir='ltr'>dicuntur</span> <span class='ocrx_word' id='word_1_724' title='bbox 2793 5210 3145 5290; x_wconf 87' lang='lat' dir='ltr'>passiones,</span> <span class='ocrx_word' id='word_1_725' title='bbox 3174 5207 3327 5285; x_wconf 87' lang='lat' dir='ltr'>quia</span> 
     </span>
     <span class='ocr_line' id='line_1_109' title="bbox 1767 5296 3326 5385; baseline -0.004 -18"><span class='ocrx_word' id='word_1_726' title='bbox 1767 5306 1828 5367; x_wconf 90' lang='lat' dir='ltr'>hi</span> <span class='ocrx_word' id='word_1_727' title='bbox 1866 5307 2127 5367; x_wconf 83' lang='lat' dir='ltr'>affectus</span> <span class='ocrx_word' id='word_1_728' title='bbox 2156 5322 2269 5367; x_wconf 87' lang='lat' dir='ltr'>seu</span> <span class='ocrx_word' id='word_1_729' title='bbox 2294 5296 2621 5385; x_wconf 75' lang='lat' dir='ltr'>passiones</span> <span class='ocrx_word' id='word_1_730' title='bbox 2666 5304 2731 5365; x_wconf 89' lang='lat' dir='ltr'>in</span> <span class='ocrx_word' id='word_1_731' title='bbox 2770 5302 2953 5365; x_wconf 86' lang='lat' dir='ltr'>nobis</span> <span class='ocrx_word' id='word_1_732' title='bbox 2974 5300 3131 5363; x_wconf 88' lang='lat' dir='ltr'>nihil</span> <span class='ocrx_word' id='word_1_733' title='bbox 3152 5298 3326 5361; x_wconf 84' lang='lat' dir='ltr'>aliud</span> 
     </span>
     <span class='ocr_line' id='line_1_110' title="bbox 1769 5392 3327 5480; baseline -0.004 -20"><span class='ocrx_word' id='word_1_734' title='bbox 1769 5406 1916 5463; x_wconf 89' lang='lat' dir='ltr'>sunt</span> <span class='ocrx_word' id='word_1_735' title='bbox 1961 5417 2149 5480; x_wconf 84' lang='lat' dir='ltr'>quam</span> <span class='ocrx_word' id='word_1_736' title='bbox 2195 5400 2478 5480; x_wconf 65' lang='lat' dir='ltr'>praedicti</span> <span class='ocrx_word' id='word_1_737' title='bbox 2518 5404 2696 5460; x_wconf 89' lang='lat' dir='ltr'>actus</span> <span class='ocrx_word' id='word_1_738' title='bbox 2750 5396 3063 5476; x_wconf 86' lang='lat' dir='ltr'>appetitus</span> <span class='ocrx_word' id='word_1_739' title='bbox 3126 5392 3327 5455; x_wconf 84' lang='lat' dir='ltr'>sensi-</span> 
     </span>
     <span class='ocr_line' id='line_1_111' title="bbox 1767 5486 3327 5572; baseline -0.005 -17"><span class='ocrx_word' id='word_1_740' title='bbox 1767 5493 1898 5569; x_wconf 85' lang='lat' dir='ltr'>tivi‚</span> <span class='ocrx_word' id='word_1_741' title='bbox 1927 5500 2241 5572; x_wconf 85' lang='lat' dir='ltr'>quatenus</span> <span class='ocrx_word' id='word_1_742' title='bbox 2267 5492 2427 5555; x_wconf 81' lang='lat' dir='ltr'>flunt</span> <span class='ocrx_word' id='word_1_743' title='bbox 2476 5508 2619 5553; x_wconf 89' lang='lat' dir='ltr'>cum</span> <span class='ocrx_word' id='word_1_744' title='bbox 2654 5488 2932 5569; x_wconf 85' lang='lat' dir='ltr'>corporis</span> <span class='ocrx_word' id='word_1_745' title='bbox 2962 5486 3237 5551; x_wconf 88' lang='lat' dir='ltr'>motione</span> <span class='ocrx_word' id='word_1_746' title='bbox 3262 5491 3327 5547; x_wconf 89' lang='lat' dir='ltr'>et</span> 
     </span>
    </p>
   </div>
  </div>
 </body>
</html>
