3892 6167
605 292 727 352 656

605 392 1001 467 memoriam,
1031 397 1094 454 et
1117 393 1294 472 quasi
1322 393 1388 456 in
1422 398 1904 456 monumentum
1932 390 2169 471 egregii

607 488 816 570 operis
847 487 930 548 ab
963 486 1360 548 interfectore
1397 487 1660 567 patrati3
1699 487 1806 566 qui
1848 503 2001 564 ergo
2052 483 2171 544 hoe

607 579 938 662 posteriori
983 579 1172 642 modo
1215 579 1482 642 aedificat
1523 581 1908 660 sepulcrum,
1954 581 2171 654 aperte

605 671 976 738 testificatur
1001 689 1070 734 se
1099 673 1454 735 consentire
1487 673 1782 754 operibus
1812 667 2173 732 interfecto-

608 769 718 832 ris.
753 769 884 831 Hoc
914 785 1064 847 ergo
1097 766 1286 828 modo
1325 767 1614 830 videntur
1641 765 1932 829 Pharisaei
1978 762 2175 825 aedifi-

611 879 788 924 casse
833 860 1122 941 sepulcra
1161 858 1637 938 Prophetarum,
1670 866 1734 922 et
1773 858 1916 920 ideo
1949 854 2173 918 merito

611 957 650 1016 a
691 953 930 1016 Christo
971 952 1548 1032 reprehenduntur;
1585 953 1724 1032 ejus
1771 967 1922 1012 vero
1966 967 2176 1028 repre-

610 1045 832 1110 hensio
857 1046 940 1108 ad
962 1045 1370 1124 reliquiarum
1389 1045 1754 1108 adoratores
1779 1045 1952 1106 nullo
1982 1041 2169 1104 modo

611 1140 904 1220 pertinet.
927 1140 1020 1200 Ita
1037 1138 1283 1200 videtur
1303 1139 1700 1218 interpretari
1724 1137 1942 1217 Chrys.
1955 1181 1973 1210 ,
1996 1135 2167 1196 hom.

611 1235 692 1298 75
721 1235 784 1296 in
829 1233 978 1294 Mat.
998 1277 1016 1306 ,
1049 1231 1265 1294 dicens
1300 1250 1314 1292 :
1345 1233 1545 1296 Menti
1582 1250 1810 1304 eorum,
1839 1231 1946 1312 qui
1976 1230 2173 1306 oedifi-

611 1327 829 1390 cabant
853 1326 1132 1410 sepulcra
1151 1369 1167 1398 ‚
1196 1329 1400 1408 aperto
1427 1325 1692 1388 detrabit
1708 1349 1735 1396 ;
1759 1341 1877 1387 non
1915 1323 2077 1384 onim
2102 1324 2174 1383 ut

612 1419 973 1484 honorarent
997 1419 1243 1494 occisos,
1269 1419 1374 1481 red
1403 1423 1474 1480 ut
1497 1435 1746 1482 suorum
1787 1417 1950 1479 vires
1979 1419 2175 1478 osten·

610 1511 836 1586 dorent,
864 1529 936 1574 ne
961 1511 1124 1574 tanti
1151 1509 1453 1589 facinoris
1477 1512 1737 1574 audacia
1761 1510 2051 1572 memoria
2076 1525 2174 1570 oa·

611 1605 794 1677 deret,
836 1603 1114 1684 sepulcra
1158 1604 1564 1680 (edificabant.
1611 1603 1738 1666 Sed
1791 1601 2041 1664 difficile
2080 1607 2176 1663 est

613 1715 894 1761 asserere
922 1698 1262 1760 Pharisoeos
1304 1698 1422 1758 hac
1447 1697 1796 1760 intentione
1825 1695 2175 1758 aedificasse

613 1791 903 1872 sepulcra
916 1791 1399 1872 Prophetarum,
1425 1808 1588 1869 quos
1600 1790 1808 1869 justos
1836 1795 1901 1851 et
1924 1791 2177 1850 sanctos

615 1902 755 1947 esse
790 1884 1256 1958 existimabant,
1286 1889 1350 1945 et
1389 1882 1620 1962 injuste
1651 1883 1840 1945 fuisse
1878 1881 2176 1944 interfec-

619 1983 712 2040 tos
726 1995 746 2055 ;
791 1977 996 2056 unde,
1037 1977 1187 2042 Mat.
1229 1979 1344 2050 23,
1398 1980 1614 2057 aperte
1655 1975 1803 2038 dicit
1844 1975 2171 2039 Christus:

615 2071 988 2148 AE'difioatie
1028 2071 1303 2151 sepulcra
1331 2071 1774 2150 Prophetarum
1799 2113 1815 2142 ,
1855 2075 1913 2134 et
1942 2073 2178 2133 ornatis

615 2169 994 2228 monumenta
1009 2165 1352 2246 justorum,
1377 2169 1433 2228 et
1462 2163 1664 2227 dicitis
1683 2186 1708 2224 .·
1743 2162 1824 2227 Si
1849 2161 2181 2240 fuissemus

615 2255 686 2318 in
709 2257 911 2322 diebus
932 2256 1199 2320 Pata-um
1220 2261 1592 2330 nostrorum,
1611 2273 1733 2319 non
1751 2272 2008 2320 essemus
2027 2253 2183 2320 socii

615 2367 818 2413 eorum
845 2350 914 2414 in
943 2351 1237 2431 sanyuine
1259 2349 1730 2432 Prophetarum.
1889 2341 1908 2362 ‘

697 2445 758 2506 9.
790 2444 1139 2508 Dicendum
1167 2461 1318 2524 ergo
1348 2450 1470 2518 est,
1497 2443 1803 2505 Christum
1837 2441 1963 2504 hoe
1991 2440 2181 2502 modo

615 2539 754 2602 illos
795 2537 1304 2620 reprehendisse,
1339 2537 1508 2616 quia,
1555 2536 1698 2598 licet
1734 2551 2027 2616 expresse
2062 2533 2182 2594 hoc

619 2650 748 2694 non
783 2631 1204 2708 intenderent,
1226 2630 1390 2692 facto
1423 2636 1638 2692 tamen
1677 2629 1816 2710 ipso
1845 2629 1929 2690 ita
1960 2646 2029 2690 se
2074 2645 2181 2708 ge·

619 2724 884 2800 rebant,
928 2743 1003 2787 ac
1052 2723 1104 2786 si
1149 2723 1270 2786 hoc
1321 2722 1744 2786 intenderent.
1807 2721 1965 2784 Cum
2010 2719 2181 2783 enim

624 2823 1154 2900 persequerentur
1185 2817 1354 2880 vivos
1391 2815 1734 2898 Prophetas
1752 2860 1772 2891 ,
1827 2817 1955 2878 imo
1985 2820 2047 2876 et
2074 2813 2185 2876 do-

621 2911 864 2973 minum
925 2910 1382 2993 Prophetarum
1407 2953 1428 2986 ,
1476 2909 1616 2973 licet
1670 2908 1952 2971 dicerent
2002 2925 2071 2969 se
2099 2925 2185 2968 ae-

621 3004 874 3068 dificare
935 3011 1347 3067 monumenta
1422 3003 1490 3065 in
1543 3003 1852 3065 honorem
1920 3001 2186 3080 Prophe·

623 3103 830 3159 tarum
897 3102 1287 3160 mortuorum
1329 3141 1352 3174 ,
1422 3096 1574 3160 satis
1624 3093 2181 3168 convincebantur,

623 3208 752 3253 non
800 3190 1011 3254 animo
1049 3191 1380 3270 religioso,
1415 3188 1528 3251 sed
1568 3207 1646 3252 ex
1694 3187 2009 3270 hypocrisi
2040 3185 2185 3250 aedi-

622 3281 846 3346 ficasse
891 3284 1000 3346 illa
1031 3284 1348 3364 scpulcra;
1391 3291 1581 3362 atque
1621 3282 1781 3345 adeo
1811 3283 1896 3346 ita
1947 3300 2017 3343 se
2049 3297 2181 3361 ges-

625 3377 818 3454 sisse,
877 3396 954 3440 ac
1011 3379 1064 3440 si
1132 3377 1481 3460 approbare
1556 3376 1796 3438 vellent
1849 3375 2017 3438 facta
2080 3391 2187 3454 pa-

624 3476 876 3532 rentum
919 3488 1200 3534 suorum.
1248 3470 1340 3532 Ita
1382 3471 1670 3550 exposuit
1705 3468 2186 3550 chrysostomus

623 3563 722 3626 his
759 3565 968 3628 verbis
999 3580 1016 3626 τ
1049 3563 1192 3631 Non
1223 3565 1368 3646 quia
1401 3564 1726 3644 oedifioant,
1754 3580 1860 3626 neo
1905 3561 2053 3643 quia
2074 3577 2188 3642 pa-

625 3663 752 3722 trer
779 3664 1100 3734 accusant,
1136 3657 1238 3724 Voe
1269 3656 1400 3720 illis
1429 3655 1619 3733 dimit,
1645 3657 1753 3720 sed
1789 3657 2071 3738 quoniam
2093 3657 2189 3720 ita

623 3750 882 3816 dicentes
910 3757 967 3815 ot
1013 3753 1344 3829 facientes,
1354 3755 1570 3831 patres
1612 3767 1752 3814 suos
1803 3749 2190 3812 condemnaro

625 3845 940 3918 audebant,
967 3862 1099 3909 oum
1127 3846 1254 3929 ipsi
1277 3845 1490 3927 pejora
1527 3843 1985 3908 committerent.
2020 3842 2092 3902 Et
2117 3840 2184 3904 in

623 3938 1020 4019 Imperfecto,
1048 3938 1220 4000 hom.
1243 3940 1346 4015 45,
1370 3937 1556 4000 latius
1583 3936 1984 4018 prosequitur
2012 3953 2185 3997 eam-

624 4031 772 4095 dem
800 4031 1274 4114 expositionem.
1308 4032 1510 4104 Quam
1549 4032 1783 4095 indicat
1823 4031 2015 4094 etiam
2046 4030 2184 4092 Hie-

624 4145 950 4208 ronymus,
995 4127 1217 4190 Matth.
1271 4131 1380 4205 233
1431 4133 1495 4190 et
1531 4126 1752 4201 Hilar.,
1801 4144 2028 4190 canon.
2078 4127 2179 4202 23,

622 4220 689 4282 in
729 4221 990 4298 Matth.;
1021 4221 1256 4301 optime
1284 4221 1686 4298 Ambrosius„
1713 4220 1757 4282 l.
1790 4222 1865 4282 17
1898 4220 1965 4281 in
1992 4220 2139 4281 Luc.
2163 4261 2180 4292 ,

625 4312 874 4390 inquit:
925 4312 1315 4394 AE'difioando
1367 4315 1646 4396 sepulcra
1693 4312 2139 4393 Prophetarum
2156 4356 2180 4388 ,

618 4409 874 4490 patrum
905 4423 1152 4470 suorum
1198 4411 1364 4484 sacta
1408 4407 1772 4470 damnabant
1791 4427 1818 4476 ;
1845 4405 2183 4470 oemulando

622 4499 805 4563 etiam
827 4503 1087 4580 paterna
1111 4499 1335 4564 scelera
1361 4500 1428 4562 in
1453 4499 1680 4580 seipsos
1707 4497 2061 4562 sententiam
2088 4515 2185 4560 re-

619 4593 974 4676 torquebant
985 4616 1014 4666 ,·
1034 4612 1151 4659 non
1177 4610 1314 4677 erqo
1351 4593 1709 4670 aedificatio,
1740 4592 1848 4656 sed
1879 4589 2182 4654 oemulatio

619 4687 743 4752 loco
771 4687 1054 4750 oriminis
1079 4689 1442 4750 «estimatur.
1475 4685 1647 4748 Idem
1678 4685 2063 4766 Augustinus
2083 4731 2101 4760 ,
2132 4684 2175 4748 l.

619 4783 659 4842 2
687 4785 904 4842 contra
932 4780 1190 4842 Advers.
1236 4779 1361 4857 leg.
1407 4785 1470 4840 et
1501 4780 1751 4860 proph„
1801 4797 1856 4841 c.
1893 4781 1953 4840 5.
2002 4777 2182 4850 Quod

618 4891 770 4935 vero
809 4873 1082 4936 Christus
1110 4873 1572 4953 comparaverit
1603 4873 1945 4936 Pharisaeos
1976 4871 2182 4954 sepul-

621 4966 741 5028 cris
770 4964 1097 5041 dealbatiS,
1127 4966 1332 5047 plenis
1360 4965 1608 5028 ossibus
1635 4972 2053 5040 mortuorum,
2088 4967 2181 5028 ni-

527 5110 535 5118 .
618 5057 708 5119 hil
726 5058 874 5121 facit
903 5057 986 5120 ad
1017 5077 1314 5138 causam3
1347 5060 1454 5121 illa
1487 5059 1654 5122 enim
1683 5049 2051 5140 metaphora
2083 5078 2182 5122 so-

617 5151 751 5213 lum
777 5150 972 5214 voluit
997 5150 1274 5215 Christus
1312 5153 1764 5216 Pharisaeorum
1797 5153 2179 5233 hypocrisim

615 5243 934 5321 indicare3
982 5262 1110 5306 non
1157 5253 1369 5309 tamen
1418 5253 1748 5329 propterea
1805 5245 2180 5326 significavit

619 5337 830 5399 omnia
877 5355 1019 5402 ossa
1074 5347 1466 5402 mortuorum
1519 5359 1658 5402 esse
1713 5339 2064 5415 immunda,
2116 5343 2181 5404 et

619 5447 746 5492 non
791 5449 976 5511 posse
1012 5431 1328 5496 interdum
1355 5451 1494 5496 esse
1527 5434 1928 5498 veneratione
1958 5433 2175 5516 digna,

1829 287 2067 353 QuAEs‘r.
2101 287 2248 341 XXV.
2285 287 2487 342 Anne
2527 287 2606 342 vt.

2251 396 2321 452 ut
2367 391 2602 456 notavit
2646 386 2830 468 Cyril.
2869 387 3171 452 Alexand.
3192 433 3213 467 ,
3240 390 3283 453 1.
3313 393 3379 458 10
3420 407 3587 468 contra
3614 415 3678 478 ιιι.

2248 484 2429 559 lian„
2456 483 2521 544 in
2552 483 2751 564 princ.
3180 529 3185 534 .

2334 581 2434 641 10.
2482 575 2577 638 Ad
2617 575 2993 648 secundum,
3036 593 3113 638 ex
3140 575 3316 644 Cone.
3374 582 3681 664 Elibest.‚n0.

2258 669 2451 731 tanda
2473 676 2567 732 est
2589 669 2747 732 ratio
2788 685 2935 748 quse
2960 669 3025 730 in
3054 669 3159 732 illo
3200 689 3425 736 canone
3462 683 3683 770 subjungi.

2254 766 2379 834 tur,
2412 762 2501 824 sic
2532 762 2701 823 enim
2729 760 3001 822 dicitur:
3034 759 3243 826 Cerco-r
3268 768 3512 846 per-diem
3530 777 3686 853 phem-3

2254 855 2323 918 in
2372 857 2697 920 coemeterio
2754 871 2873 918 non
2924 855 3189 930 incendi,
3234 859 3557 938 inquietandi
3586 879 3686 940 enim

2258 946 2629 1011 Sanctorum
2654 949 2917 1026 spiritus
2944 963 3067 1009 non
3088 955 3249 1012 sunt.
3276 951 3455 1032 Hujus
3476 961 3601 1022 enim
3620 987 3687 1028 m.

2252 1040 2439 1102 tionis
2461 1041 2811 1103 obscuritas
2834 1040 3230 1103 occasionem
3256 1046 3573 1123 quibusdam
3588 1075 3689 1134 μω.

2251 1132 2387 1194 buit
2439 1131 2711 1208 dicendi,
2755 1150 2869 1213 per
2929 1132 3295 1214 Sanctorum
3342 1141 3577 1220 spiritus,
3607 1167 3686 1216 non

2254 1229 2647 1289 mortuorum
2678 1226 2929 1290 animas
2956 1225 3243 1306 intelligi,
3270 1231 3405 1308 qnia
3428 1235 3535 1298 sive
3554 1239 3685 1306 beatu,

2256 1320 2403 1394 sint,
2426 1320 2553 1382 sive
2585 1319 2650 1382 in
2687 1319 3058 1399 Purgatorio
3090 1319 3281 1381 exista
3326 1327 3367 1398 t,
3394 1325 3521 1390 nihil
3558 1338 3685 1398 cereis

2254 1413 2539 1476 accensis
2558 1412 2913 1492 perturbari
2941 1417 3225 1491 possunt.
3298 1433 3364 1476 ec
3388 1420 3529 1482 enim
3550 1429 3687 1489 verisi-

2254 1507 2403 1568 mile
2433 1513 2525 1569 est
2546 1507 2759 1570 Patres
2782 1507 2951 1568 illius
2970 1505 3227 1568 Concilii
3245 1514 3367 1570 tam
3386 1529 3559 1576 crassa
3574 1518 3688 1599 igno.

2254 1598 2459 1662 rantia
2496 1599 2841 1676 laborasse,
2872 1605 2947 1660 ut
3003 1605 3251 1662 sanctas
3296 1605 3505 1666 animas
3540 1617 3689 1674 nostris

2256 1692 2493 1754 actibus
2523 1691 2882 1772 perturbari
2927 1697 3243 1771 putarent.
3272 1693 3449 1774 Loqui
3484 1717 3599 1781 ergo
3632 1706 3689 1766 vi.

2256 1786 2486 1849 dentur
2525 1785 2605 1848 de
2645 1787 3002 1849 viventibus
3058 1785 3337 1850 fidelibus
3376 1791 3448 1852 ad
3486 1798 3687 1874 sepulcra

2255 1883 2651 1942 mortuorum
2699 1878 3155 1942 accedentibus
3174 1923 3191 1952 ,
3234 1897 3473 1960 quorum
3518 1889 3688 1966 spiritus

2258 1992 2373 2036 seu
2394 1981 2640 2038 mentes
2666 1992 2744 2038 ea
2764 1974 3143 2037 caeremonia
3162 1991 3236 2036 eo
3263 1981 3505 2058 tempore
3530 1993 3690 2060 pertur-

2258 2067 2597 2146 babantur,
2616 2085 2732 2130 seu
2750 2067 3123 2130 scandalum
3150 2068 3505 2148 patiebantur
3520 2085 3691 2156 propter

2260 2163 2539 2244 aliquam
2589 2161 2927 2242 specialem
2976 2162 3359 2224 occasionem
3392 2183 3455 2226 eo
3493 2173 3689 2248 tempore

2264 2263 2722 2332 occurrentem,
2753 2273 2831 2319 eo
2860 2256 3035 2336 quod
3053 2256 3353 2319 videretur
3376 2258 3565 2337 aliquid
3582 2280 3689 2324 com·

2261 2368 2453 2412 mune
2484 2349 2721 2412 hahere
2742 2367 2889 2412 cum
2903 2349 3129 2412 ritibus
3141 2349 3475 2424 Gentilium
3493 2354 3688 2420 solebant

2262 2444 2435 2506 enim
2472 2442 2566 2504 illi
2611 2443 2694 2506 ad
2728 2443 3025 2524 sepulcra
3054 2443 3462 2506 defunctorum
3482 2446 3607 2508 iaces
3624 2469 3687 2512 ac-

2261 2538 2555 2615 candere,
2588 2551 2660 2601 ut
2686 2538 3005 2616 colligitur
3044 2555 3121 2600 ex
3146 2539 3385 2602 Sueton.
3408 2539 3463 2600 in
3504 2543 3683 2622 liberio,

2260 2649 2317 2696 c.
2348 2630 2452 2704 98;
2476 2637 2587 2693 aut
2609 2637 2779 2694 certe
2802 2632 2949 2712 quia
2976 2631 3410 2694 inducebantur
3422 2632 3475 2692 in
3486 2651 3679 2710 ermrem,

2260 2730 2553 2806 putantes
2579 2724 2825 2786 animas
2852 2731 3204 2804 martyrum
3233 2725 3367 2786 inde
3397 2726 3571 2805 juvari

2347 2821 2412 2880 ll
2430 2862 2445 2879 .
2491 2817 2617 2880 Sed
2640 2817 2868 2880 veriori
2894 2822 2961 2880 et
2989 2817 3236 2880 clariori
3254 2835 3423 2880 sensu
3442 2835 3534 2898 per
3554 2819 3676 2882 saie-

2267 2917 2467 2977 torum
2493 2913 2785 2994 spiritus,
2816 2917 3213 2974 mortuorum
3238 2911 3454 2973 animas
3486 2911 3681 2990 intelligi·

2265 3022 2431 3082 mus,
2456 3022 2599 3085 quae
2640 3023 2771 3066 non
2817 3005 3075 3087 proprie
3109 3003 3388 3068 dicuntur
3419 3003 3680 3086 perturbari,

2266 3099 2381 3161 sed
2452 3099 2904 3178 metaphorice,
2958 3103 3271 3178 quatenus
3338 3097 3418 3159 eis
3470 3095 3678 3176 displicet,

2265 3189 2519 3271 quando
2539 3191 2827 3253 homines
2850 3190 3093 3271 aliquid
3111 3191 3549 3272 superstitiosum
3568 3189 3611 3248 in
3625 3207 3683 3248 ea·

2266 3302 2407 3346 rum
2435 3285 2725 3348 levamen
2754 3284 2856 3348 vel
2882 3283 3193 3347 honorem
3220 3283 3341 3346 fieri
3372 3283 3558 3346 vident.
3578 3282 3683 3354 Quo-

2266 3377 2457 3440 modo
2486 3377 2639 3441 dixit
2658 3378 3033 3442 Ambrosius
3058 3379 3101 3440 l.
3136 3381 3198 3454 2,
3228 3396 3325 3460 ep.
3351 3380 3407 3453 8,
3430 3376 3625 3456 loquens
3636 3373 3683 3434 de

2267 3470 2545 3552 quadam
2606 3471 2949 3547 defuncta„
2978 3471 3131 3538 Non
3164 3488 3281 3534 esso
3321 3469 3683 3548 ”testificandam

2266 3563 2589 3648 lacrymis,
2620 3567 2726 3630 sed
2746 3565 3126 3630 orationibus
3135 3565 3461 3646 juvandam.
3484 3565 3541 3623 Et
3568 3563 3683 3639 juxta

2266 3658 2435 3722 hanc
2462 3659 2916 3740 expositionem
2945 3657 3279 3721 dicendum
3310 3662 3395 3719 est
3417 3673 3529 3718 eam
3564 3670 3683 3714 cere·

2265 3753 2541 3814 moniam
2560 3758 2711 3816 tunc
2734 3750 2924 3814 fuisse
2952 3751 3341 3832 prohibitam,
3370 3749 3492 3830 quia
3505 3747 3681 3808 fortasse

2266 3844 2505 3926 aliquid
2531 3845 2612 3908 de
2640 3862 2850 3908 errore
2880 3844 3215 3908 Gentilium
3238 3843 3543 3922 irrepserat,
3563 3845 3605 3902 et
3620 3856 3682 3898 ac·

2266 3940 2473 4002 censis
2497 3938 2765 4010 facibus,
2793 3939 3019 4002 ritibus
3061 3935 3466 4020 superstitiosis
3506 3933 3683 3995 Sancto·

2263 4051 2405 4096 rum
2427 4033 2650 4096 animae
2673 4033 3129 4096 invocabantur
3140 4047 3161 4112 3
3190 4033 3251 4094 et
3272 4031 3495 4092 fortasse
3514 4025 3600 4086 hac
3620 4039 3681 4082 ra·

2266 4128 2435 4191 tione
2458 4128 2694 4190 dictum
2722 4131 2819 4190 est
2844 4146 2977 4191 non
3028 4127 3256 4190 dehere
3280 4127 3580 4187 Sanctorum
3600 4115 3681 4192 spi·

2262 4221 2419 4283 ritus
2460 4220 2823 4301 inquietari,
2854 4222 3015 4284 sicut
3042 4224 3073 4284 1
3106 4223 3252 4300 Reg.
3280 4219 3353 4280 28
3387 4214 3510 4280 dixit
3537 4209 3679 4273 anima

2260 4315 2613 4378 Samuelis:
2649 4314 2846 4388 Quare
2886 4313 3235 4396 inquietasti
3273 4309 3393 4374 mo?
3420 4306 3515 4380 'Qui
3536 4302 3677 4385 *eliam

2261 4406 2563 4488 loquendi
2580 4407 2807 4468 modus
2852 4407 3024 4489 apud
3078 4405 3340 4468 ethnicos
3364 4405 3491 4472 erat,
3511 4396 3590 4476 qni
3621 4394 3677 4453 in·

2264 4500 2725 4563 cantationibus
2752 4499 3045 4562 dicebant
3072 4497 3377 4579 inquietari
3398 4491 3589 4555 animas
3606 4485 3676 4546 de·

2261 4595 2645 4666 functorum,
2689 4612 2803 4656 seu
2846 4593 3183 4670 sollicitari,
3206 4597 3271 4652 ut
3317 4585 3565 4670 significat
3598 4577 3673 4640 Pli-

2262 4687 2433 4758 nius,
2461 4685 2505 4750 l.
2540 4689 2641 4759 28,
2666 4705 2803 4768 cap.
2820 4689 2880 4748 2.
2900 4687 3188 4749 Cessante
3216 4702 3351 4764 ergo
3375 4677 3515 4744 omni
3534 4689 3671 4752 super·

2262 4780 2537 4856 stitione,
2569 4779 2865 4860 omnique
2888 4780 3053 4843 illius
3074 4777 3375 4841 occasione
3396 4779 3447 4835 et
3464 4763 3669 4852 pericsslffi

2264 4881 2501 4936 certum
2538 4880 2635 4938 est
2661 4875 3102 4937 caeremoniam
3128 4873 3288 4935 illam
3316 4886 3425 4930 non
3450 4881 3557 4926 esse
3588 4875 3670 4918 ma·

2257 4967 2413 5043 lam,
2440 4967 2553 5030 sed
2582 4967 2788 5048 potius
2818 4967 3145 5030 honestam
3175 4969 3235 5028 et
3272 4959 3589 5042 religiosam
3612 4966 3670 5008 ΘΓ·

2261 5057 2514 5122 dinatur
2548 5061 2717 5122 enim
2740 5059 2804 5122 in
2835 5059 3115 5122 divinum
3138 5059 3430 5128 honorem,
3452 5055 3502 5111 et
3532 5043 3589 5107 ad
3606 5057 3668 5101 ex·

2262 5152 2546 5216 citandos
2574 5153 2818 5216 animos
2855 5153 3131 5216 fidelium
3172 5149 3247 5213 ad
3286 5144 3612 5210 devotionem,
3629 5135 3665 5191 el

2260 5268 2438 5330 spem
2466 5249 2678 5329 gloriae
2707 5254 2768 5310 et
2814 5255 3064 5312 aeternae
3113 5247 3243 5309 vitae
3268 5243 3476 5313 future,
3508 5241 3555 5296 ut
3586 5229 3663 5289 1²1⁶

2257 5349 2478 5404 tractat
2504 5341 2941 5424 Hieronymu3‚
2975 5361 3076 5424 ep.
3099 5339 3178 5404 ad
3227 5339 3433 5418 Ripar.,
3453 5335 3501 5392 et
3516 5327 3547 5388 1.
3573 5336 3665 5383 con·

2256 5442 2354 5500 tra
2374 5435 2796 5518 vigilantium.
2832 5437 3195 5518 Exemplum
3246 5430 3411 5508 hujus
3452 5423 3523 5486 est
3552 5407 3663 5493 apud
