3892 6167
533 234 649 299 584

532 365 602 407 se
634 363 879 411 summe
908 350 1129 411 sancta
1151 349 1215 406 et
1236 339 1553 405 excellens
1566 356 1588 420 3
1608 342 1673 403 at
1697 358 1849 403 vero
1871 340 2092 403 huma-

532 440 697 503 nitas
740 438 989 512 Christi,
1034 437 1087 501 si
1143 436 1533 517 concipiatur
1575 440 1645 497 ut
1704 434 2090 497 sanctificata

533 552 647 614 per
678 534 947 615 gratiam
976 532 1257 606 unioniS,
1284 529 1435 593 licet
1460 528 1659 602 possit
1681 527 1747 589 in
1776 526 2088 591 abstracto

534 628 776 707 concipi
828 634 899 689 ut
940 626 1196 707 praecisa
1224 642 1261 685 a
1286 622 1519 696 Verbo,
1558 639 1687 683 non
1728 628 1941 685 tamen
1980 641 2091 703 po·

532 726 653 782 test
701 720 979 783 abstrahi
1026 720 1109 781 ab
1164 717 1381 779 ordine
1436 733 1551 777 seu
1587 714 1956 777 habitudine
2007 714 2090 775 ad

532 814 834 887 Verbum,
877 814 1023 895 quia
1056 814 1195 891 ipsa
1235 810 1386 871 unio
1437 806 1775 870 intrinsece
1824 808 2090 871 includit

535 909 697 969 hanc
726 906 1179 971 habitudinem.

614 1002 713 1063 16.
746 1001 1117 1081 Objecti0.—
1137 996 1443 1061 Solvitur.
1460 1027 1541 1043 -—·
1560 994 1687 1059 Sed
1711 994 1859 1057 hinc
1884 995 2094 1057 insur-

532 1093 621 1171 git
649 1093 978 1155 difficultas
1022 1089 1441 1167 contra-hanc
1475 1096 1745 1170 partem,
1770 1089 1919 1167 quia
1953 1089 2092 1151 haec

534 1186 835 1249 habitudo
885 1206 995 1249 seu
1043 1186 1265 1247 relatio
1319 1182 1914 1255 transcendentalis,
1960 1201 2090 1245 non

532 1279 982 1357 aptitudinalis,
1020 1286 1091 1341 ut
1136 1280 1225 1341 sic
1265 1276 1495 1351 dicam,
1526 1276 1641 1339 sed
1668 1276 1932 1339 actualis
1969 1281 2088 1349 est,

534 1372 682 1451 quia
731 1390 859 1434 non
917 1379 1011 1435 est
1038 1372 1404 1453 aptitudinis
1456 1370 1537 1433 ad
1574 1371 1914 1443 unionem;
1959 1370 2090 1431 haec

536 1466 702 1527 enim
749 1483 879 1527 non
908 1466 1345 1540 sanctificat,et
1394 1464 1743 1527 communis
1795 1467 1890 1525 est
1920 1464 2092 1525 omni

534 1560 951 1632 liumanita'ti3
1021 1558 1135 1621 sed
1186 1564 1282 1621 est
1332 1557 1594 1619 actualis
1652 1556 1933 1629 unionis;
1991 1575 2092 1617 ac-

534 1652 723 1715 tualis
769 1652 1162 1727 autemflunio
1205 1670 1337 1713 nou
1386 1657 1589 1731 potest
1627 1652 1711 1712 ita
1742 1648 2018 1711 abstrahi
2056 1666 2096 1709 a

534 1748 839 1819 termino,
889 1746 1037 1827 quin
1093 1745 1267 1806 illum
1319 1752 1463 1807 actu
1494 1742 1793 1805 includat.
1842 1743 1915 1804 Et
1944 1760 2095 1805 con·

532 1841 841 1915 firmatur,
889 1858 1036 1901 nam
1080 1839 1469 1919 impossibile
1510 1844 1603 1898 est
1646 1836 1975 1915 concipere
2005 1835 2094 1899 ef-

536 1933 767 1994 fectum
820 1932 1167 2006 formalem,
1200 1950 1329 1993 non
1380 1929 1757 1993 includendo
1790 1928 2091 2007 formam;

538 2045 688 2107 ergo
728 2025 1111 2105 impossibile
1155 2031 1243 2087 est
1272 2028 1600 2105 concipere
1638 2024 2096 2085 humanitatem

538 2124 609 2180 ut
636 2126 917 2181 sanctam
946 2164 961 2193 ,
1005 2120 1155 2199 quin
1199 2119 1263 2180 in
1296 2137 1372 2181 eo
1401 2124 1711 2199 conceptu
1740 2116 2097 2179 includatur

537 2213 738 2277 forma
784 2230 909 2292 qua
956 2210 1406 2287 sanctificatum
1452 2212 1589 2273 haec
1634 2217 1847 2273 autem
1892 2210 2096 2271 forma

539 2306 707 2367 illam
736 2304 1133 2367 sanctificans
1165 2306 1283 2367 hoc
1324 2323 1559 2385 genere
1587 2302 2098 2366 sanctificationis

539 2406 632 2461 cst
683 2400 821 2480 ipsa
862 2400 1186 2472 divinitae,
1227 2416 1365 2477 quae
1414 2405 1747 2479 propterea
1786 2397 2012 2459 dicitur
2059 2414 2098 2457 a

539 2494 785 2554 Sanctis
824 2492 1107 2555 Patribus
1148 2510 1288 2555 esse
1324 2493 1532 2553 oleum
1567 2511 1680 2554 seu
1718 2491 1931 2555 unctio
1969 2490 2094 2553 hu—

544 2585 885 2660 manitatiS‚
933 2597 1001 2647 ut
1041 2604 1231 2666 supra
1260 2585 1552 2675 vidimuS,
1593 2604 1655 2665 q.
1689 2589 1767 2665 '13
1800 2603 1951 2665 ergo
1981 2602 2101 2647 ne-

548 2698 725 2742 ccsse
754 2686 849 2741 est
876 2680 937 2740 in
958 2679 1370 2753 humanitate,
1400 2686 1699 2759 concepta
1721 2687 1791 2742 ut
1813 2681 1901 2741 sic
1920 2697 2103 2741 sanc-

542 2781 631 2851 ta,
658 2772 893 2835 includi
929 2771 1362 2851 divinitatem3
1396 2780 1457 2835 et
1485 2780 1941 2853 consequenter
1983 2791 2102 2834 ne·-

541 2885 719 2929 ccsse
758 2865 947 2929 etiam
978 2873 1109 2941 est,
1142 2886 1253 2947 per
1281 2867 1451 2929 illam
1488 2866 1941 2939 adorationem,
1973 2883 2100 2944 qua

542 2958 843 3021 adoratur
896 2958 1253 3021 humanitas
1304 2968 1373 3021 ut
1409 2960 1497 3021 sic
1546 2966 1799 3035 sancta,
1850 2957 2100 3020 adorari

544 3052 733 3113 etiam
769 3052 1180 3115 divinitatem.
1231 3053 1663 3132 Respondetur
1702 3053 1783 3115 ad
1825 3053 2100 3132 priorem

542 3152 819 3225 partein,
858 3164 1077 3207 verum
1110 3164 1245 3207 esse
1291 3147 1454 3207 hanc
1492 3146 1920 3209 habitudinem
1961 3164 2100 3209 esse

544 3238 807 3301 actualis
840 3237 1112 3314 unioniS,
1137 3258 1328 3319 quam
1358 3258 1617 3303 necesse
1647 3248 1745 3303 est
1771 3241 1835 3301 in
1865 3258 1931 3301 re
1963 3258 2102 3303 esse

545 3332 943 3413 conjunctam
974 3351 1088 3395 suo
1119 3333 1419 3407 termium
1443 3341 1506 3396 et
1527 3334 1647 3395 hoc
1676 3332 1865 3395 modo
1893 3339 1982 3394 est
2001 3352 2106 3395 ve·

545 3446 685 3489 rum
717 3445 845 3489 non
880 3446 1061 3509 posse
1091 3426 1153 3489 in
1200 3446 1269 3489 re
1310 3428 1587 3489 abstrahi
1614 3446 1726 3488 seu
1756 3428 2036 3508 separari
2063 3446 2104 3487 a

546 3521 841 3583 termino.
864 3520 1093 3583 Verum
1120 3522 1304 3583 etiam
1329 3527 1423 3583 est
1449 3539 1575 3583 non
1597 3538 1778 3601 posse
1802 3521 2102 3583 unionem

542 3632 655 3676 seu
693 3612 957 3675 formam
1002 3620 1072 3676 ut
1122 3614 1357 3676 unitam
1389 3616 1629 3695 concipi
1652 3661 1671 3690 ,
1705 3615 1855 3693 quin
1886 3615 2100 3693 aliquo

539 3706 728 3769 modo
760 3706 1146 3787 concipiatur
1167 3709 1525 3787 terminus,
1561 3708 1972 3771 nihilominus
2000 3714 2099 3771 ta-

539 3818 689 3863 men
729 3818 950 3863 verum
985 3801 1173 3863 etiam
1216 3808 1311 3862 est
1339 3819 1523 3881 posse
1557 3801 1850 3864 unionem
1884 3809 1946 3863 et
1975 3800 2098 3863 for-

538 3912 707 3957 mam
749 3900 819 3956 ut
868 3892 1107 3956 unitam
1147 3896 1391 3975 concipi
1430 3903 1735 3977 tanquam
1791 3914 1925 3957 rem
1972 3896 2098 3956 dis-

538 3988 794 4049 tinctam
818 4006 859 4049 a
887 3991 1177 4063 termino,
1205 3996 1268 4053 et
1292 4008 1421 4053 non
1448 3990 1871 4053 includentem
1892 3993 2099 4071 ipsum

538 4079 874 4143 intrinsece
910 4086 972 4143 et
1010 4082 1074 4143 in
1102 4092 1301 4156 recto,
1346 4090 1417 4144 ut
1459 4084 1656 4159 aiunt,
1698 4085 1808 4149 sed
1838 4086 1901 4147 in
1934 4084 2100 4147 obli-

541 4189 689 4251 quo,
733 4180 793 4233 et
841 4180 1140 4253 tanquam
1174 4175 1495 4248 additum,
1548 4178 1710 4241 sicut
1756 4178 2100 4241 includitur

538 4265 846 4327 terminus
876 4266 941 4327 in
966 4273 1273 4347 conceptu
1304 4271 1757 4349 cujuscumque
1785 4272 1945 4335 entis
1969 4290 2102 4335 res-

538 4358 792 4437 pectivi3
829 4367 889 4421 et
934 4361 1050 4421 hoc
1078 4360 1266 4423 modo
1313 4362 1787 4426 concedendum
1840 4368 1935 4427 est
1976 4363 2100 4428 hu·-

538 4451 905 4513 manitatem
927 4450 1149 4515 Christi
1178 4460 1247 4515 ut
1274 4457 1536 4531 unitam,
1560 4462 1623 4519 et
1644 4457 2096 4521 sanctificatam

538 4544 739 4624 gratia
768 4545 1038 4621 unioniS,
1079 4548 1319 4629 concipi
1352 4549 1608 4628 quidem
1658 4552 1717 4613 in
1758 4552 2094 4626 abstracto,

539 4644 727 4717 atque
760 4638 841 4703 ita
868 4640 931 4701 in
961 4640 1065 4703 illo
1092 4640 1400 4720 objectivo
1428 4651 1734 4725 conceptu
1754 4690 1770 4717 ,
1798 4648 1978 4726 quasi
2005 4646 2100 4709 di·

532 4738 731 4807 reem,
756 4751 883 4794 non
909 4732 1141 4797 includi
1170 4735 1505 4799 intrinsece
1526 4737 1825 4812 Verbum,
1858 4739 2096 4803 includi

533 4830 749 4885 tamen
778 4824 1105 4901 indirecte,
1157 4834 1219 4889 et
1265 4834 1566 4909 tanquam
1594 4830 1901 4907 additum,
1949 4833 2098 4911 quia

536 4924 632 4977 est
660 4918 965 4981 terminus
1011 4939 1201 5003 quem
1248 4924 1503 5003 respicit
1546 4924 1650 4987 illa
1700 4924 1871 4987 unio.
1918 4925 2098 4997 Quod

532 5009 617 5070 ita
648 5008 1004 5074 declaratur
1032 5027 1095 5076 et
1119 5014 1546 5092 confirmatur,
1570 5036 1721 5078 nam
1752 5026 2094 5098 conceptus

531 5101 937 5166 humanitatis
961 5106 1205 5180 Christi,
1232 5110 1421 5171 etiam
1452 5118 1523 5171 ut
1550 5111 1640 5171 sic
1668 5112 2090 5183 sanctificatae,

532 5194 693 5254 alius
730 5202 824 5259 est
852 5216 889 5257 a
920 5203 1229 5279 conceptu
1273 5202 1602 5281 ipsiusmet
1640 5203 1897 5277 Christi,
1944 5205 2096 5283 quia

530 5286 887 5349 humanitas
921 5298 987 5351 ut
1025 5291 1111 5353 sic
1150 5311 1277 5355 non
1321 5296 1665 5377 concipitur
1695 5304 1759 5359 ut
1799 5316 2090 5377 persona,

532 5380 647 5447 sod
680 5389 747 5449 ut
784 5382 981 5449 forma
1019 5385 1194 5449 unita
1226 5404 1529 5469 personae,
1577 5408 1785 5477 neque
1814 5398 1884 5457 ut
1926 5409 2093 5457 com-

1750 241 1990 303 QUAEST.
2023 241 2172 291 XXV.
2208 241 2406 295 Amic.
2445 243 2504 295 tt.

2169 342 2375 421 posita
2399 361 2478 405 ex
2505 340 2740 421 duplici
2775 345 3002 421 natura
3022 386 3042 417 ,
3089 338 3210 403 sed
3237 346 3304 405 ιιι
3325 348 3526 411 natura
3545 360 3658 416 actu

2170 454 2558 516 componens
2587 446 2775 497 unam
2804 452 3141 514 personam
3169 453 3312 496 cum
3336 437 3448 498 alia
3464 449 3658 521 natum

2171 546 2322 607 ergo
2351 549 2478 591 non
2506 530 2594 591 ita
2633 529 2972 591 includitur
3003 528 3066 590 in
3094 529 3208 589 illo
3251 536 3526 610 conceptu
3559 556 3658 619 per.

2170 642 2326 687 sona
2365 625 2574 699 Verbi,
2619 630 2729 687 aut
2755 622 3066 697 divinitas,
3099 623 3266 685 sicut
3289 623 3586 689 includitur
3609 633 3658 695 in

2170 724 2476 797 conceptu
2517 717 2780 789 Christi,
2832 720 2902 777 ut
2951 716 3292 777 intrinsece
3339 734 3655 798 componens

2171 828 2282 872 seu
2311 811 2698 873 constituens
2727 810 2928 871 illum.
2977 809 3162 880 Quod
3189 808 3254 869 in
3278 812 3502 873 caeteris
3521 817 3660 879 etiam

2167 904 2386 967 formis
2415 912 2476 967 et
2501 902 2864 983 compositis
2891 902 3108 965 videre
3127 902 3309 979 licet;
3329 920 3464 965 nam
3481 905 3538 967 iu
3553 927 3662 973 con-

2173 1007 2357 1077 ceptu
2389 998 2616 1061 animae
2653 1006 2724 1060 ut
2762 998 2958 1060 unitae
2981 994 3300 1073 materiae,
3330 996 3491 1061 aliter
3509 1001 3661 1065 incla-

2171 1090 2339 1155 ditur
2363 1093 2624 1153 materia
2645 1109 2837 1171 quam
2867 1092 2931 1152 in
2959 1096 3273 1169 conceptu
3301 1090 3658 1174 humanitatis,

2170 1185 2322 1264 quia
2350 1184 2524 1247 aliud
2565 1192 2662 1247 est
2704 1185 2939 1258 anima,
2975 1183 3170 1247 etiam
3201 1189 3272 1245 ut
3299 1184 3482 1257 unita,
3517 1204 3662 1265 quam

2171 1278 2561 1347 humanitas;
2599 1278 2759 1338 sicut
2785 1278 2974 1339 etiam
3003 1276 3259 1343 albedo,
3289 1282 3496 1339 utactu
3521 1280 3662 1345 inha-

2171 1390 2342 1447 renS‚
2370 1370 2539 1433 aliud
2565 1378 2660 1433 est
2677 1388 2870 1451 quam
2899 1370 3149 1444 album;
3167 1378 3234 1433 et
3251 1373 3515 1451 quamvis
3531 1382 3584 1436 ut
3599 1378 3662 1437 iu-

2172 1464 2418 1527 hoerens
2442 1464 2854 1544 concipiatur,
2883 1464 3091 1527 adhuc
3131 1464 3200 1525 in
3239 1463 3530 1527 abstracto
3551 1485 3663 1531 eon-

2175 1558 2431 1639 cipitur,
2469 1565 2531 1621 et
2557 1576 2686 1619 non
2717 1563 2915 1619 totum
2945 1571 3320 1619 concretum
3343 1576 3448 1619 seu
3471 1578 3664 1641 compo-

2173 1653 2393 1727 situm3
2423 1652 2512 1715 sic
2541 1670 2692 1732 ergo
2740 1657 2948 1731 potest
2979 1651 3228 1730 concipi
3271 1651 3584 1716 humanitas
3617 1658 3662 1719 in

2176 1744 2517 1819 abstracto,
2551 1745 2840 1823 quamvis
2885 1750 2956 1807 ut
2994 1744 3228 1807 affecta
3254 1746 3472 1807 unione
3509 1752 3666 1811 conei-

2176 1838 2406 1917 piatur.

2257 1935 2357 1994 Π.
2385 1929 2564 1993 Unde
2595 1931 2674 1993 ad
2705 1931 2968 1996 alteram
2999 1937 3248 2011 partem
3277 1930 3446 1995 facile
3469 1952 3664 2015 respou-

2178 2025 2308 2085 deri
2328 2032 2552 2105 potest,
2571 2024 2864 2102 formam,
2891 2025 3236 2087 intrinsece
3251 2026 3660 2092 sanctificantem

2175 2118 2630 2180 humanitatem
2652 2164 2673 2194 ,
2713 2136 2852 2179 esse
2885 2119 3192 2181 unionem
3223 2135 3358 2195 quie
3381 2119 3486 2197 ipsi
3509 2122 3659 2183 adha-

2177 2215 2292 2285 ret,
2351 2217 2414 2273 et
2444 2212 2512 2273 in
2561 2218 2868 2293 conceptu
2915 2213 3055 2291 ejus
3105 2219 3178 2273 ut
3219 2211 3306 2273 sic
3343 2215 3660 2280 sanctificate

2177 2305 2514 2367 intrinsece
2555 2306 2930 2380 includitur3
2960 2306 3246 2367 Verbum
3277 2312 3476 2369 autem
3499 2310 3552 2370 in
3578 2313 3660 2375 hee

2177 2416 2368 2459 sensu
2413 2416 2543 2459 non
2588 2397 2924 2459 intrinsece
2953 2398 3352 2461 sanctificare
3389 2401 3659 2465 humanita·

2177 2499 2302 2554 tem
2341 2510 2455 2572 per
2491 2492 2752 2553 modum
2779 2492 2996 2555 formae
3023 2493 3398 2567 intrinsecae,
3417 2496 3514 2555 sed
3532 2500 3656 2574 quasi

2184 2585 2574 2660 extrinsecae,
2609 2585 2675 2647 id
2704 2591 2823 2661 est,
2863 2592 3170 2663 tanquam
3199 2587 3508 2647 terminum
3535 2590 3657 2650 unio·

2180 2679 2316 2752 nis;
2351 2686 2412 2741 et
2457 2680 2576 2743 hoc
2607 2680 2755 2741 satis
2783 2683 2948 2742 esset
2981 2680 3066 2741 ad
3107 2679 3570 2743 satisfaciendum
3591 2702 3656 2743 ar-

2184 2778 2522 2851 gument03
2567 2772 2794 2835 dicitur
2823 2775 2988 2833 enim
3013 2772 3294 2833 Verbum
3341 2790 3468 2835 esse
3509 2776 3655 2835 unctio

2183 2866 2614 2939 humanitatis,
2632 2868 2779 2945 quia
2801 2870 3096 2927 terminat
3121 2866 3414 2929 unionem
3433 2869 3562 2947 ejuS.
3581 2869 3655 2929 Po-

2179 2963 2308 3020 test
2337 2966 2548 3022 autem
2579 2960 2840 3022 ulterius
2869 2962 2932 3021 in
2961 2959 3134 3023 hunc
3173 2960 3422 3023 modum
3446 2961 3658 3023 declara-

2181 3053 2260 3115 ri:
2294 3071 2442 3115 nam
2465 3054 2602 3115 haec
2629 3053 3034 3117 sanctificatio
3057 3054 3164 3117 vel
3183 3054 3516 3117 excellentia
3532 3056 3654 3117 unio·

2181 3148 2280 3207 nis
2309 3147 2692 3209 considerari
2714 3153 2938 3227 potest,
2963 3148 3060 3211 vel
3089 3149 3158 3209 in
3189 3148 3400 3211 ordine
3425 3148 3496 3210 ad
3512 3148 3654 3213 Chris-

2184 3246 2341 3313 tum,
2374 3248 2444 3303 ut
2473 3247 2569 3303 est
2599 3242 2699 3303 hic
2729 3242 2917 3303 homo
2957 3243 3158 3319 Deue;
3194 3249 3256 3305 et
3293 3243 3378 3303 sic
3403 3243 3650 3303 intrinsece

2185 3334 2448 3395 includit
2471 3352 2808 3415 personam
2832 3334 3048 3411 Verbi,
3069 3354 3151 3397 ex
3169 3354 3294 3415 qua
3322 3343 3384 3399 et
3407 3355 3474 3399 ex
3495 3336 3650 3397 huma·

2185 3428 2378 3489 nitate
2407 3430 2834 3509 componitur;
2859 3430 2961 3491 vel
2979 3432 3362 3493 considerari
3381 3438 3550 3510 potest
3564 3450 3650 3492 res-

2184 3528 2368 3600 pectu
2399 3522 2803 3585 humanitatis
2818 3538 2840 3601 3
2873 3523 3050 3585 etsie
3077 3542 3210 3585 non
3237 3524 3650 3585 includiturver-

2181 3616 2334 3677 bum
2362 3617 2700 3680 intrinsece
2735 3617 2802 3677 in
2829 3616 2958 3691 illa,
2989 3618 3182 3679 etiam
3213 3625 3280 3681 ut
3305 3618 3500 3679 affecta
3523 3616 3648 3676 unio-

2181 3728 2288 3783 ne,
2317 3709 2428 3771 sed
2446 3711 2776 3790 respicitur
2799 3712 3004 3773 solum
3032 3717 3102 3773 nt
3127 3713 3420 3776 terminus
3436 3710 3644 3781 unionis;

2180 3802 2370 3881 igitur
2417 3804 2638 3865 eodem
2701 3804 2891 3867 modo
2951 3805 3269 3867 concurrit
3315 3804 3549 3865 Verbum
3593 3801 3648 3862 ad

2181 3896 2738 3961 sanctificationem
2761 3898 3172 3961 humanitatis
3193 3905 3468 3978 tanquam
3483 3896 3648 3958 extrin-

2181 4008 2324 4052 seca
2365 3990 2568 4053 forma
2603 3992 2778 4070 ejuS,
2807 3992 2958 4054 unio
2986 4010 3142 4053 vero
3183 3999 3458 4071 tanquam
3493 3990 3648 4051 intrin-

2182 4102 2349 4148 seca.
2383 4085 2458 4145 Et
2485 4085 2842 4149 declaratur
2869 4092 3200 4166 praeterea,
3226 4104 3368 4147 nam
3391 4086 3504 4145 haec
3521 4100 3648 4143 sanc·

2179 4178 2438 4241 tiflcatio
2488 4178 2898 4243 humanitatis
2919 4180 3144 4243 Christi
3173 4186 3280 4243 aut
3305 4176 3646 4243 consideretur

2179 4278 2480 4352 tanquam
2511 4273 2746 4352 aliquid
2775 4275 3118 4354 physicum
3169 4274 3467 4337 adhaerens
3491 4272 3644 4331 huma·

2177 4368 2378 4439 nitati,
2423 4374 2538 4429 aut
2584 4368 2786 4429 solum
2825 4385 2941 4446 per
2983 4367 3244 4429 modum
3285 4365 3558 4445 cujusdem
3584 4360 3642 4420 di·

2179 4462 2432 4540 gnitatis
2470 4460 2730 4523 moralis
2758 4504 2775 4533 ,
2807 4460 3127 4538 quomodo
3157 4461 3337 4524 etiam
3365 4461 3480 4537 ipsa
3501 4454 3640 4536 gratia

2179 4560 2390 4617 creata
2419 4554 2644 4615 animae
2677 4554 2896 4615 Christi
2933 4554 3122 4616 habet
3147 4571 3226 4617 ex
3269 4553 3475 4613 unione
3495 4545 3637 4610 intini-

2176 4652 2372 4710 tatem
2415 4647 2754 4727 quamdam
2797 4647 3126 4726 dignitatis
3169 4647 3516 4717 moralis,ut
3545 4640 3632 4715 q.'l

2177 4739 2564 4803 declaratum
2591 4744 2710 4803 est.
2757 4740 2952 4801 Priori
2983 4739 3176 4803 modo
3211 4736 3555 4801 sanctificatio
3573 4736 3637 4793 est

2177 4833 2524 4895 formaliter
2557 4834 2848 4914 proxime
2897 4832 2979 4895 ab
3024 4835 3278 4905 unione,
3314 4849 3434 4911 quae
3469 4830 3520 4889 in
3543 4828 3634 4905 ipsa

2175 4928 2566 4991 humanitate
2607 4928 2976 5007 concipitur,
3028 4927 3268 4989 etiamsi
3307 4926 3564 4987 abstracta
3591 4921 3634 4978 et

2175 5022 2432 5101 praecisa
2492 5040 2530 5082 a
2577 5022 2788 5083 Verbo
2845 5020 3268 5101 concipiatur,
3331 5035 3434 5079 nec
3473 5018 3630 5093 praeter

2177 5115 2478 5175 unionem
2515 5114 2754 5193 aliquid
2801 5114 2973 5177 aliud
3013 5114 3183 5176 reale
3221 5120 3282 5175 et
3303 5103 3626 5191 physicumin

2175 5207 2282 5269 tali
2315 5207 2703 5269 humanitate
2747 5208 3133 5285 intelligitur,
3175 5204 3334 5286 quod
3355 5201 3514 5283 possit
3541 5196 3624 5255 for-

2173 5300 2422 5362 maliter
2451 5301 2814 5379 hujusmodi
2841 5300 3372 5363 sanctificationem
3395 5292 3618 5356 conferre·

2176 5394 2506 5460 Posteriori
2543 5402 2760 5457 autem
2804 5394 2996 5457 modo
3045 5394 3277 5463 admitti
3307 5394 3472 5475 potest
3511 5386 3618 5444 hane
