3892 6167
487 332 567 391 92
775 378 816 417 0

487 436 663 509 tiam,
697 434 842 514 quia
868 452 994 495 non
1021 440 1282 513 possunt
1303 440 1432 495 tam
1455 434 1672 495 intime
1699 435 1959 496 effectus
1992 434 2057 493 in

488 528 710 607 seipsis
741 526 994 603 intueri,
1029 528 1140 589 sed
1187 530 1388 589 solum
1437 532 1743 607 quantum
1799 545 1913 607 per
1952 546 2057 587 cx-

487 628 670 684 terna
690 622 870 701 signa
899 627 1221 701 apparent.
1245 622 1658 685 Nihilominus
1682 620 1918 683 habere
1947 638 2059 700 po-

488 720 741 777 tuerunt
762 720 1002 777 tantam
1029 716 1429 792 evidentiam,
1465 716 1686 778 saltem
1720 714 2051 789 moralem,

487 813 580 885 ut,
607 809 742 869 sine
791 826 1024 889 magna
1049 809 1394 871 temeritate
1443 814 1508 871 et
1553 808 1783 886 insigni
1817 808 2054 869 malitia

487 920 840 983 repugnare
855 922 983 965 non
1001 911 1280 984 possent,
1295 912 1365 967 ut
1377 904 1512 984 ipse
1523 904 1846 977 Dominus,
1866 904 1900 965 J
1905 922 2049 964 oan.

492 999 570 1059 13
595 1002 656 1058 et
700 998 800 1072 14,
831 1003 1094 1059 testatus
1121 1012 1236 1061 est.
1268 1000 1344 1059 Et
1371 998 1644 1060 breviter
1674 998 2049 1071 declaratur,

487 1108 637 1151 nam
667 1090 746 1151 de
785 1092 1030 1153 ratione
1077 1092 1361 1154 miraculi
1393 1092 1519 1152 duo
1551 1096 1716 1151 sunt.
1751 1090 2050 1164 Primum,

489 1186 562 1245 ut
589 1183 670 1245 sit
709 1183 1028 1245 insolitum
1059 1200 1218 1265 opus
1245 1190 1308 1247 et
1337 1184 1923 1259 extraordinarium,
1952 1182 2056 1244 vel

489 1278 556 1339 in
595 1280 842 1354 effectu,
875 1278 972 1339 vel
1008 1276 1074 1338 in
1122 1276 1334 1339 modu.
1373 1276 1755 1351 Secundum,
1785 1282 1854 1337 ut
1895 1292 2057 1355 opus

492 1372 572 1433 sit
593 1373 741 1447 talo,
773 1371 944 1451 quod
970 1388 1084 1451 per
1124 1372 1443 1433 naturales
1488 1388 1705 1433 causas
1750 1370 1886 1431 fieri
1927 1386 2057 1429 non

489 1467 686 1546 possit
709 1480 728 1543 3
761 1464 1121 1543 hujusmodi
1171 1471 1382 1525 autem
1437 1464 1627 1525 fuisse
1686 1482 1877 1543 opera
1918 1480 2059 1541 quae

491 1560 770 1621 Christus
793 1558 1084 1631 faciebat,
1117 1574 1230 1638 per
1275 1576 1340 1619 se
1389 1563 1610 1619 notum
1655 1560 1770 1633 est,
1802 1562 1937 1618 tum
1984 1572 2060 1615 ex

491 1652 642 1733 ipsis
687 1652 1053 1727 effectibus,
1105 1652 1322 1731 quales
1355 1657 1501 1712 sunt
1538 1651 1856 1712 suscitatio
1897 1668 2061 1711 mor·-

493 1753 766 1819 tuorum,
802 1746 1109 1809 restitutio
1147 1747 1334 1822 visua,
1373 1752 1489 1809 etc.
1522 1766 1537 1821 ;
1571 1752 1705 1809 tum
1735 1764 1814 1808 ex
1843 1744 2057 1821 modu,

495 1843 641 1922 quia
671 1840 902 1914 subite,
925 1840 1060 1901 sine
1087 1840 1215 1902 ulla
1235 1840 1612 1916 resistentia,
1635 1840 1768 1901 solo
1795 1839 2061 1919 imperio

492 1935 632 1997 haec
651 1933 943 2009 faciebat,
973 1939 1035 1996 et
1061 1932 1316 1995 morbos
1353 1933 1544 1995 etiam
1567 1932 1951 1995 incurabiles
1978 1930 2061 1993 ad

493 2044 938 2108 quamcunque
983 2026 1380 2101 distantiam,
1429 2027 1562 2087 sine
1610 2024 2059 2104 impedimento

491 2122 802 2201 interjecti
847 2120 1145 2201 corporis,
1180 2126 1242 2182 et
1287 2138 1417 2183 non
1459 2120 1542 2182 ad
1573 2120 1830 2182 modum
1869 2138 2063 2200 agen·-

491 2216 648 2279 tium
674 2215 1077 2289 naturalium,
1105 2214 1219 2275 sed
1245 2205 1520 2294 imperio'
1549 2232 1665 2275 suo
1696 2212 1979 2275 sanabat.

444 2389 446 2392 Ι
571 2310 632 2371 2.
663 2308 844 2383 Quod
868 2315 1078 2371 autem
1099 2308 1204 2369 illa
1220 2326 1410 2387 opera
1433 2326 1651 2369 revera
1677 2308 1826 2369 talia
1850 2310 2063 2369 essent

493 2403 701 2479 qualia
730 2402 1142 2481 apparebant,
1177 2401 1430 2463 evidens
1469 2402 1660 2463 etiam
1691 2418 1830 2463 esse
1858 2400 2063 2479 potuit

491 2498 768 2559 humana
795 2496 1069 2574 quadam
1089 2502 1151 2557 et
1164 2494 1436 2557 naturali
1463 2494 1796 2557 evidentia.
1825 2494 2055 2570 Prim0‚

495 2609 573 2653 ex
595 2590 990 2651 multitudine
1014 2589 1238 2650 talium
1267 2606 1551 2668 operum,
1585 2606 1852 2667 quorum
1883 2588 2063 2649 effec-

495 2689 596 2745 tus
629 2688 809 2744 erant
838 2682 1112 2744 diuturni
1129 2686 1189 2743 et
1219 2688 1713 2761 perseveranteS,
1744 2688 1805 2744 et
1833 2683 1896 2743 in
1927 2680 2069 2742 nul-

493 2776 556 2838 lo
591 2794 810 2838 eorum
840 2776 1098 2837 inventa
1115 2781 1210 2837 est
1235 2774 1478 2836 fallacia
1502 2774 1601 2836 vel
1622 2776 1926 2855 deceptiO,
1962 2794 2067 2836 cn·

493 2873 600 2952 jus
625 2870 882 2933 evidens
910 2870 1158 2949 signum
1191 2874 1303 2941 est,
1337 2867 1530 2948 quod,
1557 2886 1698 2930 cum
1731 2870 1985 2949 saepiuS‚
2006 2872 2067 2931 et

499 2964 700 3024 multo
731 2970 1034 3042 tempore,
1071 2968 1132 3025 et
1156 2962 1324 3023 inter
1349 2962 1562 3023 hostes
1599 2980 1770 3039 suos,
1799 2961 1907 3037 qui
1935 2980 2066 3023 ma-

494 3060 663 3118 ximo
691 3056 836 3117 odio
878 3056 1057 3117 illum
1099 3054 1670 3135 prosequebantur,
1702 3056 1836 3117 haec
1881 3056 2068 3117 fuerit

499 3150 778 3211 Christus
812 3153 1132 3228 operatus,
1159 3166 1487 3229 nunquam
1515 3154 1728 3210 tamen
1764 3148 1854 3209 illi
1899 3148 2067 3227 obje-

494 3250 716 3305 cerunt
756 3242 1186 3321 deceptionem
1219 3248 1330 3303 aut
1369 3242 1703 3304 falsitatem
1734 3242 1802 3301 in
1845 3242 2067 3321 hujus-

495 3338 665 3399 modi
715 3336 1007 3416 operibus
1027 3382 1048 3413 ,
1091 3352 1302 3416 neque
1358 3336 1547 3399 etiam
1599 3354 1880 3415 unquam
1928 3334 2064 3397 ausi

493 3436 642 3493 sunt
675 3448 905 3508 negare
941 3429 1042 3491 vol
1071 3430 1369 3491 Lazarum
1394 3448 1542 3493 vere
1579 3430 1767 3491 fuisse
1798 3432 2064 3492 suscita-

492 3533 651 3600 tum,
672 3524 770 3585 vel
791 3541 955 3586 caeco
983 3540 1021 3584 a
1045 3522 1366 3585 nativitate
1413 3524 1617 3585 visum
1641 3542 1788 3585 vere
1813 3525 2064 3586 restitu-

491 3626 647 3694 tum,
670 3634 1029 3698 quanquam
1045 3616 1364 3679 interdum
1387 3617 1756 3698 ignoranter
1772 3622 1834 3678 et
1859 3618 2063 3697 impu·

489 3713 714 3775 denter
733 3711 1268 3773 calumniarentur
1292 3710 1428 3773 haec
1443 3710 1577 3772 fieri
1606 3728 1681 3772 ex
1707 3714 1888 3789 pacto
1917 3728 2062 3773 cum

491 3804 902 3878 daemonibus,
935 3804 1116 3883 quasi
1165 3822 1314 3866 vero
1343 3804 1462 3884 ipsi
1489 3802 1808 3866 daemones
1839 3804 2063 3865 talium

491 3916 749 3978 opernm
787 3903 1072 3959 auctores
1115 3916 1252 3959 esse
1281 3903 1558 3978 possent.
1613 3896 1900 3959 Secundo
1925 3944 1944 3972 ,
1995 3896 2063 3958 id

493 4000 780 4054 constare
831 3996 1080 4072 poterat
1124 4008 1270 4053 vere
1327 3992 1596 4054 evidenti
1649 3991 2055 4071 experientia.

492 4086 642 4159 Quis
673 4084 841 4147 enim
872 4084 1158 4146 dubitare
1199 4090 1413 4163 posset
1447 4102 1618 4157 eum,
1661 4085 1771 4163 qui
1806 4084 2062 4163 triginta

493 4186 558 4239 ct
589 4184 728 4239 octo
762 4178 944 4239 annis
975 4178 1040 4237 in
1068 4176 1226 4240 lecto
1268 4178 1540 4256 jacebat,
1572 4196 1718 4239 vere
1749 4178 1942 4239 fuisse
1970 4179 2065 4239 in-

491 4272 746 4333 firmum
771 4274 794 4331 ‘t
823 4274 930 4331 aut
958 4288 1127 4346 eum,
1155 4271 1259 4350 qui
1281 4270 1486 4332 subito
1515 4272 1684 4332 visus
1710 4278 1804 4333 est
1831 4273 2064 4334 lectum

491 4384 674 4427 suum
711 4368 984 4443 portare,
1011 4380 1160 4425 vere
1188 4364 1382 4425 fuisse
1411 4366 1742 4425 sanatum?
1773 4366 2067 4428 Similiter

371 4461 393 4479 ³
494 4462 631 4519 erat
661 4455 920 4519 evidens
937 4455 1256 4519 hominem
1289 4474 1520 4519 caecum
1549 4476 1586 4518 a
1607 4458 1927 4521 nativitate
1956 4478 2067 4522 ve-

491 4570 560 4614 re
600 4549 876 4614 caruisse
901 4550 1082 4626 visu3
1129 4556 1190 4611 et
1224 4550 1505 4613 similiter
1532 4551 1866 4615 manifeste
1912 4570 2061 4614 con-

491 4652 655 4708 stare
685 4650 929 4725 poterat
954 4644 1160 4723 ipsum
1189 4650 1409 4724 postea
1442 4664 1588 4708 vere
1627 4647 1876 4709 vidisse.
1907 4650 2061 4709 Ter-

489 4740 600 4812 tio,
627 4740 788 4799 hanc
813 4738 1142 4799 veritatem
1171 4740 1444 4799 maxime
1470 4738 1917 4820 comprobabat
1964 4741 2059 4821 ip·

491 4833 621 4893 sius
679 4830 902 4893 Christi
947 4832 1070 4894 vita
1120 4832 1634 4895 innocentissima
1654 4880 1669 4909 ,
1721 4841 1784 4896 et
1843 4852 2058 4897 rerum

489 4924 929 5005 temporalium
977 4932 1389 5006 contemptus,
1423 4926 1677 5002 Quart0‚
1713 4926 1776 4988 id
1831 4926 2056 5006 conjici

489 5024 736 5100 poterat
765 5036 840 5081 ex
863 5018 990 5081 fine
1015 5024 1076 5081 et
1095 5018 1322 5082 effectu
1344 5020 1564 5083 talium
1595 5040 1856 5101 operum
1875 5040 1888 5096 ;
1905 5022 2054 5082 ideo

491 5116 659 5176 enim
689 5114 792 5175 illa
821 5113 1113 5188 faciebat,
1140 5120 1210 5177 ut
1237 5114 1524 5175 homines
1547 5115 1630 5175 ad
1659 5117 1787 5176 veri
1821 5116 1934 5176 Dei
1952 5132 2059 5176 co-

491 5208 836 5288 gnitionem
871 5213 933 5269 et
961 5224 1266 5269 amorem.
1299 5213 1361 5269 et
1407 5208 1489 5268 ad
1523 5208 1817 5269 virtutem
1847 5214 1908 5270 et
1935 5208 2057 5270 ho-

487 5308 797 5365 nestatem
825 5301 1332 5381 prosequendam
1361 5303 1677 5377 traheret3
1713 5320 1838 5381 quo
1870 5320 2059 5383 argu·

487 5402 700 5459 mento
727 5414 878 5457 usus
907 5402 1002 5457 est
1026 5396 1164 5475 ipse
1205 5394 1422 5457 Matth.
1453 5398 1553 5472 12,
1587 5402 1657 5458 ut
1695 5396 2057 5459 ostenderet

491 5504 559 5552 se
589 5508 718 5553 non
743 5490 987 5571 operari
1017 5506 1095 5551 ex
1115 5494 1297 5569 pacto
1326 5488 1704 5567 daemonum,
1751 5490 1900 5570 quia
1927 5508 2055 5555 om-

1722 330 1957 396 QUAEST.
1992 330 2122 385 xm.
2156 330 2357 387 Anne.
2392 332 2477 387 IV.

2138 451 2211 499 ne
2233 452 2504 516 reanum,
2525 430 2751 513 inquit,
2782 431 2851 496 in
2896 448 2957 495 se
3000 430 3279 495 divisum
3328 427 3691 507 desolabitur,

2140 532 2257 588 etc.
2294 528 2403 588 His
2433 544 2583 607 ergo
2628 525 2834 588 modis
2874 525 3075 605 potuit
3130 540 3283 585 esse
3338 522 3588 584 evidens
3612 524 3693 598 iis,

2138 622 2244 699 qui
2264 622 2491 685 Christi
2522 638 2715 700 opera
2744 620 3057 695 viderunt,
3086 624 3157 679 et
3180 616 3431 695 experti
3460 622 3617 693 sunt,
3636 618 3698 677 il-

2136 715 2268 776 lum
2304 734 2381 777 ex
2412 714 2870 795 supernaturali
2901 718 2962 776 et
2992 712 3213 775 divina
3254 711 3490 773 virtute
3532 711 3697 773 fuisse

2137 816 2489 891 operatum.
2523 812 2600 872 At
2646 828 2795 871 vero
2826 808 2922 883 iis,
2966 808 3185 887 quiea
3236 824 3374 867 non
3408 804 3695 883 viderunt,

2138 906 2250 967 sed
2276 904 2632 980 audierunt,
2665 920 2795 965 non
2837 908 3043 983 potest
3070 904 3201 963 hoc
3236 918 3385 963 esse
3427 906 3551 961 tam
3599 902 3700 961 evi-

2136 998 2294 1061 dens
2316 999 2407 1077 (ut.
2423 1014 2538 1076 per
2558 1016 2627 1059 se
2648 994 2933 1077 constat);
2952 1002 3171 1057 tamen
3193 992 3441 1075 estltam
3465 998 3697 1067 certum,

2136 1099 2443 1171 quantum
2474 1109 2611 1153 esse
2644 1095 2849 1169 potest
2874 1108 2975 1150 res
3018 1088 3267 1168 aliqua,
3308 1104 3453 1165 quas
3477 1102 3599 1147 non
3622 1106 3701 1147 so-

2136 1188 2268 1248 lum
2294 1185 2419 1247 fide
2444 1184 2655 1246 divina
2680 1188 2943 1257 constat,
2970 1182 3083 1244 sed
3118 1182 3329 1243 etiam
3356 1180 3485 1242 fide
3514 1180 3701 1239 huma·

2138 1298 2221 1341 na
2259 1285 2449 1341 tantae
2490 1276 2901 1353 certitudinis»,
2933 1280 3006 1339 nt
3047 1276 3131 1337 ab
3172 1273 3447 1337 homine
3476 1274 3698 1335 cordato

2138 1374 2203 1435 in
2240 1373 2503 1433 dubium
2548 1371 2831 1432 revocari
2865 1389 2994 1431 non
3036 1368 3242 1450 possit
3276 1388 3295 1443 ς
3336 1369 3405 1428 in
3436 1382 3558 1445 qua
3594 1384 3699 1427 non

2138 1466 2453 1526 immerito
2483 1464 2603 1526 dici
2647 1470 2853 1544 potest
2895 1463 3102 1525 inesse
3148 1460 3488 1542 quoddam
3528 1478 3699 1541 genus

2138 1559 2433 1620 humanm
2478 1558 2827 1635 evidentiae,
2854 1564 2945 1631 ut,
2990 1556 3173 1619 verbi
3212 1555 3446 1636 gratia,
3473 1554 3629 1634 quod
3672 1572 3700 1613 a

2139 1652 2273 1715 Tito
2301 1658 2365 1714 et
2396 1652 2781 1731 Vespasiano
2834 1651 3277 1730 Hierosolyma
3322 1652 3561 1710 vastata
3588 1646 3699 1707 fue-

2140 1746 2243 1821 rit,
2272 1752 2337 1807 et
2364 1746 2629 1822 similia3
2658 1751 2788 1806 tam
2838 1750 3083 1806 certum
3117 1742 3303 1804 enim
3358 1748 3424 1803 et
3476 1740 3699 1802 evidens

2138 1841 2418 1901 humano
2438 1838 2627 1901 modo
2646 1845 2743 1901 est
2758 1844 2821 1900 et
2835 1838 3149 1900 Christum
3177 1836 3514 1898 hominem
3536 1835 3697 1895 fuisse

2138 1934 2207 1995 in
2234 1932 2496 2009 munde,
2531 1938 2597 1995 et
2624 1950 2723 2008 ea,
2761 1948 2901 2010 quse
2923 1932 3003 1993 de
3037 1932 3145 1992 illo
3184 1936 3553 2002 narrantur,
3580 1944 3699 2005 ope·
3811 1980 3813 1983 ,

2140 2033 2348 2089 ratum
2374 2044 2556 2102 esse;
2592 2026 2885 2088 omnibus
2930 2042 3083 2105 ergo
3113 2029 3375 2087 constat
3400 2023 3573 2083 illum
3605 2020 3697 2081 ha·
3811 2042 3813 2089 ς

2140 2120 2351 2182 huisse
2388 2120 2511 2181 hoc
2562 2120 3006 2182 miraculorum
3058 2118 3335 2181 donum.
3382 2118 3473 2177 De
3500 2132 3614 2193 qua
3644 2130 3697 2173 re

2140 2215 2325 2295 plura
2354 2215 2643 2276 dicentur
2670 2214 2733 2274 in
2774 2212 3039 2274 materia
3064 2210 3143 2273 de
3176 2211 3361 2273 Fide.

2222 2311 2282 2371 3.
2330 2308 2475 2370 Dico
2516 2307 2793 2369 secundo
2821 2328 2837 2368 :
2864 2309 2997 2369 haec
3036 2306 3243 2369 virtus
3280 2302 3698 2367 miraculorum

2140 2404 2256 2465 fuit
2286 2404 2351 2464 in
2386 2402 2621 2463 Christo
2650 2402 2907 2463 homine
2935 2406 3401 2481 permanenter
3441 2416 3554 2479 per
3592 2414 3697 2455 mo-

2142 2499 2295 2560 dum
2329 2497 2600 2573 habituS,
2628 2496 2693 2557 in
2728 2514 2851 2575 quo
2885 2496 3042 2556 alios
3078 2494 3439 2575 Prophetas
3468 2510 3574 2553 seu
3608 2490 3697 2549 ho-

2140 2592 2344 2653 mines
2367 2596 2611 2652 sanctos
2627 2590 2944 2669 superavit
2960 2604 2980 2667 ;
3013 2588 3117 2649 alii
3140 2588 3323 2649 enim
3340 2604 3469 2648 non
3496 2584 3696 2645 hahent

2147 2684 2312 2746 hanc
2352 2688 2723 2763 potestatem
2772 2682 2949 2761 quasi
2998 2680 3397 2743 habitualem
3423 2724 3439 2753 ,
3484 2684 3551 2738 ut
3590 2676 3692 2746 illa,

2149 2796 2295 2839 cum
2336 2776 2671 2849 voluerint,
2702 2774 2794 2837 uti
2845 2774 3125 2854 possint;
3187 2774 3307 2835 sed
3370 2770 3567 2834 solum
3606 2786 3697 2847 pcr

2146 2872 2407 2932 modum
2430 2870 2760 2949 cujusdam
2798 2868 3063 2930 actionis
3098 2866 3495 2929 transeuntis
3530 2865 3694 2923 inter-

2148 2964 2301 3026 dum
2330 2965 2496 3026 illam
2519 2964 2849 3043 recipiunt,
2874 2967 2943 3025 ut
2969 2962 3321 3041 Gregorius
3350 2960 3588 3029 tractat,
3604 2952 3689 3013 lib.

2146 3060 2185 3119 2
2216 3058 2481 3139 Dialog„
2510 3074 2565 3119 c.
2612 3058 2725 3133 313
2759 3062 2822 3118 et
2864 3056 3052 3118 latius
3108 3056 3185 3116 D.
3240 3054 3499 3125 Thom.,
3526 3053 3581 3111 2.
3624 3048 3690 3120 Ξ,

2149 3157 2368 3231 quaest.
2395 3152 2733 3213 centesima
2768 3148 3239 3229 septuagesima
3276 3152 3523 3216 octava,
3554 3162 3606 3203 a.
3640 3142 3691 3213 {3

2150 3252 2215 3307 at
2242 3264 2391 3307 vero
2420 3245 2700 3307 Christus
2728 3244 2955 3305 dicitur
2994 3242 3231 3304 habere
3263 3241 3433 3302 hanc
3456 3242 3693 3318 potesta-

2144 3345 2275 3401 tem
2322 3343 2831 3417 permanentem,
2872 3342 2935 3398 et
2984 3353 3097 3415 per
3144 3336 3417 3397 modum
3446 3330 3690 3401 habitus,

2144 3434 2319 3512 quia,
2347 3432 2507 3493 sicut
2533 3430 2849 3492 habitibus
2868 3430 3104 3491 utimur
3126 3446 3278 3490 cum
3302 3420 3693 3496 volumus,ita

2144 3526 2275 3605 ipse
2304 3525 2559 3586 arbitrio
2584 3540 2723 3600 suo,
2752 3530 2815 3585 et
2842 3522 2925 3584 ad
2949 3528 3175 3583 nutum
3196 3540 3331 3583 suoe
3362 3514 3689 3583 voluntatis

2144 3624 2389 3698 poterat
2411 3617 2715 3679 miracula
2740 3617 2969 3690 facere,
2986 3616 3167 3695 juxta
3196 3616 3361 3678 illud
3400 3610 3606 3674 Matth.
3624 3608 3688 3665 8:

2145 3713 2418 3784 Domine,
2448 3714 2506 3773 si
2530 3711 2645 3785 vis,
2670 3716 2841 3791 potes
2877 3728 2967 3773 me
3009 3709 3304 3772 mundare
3316 3732 3345 3782 ‚·
3374 3722 3540 3779 nam,
3570 3702 3692 3763 licet

2142 3804 2299 3865 illud
2326 3804 2511 3866 fuerit
2539 3822 2576 3864 a
2621 3804 2869 3884 leproso
2894 3802 3156 3877 dictum,
3190 3800 3368 3881 quod
3396 3805 3597 3861 autem
3630 3806 3689 3851 ex

2142 3914 2291 3958 vera
2312 3897 2435 3958 fide
2463 3896 2652 3958 fuerit
2686 3896 3059 3976 profectum,
3091 3896 3222 3975 ipse
3264 3894 3565 3956 Dominus
3608 3902 3690 3946 os-

2142 3992 2363 4065 tendit,
2395 3990 2643 4052 dicens:
2676 3990 2839 4066 Vola,
2865 3990 3175 4053 mundare.
3202 3988 3383 4052 Unde
3404 3987 3439 4048 J
3445 4002 3578 4046 oan.
3606 3980 3683 4051 Η,

2145 4104 2290 4146 cum
2316 4086 2397 4146 ad
2440 4084 2865 4146 suscitandum
2914 4082 3217 4144 Lazarum
3268 4082 3543 4144 Christus
3571 4090 3689 4135 ora-

2150 4180 2379 4241 tionem
2408 4179 2829 4259 praemisisset,
2850 4182 3107 4257 propter
3126 4194 3259 4252 eos,
3287 4176 3393 4255 qui
3424 4170 3683 4241 aderant,

2147 4272 2299 4334 dixit
2329 4290 2397 4334 se
2426 4272 2489 4335 id
2536 4272 2780 4347 fecisse,
2824 4290 2949 4331 non
2984 4270 3153 4350 quod
3192 4274 3329 4351 ipse
3379 4264 3718 4345 indigeret.-

2146 4366 2323 4429 Ratio
2350 4386 2499 4429 vero
2544 4372 2663 4442 est,
2694 4366 2841 4445 quia
2889 4366 3022 4426 hoec
3052 4364 3249 4429 virtus
3298 4364 3445 4426 data
3479 4362 3566 4421 est
3588 4356 3683 4415 hu-

2146 4461 2431 4522 manitati
2470 4461 2652 4541 quasi
2690 4459 3041 4540 proprietas
3084 4474 3483 4539 consequens
3528 4448 3684 4511 unio-

2146 4573 2290 4615 nem
2324 4574 2338 4628 ;
2374 4555 2483 4616 sed
2516 4555 2656 4632 ipsa
2686 4554 2840 4617 unio
2873 4558 2968 4614 est
2998 4570 3379 4632 permanens
3403 4554 3461 4611 et
3485 4556 3681 4626 perpe-

2138 4652 2277 4721 tua3
2310 4666 2483 4727 ergo.
2536 4647 2734 4727 Major
2781 4650 3028 4707 constat
3085 4664 3164 4707 ex
3216 4645 3392 4707 dictis
3434 4638 3680 4702 sectione

2137 4740 2541 4821 praecedenti,
2564 4746 2717 4803 etex
2738 4738 2969 4802 Concil.
3006 4740 3236 4819 EpheS.
3272 4738 3535 4807 dicente,
3565 4742 3681 4791 car-

2138 4852 2270 4897 nem
2293 4832 2532 4898 Christi
2550 4852 2671 4899 esse
2688 4834 3142 4911 vivificatricem
3161 4838 3408 4914 propter
3432 4824 3679 4891 unionem

2137 4928 2221 4991 ad
2261 4928 2513 4995 Verbum
2537 4954 2562 5001 ,·
2594 4928 2661 4987 in
2712 4925 2941 5005 quibus
2978 4926 3185 4988 verbis
3213 4926 3357 4987 satis
3394 4914 3677 4999 significa-

2136 5028 2239 5085 tur
2266 5028 2328 5084 et
2348 5023 2647 5083 unionem
2675 5020 2757 5081 ad
2782 5022 3058 5083 Verbum
3098 5038 3234 5081 esse
3278 5016 3543 5080 radicem
3570 5006 3674 5066 hu-

2132 5116 2236 5195 jus
2265 5115 2612 5194 potestatiS,
2640 5118 2701 5176 et
2720 5118 3057 5194 utrumque
3088 5132 3225 5174 esse
3252 5126 3429 5190 aeque
3453 5114 3673 5201 permef-

2136 5226 2296 5270 nens
2340 5208 2407 5269 in
2462 5208 2687 5268 Christi
2724 5208 3134 5269 humanitate.
3185 5202 3499 5275 Secundo,
3544 5204 3671 5271 qma

2136 5301 2425 5363 voluntas
2480 5300 2700 5362 Christi
2746 5301 3039 5376 hominis,
3076 5300 3266 5361 etiam
3318 5299 3370 5360 si
3421 5294 3665 5355 humana

2136 5396 2235 5469 sit,
2270 5401 2603 5457 esttamen
2624 5396 2913 5457 voluntas
2943 5394 3167 5457 divinae
3196 5402 3509 5475 personae3
3538 5391 3663 5455 erg⁰

2136 5488 2407 5569 oportuit
2435 5494 2506 5553 ut
2524 5506 2777 5570 semper
2798 5494 2965 5553 esset
2992 5488 3237 5567 efficax,
3264 5488 3553 5569 quantum
3576 5470 3665 5534 ab·
