3892 6167
549 401 629 458 ⁴215

549 501 1026 582 chrysostomus
1068 500 1256 564 etiam
1305 498 1460 562 locis
1501 500 1588 562 ibi
1637 500 1840 566 citatis
1889 507 2109 581 aperte

549 596 818 658 excludit
843 594 1470 674 comprehensionem
1497 595 1605 657 Dei
1638 596 1700 658 in
1743 595 1859 658 hoc
1888 613 2102 657 sensu.

546 691 830 754 Insinuat
857 690 1041 750 etiam
1075 689 1255 750 valde
1299 689 1580 762 Nazian.,
1611 707 1762 750 nam
1802 690 1949 752 licet
1984 688 2109 750 fre-

548 785 844 862 quentius
895 782 1188 862 loquatur
1230 783 1307 844 de
1362 782 1701 844 viatoribus
1723 827 1742 858 ‚
1791 781 2107 846 interdum

549 883 760 940 tamen
789 877 1068 940 extendit
1115 895 1471 938 sermonem
1515 876 1598 938 ad
1627 895 1870 952 omnes,
1907 883 1971 939 et
2014 877 2108 938 lo-

549 974 760 1051 quitur
789 990 865 1034 ex
884 977 1061 1051 parte
1085 971 1336 1051 objecti.
1361 971 1726 1052 Specialiter
1754 969 2109 1051 ponderan-

547 1067 698 1132 dum
729 1073 828 1130 est
851 1065 1116 1128 verbum
1143 1064 1317 1139 illud,
1347 1071 1504 1127 orat.
1538 1067 1638 1140 84,
1678 1085 1744 1128 n.
1776 1069 1814 1127 4
1847 1083 1864 1127 z
1892 1064 1974 1130 Si
1988 1083 2109 1128 non

544 1177 820 1241 prorsus,
849 1166 916 1223 at
952 1166 1109 1224 certe
1138 1159 1401 1239 plenius,
1429 1160 1834 1240 loquiturque
1863 1159 1944 1221 de
1989 1161 2110 1220 An-

549 1255 704 1335 gelis
733 1255 1086 1316 videntibus
1114 1256 1340 1328 Deum,
1370 1271 1531 1334 quos
1575 1254 1727 1317 dicit
1763 1272 1892 1316 non
1931 1272 2110 1334 pror-

547 1369 656 1412 sus
684 1349 895 1412 videre
919 1369 934 1423 3
975 1355 1038 1412 et
1066 1355 1224 1410 orat.
1249 1350 1350 1423 36,
1373 1367 1438 1410 n.
1462 1349 1581 1411 66:
1612 1349 2111 1423 Quemadmodum

544 1462 712 1507 mmo
739 1449 832 1506 est
867 1443 970 1524 qui
1025 1463 1220 1506 aerem
1261 1449 1448 1506 totum
1499 1459 1764 1524 unquam
1813 1443 2107 1516 hauserit,

543 1539 640 1600 ita
664 1539 780 1600 Dei
819 1543 1112 1600 naturam
1139 1555 1243 1600 nec
1269 1555 1436 1599 mens
1471 1553 1736 1616 unquam
1782 1533 1915 1598 ulla
1937 1553 2113 1613 pror·-

546 1649 652 1694 eus
701 1633 989 1712 concepit.
1022 1632 1094 1692 In
1132 1631 1228 1690 bis
1259 1631 1449 1692 etiam
1477 1647 1616 1707 quse
1653 1647 1732 1690 ex
1757 1628 2111 1705 Augustino

546 1725 754 1795 retuli,
785 1724 1196 1803 ponderanda
1251 1728 1398 1785 sunt
1445 1723 1552 1784 illa
1598 1723 1820 1784 ultima
1871 1722 2103 1797 verba,

543 1819 742 1880 Deum
773 1837 912 1880 esse
953 1817 1680 1898 incomprehensibilem,
1712 1815 1853 1896 quia
1871 1816 2112 1895 plenam

545 1914 675 1993 ejus
703 1918 992 1976 naturam
1009 1931 1175 1974 nemo
1200 1914 1399 1975 videre
1419 1916 1632 1990 potest.
1665 1912 1804 1973 Non
1841 1910 2009 1970 enim
2030 1909 2112 1970 ad

543 2005 964 2066 intensionem
995 2005 1090 2066 vel
1111 2005 1457 2066 claritatem
1478 2004 1872 2083 cognitioniS,
1891 2003 2007 2064 sed
2030 2002 2113 2064 ad

545 2098 859 2178 objectum
879 2099 944 2160 id
965 2097 1177 2160 refert.
1208 2099 1282 2160 Et
1305 2098 1528 2159 eodem
1553 2097 1740 2158 modo
1771 2098 2114 2176 loquuntur

543 2193 744 2256 coeteri
773 2193 856 2254 ibi
891 2193 1082 2265 citati,
1103 2199 1166 2253 et
1191 2193 1508 2271 Cypriam,
1535 2191 1604 2252 in
1627 2190 1866 2252 Praefat.
1893 2189 1977 2250 ad
1997 2190 2107 2252 lib.

541 2286 622 2349 de
657 2286 905 2349 Cat-din.
959 2286 1177 2349 Christ.
1239 2303 1462 2364 oper-,3
1513 2291 1576 2346 ct
1621 2284 1838 2360 Basil.‚
1879 2283 1987 2344 lib.
2032 2283 2112 2344 dc

543 2385 706 2444 Vera
733 2382 880 2445 fide.
906 2383 1041 2444 Huc
1065 2382 1321 2458 accedit,
1349 2381 1520 2460 quod
1544 2387 1696 2444 sect.
1724 2383 1753 2443 1
1789 2385 2113 2442 ostensum

544 2481 660 2552 est,
691 2476 856 2536 hanc
899 2475 1357 2556 perfectionem
1411 2474 1785 2555 cognitionis
1819 2473 2109 2536 sufficere

542 2570 624 2630 ad
673 2571 1306 2649 comprehensionem
1361 2569 1758 2648 si1npliciter;
1799 2571 1864 2630 at
1917 2585 2107 2628 nemo

541 2663 694 2725 dicit
745 2664 1054 2736 absolute,
1095 2665 1374 2725 animam
1425 2663 1646 2726 Christi
1687 2662 2109 2742 comprehen-

543 2755 710 2818 disse
746 2757 964 2828 Deum,
991 2763 1102 2817 aut
1151 2763 1504 2818 creaturam
1551 2773 1743 2835 posse
1780 2755 1862 2817 ad
1909 2757 2111 2816 Deum

543 2850 1208 2928 comprehendendum
1231 2850 1497 2927 elevarij,
1535 2867 1707 2929 ergo.

624 2946 722 3006 u.
755 2945 1028 3017 Quanam
1053 2945 1288 3007 ratione
1330 2943 1526 3025 aliqui
1559 2945 1860 3006 intentum
1881 2942 2109 3024 proba-

541 3055 609 3100 re
643 3040 943 3100 studeant.
969 3069 1050 3086 -—
1073 3041 1153 3098 At
1191 3055 1364 3112 vero,
1393 3039 1462 3100 in
1503 3037 1828 3098 reddenda
1866 3037 2111 3100 ratione

543 3148 656 3192 cur
696 3128 815 3190 hoc
846 3135 1176 3209 repugnet,
1207 3147 1340 3192 non
1369 3129 1638 3204 modica,
1671 3131 1740 3191 ut
1779 3128 1926 3203 dixi,
1954 3127 2110 3191 diffi-

541 3223 742 3285 cultas
771 3231 888 3284 est.
934 3225 1198 3296 Quidam
1247 3225 1367 3285 hac
1415 3230 1680 3284 utuntur
1715 3223 1980 3287 ratione.
2015 3223 2109 3284 Ad

541 3318 884 3379 videndum
929 3319 997 3378 in
1031 3319 1158 3378 Deo
1202 3317 1414 3379 omnia
1451 3316 1734 3378 absolute
1781 3317 2106 3396 possibilia

541 3411 896 3473 necessaria
924 3417 1090 3473 esset
1117 3410 1270 3470 visio
1311 3410 1556 3471 infinita
1575 3411 1638 3471 in
1671 3429 1787 3471 sua
1817 3411 2101 3484 entitate,

544 3505 766 3566 saltem
823 3504 1172 3565 secundum
1212 3511 1624 3580 augmentum
1669 3504 2101 3578 extensivum;

545 3598 755 3659 omnia
787 3604 998 3659 autem
1023 3596 1299 3658 infinitus
1327 3597 1392 3656 in
1421 3602 1568 3658 actu
1593 3604 1910 3676 repugnat
1931 3615 2109 3658 crea-

543 3697 721 3764 turae,
750 3699 820 3752 ut
861 3709 1030 3752 nunc
1059 3691 1498 3770 supponimuS,
1539 3695 1603 3752 et
1631 3709 1820 3770 supra
1868 3697 2107 3752 tactum

549 3792 664 3846 cst.
705 3785 1003 3864 Idemque
1037 3791 1480 3864 argumentum
1511 3784 1647 3846 fieri
1684 3791 1889 3864 potest
1917 3785 1997 3847 de
2024 3786 2115 3845 lu-

546 3879 716 3940 mine
749 3880 984 3958 gloriae,
1023 3880 1222 3959 quod,
1255 3881 1515 3952 scilicet,
1553 3879 1770 3941 lumen
1805 3883 1949 3941 actu
1975 3878 2115 3940 infi-

544 3973 744 4034 nitum
765 3973 845 4034 ad
869 3975 1057 4035 talem
1071 3975 1383 4036 visionem
1407 3976 1784 4053 requiratur.
1811 3973 2115 4036 Probatur

546 4072 755 4130 autem
791 4075 1206 4148 assumptum,
1251 4068 1400 4146 quia
1441 4074 1743 4128 creaturoe
1781 4067 2110 4146 possibiles

546 4165 692 4220 sunt
716 4161 995 4234 infinitae,
1015 4179 1126 4222 seu
1159 4162 1222 4222 in
1243 4161 1557 4222 infinitum
1589 4161 1947 4240 simpliciter
1969 4180 2114 4240 pro-

547 4252 798 4326 cedunt,
825 4260 954 4313 tarn
989 4253 1055 4315 in
1089 4256 1478 4334 singularum
1509 4254 1860 4334 specierum
1887 4255 2113 4316 indivi-

547 4345 710 4420 duis,
738 4363 928 4424 quam
946 4347 1006 4406 in
1031 4348 1182 4424 ipsis
1199 4347 1550 4426 speciebus„
1570 4355 1640 4409 ut
1666 4367 1738 4410 ex
1759 4351 1786 4410 1
1813 4367 1902 4428 p.,
1924 4351 2104 4428 q025,

547 4456 856 4518 suppon03
875 4445 935 4500 et
955 4439 1037 4500 ad
1051 4441 1355 4502 videndas
1371 4441 1584 4520 plures
1603 4459 1815 4504 rerum
1833 4443 2104 4520 species,

547 4551 661 4594 seu
689 4532 1101 4611 perfectiones
1130 4534 1196 4594 in
1231 4535 1382 4608 Deo,
1405 4535 1608 4613 major
1641 4553 1755 4598 seu
1805 4535 2110 4597 intensior

546 4627 698 4687 visio
719 4629 1074 4689 necessaria
1101 4631 1217 4700 est,
1234 4632 1296 4690 et
1319 4646 1446 4708 quo
1462 4647 1566 4690 res
1583 4629 1726 4690 visae
1739 4631 1953 4711 plures
1968 4631 2106 4691 fue-

551 4723 695 4797 rint,
731 4739 806 4782 eo
835 4724 1036 4800 major
1072 4723 1188 4782 erit
1216 4722 1516 4801 perfectio
1561 4724 1818 4786 visionis
1847 4725 2111 4786 etlumi-

547 4817 686 4892 nis3
719 4824 780 4876 et
809 4816 872 4875 in
901 4822 1162 4894 utroque
1192 4822 1537 4896 augmento
1575 4818 1870 4897 progredi
1899 4822 2111 4896 potest

550 4911 610 4970 in
637 4907 954 4969 infinitum
981 4928 996 4982 ;
1037 4926 1210 4986 ergo,
1237 4910 1290 4970 si
1321 4927 1397 4971 ex
1429 4916 1607 4989 parte
1635 4911 1859 4990 objecti
1887 4929 2109 4991 perve-

547 5005 718 5065 nitur
755 5003 836 5064 ad
879 5002 1223 5064 videndum
1269 5003 1515 5065 infinita
1559 5003 1954 5084 simpliciter,
2000 5023 2109 5067 ne·-

551 5115 725 5159 cesse
761 5098 949 5158 etiam
980 5103 1075 5159 est
1098 5097 1402 5158 visionem
1434 5099 1635 5177 ipsam
1667 5101 1995 5178 pervenire
2030 5100 2111 5162 ad

549 5190 855 5252 infinitam
885 5191 1300 5252 intensionem
1331 5192 1429 5252 vel
1455 5193 1883 5254 extensionem
1909 5194 1977 5254 in
2006 5213 2107 5256 ac-

553 5293 662 5358 tu;
702 5287 846 5365 quia
871 5303 990 5346 nec
1035 5291 1236 5364 potest
1266 5285 1401 5346 fieri
1451 5305 1748 5348 ascensus
1803 5288 1882 5348 ad
1921 5288 2109 5350 visio-

551 5399 696 5440 nem
727 5381 957 5441 altioris
988 5379 1245 5453 ordiniS,
1275 5397 1482 5459 neque
1507 5380 1571 5441 in
1605 5381 1832 5442 eodem
1885 5382 2107 5446 ordine

552 5479 754 5552 potest
781 5472 915 5536 fieri
944 5480 1376 5554 augmentum,
1407 5474 1526 5536 ni'si
1581 5476 1975 5536 extensivum
2008 5476 2109 5538 vel

553 5566 930 5629 intensivum
950 5588 967 5642 ;
995 5585 1202 5648 neque
1233 5566 1299 5628 in
1330 5585 1406 5628 eo
1447 5575 1786 5646 augmento
1839 5569 2110 5650 sistipo-

1833 401 2067 466 QUAEST.
2103 402 2164 454 X.
2202 403 2346 456 Aur.
2381 405 2465 458 lv,

2189 506 2312 566 test
2338 502 2403 566 in
2448 503 2661 584 aliquo
2696 505 2967 568 termino
2994 504 3197 581 finito,
3242 524 3387 570 cum
3420 525 3760 589 processus

2188 596 2256 656 in
2282 597 2473 658 rebus
2502 599 2649 660 visis
2678 617 2806 660 non
2838 600 3091 662 sitintra
3110 600 3387 680 aliquem
3414 604 3759 666 terminum

2190 689 2459 762 finitum,
2494 692 2605 754 sed
2634 693 2697 752 in
2714 699 2844 756 tota
2875 693 3205 756 latitudine
3234 697 3397 758 entis
3434 698 3754 761 creabilis

2216 853 2223 858 ,
2274 788 2371 848 15.
2424 785 2631 865 Super
2668 788 2904 850 racione
2951 789 3251 865 proediota
3289 793 3557 853 auctoris
3581 792 3763 869 judi·-

2187 881 2469 942 cium.·-
2498 880 2645 942 Haec
2690 881 2844 942 ratio
2898 881 3235 959 aliquando
3288 883 3443 946 mihi
3494 885 3637 946 visa
3668 889 3765 947 est

2188 973 2431 1048 efficax,
2464 979 2529 1035 et
2554 973 2714 1034 sumi
2742 991 2819 1036 ex
2840 975 2915 1036 D.
2942 975 3203 1050 Thema,
3234 979 3263 1036 1
3292 994 3385 1055 p.,
3416 995 3478 1056 q.
3502 981 3609 1055 12,
3640 984 3759 1040 art.

2189 1069 2225 1128 7
2256 1072 2319 1130 et
2344 1068 2407 1143 8,
2436 1084 2586 1128 nam
2610 1067 2673 1126 in
2708 1067 2895 1146 priori
2922 1067 3168 1146 probat,
3204 1069 3405 1130 Deum
3442 1089 3575 1132 uon
3616 1089 3765 1150 pos-

2192 1178 2259 1222 se
2315 1160 2786 1239 comprehendi,
2826 1162 2976 1241 quia
3026 1178 3155 1223 non
3200 1167 3407 1242 potest
3447 1164 3655 1226 videri
3698 1165 3763 1226 in

2190 1253 2433 1316 infinito
2479 1254 2716 1316 lumine
2742 1274 2761 1328 ;
2822 1255 2891 1316 in.
2942 1256 3275 1336 posteriori
3322 1275 3473 1319 vero
3532 1257 3767 1338 probat

2192 1367 2319 1409 non
2348 1365 2535 1428 posse
2585 1355 2937 1412 creaturam
2988 1349 3200 1412 videre
3240 1351 3305 1412 in
3352 1352 3483 1412 Deo
3546 1353 3766 1413 omnia

2192 1443 2533 1523 possibilia,
2556 1443 2703 1521 quia
2736 1443 3295 1523 comprehenderet
3316 1447 3538 1508 Deum.
3582 1446 3763 1510 Unde

2194 1537 2273 1598 de
2299 1538 2501 1619 primo
2531 1537 2612 1597 ad
2639 1535 2923 1600 ultimum
2942 1537 3157 1600 inferri
3176 1539 3445 1612 videtur,
3481 1539 3687 1618 quod,
3710 1539 3761 1602 si

2194 1636 2481 1694 creatura
2510 1630 2747 1694 videret
2776 1631 2841 1694 in
2887 1631 3019 1693 Deo
3048 1632 3260 1694 omnia
3295 1633 3650 1712 possibilia,
3678 1634 3766 1694 vi-

2192 1725 2371 1788 deret
2405 1725 2647 1788 infinito
2696 1724 2957 1798 lumine,
2991 1725 3140 1803 quia
3190 1726 3764 1806 comprehenderet

2190 1819 2424 1897 ipsum,
2456 1826 2519 1880 et
2546 1819 2629 1880 ad
2661 1817 3287 1898 comprehensionem
3328 1820 3765 1882 necessarium

2193 1919 2359 1976 esset
2413 1912 2725 1976 infinitum
2768 1913 3005 1974 lumen.
3038 1911 3213 1974 Unde
3262 1913 3315 1974 si
3370 1912 3717 1992 objiciatur
3745 1958 3760 1987 ‚

2195 2007 2343 2084 quia
2367 2005 2508 2085 plus
2536 2012 2632 2069 est
2658 2005 2871 2068 videre
2912 2006 3111 2068 Deum
3150 2021 3341 2084 quam
3381 2013 3715 2068 creaturas
3746 2026 3760 2079 ;

2196 2100 2311 2165 sed
2340 2100 2417 2162 ad
2443 2099 2786 2162 videndum
2815 2101 3012 2166 Deum
3040 2117 3169 2160 non
3198 2099 3537 2178 requiritur
3550 2098 3766 2160 infini-

2193 2200 2327 2258 tum
2360 2195 2574 2256 lumen
2606 2213 2623 2268 ;
2658 2213 2813 2274 ergo
2842 2210 3049 2272 neque
3075 2194 3157 2254 ad
3185 2194 3487 2257 videndas
3512 2200 3767 2255 creatu-

2193 2307 2343 2362 ras;
2396 2288 2595 2350 facilis
2623 2294 2718 2350 est
2758 2287 3089 2367 responsio
3129 2306 3205 2349 ex
3234 2287 3399 2350 dicto
3447 2287 3763 2360 discursu,

2193 2384 2343 2462 quia
2360 2383 2503 2463 plus
2528 2388 2625 2445 est
2648 2379 3183 2460 comprehendere
3212 2382 3428 2455 Deum,
3454 2399 3657 2460 quam
3680 2379 3767 2441 vi·-

2182 2476 2367 2571 dere,
2389 2483 2452 2539 et
2479 2476 2623 2539 ideo
2648 2475 2727 2536 ad
2754 2475 2908 2536 illud
2939 2480 3143 2554 potest
3170 2475 3524 2537 necessario
3550 2473 3768 2551 requi-

2188 2570 2241 2630 ri
2274 2570 2585 2632 infinitum
2614 2569 2853 2642 lumen,
2884 2568 3029 2630 lieet
3058 2567 3140 2630 ad
3168 2568 3289 2629 hoc
3316 2586 3447 2630 non
3480 2569 3763 2647 requira-

2190 2673 2315 2728 tur.
2347 2664 2577 2726 Videre
2624 2681 2777 2742 ergo
2806 2667 3128 2724 creaturas
3170 2661 3234 2722 in
3265 2679 3333 2722 se
3367 2661 3519 2740 ipsis
3548 2661 3763 2720 minus

2192 2763 2289 2822 est
2312 2777 2503 2837 quam
2526 2756 2741 2818 videre
2770 2755 2968 2816 Deum
2993 2777 3012 2831 ;
3044 2760 3259 2816 tamen
3281 2753 3497 2816 videre
3528 2755 3673 2816 illas
3699 2754 3763 2814 in

2188 2855 2319 2916 Deo
2338 2897 2355 2926 ,
2392 2851 2597 2930 maJus
2640 2849 2795 2928 quid
2842 2854 2938 2910 est
2990 2866 3181 2928 quam
3232 2847 3447 2910 videre
3501 2847 3762 2927 praecise

2190 2946 2411 3017 Deum,
2442 2961 2571 3004 non
2624 2941 2897 3004 videndo
2954 2947 3273 3004 creaturas
3304 2942 3369 3002 in
3417 2941 3576 3020 ipso,
3614 2940 3763 3019 quia

2190 3037 2405 3100 videre
2422 3042 2743 3099 creaturas
2759 3037 2827 3096 in
2842 3036 2991 3110 Deo,
3011 3034 3272 3096 includit
3292 3034 3505 3097 videre
3528 3034 3757 3106 Deum3

2192 3135 2255 3193 et
2276 3130 2489 3192 videre
2512 3130 2723 3210 plures
2749 3135 3071 3192 creaturas
3098 3129 3167 3190 in
3208 3129 3339 3190 Deo
3376 3128 3646 3192 includit
3675 3129 3761 3188 vi-

2190 3225 2341 3287 dere
2393 3225 2595 3286 Deum
2646 3222 3005 3302 perfectiuS,
3056 3223 3299 3284 caeteris
3340 3222 3598 3300 paribus
3629 3245 3649 3298 ς
3700 3228 3759 3282 et

2191 3323 2651 3398 consequenter
2679 3316 2891 3378 videre
2916 3334 3138 3380 omnes
3158 3314 3487 3395 possibiles
3508 3315 3757 3378 videtur

2189 3430 2327 3474 esse
2366 3411 2611 3472 infinite
2650 3410 2865 3472 videre
2896 3411 3122 3482 Deum,
3149 3409 3321 3487 quod
3353 3427 3483 3470 non
3510 3407 3581 3470 fit
3622 3409 3755 3470 sine

2187 3505 2431 3567 infinito
2454 3505 2693 3566 lumine
2726 3510 2788 3565 et
2818 3502 3061 3565 infinita
3086 3503 3348 3564 visione.
3376 3502 3554 3566 Unde
3574 3503 3757 3576 Sot0,

2186 3603 2252 3662 in
2296 3602 2359 3674 4,
2390 3601 2528 3661 loco
2566 3617 2753 3678 supra
2798 3599 3006 3673 citato,
3045 3597 3355 3670 concedit,
3397 3597 3449 3658 si
3489 3615 3601 3677 per
3642 3597 3758 3657 im-

2196 3693 2492 3774 possibile
2526 3691 2887 3754 viderentur
2916 3691 2985 3752 in
3014 3691 3144 3752 Deo
3176 3691 3389 3752 omniu
3437 3690 3755 3770 possibilia

2196 3788 2331 3848 sine
2379 3785 2622 3846 infinita
2674 3784 2989 3860 claritate,
3039 3784 3347 3846 visionem
3397 3783 3568 3845 illam
3627 3799 3754 3844 non

2194 3880 2329 3942 fore
2360 3879 2984 3958 comprehensionem
3006 3896 3023 3953 ;
3044 3879 3158 3940 sed
3181 3879 3325 3941 ideo
3348 3877 3533 3939 talem
3569 3877 3757 3938 visio·

2197 3991 2345 4034 nem
2372 3973 2726 4034 necessario
2757 3971 2892 4033 fore
2923 3973 3575 4051 comprehensionem,
3606 3970 3753 4050 quia

2194 4085 2321 4128 non
2364 4073 2565 4146 potest
2598 4066 2737 4126 fieri
2780 4067 2919 4128 sine
2957 4065 3200 4126 infinito
3242 4065 3518 4137 lumine,
3568 4071 3632 4126 et
3676 4064 3754 4126 ob

2194 4161 2484 4223 eamdem
2512 4179 2767 4222 causam
2784 4179 2923 4222 esse
2944 4159 3397 4239 impossibilem
3425 4167 3751 4222 creaturas.

2274 4257 2373 4316 16.
2410 4255 2532 4316 Sed
2564 4255 2973 4317 nihilominus
3002 4255 3139 4315 haec
3176 4255 3334 4315 ratio
3360 4255 3426 4314 in
3456 4253 3751 4332 praedicto

2194 4366 2379 4410 sensu
2406 4366 2535 4408 non
2562 4355 2687 4408 tam
2718 4348 2936 4410 efficax
2954 4366 3123 4408 nunc
3150 4353 3413 4428 apparet
3436 4347 3610 4422 mihi,
3644 4343 3756 4408 scd

2189 4443 2425 4524 aliquid
2454 4443 2512 4504 ei
2550 4443 2807 4517 addere,
2834 4448 2904 4503 ut
2950 4443 3357 4523 persuadeat,
3382 4443 3595 4521 judico
3646 4458 3754 4501 nc-

2189 4538 2553 4601 cessarium.
2577 4535 2827 4614 Triplex
2868 4554 3019 4614 ergo
3041 4536 3315 4598 infinitas
3340 4542 3544 4614 potest
3572 4535 3753 4596 intel-

2192 4632 2300 4712 ligi
2342 4632 2407 4692 in
2460 4631 2565 4692 tali
2606 4630 2869 4691 visione.
2917 4630 3122 4690 Prima
3163 4637 3259 4692 est
3295 4627 3645 4690 essentialis
3694 4634 3755 4688 et

2192 4725 2507 4805 specifica;
2538 4723 2816 4784 secunda
2846 4722 3165 4784 extensive
3190 4723 3254 4783 in
3284 4723 3503 4784 ordine
3532 4721 3613 4782 ad
3634 4721 3753 4782 ob-

2184 4819 2464 4898 jectum;
2496 4817 2675 4880 tertia
2704 4816 3013 4878 intensiva
3038 4816 3101 4878 in
3142 4816 3358 4878 ordine
3382 4816 3464 4876 ad
3504 4815 3755 4894 subjec-

2189 4919 2346 4973 tum.
2382 4911 2559 4972 Ratio
2592 4929 2743 4989 ergo
2762 4911 2926 4971 facta
2957 4927 3083 4971 non
3113 4910 3395 4990 procedit
3439 4909 3517 4972 de
3545 4910 3751 4990 prima

2190 5004 2499 5067 infinitate
2530 5004 2868 5078 essentiali,
2902 5022 3111 5084 neque
3131 5005 3197 5064 in
3228 5005 3344 5065 hoc
3362 5021 3554 5066 sensu
3582 5003 3652 5065 fit
3671 5003 3753 5064 ab

2192 5099 2553 5160 auctoribus
2579 5099 2715 5177 ejus
2736 5145 2752 5172 ,
2785 5104 2918 5158 tum
2972 5098 3117 5176 quia
3146 5105 3509 5177 supponunt
3561 5096 3753 5158 talem

2190 5195 2517 5266 visionem,
2550 5212 2675 5272 qua
2712 5193 3072 5254 viderentur
3100 5192 3167 5252 in
3195 5195 3321 5255 Deo
3352 5193 3563 5254 omnia
3608 5211 3750 5270 pos-

2192 5287 2421 5362 sibilia,
2452 5305 2591 5348 esse
2624 5291 2899 5347 creatam
2926 5308 2943 5361 3
2973 5305 3102 5346 non
3150 5287 3319 5348 enim
3364 5287 3752 5367 disputamus

2190 5399 2361 5443 nunc
2416 5399 2557 5442 cum
2598 5383 2885 5459 Hugone,
2916 5388 2977 5442 et
3012 5381 3170 5453 aliis,
3204 5383 3310 5461 qui
3360 5389 3741 5462 posuerunt,

2190 5477 2361 5538 illam
2386 5475 2690 5538 visionem
2742 5492 2881 5537 esse
2927 5475 3267 5538 increatam
3289 5499 3307 5552 ;
3334 5477 3489 5538 visio
3534 5483 3745 5540 autem

2190 5577 2400 5634 creata
2426 5587 2555 5632 non
2582 5575 2787 5650 potest
2814 5585 2951 5632 esse
2984 5569 3651 5650 infinita-simpliciter,
3682 5575 3743 5630 et
