3892 6167
1320 292 1641 353 htsru'l'AT.
1678 296 1801 349 mv,
1835 295 2007 351 sEc'r.
2045 298 2102 350 V.

104 399 490 465 Sanctorum
522 399 787 461 omnium
808 398 1105 478 imayines
1130 416 1243 481 pro
1276 400 1513 465 ratione
1538 415 1677 461 san·

104 494 381 565 ctitatis,
402 498 457 554 et
484 491 848 555 eoecellentioe
876 491 1307 571 exemplarium
1330 492 1601 555 colendas
1618 494 1679 553 et

104 587 463 649 acl-orandas
500 602 643 647 ease.
682 584 1007 659 Quocirca,
1054 602 1199 645 cum
1248 585 1313 645 in
1365 582 1677 662 aliquibus

108 678 496 741 testimoniis
528 678 619 739 ihi
646 678 849 739 citatis
872 684 1141 756 negatur
1184 677 1495 755 imagines
1538 692 1675 739 esse

108 772 500 845 adorandaS,
530 770 1011 851 intelligendum
1054 778 1149 833 est
1194 772 1273 833 de
1311 768 1675 833 adoratione

106 867 344 939 latriae,
372 884 485 927 seu
510 863 817 939 absoluta,
840 870 905 926 et
931 872 1187 943 propter
1215 883 1282 926 se
1324 865 1515 944 ipsas,
1563 882 1677 925 seu

108 966 378 1041 propter
412 976 647 1019 numen
690 962 754 1019 et
796 958 1227 1020 excellentiam
1272 975 1409 1037 quae
1436 957 1501 1019 in
1525 957 1677 1037 ipsis

111 1056 211 1115 sit.
266 1052 613 1115 Intendunt
643 1052 815 1113 enim
867 1051 1101 1125 Patres,
1152 1050 1408 1129 quando
1461 1051 1547 1112 ita
1589 1050 1680 1113 lo-

110 1152 427 1225 quuntur,
458 1144 787 1207 excludere
830 1162 1053 1205 eorum
1072 1162 1349 1207 errorem
1369 1144 1477 1225 qui
1500 1161 1677 1207 more

111 1240 460 1301 Gentilium
489 1237 799 1319 imagines
834 1243 903 1300 ut
930 1236 1081 1299 deos
1118 1238 1501 1314 adorabant3
1549 1254 1679 1299 non

112 1332 289 1393 enim
320 1330 659 1391 defuerunt
687 1329 957 1391 haeretici
987 1330 1095 1407 qui
1124 1331 1208 1392 ita
1236 1330 1567 1405 senserint,
1613 1335 1681 1391 ιιι

116 1442 193 1485 ex
243 1424 641 1484 Damasceno
684 1426 953 1497 constat,
1007 1422 1119 1483 lib.
1174 1422 1253 1484 de
1308 1424 1569 1495 HaereS„
1617 1422 1681 1484 in

112 1515 267 1590 fine,
306 1532 546 1595 eosque
594 1514 1247 1595 Christianocateaoros
1292 1519 1506 1586 vocat;
1540 1532 1683 1577 con-

114 1615 209 1670 tra
248 1626 417 1687 quos
448 1608 621 1689 loqui
646 1608 834 1670 etiam
889 1607 1137 1669 videtur
1180 1609 1474 1687 August„
1506 1608 1616 1669 lib.
1642 1610 1675 1671 1

116 1700 193 1763 de
222 1703 389 1764 Mor.
427 1702 693 1779 Eccles.‚
738 1720 795 1764 c·
827 1704 931 1776 34,
976 1708 1039 1765 et
1082 1701 1261 1781 epist.
1298 1704 1439 1773 119,
1472 1719 1527 1764 c.
1576 1704 1676 1765 11.

120 1796 231 1857 Vel
298 1796 497 1857 etiam
554 1794 887 1858 intendunt
942 1794 1371 1857 Iconomachis
1417 1812 1682 1873 respon-

118 1889 289 1966 dere,
348 1906 698 1967 eorumque
742 1886 1117 1969 imperitiam
1156 1906 1457 1967 arguere,
1512 1886 1681 1967 quod

120 1982 419 2047 fidelibus
446 1983 863 2062 imponerent,
893 1982 1065 2061 quod
1104 1982 1412 2061 imagines
1440 1987 1509 2043 ut
1532 1980 1682 2043 deos

121 2079 487 2150 adorarent,
519 2079 589 2136 ut
625 2076 793 2137 clare
821 2081 887 2137 et
912 2075 1141 2137 diserte
1193 2074 1531 2137 declaravit
1575 2075 1684 2137 VII

124 2170 389 2250 Synod„
416 2169 759 2249 praesertim
788 2175 910 2231 act.
940 2172 1017 2239 6;
1071 2173 1132 2230 et
1176 2170 1485 2241 Damaso„
1521 2175 1678 2231 orat.

124 2269 153 2327 1
186 2266 263 2327 de
290 2266 539 2342 Imag.;
594 2266 658 2324 et
707 2263 902 2325 Jonas
954 2262 1349 2339 Aurelianae,
1378 2262 1486 2324 lib.
1522 2264 1551 2323 1
1604 2262 1685 2325 de

122 2355 537 2437 Imaginibu8‚
566 2355 729 2417 eirca
756 2354 1062 2417 medium.

202 2452 299 2513 36.
332 2452 627 2513 Rationes
652 2449 720 2510 in
748 2450 1084 2529 oppositum
1112 2448 1682 2513 dilaniatum-Pri-

129 2562 221 2607 ma
246 2540 537 2623 quomodo
563 2540 634 2603 ab
664 2538 987 2621 aliquibus.
1016 2574 1098 2587 —
1116 2540 1213 2602 Ad
1239 2541 1516 2601 rationes
1548 2558 1682 2601 res-

132 2636 463 2716 pondetur.
497 2634 671 2695 Circa
703 2634 996 2713 primam,
1027 2633 1441 2695 communiter
1470 2632 1689 2693 distin-

132 2733 233 2809 gui
278 2730 445 2791 solet
488 2727 719 2807 duplex
751 2730 995 2789 tantum
1022 2726 1439 2789 consideratio
1466 2724 1692 2803 imagi-

132 2824 248 2897 niS,
278 2822 543 2896 scilicet,
568 2828 635 2903 ut
656 2827 752 2882 est
779 2838 882 2883 res
901 2821 1211 2899 quoedam,
1238 2827 1299 2882 et
1325 2825 1397 2881 ut
1424 2825 1518 2880 est
1538 2819 1692 2881 ima-

135 2935 212 2997 go
244 2922 309 2977 et
341 2921 593 2979 exercet
618 2931 851 2975 munus
898 2912 1221 2991 imaginis,
1255 2918 1319 2975 ct
1354 2911 1471 2973 suh
1498 2908 1692 2992 priori

137 3010 377 3071 ratione
424 3008 595 3069 nullo
643 3007 834 3069 modo
888 3006 1157 3081 adorari,
1200 3005 1316 3067 sub
1360 3004 1693 3085 posteriori

137 3109 353 3164 autem
386 3101 569 3163 simul
616 3118 757 3163 cum
798 3104 1132 3181 prototypo
1162 3098 1409 3161 adorari
1440 3098 1689 3173 dicitur,

141 3214 252 3257 seu
285 3195 511 3257 eadem
552 3193 920 3257 adoratione
968 3210 1092 3271 qua
1142 3196 1545 3271 prototypon.
1598 3192 1691 3251 Ita

137 3287 263 3349 fere
292 3290 372 3349 D.
406 3287 693 3363 Thomas,
742 3286 863 3349 hoc
910 3291 1027 3347 art.
1076 3288 1153 3359 2;
1201 3290 1265 3346 et
1290 3284 1553 3358 Alhert„
1584 3284 1690 3343 Ri-

140 3380 385 3457 chard.,
414 3380 725 3459 Capi-eol„
751 3385 814 3440 et
842 3379 949 3441 alii
972 3378 1129 3440 locis
1157 3377 1379 3439 citatis.
1413 3375 1691 3437 Advertit

139 3480 349 3537 tamen
368 3472 853 3552 cajetanus,sub
864 3471 1058 3553 priori
1074 3471 1381 3545 membro,
1401 3487 1525 3551 quo
1544 3486 1691 3531 con·

139 3567 447 3630 sideratur
472 3566 709 3647 imago,
739 3572 939 3627 utres
967 3564 1259 3643 quaedam
1288 3569 1406 3637 est,
1436 3580 1565 3623 non
1591 3578 1689 3623 so-

138 3660 259 3723 lum
287 3660 741 3741 comprehendi
766 3658 1093 3720 materiam
1132 3656 1451 3737 imginis,
1479 3661 1549 3718 ut
1580 3672 1690 3716 au·

138 3773 271 3815 rum
300 3752 405 3815 vel
432 3754 697 3833 lignum,
722 3752 835 3813 sed
858 3752 1051 3815 ctiam
1072 3748 1361 3823 formam,
1394 3766 1509 3811 seu
1534 3748 1693 3829 figu-

138 3867 297 3923 ram,
337 3848 463 3908 imo
506 3846 876 3907 relationem
911 3845 1203 3925 imaginis
1236 3843 1317 3905 ad
1346 3844 1687 3923 exemplar,

137 3942 255 4003 sive
280 3940 479 4005 realis
524 3940 626 4015 sit,
668 3938 797 4001 sive
839 3938 1131 4015 rationis3
1164 3955 1315 3999 nam
1340 3936 1693 3999 secundum

138 4036 267 4099 haec
300 4033 517 4097 omnia
545 4038 752 4114 potest
778 4032 1118 4095 terminare
1154 4035 1399 4093 motum
1440 4029 1695 4091 distinc-

139 4137 285 4205 tum,
328 4127 527 4211 quiin
564 4126 704 4209 ipsa
732 4132 1011 4201 maneat,
1042 4131 1106 4187 et
1131 4142 1261 4186 non
1300 4129 1585 4185 transeat
1609 4121 1691 4183 ad

140 4224 482 4305 exemplar,
511 4227 641 4285 tam
683 4222 749 4283 in
792 4220 1291 4283 consideratione
1335 4218 1691 4280 intellectus

140 4336 330 4397 quam
362 4317 433 4377 ia
480 4316 755 4377 motione
784 4312 1087 4387 affectus3
1118 4330 1269 4373 nam
1297 4316 1504 4393 potest
1552 4310 1692 4389 quis

141 4410 529 4491 complacere
571 4407 637 4469 in
679 4407 953 4487 imagine
986 4406 1331 4469 secundum
1372 4410 1569 4467 totam
1596 4421 1693 4465 ra-

139 4504 369 4567 tionem
398 4501 727 4565 formalem
756 4502 893 4580 ejus
916 4544 932 4572 ‚
974 4518 1104 4563 non
1148 4498 1596 4579 complacendo
1628 4498 1695 4559 in

141 4596 517 4677 exemplari3
544 4596 674 4655 imo
722 4612 863 4655 cum
910 4612 1125 4655 amore
1148 4593 1445 4673 imaginis
1487 4596 1695 4672 potest

140 4709 274 4753 esse
305 4690 542 4764 odium,
582 4689 679 4751 vel
714 4686 1105 4766 displicentia
1134 4687 1533 4765 exemplaris.

218 4788 319 4846 37.
366 4784 572 4846 Dubia
593 4780 883 4845 nonnulla
912 4781 1077 4845 circa
1100 4780 1519 4861 proecedontem
1540 4779 1699 4843 solu-

144 4878 381 4941 tionem.
400 4906 475 4923 --
496 4876 801 4939 Primum.
814 4904 896 4920 —
912 4871 1273 4937 Secundum.
1296 4903 1376 4919 -
1396 4870 1691 4935 Tertium.

141 5000 219 5015 -
246 4970 371 5033 Sed
398 4970 463 5031 in
490 4968 611 5030 hac
640 4966 948 5043 doctrina,
982 4972 1285 5047 quantum
1310 4963 1394 5025 ad
1422 4980 1698 5042 praesen-

144 5066 271 5123 tem
298 5063 627 5125 materiam
652 5064 914 5141 spectat,
942 5058 1155 5138 plures
1178 5056 1574 5119 difficultates
1598 5074 1698 5117 oc-

148 5164 419 5219 currunt.
452 5156 653 5217 Prima
684 5161 801 5226 est,
831 5154 1036 5215 curin
1062 5153 1169 5215 illa
1196 5150 1529 5231 partitione
1552 5167 1699 5211 auc·

148 5254 311 5311 tores
334 5249 659 5311 omiserint
683 5247 927 5311 tertiam
956 5245 1522 5309 considerationem
1546 5244 1700 5303 ima·

149 5342 329 5420 ginis,
361 5350 431 5405 ut
454 5361 556 5405 res
586 5361 763 5405 sacra
792 5347 924 5415 est;
960 5341 1047 5401 sic
1070 5340 1241 5402 enim
1268 5356 1387 5401 nec
1415 5336 1703 5399 conside·

1758 401 1850 457 est
1885 396 2124 474 pictura
2155 397 2539 461 sanctificata
2577 403 2639 461 et
2667 406 3048 463 consecrata.
3095 404 3314 483 Neque

1758 488 1947 549 etiam
1973 491 2408 555 consideratur
2433 498 2501 553 ut
2533 511 2831 555 exercens
2861 495 3133 557 officium
3157 497 3316 559 ima-

1759 580 1959 661 ginis,
2003 583 2066 643 id
2093 590 2210 658 est,
2239 591 2308 647 ut
2337 586 2576 647 ducens
2603 585 2670 645 in
2697 586 3019 665 proprium
3053 608 3318 669 concep·

1759 680 1891 735 tum
1916 678 2314 755 exemplaris,
2343 677 2655 743 Secundo,
2687 684 2774 740 est
2799 678 3130 743 difficultas
3153 700 3318 762 quo-

1756 768 1945 829 modo
1973 771 2482 833 accommodetur
2503 770 2587 831 ad
2611 772 2684 833 ha
2695 788 2772 833 nc
2794 774 3122 836 materiam
3147 776 3318 856 prin·

1758 860 1988 939 cipium
2015 861 2172 923 illud
2199 882 2276 925 ex
2306 863 2636 928 Aristotele
2657 908 2678 937 ,
2709 863 2818 927 lib.
2849 865 2930 926 de
2955 867 3217 929 Memor.
3255 874 3320 931 et

1759 954 2076 1020 reminisc.
2110 1002 2126 1029 ,
2179 956 2622 1035 desumptum:
2665 958 2838 1020 Idem
2877 965 2973 1021 est
3013 968 3220 1021 motus
3250 962 3318 1023 in

1760 1047 2122 1127 imaginem,
2147 1056 2212 1111 et
2227 1050 2294 1111 in
2315 1050 2386 1111 id
2411 1054 2510 1133 cuj
2520 1072 2592 1115 us
2613 1058 2708 1115 est
2725 1055 2959 1131 imag03
2987 1070 3132 1115 nam
3155 1053 3321 1115 Aris-

1760 1140 1985 1205 toteles
2005 1160 2228 1205 revera
2244 1163 2374 1207 non
2412 1145 2691 1226 loquitur
2708 1144 2788 1207 de
2827 1146 3082 1207 motuin
3105 1146 3324 1224 imagi-

1760 1251 1935 1310 nem,
1967 1242 2036 1297 ut
2061 1237 2125 1296 in
2151 1236 2491 1316 objectum,
2519 1239 2634 1301 sed
2657 1238 2736 1299 de
2757 1242 2932 1299 motu
2957 1239 3188 1301 mentis
3207 1258 3326 1321 per

1762 1328 2246 1391 intentionalem
2272 1330 2608 1410 imaginem
2633 1332 2698 1392 in
2725 1328 3032 1409 objectum
3057 1352 3072 1404 ;
3097 1338 3326 1393 tractat

1764 1421 1931 1483 enim
1950 1421 2034 1484 ibi
2065 1422 2146 1483 de
2173 1428 2346 1483 motu
2379 1424 2474 1483 vel
2500 1429 2645 1485 actu
2673 1424 3019 1496 memoriae,
3051 1442 3180 1505 quo
3210 1442 3326 1503 per

1762 1514 2214 1594 phantasmain
2230 1516 2535 1578 memoria
2548 1524 2982 1580 conservatum
2999 1519 3091 1581 rei
3106 1518 3328 1581 ahsen-

1763 1608 1847 1670 tis
1882 1616 1950 1671 et
1988 1608 2164 1689 prius
2189 1610 2456 1689 cognitae
2503 1610 2944 1683 recordamur;
2973 1617 3036 1673 et
3049 1611 3328 1673 declarat

1762 1703 2080 1781 quomodo
2095 1703 2410 1765 interdum
2423 1705 2891 1782 repraesentatio
2921 1705 3006 1784 ph
3013 1712 3329 1767 antasma-

1763 1797 1841 1859 tis
1882 1816 2012 1859 non
2051 1803 2266 1859 causet
2287 1798 2676 1871 memoriam,
2705 1798 2818 1859 sed
2837 1798 3189 1876 simplicem
3219 1818 3330 1861 co-

1762 1890 2136 1969 guitionem,
2160 1890 2479 1952 interdum
2509 1907 2658 1951 vero
2677 1892 3050 1953 memoriam
3070 1892 3324 1966 efficiat3

1765 1989 1829 2045 et
1854 1982 2166 2045 rationem
2195 1982 2280 2045 ait
2309 2000 2475 2057 esse,
2507 1984 2682 2063 quia,
2705 1984 2864 2045 sicut
2887 1985 3118 2047 animal
3149 1986 3210 2045 in
3239 1992 3332 2049 ta·

1762 2077 1929 2141 bella
1955 2076 2274 2155 depictum
2311 2076 2644 2156 dupliciter
2676 2076 3059 2139 considerari
3089 2086 3328 2157 potest,

1764 2189 1893 2233 uuo
1921 2170 2110 2231 modo
2139 2169 2450 2244 absolute,
2477 2175 2540 2231 et
2563 2169 2911 2231 secundum
2939 2188 3032 2242 se,
3063 2188 3138 2233 ac
3159 2171 3211 2232 si
3237 2188 3332 2233 es-

1766 2270 1861 2327 set
1888 2262 2124 2325 animal
2151 2262 2474 2342 quoddam
2499 2281 2517 2335 ς
2560 2261 2684 2324 alio
2707 2261 2898 2325 modo
2914 2306 2933 2337 ,
2967 2269 3032 2325 ut
3059 2264 3332 2327 relatum

1764 2356 1845 2419 ad
1860 2357 1927 2420 id
1940 2357 2113 2435 quod
2135 2361 2571 2437 repraesentat,
2598 2362 2900 2433 tanquam
2919 2357 3130 2437 imago
3153 2358 3329 2437 ejus3

1763 2451 1847 2512 ita
1874 2452 2253 2530 phantasma
2279 2448 2667 2511 considerari
2695 2455 2924 2528 potest,
2949 2450 3144 2513 velut
3171 2451 3238 2513 in
3261 2469 3332 2513 se

1764 2548 1861 2607 est
1882 2543 2061 2622 quasi
2087 2542 2372 2621 quasdam
2419 2542 2660 2619 pictura
2688 2543 2844 2619 (sive
2871 2542 2936 2603 id
2961 2542 3074 2605 fiat
3095 2562 3210 2623 per
3239 2544 3336 2606 di-

1767 2642 2028 2712 rectam,
2061 2636 2192 2697 sive
2218 2652 2332 2714 per
2357 2635 2656 2697 reflexam
2681 2634 3149 2713 cognitionem),
3181 2642 3246 2697 et
3267 2642 3336 2699 ut

1771 2730 1860 2791 sic
1886 2735 2106 2791 causat
2131 2726 2558 2809 cognitionem
2589 2728 2968 2808 simplicem;
3017 2728 3115 2790 vel
3147 2734 3216 2789 ιιι
3239 2734 3335 2791 est

1772 2823 1984 2901 imago
2005 2828 2468 2902 reproesentans
2501 2837 2638 2883 rem
2667 2821 2840 2899 prius
2869 2820 3187 2900 cogn-itam
3205 2866 3222 2895 ‚
3269 2827 3336 2883 et

1774 2922 1843 2977 ut
1866 2915 1957 2977 sic
1983 2922 2200 2977 causat
2227 2914 2621 2977 memoriam.
2651 2916 2856 2992 Atque
2877 2932 2951 2975 ex
2971 2914 3092 2977 hac
3117 2913 3336 2975 ultima

1774 3008 2276 3072 consideratione
2301 3013 2623 3086 sumptum
2650 3006 2901 3069 videtur
2926 3006 3078 3068 illud
3106 3006 3338 3085 princi-

1773 3103 1972 3181 pium,
2015 3100 2186 3180 quod
2211 3100 2380 3163 idem
2409 3105 2506 3162 est
2531 3106 2742 3164 motus
2771 3100 2836 3159 in
2864 3099 3224 3175 imaginem,
3273 3105 3338 3162 et

1771 3194 1927 3257 inid
1953 3195 2136 3271 cujus
2157 3199 2254 3254 est
2281 3193 2525 3271 imago,
2571 3211 2717 3255 cum
2745 3200 2957 3254 tamen
2981 3210 3203 3255 revera
3231 3192 3336 3255 ille

1770 3292 1982 3348 motus
2005 3284 2326 3349 memoriae
2359 3303 2486 3347 non
2511 3286 2592 3345 sit
2616 3285 2679 3345 in
2701 3285 2910 3363 ipsum
2935 3286 3331 3363 phantasma,

1769 3386 1841 3443 ut
1884 3380 2224 3457 objectum,
2267 3376 2386 3439 sed
2424 3377 2630 3456 potius
2667 3377 2744 3437 sit
2777 3380 2984 3437 motus
3023 3376 3090 3437 in
3133 3376 3336 3439 solam

1770 3490 1931 3545 rem,
1955 3489 2069 3550 per
2086 3470 2698 3550 ipsumphantasma,
2726 3473 3032 3547 tanquam
3043 3486 3160 3547 per
3183 3470 3334 3531 ima-

1773 3567 2010 3647 ginem,
2039 3569 2580 3644 repraesentatam,
2598 3562 2748 3642 quia
2781 3562 2848 3622 in
2875 3561 2982 3621 illa
3009 3562 3332 3623 memoriae

1770 3658 2208 3723 recordatione
2227 3704 2244 3731 ,
2285 3674 2426 3736 quae
2454 3674 2567 3735 per
2593 3656 2968 3735 phantasma
2995 3656 3098 3728 fit,
3138 3653 3336 3733 phan-

1770 3760 1974 3817 tasma
1999 3751 2172 3813 nullo
2189 3751 2378 3813 modo
2389 3749 2708 3814 concurrit
2721 3752 2790 3812 ut
2803 3747 3122 3826 obJectum
3137 3746 3332 3825 quod,

1772 3848 1887 3911 sed
1931 3852 2004 3907 ut
2062 3845 2220 3907 ratio
2255 3888 2272 3918 ,
2335 3862 2448 3907 seu
2503 3843 2704 3905 forma
2757 3860 2882 3921 qua
2939 3839 3216 3903 tenditur
3264 3840 3336 3901 in

1770 3958 1907 4003 rem
1930 3984 1947 4013 ,
1978 3956 2120 4018 quae
2147 3939 2218 3998 in
2244 3936 2615 4000 memoriam
2659 3940 2992 3997 revocatur
3032 3939 3098 3996 et
3121 3938 3219 3995 est
3243 3938 3334 3995 to·

1770 4036 1905 4095 tum
1936 4031 2252 4111 objectum
2277 4029 2446 4090 illius
2467 4026 2956 4101 recordationis3
2986 4026 3050 4087 in
3077 4025 3200 4087 hoc
3222 4043 3334 4087 au-

1771 4132 1901 4187 tem
1920 4142 2110 4185 sensu
2129 4140 2256 4183 non
2278 4121 2626 4202 applicatur
2649 4118 2975 4183 commode
2993 4118 3148 4181 illud
3167 4120 3332 4199 prin-

1772 4219 2004 4298 cipium
2049 4215 2342 4295 praesenti
2387 4215 2706 4289 instituto;
2741 4213 3020 4292 alioquin
3061 4213 3334 4277 inferen-

1772 4312 1923 4375 dum
1958 4317 2146 4387 esset,
2177 4315 2418 4371 motum
2445 4308 2848 4383 adorationiS,
2881 4306 2993 4385 qui
3022 4325 3137 4386 per
3169 4308 3334 4369 ima-

1774 4407 1984 4487 ginem
2027 4404 2250 4467 transit
2296 4402 2378 4465 ad
2416 4420 2552 4465 rem
2585 4402 3018 4481 imaginatam,
3063 4401 3150 4461 ita
3193 4418 3332 4462 esse

1772 4518 1972 4561 unum
1995 4543 2012 4574 ,
2056 4505 2126 4560 ut
2161 4497 2334 4559 nullo
2369 4497 2558 4558 modo
2593 4496 2828 4559 feratur
2855 4493 2920 4556 in
2947 4494 3288 4573 imaginem
3311 4536 3328 4566 ,

1774 4594 1937 4655 utin
1963 4592 2300 4669 objectum,
2341 4589 2454 4651 sed
2489 4590 2596 4649 illa
2625 4589 2828 4650 solum
2856 4588 3167 4651 deserviat
3197 4593 3336 4647 tan·

1777 4702 1968 4765 quam
2013 4683 2214 4744 forma
2253 4699 2555 4743 revocans
2601 4682 2666 4743 in
2707 4681 3078 4743 memoriam
3122 4695 3336 4741 exem-

1775 4778 1937 4858 plar,
1967 4781 2037 4837 ut
2060 4776 2123 4837 in
2145 4772 2303 4835 illud
2329 4776 2531 4835 solum
2563 4779 2768 4837 motus
2795 4770 3176 4835 adorationis
3203 4777 3334 4831 ten-

1777 4868 1904 4931 dat.
1946 4867 2102 4929 Hinc
2139 4866 2321 4929 tertio
2363 4865 2616 4927 difficile
2658 4865 2849 4927 etiam
2891 4867 2990 4925 est
3021 4862 3334 4943 explicare

1778 4960 2096 5042 quomodo
2146 4960 2209 5019 in
2258 4958 2550 5037 praesenti
2596 4957 2860 5017 materia
2905 4955 3073 5017 idem
3125 4962 3336 5017 motus

1776 5053 1997 5117 tendat
2022 5052 2088 5113 in
2120 5051 2467 5129 imaginem
2497 5058 2560 5111 et
2591 5047 2910 5127 exemplar
2939 5056 3242 5127 tanquam
3268 5049 3337 5109 in

1781 5148 2131 5227 objectum;
2167 5145 2236 5206 in
2265 5143 2368 5205 illa
2397 5144 2566 5204 enim
2591 5143 2856 5205 materia
2877 5186 2892 5213 ‚
2929 5142 2993 5202 in
3019 5160 3146 5220 qua
3165 5143 3342 5204 Aris-

1780 5241 1937 5304 toles
1961 5240 2206 5301 locutus
2236 5244 2352 5311 est,
2376 5236 2518 5298 ideo
2545 5253 2670 5297 una
2703 5242 2798 5297 est
2819 5234 3005 5307 acti0,
3040 5252 3178 5312 quae
3209 5241 3346 5296 teu-

1784 5335 1875 5399 dit
1900 5333 1984 5395 ad
2009 5335 2417 5413 phantasma,
2459 5347 2570 5393 seu
2597 5328 2938 5406 imaginem
2965 5326 3348 5387 intentiona—

152 5445 323 5501 ratur
367 5438 571 5519 solum
616 5445 687 5501 ut
726 5456 827 5502 res
874 5442 967 5501 est
1000 5436 1099 5503 vel
1148 5436 1432 5518 pictura,
1478 5431 1590 5495 sed
1636 5436 1707 5494 ut
1785 5430 1935 5507 lem,
1968 5434 2030 5493 et
2055 5427 2136 5489 ad
2158 5444 2290 5489 rem
2317 5428 2852 5505 repraesentatam,
2883 5418 3184 5501 quianon
3210 5425 3348 5488 ten,-

473 5556 648 5604 xv111.

2941 5524 3011 5582 41
