3892 6167
467 365 546 424 li.)

465 465 688 531 eodem
711 461 902 527 modo
921 461 1336 544 Judicandnm
1373 465 1494 536 est,
1531 460 1690 524 sicut
1711 475 1925 540 snpra,
1952 457 2021 518 in

465 559 650 624 simili
671 556 890 632 dubio,
917 556 998 619 de
1021 554 1406 635 perfectione
1433 554 1650 636 gratim
1689 551 2023 632 respondi-

465 671 642 729 mus3
673 659 770 714 est
799 651 972 714 enim
991 667 1260 726 summa,
1286 667 1428 730 quoe
1445 649 1526 712 de
1552 647 1835 729 potentia
1861 644 2025 706 ordi·

461 747 644 811 naria
671 763 809 809 esse
833 747 1060 824 potest,
1093 743 1378 822 quamvis
1415 742 1496 805 de
1521 738 1804 822 potentia
1823 739 2025 801 abso-

465 842 598 906 luta
619 839 820 920 possit
843 855 982 900 esse
1007 838 1234 918 maior,
1249 843 1320 899 ut
1349 835 1450 899 hic
1476 835 1689 909 etiam,
1707 834 1874 896 circa
1900 839 2019 896 art.

467 936 532 1010 A,
564 951 712 996 cum
737 933 808 994 D.
840 931 1082 994 Thema
1115 936 1404 994 notatum
1449 934 1564 1006 est,
1599 933 1664 992 et
1703 928 1908 1008 magis
1945 945 2035 990 ex·

468 1024 758 1105 sequenti
785 1024 1202 1104 disputatione
1223 1022 1484 1102 patebit.

549 1121 610 1182 3.
653 1121 744 1180 De
771 1119 954 1180 tertia
979 1118 1168 1197 igitur
1187 1117 1572 1197 perfectione
1599 1118 1890 1195 superest
1915 1131 2031 1174 no-

465 1213 564 1275 bis
587 1210 954 1293 disputatio,
985 1210 1224 1273 scilieet
1241 1257 1256 1285 ,
1299 1229 1378 1272 ex
1417 1215 1598 1290 parte
1645 1207 1883 1287 objecti
1899 1253 1916 1281 ‚
1958 1207 2028 1268 in

467 1323 594 1386 quo
617 1303 1128 1384 distinguendum
1155 1311 1254 1366 est
1279 1304 1600 1383 objectum
1621 1301 2021 1380 iptimerium,

467 1398 640 1480 quod
665 1403 764 1462 est
783 1399 952 1460 Deus
979 1398 1148 1460 clare
1179 1395 1374 1470 viem,
1410 1394 1492 1457 ab
1525 1393 1770 1474 objecto
1801 1409 2029 1454 secun-

464 1491 663 1565 dario,
693 1491 866 1571 quod
891 1498 1040 1552 sunt
1067 1496 1374 1553 creaturas
1407 1487 1558 1550 visse
1581 1487 1648 1548 in
1669 1488 1824 1561 Deo,
1853 1490 1918 1549 et
1945 1483 2027 1547 de

469 1591 738 1667 utroque
763 1586 1084 1664 sigillatim
1109 1584 1448 1648 dicendum
1471 1587 1586 1658 est.

1107 1769 1324 1824 smne
1356 1771 1396 1826 Ι.

469 1895 608 1966 Quid
652 1899 724 1954 sit
751 1897 820 1956 de
847 1899 1064 1954 ratione
1093 1895 1597 1971 comprehensionis
1625 1893 2027 1952 intellectualis

683 1981 941 2056 alicujus,
982 1983 1294 2055 proesertim
1321 1980 1519 2038 divin&
1547 1981 1815 2037 essen-tiae.

551 2153 609 2212 1.
672 2149 1110 2214 Necessarium
1167 2149 1512 2214 existimavi
1534 2194 1555 2225 ,
1607 2149 2021 2228 quaestionem

465 2246 632 2308 hanc
663 2247 730 2308 in
761 2247 950 2326 hujus
970 2244 1410 2325 disputationis
1435 2244 1613 2307 initio
1647 2244 2019 2326 adjungere,

464 2357 571 2417 ne,
619 2340 878 2402 vocibus
921 2338 1278 2415 abutendo,
1325 2338 1392 2400 in
1417 2337 1527 2401 illa
1564 2337 1922 2401 laboremus
1956 2337 2023 2398 in

466 2435 811 2516 sequi-roco.

542 2531 604 2591 2.
653 2525 1204 2610 comprehensionis
1227 2545 1344 2590 voco
1367 2526 1710 2610 multiplea.
1731 2557 1813 2574 —
1829 2523 2027 2590 Intel-

462 2619 741 2686 usualis
767 2621 990 2702 qumis
1006 2621 1306 2701 perceptio
1323 2620 1626 2684 interdum
1649 2618 2027 2698 comprohen-

465 2713 556 2778 εἰσ
601 2713 964 2794 appellatur.
981 2745 1064 2762 ·-
1081 2713 1358 2775 Primum
1409 2729 1562 2792 ergo
1611 2709 2029 2792 supponenda

467 2812 562 2869 est
573 2807 852 2885 vulgaris
863 2805 1178 2869 distinctio
1191 2805 1772 2884 comprehensionis
1781 2804 1848 2866 in
1861 2821 2029 2866 com-

465 2897 1037 2978 mentatiojarticuli
1063 2899 1246 2980 primi
1274 2898 1551 2962 breviter
1573 2901 1904 2972 annotata3
1932 2896 2028 2957 in·

465 2992 716 3056 terdum
744 2992 913 3054 enim
935 2993 1206 3055 sumitur
1217 3011 1332 3072 pro
1361 2993 1756 3056 assecutione
1777 3008 1892 3053 seu
1919 2988 2031 3052 ob-

467 3085 746 3150 tentione
774 3086 868 3148 rei
903 3103 1092 3166 quam
1119 3085 1535 3166 insequimur,
1565 3085 1880 3148 interdum
1910 3099 2027 3164 pro

467 3185 688 3242 exacta
733 3184 796 3241 et
827 3179 1104 3258 perfecta
1149 3179 1240 3241 rei
1281 3180 1642 3260 cognitione
1688 3176 1790 3239 vel
1832 3177 2031 3238 inclu-

469 3273 671 3348 sione,
704 3277 776 3334 ut
807 3272 896 3334 sic
925 3271 1154 3334 dicam.
1188 3273 1298 3335 Est
1325 3273 1496 3334 enim
1521 3273 1654 3333 haec
1677 3288 1798 3333 vox
1825 3276 2027 3332 trans-

467 3365 596 3428 lata
637 3385 674 3428 a
721 3364 1150 3446 corporalibus
1205 3364 1289 3428 ad
1331 3363 1798 3428 intellectualia.
1841 3365 1918 3425 Et
1962 3365 2028 3426 in

467 3459 894 3540 corporalibus
919 3459 1479 3541 compredendere,
1517 3458 1688 3520 idem
1723 3464 1820 3521 est
1855 3457 2031 3538 quod

469 3553 972 3634 apprehendere,
1013 3561 1079 3616 et
1127 3553 1462 3634 opponitur
1511 3552 1922 3628 insecutioni,
1958 3555 2031 3613 ut

468 3647 708 3711 notavit
731 3648 804 3708 D.
835 3647 1132 3720 Thomas,
1163 3650 1192 3708 1
1231 3665 1322 3727 p.‚
1343 3663 1403 3724 q.
1433 3648 1533 3720 12,
1565 3650 1684 3708 art.
1716 3648 1777 3720 7,
1819 3645 1902 3706 ad
1949 3647 1977 3706 1
2003 3660 2025 3722 ;

470 3739 807 3820 aliquando
849 3757 1000 3802 vero
1052 3739 1222 3801 idem
1263 3739 1572 3819 significat
1615 3736 1787 3817 quod
1831 3743 2029 3799 totam

468 3853 606 3899 rem
645 3833 974 3914 complecti
1021 3839 1084 3896 et
1111 3833 1474 3907 includere3
1511 3839 1580 3896 ut
1607 3831 1862 3912 quando
1891 3849 2029 3894 rem

467 3945 678 4010 parvae
727 3928 1092 4008 quantitatis
1148 3945 1344 3990 manu
1391 3926 1828 3989 concludimus
1859 3969 1875 3997 ‚
1927 3924 2031 3986 vel

469 4021 726 4100 quando
789 4022 966 4084 locus
1017 4021 1282 4100 aequalis
1339 4026 1539 4083 totum
1593 4015 2029 4080 circumambit

467 4115 764 4176 locatum.
797 4115 954 4176 Hinc
983 4133 1134 4195 ergo
1161 4115 1226 4176 in
1249 4113 1695 4194 spiritualibus,
1725 4113 2029 4192 quoniam

468 4225 652 4270 mens
667 4207 1002 4287 proprium
1039 4207 1230 4270 habet
1261 4210 1504 4270 motum
1533 4223 1659 4287 quo
1697 4223 1882 4268 suum
1917 4205 2033 4266 oh·

462 4302 703 4381 jectum
731 4298 1011 4378 inquirit,
1043 4307 1110 4362 et
1129 4301 1478 4379 praesertim
1507 4303 1733 4373 Deum,
1771 4297 2029 4380 qnando

470 4393 646 4456 illum
665 4394 753 4455 ita
773 4393 1128 4473 assequitur
1141 4399 1213 4454 ut
1239 4410 1424 4454 suum
1447 4391 1831 4455 desiderium
1846 4397 1912 4455 et
1933 4393 2031 4453 in·

471 4488 876 4569 quisitionem
923 4486 1260 4558 terminet,
1309 4486 1844 4567 comprehendere
1881 4487 2033 4549 dici·

471 4590 592 4658 tur,
633 4583 824 4644 etiam
865 4580 920 4642 si
951 4599 1083 4642 non
1111 4588 1328 4644 exacte
1357 4586 1716 4662 cognoscat.
1755 4582 1854 4644 Sic
1881 4581 2033 4644 dicit

475 4676 703 4739 Paulus
725 4719 746 4751 ,
791 4674 874 4737 ad
915 4675 1136 4755 Philip.
1169 4676 1250 4736 3:
1299 4675 1556 4758 Sequor,
1600 4675 1661 4738 si
1708 4689 1822 4756 quo
1865 4676 2035 4739 modo

473 4771 990 4850 comprehendam,-
1020 4769 1238 4832 dicens
1267 4769 1460 4846 enim,
1483 4771 1543 4834 si
1570 4787 1684 4852 quo
1707 4773 1900 4848 modo,
1933 4789 2036 4832 sa-

471 4866 551 4928 tis
581 4863 840 4926 denotat
869 4864 1039 4926 illam
1067 4864 1697 4944 comprehensionem
1738 4883 1865 4926 non
1899 4865 2035 4927 fore

470 4957 811 5040 perfectam
843 4963 906 5020 et
937 4963 1222 5020 exactam
1260 4972 1375 5037 pro
1415 4956 1642 5036 obJecti
1683 4956 1987 5038 dignitate
2010 5008 2032 5036 ‚

470 5068 614 5114 esse
633 5068 783 5112 vero
801 5050 1136 5112 terminum
1157 5050 1253 5112 sui
1269 5063 1492 5112 cursus
1519 5056 1582 5112 et
1599 5051 2031 5127 insecutionis,
2052 5067 2065 5077 ·

473 5151 538 5210 et
587 5144 732 5206 ideo
787 5143 1416 5224 comprehensionem
1480 5145 1714 5206 vocari.
1771 5145 1949 5208 Unde
1996 5149 2028 5206 1

471 5236 608 5303 Cor.
663 5241 726 5314 9,
757 5237 842 5300 ad
893 5255 1115 5298 omnes
1155 5235 1376 5299 fideles
1417 5237 1710 5318 loquens,
1744 5237 1872 5300 ait:
1917 5237 2035 5304 Sco

467 5334 702 5398 oms-ite
745 5336 816 5396 ut
856 5331 1406 5412 comprehendatis:
1441 5331 1524 5394 ad
1549 5331 1776 5413 Ephes.
1807 5332 1890 5395 3:
1952 5333 2035 5399 Ut

470 5425 725 5510 possitis
765 5423 1242 5504 comprehendero
1283 5441 1418 5489 oum
1450 5427 1724 5490 omnibus
1753 5423 2029 5502 Sanctio,

477 5527 594 5584 etc.
616 5567 638 5600 ‚
667 5535 868 5600 usque
915 5516 998 5580 ad
1027 5518 1092 5580 id
1115 5563 1135 5596 ,
1189 5521 1720 5602 supereminentem
1763 5523 2035 5586 scientim

1732 357 1967 423 Qum‘r.
2004 358 2067 411 X.
2094 357 2303 413 'All'ssst
2336 359 2416 413 w.

2102 457 2463 524 &metm
2494 456 2751 525 Glari-sti.
2778 460 2869 522 Ex
2896 477 3023 542 quo
3048 460 3268 525 ‘ultimo
3290 461 3738 527 verbo-con·

2102 557 2247 627 stat,
2290 553 2460 616 illam
2486 553 3112 634 comprehensionem
3152 575 3281 620 non
3316 558 3497 621 fore
3537 571 3745 617 exac-

2101 651 2257 723 tam,
2315 665 2463 709 cum
2516 649 2788 710 charitas
2832 649 3059 712 Christi
3086 659 3341 732 superet
3404 657 3743 713 nostram

2104 740 2451 804 seientiam.
2483 742 2642 804 Hinc
2666 744 3147 824 comprehensio
3172 745 3591 809 attribuitur
3623 741 3745 804 ali-

2103 833 2357 912 quando
2383 835 2746 898 hominibus
2774 837 2837 897 in
2866 838 2986 901 hac
3007 837 3158 912 vita,
3192 839 3243 900 si
3272 858 3400 920 pro
3444 837 3741 900 ratione

2103 932 2325 1005 status,
2376 927 2721 1008 perfectam
2772 931 3231 1010 cognitionem,
3268 951 3427 1013 quae
3480 932 3567 992 in
3622 927 3739 992 ino

2105 1020 2323 1085 haberi
2350 1027 2583 1102 potest,
2612 1027 3054 1104 assequantur.
3082 1025 3157 1087 Et
3184 1026 3353 1107 apud
3396 1025 3735 1096 Latinos,

2108 1115 2545 1180 intellectualis
2576 1117 2896 1198 perceptio
2938 1117 3099 1181 solet
3124 1118 3469 1181 interdum
3506 1133 3741 1196 gene-

2110 1210 2295 1274 ratim
2340 1210 2819 1290 comprehensio
2868 1211 3101 1274 vocari.
3154 1211 3567 1293 Specialiter
3610 1229 3739 1272 au-

2110 1311 2241 1368 tem
2276 1303 2483 1366 solent
2524 1305 2645 1366 hoc
2670 1303 2862 1366 modo
2902 1303 3071 1367 beati
3120 1320 3265 1367 cum
3292 1305 3588 1368 Christo
3628 1319 3739 1364 re-

2108 1403 2376 1478 gnantes
2420 1398 2985 1477 comprehensores
3032 1399 3265 1462 vocari.
3298 1398 3449 1470 Quo
3508 1410 3733 1459 sensu

2105 1490 2363 1553 Nazian.
2386 1537 2403 1567 ,
2454 1497 2614 1554 orat.
2645 1493 2749 1568 25,
2782 1509 2928 1556 cum
2954 1492 3152 1554 multa
3196 1492 3275 1554 de
3298 1489 3733 1554 Beatissima

2104 1587 2403 1650 Trinitate
2424 1586 2826 1666 disputasset,
2846 1586 2912 1648 in
2930 1586 3055 1647 tine
3076 1585 3396 1647 concludit
3417 1607 3439 1647 ε
3473 1583 3583 1648 In
3608 1583 3731 1646 hoc

2104 1681 2309 1761 iyitur
2344 1697 2645 1745 commune
2684 1696 2896 1743 nornen
2930 1681 3097 1744 crede
3114 1725 3135 1756 ,
3172 1683 3233 1744 et
3264 1695 3591 1762 prospero
3620 1679 3729 1739 in-

2110 1778 2241 1842 cedo
2266 1782 2325 1840 et
2349 1791 2575 1855 nonm-
2604 1777 2783 1855 atque
2808 1773 2949 1838 hinc
2984 1773 3068 1836 ad
3091 1773 3349 1836 alterius
3374 1773 3557 1836 oitoe
3580 1771 3722 1833 bea-

2109 1869 2431 1936 titudinem
2458 1866 2773 1933 transibis.
2798 1865 2907 1930 Ea
2926 1881 3111 1949 pom-o
3134 1863 3225 1946 (ut
3246 1864 3405 1928 milti
3432 1863 3723 1945 quidem

2108 1963 2369 2041 videtur)
2386 1963 2457 2025 in
2478 1959 2843 2042 ooepreuiori
2863 1959 3074 2022 horum
3094 1957 3431 2038 monitione
3448 1962 3529 2021 et
3544 1971 3719 2019 oom-

2096 2057 2486 2142 preamium
2510 2055 2635 2118 sita
2662 2060 2770 2118 est.
2812 2054 2901 2115 De
2932 2053 3053 2112 hac
3078 2067 3231 2114 vero
3258 2047 3719 2130 comprehen-

2102 2153 2279 2214 sione
2330 2148 2487 2211 nihil
2534 2145 2830 2227 estquod
2880 2145 3162 2208 dicamus
3198 2161 3215 2217 ς
3254 2143 3717 2223 supponimus

2105 2245 2275 2308 enim
2300 2243 2424 2305 hoc
2450 2239 2639 2302 modo
2668 2257 2851 2321 posse
2872 2239 3076 2300 Deum
3104 2233 3581 2316 comprehendi
3624 2233 3717 2295 ab

2105 2338 2386 2415 homine,
2415 2336 2563 2415 quia
2586 2341 2793 2416 potest
2819 2335 2900 2398 ab
2938 2352 3015 2396 eo
3054 2333 3248 2408 clare,
3282 2337 3347 2392 et
3388 2334 3609 2412 prout
3638 2329 3709 2390 in

2106 2451 2175 2498 se
2206 2438 2323 2506 est,
2352 2430 2576 2506 videri,
2600 2447 2730 2491 non
2773 2429 2837 2490 in
2888 2429 3009 2490 hac
3037 2426 3189 2500 vita,
3230 2442 3351 2486 nec
3396 2421 3707 2484 naturali

2104 2527 2358 2603 virtute,
2381 2525 2495 2588 sed
2522 2525 2589 2586 iu
2605 2524 2818 2587 futura
2849 2528 2913 2585 et
2930 2521 3161 2584 virtute
3182 2516 3700 2600 supernaturali,

2105 2626 2175 2683 ut
2207 2624 2230 2684 1
2268 2639 2359 2700 p.‚
2388 2637 2452 2701 q.
2489 2623 2585 2693 12,
2620 2617 2809 2680 latius
2840 2616 3187 2679 disseritur.

2190 2715 2251 2776 3.
2299 2712 2543 2779 Stricta
2595 2709 3137 2792 comprehensionis
3181 2709 3589 2792 significatio.
3616 2735 3705 2753 -

2108 2808 2247 2871 Alia
2276 2824 2427 2886 ergo
2464 2805 2744 2886 acceptio
2788 2802 3371 2886 comprehensionis
3393 2818 3523 2881 pro
3584 2816 3703 2862 ex-

2111 2909 2249 2964 acta
2306 2900 2398 2962 rei
2430 2899 2785 2981 cognitione
2828 2903 2893 2961 et
2940 2895 3292 2977 adaequata,
3344 2900 3440 2957 est
3472 2893 3703 2974 magis

2110 2995 2322 3058 stricta
2350 2999 2413 3056 et
2442 2993 2720 3074 propria,
2768 2998 2832 3055 et
2859 2991 2941 3053 de
2981 2989 3089 3054 illa
3116 2987 3485 3068 intelligitur
3518 3005 3698 3068 prse-

2110 3107 2258 3152 sens
2288 3087 2552 3166 quaestio
2579 3132 2595 3160 ‚
2648 3103 2807 3166 quas
2858 3083 3095 3147 scilicet
3134 3081 3535 3146 conditiones
3588 3097 3698 3141 re-

2110 3182 2319 3264 quirat
2347 3179 2619 3259 cognitio
2644 3178 2855 3258 aliqua
2890 3177 3119 3238 divinae
3152 3173 3464 3251 essentiae,
3495 3180 3576 3236 ut
3604 3173 3689 3234 sit

2108 3293 2259 3338 vera
2282 3293 2357 3336 ac
2381 3273 2636 3355 propria
2664 3269 3148 3353 comprehensio
3179 3270 3339 3350 ejus,

2189 3372 2249 3432 4.
2294 3367 2847 3448 comprehensionis
2890 3373 3056 3430 arcto
3103 3367 3360 3446 sumptae
3389 3361 3688 3445 aooeptio-

2107 3481 2212 3529 nes
2240 3464 2315 3528 ab
2356 3461 2661 3542 aliquibus
2686 3461 2947 3540 conficta·
2984 3459 3363 3536 reficiantur.
3392 3489 3475 3504 —
3496 3455 3689 3517 Circa

2110 3575 2300 3640 quam
2342 3553 2767 3618 difficultatem
2800 3552 3061 3626 ocham,
3092 3551 3159 3612 in
3191 3555 3253 3625 4,
3287 3567 3350 3630 q.
3382 3550 3483 3623 13,
3515 3566 3583 3609 a.
3620 3549 3681 3622 1;

2109 3651 2291 3724 Gab.,
2314 3651 2379 3710 in
2404 3650 2464 3724 3,
2492 3647 2555 3712 d.
2589 3649 2689 3722 14,
2722 3665 2781 3709 a.
2815 3648 2874 3723 3,
2919 3645 3114 3707 dubio
3142 3647 3183 3708 2
3201 3665 3219 3720 3
3254 3642 3527 3705 Almain.
3564 3640 3683 3710 ibi,

2110 3765 2173 3826 q.
2210 3749 2239 3807 1
2264 3763 2279 3818 ;
2306 3741 2523 3822 Major,
2556 3757 2618 3820 q.
2650 3742 2713 3818 2,
2754 3740 2837 3803 ad
2876 3739 3097 3816 finem,
3141 3738 3421 3816 quinque
3450 3735 3685 3798 modos

2110 3835 2689 3918 comprehensionis
2737 3834 3130 3913 distinguunt
3178 3832 3313 3893 sine
3360 3829 3487 3891 ulla
3544 3845 3687 3892 me-

2109 3931 2305 3995 thodo
2330 3930 2431 3993 vel
2460 3929 2727 4004 ratione,
2758 3932 2830 3990 ut
2854 3927 3020 3988 bene
3053 3923 3297 3987 notavit
3318 3925 3489 3999 Soto,
3518 3923 3589 3984 in
3616 3927 3680 3998 4,

2111 4026 2175 4087 d.
2207 4027 2309 4099 49,
2354 4041 2416 4104 q.
2443 4025 2504 4096 8,
2536 4027 2651 4085 art.
2688 4025 2747 4084 1.
2783 4021 3026 4082 Primus
3075 4035 3225 4081 vero
3254 4018 3531 4092 illorum,
3566 4015 3685 4095 qui

2112 4123 2208 4182 est
2236 4117 2451 4180 videre
2479 4133 2615 4178 rem
2645 4121 2840 4178 totam
2866 4114 3035 4176 clare
3064 4118 3127 4173 et
3161 4111 3473 4186 distincte,
3501 4113 3685 4171 >coin-

2110 4211 2261 4275 cidit
2282 4212 2349 4272 in
2376 4214 2683 4291 praesente
2705 4207 2971 4270 materia
3006 4223 3148 4268 cum
3176 4203 3366 4285 priori
3387 4203 3681 4266 membro

2110 4325 2149 4367 a
2182 4304 2367 4366 nobis
2404 4303 2687 4384 exposito
2735 4303 2802 4363 in
2826 4299 3222 4382 praecedente
3250 4297 3675 4359 distinctione.

2109 4397 2434 4463 Secundus
2458 4401 2694 4469 autem,
2718 4395 2976 4468 scilicet,
2996 4393 3169 4474 quod
3193 4389 3679 4470 comprehensio

2112 4492 2193 4554 sit
2240 4490 2511 4571 cognitio
2542 4489 2757 4562 totius,
2802 4493 2865 4550 et
2896 4487 3180 4550 omnium
3234 4485 3506 4566 partium
3542 4482 3681 4544 dis-

2115 4585 2329 4660 tincte,
2354 4587 2449 4645 est
2477 4583 2911 4662 impertinens,
2949 4583 3097 4663 quia
3118 4581 3199 4644 de
3230 4583 3470 4644 ratione
3504 4598 3679 4644 com-

2114 4677 2553 4760 prehensionis
2576 4683 2647 4739 ut
2671 4677 2781 4750 sic,
2808 4694 2937 4738 non
2966 4682 3061 4738 est
3084 4677 3253 4758 quod
3278 4677 3357 4739 sil
3378 4676 3458 4738 de
3479 4692 3548 4737 re
3566 4675 3679 4737 ha-

2115 4773 2305 4835 bente
2329 4777 2575 4851 p⁴artes3
2608 4773 2671 4832 et
2695 4769 2947 4850 quaudo
2976 4771 3142 4833 circa
3164 4770 3334 4831 illam
3364 4773 3674 4842 versatur,

2116 4885 2245 4929 non
2260 4872 2354 4929 est
2376 4866 2480 4927 illa
2503 4865 2749 4926 diversa
2772 4863 3051 4946 acceptio
3072 4861 3675 4944 comprehensioniS,

2116 4979 2261 5026 cum
2310 4960 2707 5022 contineatur
2728 4959 2795 5021 in
2839 4959 3080 5021 ratione
3129 4957 3434 5022 distinctas
3478 4963 3540 5018 et
3569 4973 3675 5018 ex-

2116 5061 2269 5118 actoe
2312 5053 2708 5134 cognitionis„
2762 5053 2967 5133 Atque
2994 5052 3162 5114 idem
3200 5057 3296 5113 est
3338 5051 3417 5113 de
3452 5053 3673 5130 quarta

2117 5149 2506 5228 acceptione,
2553 5147 2810 5221 scilicet,
2856 5145 3027 5226 quod
3073 5143 3552 5225 comprehensio
3583 5150 3673 5205 est

2112 5241 2220 5304 illa
2248 5241 2519 5322 cognitio
2550 5257 2676 5320 qua
2716 5245 3183 5319 cognoscuntur
3211 5235 3422 5299 omnia
3448 5233 3672 5317 praedi-

2112 5338 2255 5400 cata
2302 5353 2443 5415 quas
2488 5333 2569 5395 de
2618 5333 2727 5396 tali
2764 5332 3011 5413 objecto
3058 5331 3357 5412 cognosci
3384 5335 3666 5410 possunt,

2111 5428 2247 5492 haec
2282 5429 2451 5490 enim
2491 5445 2620 5489 non
2648 5433 2745 5489 est
2780 5426 3028 5488 diversa
3083 5425 3360 5506 acceptio
3394 5440 3670 5502 compre·

2114 5521 2239 5584 hen
2247 5519 2581 5598 sionis,sed
2596 5520 2660 5580 in
2674 5519 2997 5599 adaequata
3012 5517 3255 5582 ratione
3268 5515 3668 5596 comprehen-
