3892 6167
1360 299 1681 362 mst’ffrss.
1716 297 1840 356 xm.
1874 301 2047 354 secr.
2083 303 2164 356 W.

230 400 335 462 28.
366 397 470 462 Ad
498 399 757 464 tertiam
791 396 1221 470 difficultatem
1264 399 1567 476 concedo,
1600 419 1737 464 om-

3251 303 3368 362 337

1817 400 2242 464 inclinandum
2287 401 2566 466 divinam
2611 399 3020 478 voluntatem,
3073 407 3142 464 ut
3182 403 3373 470 vellet

156 510 301 556 nem
330 491 633 556 divinum
672 492 1074 567 voluntatem,
1104 510 1231 571 qua
1282 495 1593 556 ordinavit
1617 493 1735 556 ho·
1814 495 2174 558 hominibus
2213 496 2566 558 remedium
2605 513 2682 556 ac
2724 495 3104 558 medicinam
3133 499 3372 578 peccati

156 587 355 648 mines
372 586 445 648 in
465 585 1021 666 supernaturalem
1040 588 1517 664 beatitudinem,
1538 587 1731 651 fuisse

158 679 221 742 in
248 677 475 743 Christi
524 681 758 742 merito
812 680 1181 756 fundatam3
1226 682 1361 744 haec
1408 683 1579 744 enim
1620 700 1731 744 vo-

160 773 363 834 lontas
396 791 537 835 nou
557 781 661 836 est
687 774 805 838 nisi
835 774 935 838 vel
962 775 1187 838 electio
1210 777 1433 841 efficax
1458 777 1731 857 praedes·

158 866 529 936 tinatorum,
551 867 959 932 velivolantes
976 869 1355 942 antecedens
1374 887 1525 950 erga
1540 877 1731 934 caete-

162 976 293 1026 ros:
322 965 619 1038 utraque
638 967 853 1024 autem
886 962 1001 1026 fuit
1030 980 1109 1024 ex
1128 962 1353 1027 Christi
1378 964 1631 1037 meritis,
1662 970 1731 1026 ut

158 1056 481 1112 ostensum
530 1064 656 1116 est.
704 1053 1493 1136 Idemqueoonsequenter
1530 1057 1731 1120 futen-

162 1146 305 1206 dnm
330 1149 439 1206 est
458 1144 892 1211 devolantate
918 1150 1255 1229 reparandi
1284 1150 1577 1215 homines
1598 1151 1731 1229 lap·

160 1255 282 1310 sos;
332 1238 477 1299 boee
504 1240 687 1302 enim
714 1241 999 1306 volontas
1024 1249 1427 1322 comparatur
1450 1244 1531 1308 od
1560 1244 1731 1323 prio-

160 1347 310 1405 rem,
332 1337 409 1392 ut
423 1331 731 1398 voluntas
756 1335 1083 1414 cujusdem
1104 1337 1495 1416 particularis
1508 1336 1723 1411 medii,

158 1423 235 1483 ad
248 1423 651 1488 voluntatem
671 1427 836 1504 finis,
872 1434 937 1490 et
957 1429 1103 1490 ideo
1131 1429 1331 1492 multo
1356 1431 1556 1506 magis
1580 1448 1727 1509 sup-

162 1517 325 1595 ponit
350 1519 661 1582 meritum
690 1521 914 1586 Christi
942 1523 1300 1602 pra—visum,
1332 1530 1399 1584 ut
1418 1523 1725 1586 rationem

162 1616 219 1668 et
244 1611 559 1674 motivum
604 1614 961 1678 universale
993 1615 1427 1680 benefaciendi
1466 1623 1531 1679 et
1562 1616 1727 1679 bene

162 1702 405 1765 volendi
434 1704 829 1772 hominibus
862 1711 1081 1789 Neque
1108 1717 1326 1774 contra
1354 1710 1477 1772 hoc
1498 1717 1727 1791 urgent

160 1797 513 1861 testimonia
562 1801 837 1865 adducto,
886 1803 953 1863 in
1002 1802 1541 1866 confirmationem
1576 1804 1729 1866 ulte·

164 1891 283 1950 rius
310 1894 676 1955 sententiae.
712 1895 868 1957 Nam
925 1895 1279 1958 testimonia
1323 1914 1515 1958 sacrm
1559 1896 1729 1958 Scri-

164 1989 373 2062 piures.
430 1987 533 2051 vel
586 1987 797 2052 solum
836 1989 1105 2070 probant
1136 1991 1524 2054 voluntatem
1564 1989 1728 2051 redi-

165 2077 364 2138 mendi
396 2097 618 2156 genus
666 2082 1013 2146 humanum
1060 2091 1349 2164 respectu
1399 2084 1725 2146 hominum

166 2169 681 2238 redimendorum
718 2175 911 2239 fuisse
964 2195 1043 2238 ex
1092 2178 1223 2240 sole
1273 2177 1723 2252 misericordia,

166 2265 325 2341 qnod
348 2284 581 2330 verum
614 2276 730 2344 est,
764 2271 1010 2334 etiamsi
1036 2278 1325 2351 respectu
1356 2271 1579 2336 Christi
1616 2271 1727 2334 ali-

166 2373 343 2433 quam
378 2359 691 2424 habuerit.
740 2364 1049 2428 rationem
1084 2365 1365 2444 justitias.
1418 2365 1535 2427 Vel
1578 2383 1728 2445 pro-

168 2450 308 2513 bont
330 2454 612 2532 primam
642 2458 949 2537 originem
986 2460 1177 2538 hujus
1208 2458 1498 2522 beneficii
1532 2458 1725 2522 fuisse

170 2545 269 2605 Dei
294 2546 699 2626 charitatem,
728 2567 857 2630 qua
884 2551 1079 2614 voluit
1106 2552 1510 2632 Unigenitum
1540 2570 1723 2614 suum

172 2637 331 2714 dare,
384 2648 454 2702 ut
487 2642 561 2706 in
612 2651 839 2708 natura
866 2652 1189 2726 assumpta
1218 2654 1385 2708 esset
1420 2653 1609 2726 caput
1648 2663 1725 2708 oc

172 2733 447 2814 princeps
466 2755 691 2800 rerum
724 2740 1039 2814 omnium;
1076 2758 1157 2802 ex
1183 2741 1305 2802 hoc
1334 2741 1503 2802 enim
1530 2740 1727 2802 bene-

170 2821 295 2886 ficio
334 2833 571 2892 caetern
596 2832 809 2896 omnia
832 2840 1116 2907 manent,
1145 2841 1457 2914 quatenus
1484 2834 1567 2895 ad
1614 2849 1726 2896 su-

174 2923 637 2993 pernaturalem
688 2925 973 2990 ordinem
1015 2929 1231 3008 gmtioe
1270 2928 1479 3008 aliquo
1534 2928 1722 2990 modo

174 3018 461 3088 spectant.
480 3016 571 3078 Et
594 3016 717 3078 hoc
734 3020 1065 3098 posteriori
1080 3020 1269 3082 modo
1298 3026 1501 3100 potest
1530 3020 1721 3082 etiam

176 3101 421 3184 intelligi
466 3111 905 3174 testimonium
948 3115 1311 3194 Augustini,
1358 3131 1721 3195 quanquam

174 3196 391 3260 cnloco
416 3203 634 3266 solum
658 3205 927 3270 intendit
948 3207 1199 3280 docere,
1234 3209 1429 3272 Deum
1450 3208 1537 3270 ita
1557 3207 1723 3271 odis-

179 3290 319 3350 sein
344 3295 826 3376 nobisculpum,
843 3306 1139 3364 attamen
1161 3301 1377 3380 diligat
1405 3307 1717 3375 naturum,

178 3382 427 3465 ideoque
455 3407 609 3452 eam
643 3392 1068 3466 dilectionem,
1107 3413 1295 3474 quam
1324 3395 1507 3458 nobis
1548 3395 1725 3458 exhi-

180 3474 271 3538 bet
316 3498 455 3544 cum
506 3484 767 3565 eulpam
813 3487 1094 3560 remittit,
1152 3506 1507 3568 supponere
1535 3487 1724 3550 aliam

178 3570 453 3651 priorem,
495 3595 633 3658 quo.
660 3579 839 3642 uobis
868 3581 979 3644 det
1006 3597 1170 3657 esse,
1196 3587 1601 3662 nostrumque
1632 3581 1726 3642 di-

179 3660 297 3741 ligit
320 3675 641 3734 naturam.
668 3671 765 3734 Ad
782 3673 1095 3736 rationem
1118 3692 1265 3738 vero
1284 3675 1451 3736 illius
1474 3679 1727 3736 senten-

180 3755 269 3818 tiae
298 3759 640 3828 dicendum
676 3773 803 3842 est,
838 3785 957 3830 nos
1004 3785 1363 3848 supponere
1414 3768 1725 3830 Christum

184 3863 305 3910 esse
331 3857 847 3932 praedestinatum
893 3879 1010 3939 per
1054 3877 1123 3924 se
1175 3861 1402 3940 primo,
1460 3867 1525 3923 et
1578 3865 1723 3921 aute

184 3959 407 4022 amose,
427 3958 491 4012 >ct
516 3951 585 4012 in
614 3953 789 4014 omni
819 3971 1049 4033 genere
1066 3955 1403 4033 primatum
1423 3956 1489 4016 in
1514 3953 1724 4016 divina

186 4042 374 4100 mente
412 4061 487 4104 no
515 4044 843 4108 voluntate
869 4047 1191 4122 habuisse,
1222 4059 1411 4127 atque
1439 4048 1527 4108 ita
1584 4048 1723 4110 sine

188 4127 625 4200 inconvenienti
652 4137 793 4202 fieri
825 4141 1127 4219 potuisse,
1164 4146 1234 4204 ut
1260 4141 1529 4221 ipsamet
1556 4138 1725 4202 ordi—

186 4224 339 4286 natio
364 4229 811 4311 redemptionis
840 4240 1071 4296 nostrae
1094 4235 1157 4296 in
1186 4234 1475 4314 ejusdem
1500 4233 1721 4296 christi

189 4319 399 4382 meritis
424 4322 912 4388 fondamentum
939 4325 1253 4391 habuerit.

254 4413 347 4475 ⁶29.
392 4417 605 4482 Potest
629 4427 843 4482 nutem
868 4422 1175 4493 hocloco,
1208 4428 1403 4484 utres
1428 4425 1559 4486 tota
1582 4439 1723 4482 me-

192 4497 292 4564 lius
312 4510 671 4588 explicetur,
698 4511 1105 4592 solveturque
1134 4514 1374 4576 facilius
1392 4513 1723 4576 difficultas

192 4593 247 4654 in
275 4599 373 4661 itta
402 4605 619 4668 ultima
648 4608 895 4670 ratione
920 4613 1111 4683 tecto,
1139 4608 1435 4688 applicari
1461 4608 1723 4673 distinc-

193 4687 331 4752 tioin
354 4699 845 4774 pmoedentihus
857 4701 1365 4764 conclusionibus
1376 4701 1716 4764 insinuata.

192 4778 327 4846 Nam
348 4793 693 4854 remedium
716 4800 778 4856 et
800 4793 1113 4858 medicina
1129 4795 1365 4876 peccati
1391 4795 1719 4866 hominum

194 4870 491 4953 dupliciter
515 4892 725 4966 potest
750 4887 1131 4950 considerari
1162 4905 1181 4950 ς
1229 4905 1357 4950 uno
1396 4887 1609 4964 modo,
1652 4888 1722 4950 in

198 4981 399 5040 genere
428 4981 492 5040 ct
518 4978 987 5058 absolute31ilio
1010 4980 1223 5053 modo,
1241 4981 1308 5041 in
1335 4979 1717 5059 particulari,

200 5065 249 5118 et
268 5071 597 5133 secundum
644 5091 790 5135 eum
827 5073 1213 5153 peculiarem
1240 5073 1501 5138 modum
1528 5093 1655 5154 quo
1684 5091 1723 5134 a

198 5147 307 5212 Dffl
336 5163 679 5228 ordinatum
706 5173 825 5242 est,
856 5166 1285 5247 comparando
1318 5166 1495 5228 illum
1522 5166 1601 5228 ad
1627 5167 1723 5228 in-

200 5237 379 5312 finitos
404 5255 553 5320 elios
578 5259 801 5322 modos
818 5259 1048 5340 quibus
1078 5265 1291 5340 posset
1320 5261 1485 5324 Deus
1518 5259 1723 5322 homi-

202 5349 301 5441 nes
326 5347 643 5416 redimere.
680 5353 971 5428 Quamvis
1000 5355 1193 5434 igitur
1227 5355 1521 5418 meritum
1550 5353 1723 5416 Chri-

209 5433 269 5490 si!
292 5441 621 5522 praevisum,
672 5465 748 5516 ex
776 5465 843 5508 se
870 5446 1058 5513 tuerit
1100 5445 1419 5513 suffitione
1448 5446 1608 5516 ratio
1638 5446 1721 5511 ud

1813 589 2112 661 tribuere,
2143 595 2207 652 et
2235 608 2314 651 ex
2337 608 2408 652 se
2433 590 2624 652 fuerit
2653 590 2844 653 etiam
2887 589 3204 654 sufficiens
3237 611 3372 654 mee

1814 680 1987 742 dium
2041 681 2122 744 ad
2163 682 2491 762 quodlibet
2545 682 2920 752 remedium,
2971 685 3370 762 quantumvis

1811 774 2156 854 perfectum
2195 781 2260 836 et
2281 775 2616 852 excellenS,
2651 774 3061 838 obtinendum
3081 821 3098 852 ,
3129 779 3366 854 tamen,

1810 868 2002 948 quod,
2017 869 2279 948 praeviso
2304 867 2408 931 illo
2427 868 2646 930 Christi
2667 869 2914 944 merito,
2929 871 3099 930 Deus
3129 869 3250 932 hoc
3271 888 3370 932 re·

1810 959 2088 1022 medium
2113 979 2242 1041 prae
2265 961 2406 1022 eliis
2423 960 2708 1042 elegerit,
2735 968 2798 1024 et
2816 961 2987 1041 quod
3017 963 3136 1024 hoc
3165 979 3370 1024 reme-

1812 1053 1988 1116 dium
2011 1072 2127 1132 per
2171 1055 2480 1118 Christum
2535 1054 2956 1118 exhibendum
3003 1054 3213 1131 fuerit,
3255 1073 3370 1136 per

1812 1147 1970 1208 tales
2009 1146 2228 1210 Christi
2255 1149 2599 1228 passiones„
2632 1154 2695 1210 et
2746 1165 2858 1226 per
2900 1148 3076 1210 illum
3109 1147 3368 1210 modum

1810 1257 2000 1318 quem
2042 1241 2176 1318 ipse
2217 1257 2330 1302 sua
2369 1241 2634 1302 mirabili
2675 1240 2982 1320 sapientia
3011 1241 3364 1320 praefinivit,

1808 1333 1931 1395 hoc
1959 1350 2086 1394 non
2129 1333 2247 1395 fuit
2275 1352 2352 1396 ex
2397 1333 2616 1398 Christi
2657 1335 2918 1408 meritiS,
2949 1333 3062 1396 sed
3105 1353 3182 1396 ex
3233 1334 3369 1396 sola

1808 1426 2019 1488 divina
2050 1427 2398 1504 voluntate,
2420 1429 2715 1508 quianon
2741 1429 2858 1490 suit
2881 1426 3249 1512 admirabile
3278 1428 3368 1488 in-

1805 1527 2066 1582 ventum
2089 1520 2366 1584 humano
2391 1521 2670 1602 ingenio,
2706 1528 2816 1583 aut
2847 1521 3166 1584 voluntate
3194 1521 3368 1584 Chri-

1806 1615 1882 1676 sti
1912 1615 2192 1676 humana
2217 1615 2638 1696 excogitatum
2677 1621 2790 1676 aut
2816 1614 3210 1694 dispositum,
3253 1615 3368 1676 sed

1806 1707 1929 1768 fuit
1951 1708 2244 1771 divinitus
2271 1706 2618 1781 inventum,
2649 1715 2714 1770 et
2741 1707 2968 1769 intuitu
3001 1707 3362 1768 meritorum

1808 1799 2032 1866 Christi
2056 1800 2448 1882 dispositum.
2477 1803 2682 1880 Atque
2704 1799 2826 1862 hac
2847 1799 3091 1862 ratione
3112 1799 3368 1880 speciali

1802 1897 1945 1976 jure
1977 1895 2266 1959 tribuitur
2285 1894 2748 1976 ‚misericordiae
2776 1895 3028 1968 divinae,
3076 1913 3149 1956 ac
3175 1891 3370 1956 bene-

1808 1991 2036 2070 placito
2066 1991 2285 2066 Patri-3,
2328 1990 2498 2070 quod
2526 1987 2841 2054 Christum
2866 1987 3052 2050 nobis
3099 1987 3365 2064 dederit,

1808 2102 1937 2144 non
1965 2083 2168 2145 solum
2195 2086 2260 2146 in
2291 2089 2572 2164 caputet
2623 2084 2996 2163 principem,
3033 2080 3146 2142 sed
3177 2081 3367 2142 etiam

1806 2175 1871 2238 in
1900 2177 2422 2256 Redemptorem;
2469 2184 2532 2240 et
2560 2177 2841 2240 similiter
2866 2177 2934 2236 in
2976 2175 3138 2236 illius
3169 2173 3364 2233 admi-

1804 2269 2006 2331 rabile
2047 2270 2378 2332 consilium
2418 2276 2481 2332 et
2529 2270 2912 2332 voluntatem
2961 2267 3362 2330 referendum

1808 2369 1924 2436 est,
1960 2362 2131 2442 quod
2159 2362 2540 2426 ordinaverit
2580 2367 2652 2424 ut
2679 2363 2958 2424 Christus
3006 2361 3070 2422 in
3097 2376 3360 2448 corpore

1805 2456 2102 2535 passibile
2129 2456 2388 2530 veniret,
2419 2464 2484 2520 et
2527 2475 2640 2536 per
2683 2456 3040 2536 passionem
3069 2453 3364 2516 homines

1804 2548 2182 2624 redimeret;
2210 2547 2348 2612 haec
2403 2549 2574 2612 enim
2619 2568 2748 2610 non
2801 2551 2950 2609 sunt
2999 2565 3113 2628 per
3141 2545 3363 2610 Christi

1805 2643 2099 2705 meritum
2139 2649 2254 2705 eut
2277 2643 2618 2706 humanam
2649 2642 3034 2704 voluntatem
3081 2639 3362 2714 definita,

1805 2734 1921 2796 sed
1950 2754 2063 2816 per
2090 2737 2478 2800 voluntatem
2507 2736 2726 2810 Patris,
2774 2735 2921 2796 licet
2961 2752 3090 2796 non
3127 2732 3364 2812 absque

1806 2829 2038 2892 intuitu
2082 2832 2446 2894 meritorum
2479 2829 2740 2904 Christi,
2801 2828 2884 2890 ad
2937 2828 3362 2890 ostensionem

1799 2922 2056 3002 justitioe
2083 2925 2400 3003 perfectae,
2417 2942 2560 3004 quae
2587 2924 2652 2986 in
2677 2923 2802 2984 illis
2826 2922 3054 2984 virtute
3080 2920 3364 2981 contine-

1802 3015 2014 3091 batur,
2041 3018 2220 3096 juxto
2242 3019 2396 3080 illud
2421 3017 2500 3080 ad
2525 3019 2702 3080 Rom.
2737 3018 2813 3078 3:
2850 3014 3030 3090 Quem
3048 3015 3364 3096 proposuit

1804 3110 1968 3174 Deus
1983 3113 2444 3192 propitiatorem
2453 3129 2564 3193 por
2579 3112 2762 3189 fidem
2774 3110 2842 3171 in
2854 3108 3148 3188 sanquine
3165 3108 3368 3187 ipsius

1804 3203 2296 3268 adornationem
2330 3204 2599 3284 justitia*
2626 3222 2772 3266 Μ.
2822 3203 3009 3264 Recte
3055 3201 3224 3260 enim
3260 3199 3363 3261 in-

1804 3296 2004 3375 telligi
2033 3303 2238 3376 potest
2269 3315 2398 3358 non
2423 3298 2626 3359 solnm
2663 3297 2958 3358 effectum
2981 3293 3364 3356 remissionis

1805 3395 2206 3469 peccatorum
2229 3409 2344 3470 per
2369 3392 2709 3466 Christum,
2742 3389 2860 3470 sed
2907 3390 3096 3454 etiam
3135 3404 3366 3470 propo·-

1806 3482 1994 3546 situm
2029 3483 2232 3562 ipsum
2260 3484 2451 3546 dandi
2477 3484 2658 3546 nobis
2681 3483 2874 3546 talem
2893 3483 3362 3564 propitiatorem

1804 3576 1998 3637 fuisse
2042 3575 2126 3638 ud
2161 3577 2580 3639 ostensionem
2603 3576 2858 3657 justitiae
2899 3582 3029 3638 tam
3063 3576 3129 3638 in
3159 3591 3365 3636 reme-

1806 3668 1911 3730 dio
1949 3673 2266 3749 proposito
2295 3688 2372 3731 ac
2397 3669 2680 3745 definito,
2714 3688 2906 3750 quam
2936 3670 3000 3730 in
3030 3669 3270 3730 ratione
3302 3673 3366 3730 et

1806 3762 2040 3824 motivo
2063 3764 2456 3842 proponendi
2479 3763 2668 3837 illud;
2691 3769 2755 3826 et
2775 3763 3082 3828 hactenus
3102 3761 3182 3824 de
3207 3761 3365 3825 elec-

1806 3856 2000 3920 tione.

1888 3953 1989 4016 30.
2037 3951 2318 4020 Christus
2369 3955 2493 4028 fuit
2537 3973 2725 4019 causa
2769 3955 3089 4018 meritoria
3140 3958 3364 4018 nostroe

1801 4045 2378 4123 praedestinationis.
2402 4082 2486 4098 -
2505 4049 2736 4112 Ultimo
2770 4053 2986 4110 temen
3024 4047 3363 4110 dicendum

1806 4144 1923 4210 est,
1970 4139 2160 4202 etiam
2189 4159 2328 4203 esse
2353 4143 2664 4204 Christum
2697 4159 2952 4204 causam
2979 4141 3362 4204 meritoriam

1804 4239 2036 4292 nostrae
2062 4233 2642 4312 praedestinationis,
2673 4235 2821 4298 Haec
2845 4235 3156 4316 colligitur
3175 4252 3254 4297 ex
3279 4234 3362 4298 ci-

1804 4329 1932 4387 tato
1965 4326 2106 4387 loco
2137 4327 2340 4403 Paul„
2371 4329 2449 4390 nd
2500 4329 2730 4410 Ephes.
2765 4335 2793 4390 1
2822 4345 2839 4391 ε
2891 4328 3364 4394 Ρνωᾱσεείπαοὶέ

1804 4435 1915 4480 noe
1934 4421 2271 4498 perJe-mm
2309 4420 2646 4488 Christum.
2689 4423 2806 4486 Illa
2831 4421 2998 4484 enim
3031 4421 3359 4502 particula,

1797 4529 1933 4592 per,
1955 4530 2214 4574 causam
2239 4515 2621 4578 meritoriam
2641 4515 2952 4596 designat,
2985 4522 3056 4576 ut
3082 4514 3363 4578 deelara-

1802 4609 1939 4666 tum
1964 4611 2082 4682 est,
2117 4613 2182 4670 et
2197 4607 2507 4687 colligitur
2535 4611 2684 4672 satis
2703 4629 2784 4674 ex
2809 4609 3081 4672 Concilio
3105 4609 3364 4672 Triden-

1802 4699 1958 4775 tino,
1989 4717 2142 4762 sess.
2179 4703 2244 4772 6,
2275 4721 2332 4763 o.
2359 4705 2420 4776 3,
2450 4707 2510 4776 4,
2557 4707 2594 4766 ὅ
2628 4710 2694 4767 et
2728 4705 2792 4766 6.
2824 4703 3123 4782 Loquitur
3148 4709 3361 4766 autem

1806 4792 2034 4856 Paulus
2055 4794 2138 4858 de
2160 4800 2290 4856 tota
2315 4796 2890 4875 proedestination03
2921 4815 3000 4860 eo
3029 4796 3198 4858 enim
3225 4814 3362 4860 mo·-

1802 4885 1885 4948 do
1936 4887 2154 4950 tribuit
2189 4889 2800 4968 praedestinationem
2834 4890 3074 4954 meritis
3109 4890 3358 4962 Christi,

1803 4997 1929 5058 quo
1963 4982 2148 5042 tribui
2176 5000 2304 5050 non
2331 4991 2532 5062 potest
2562 4985 2800 5046 meritis
2825 4984 3014 5063 ipsius
3038 4981 3362 5063 praedesti·-

1802 5074 1930 5135 nati
1957 5091 1972 5146 ;
2035 5081 2239 5153 potest
2312 5083 2524 5141 autem
2588 5077 3072 5155 praedestinatus
3129 5076 3362 5138 mereri

1804 5185 2000 5228 unum
2041 5168 2144 5230 vel
2167 5168 2435 5232 alterum
2463 5169 2756 5232 effectum
2794 5169 3362 5250 praedestinationis

1802 5276 1956 5320 suae.
1986 5259 2227 5324 Christo
2259 5278 2410 5341 ergo
2436 5279 2564 5324 non
2587 5262 2876 5333 tribuitur
2896 5263 3188 5330 meritum
3203 5279 3364 5340 prae·

1802 5351 2232 5419 destinationis
2261 5362 2516 5435 propter
2565 5373 2766 5421 unum
2793 5355 2894 5418 vel
2943 5353 3134 5416 alium
3173 5355 3361 5418 effec-

1802 5452 1962 5521 tum,
1983 5446 2096 5510 sed
2113 5454 2582 5532 proptertotam
2613 5447 3262 5536 praedestinationem
3299 5455 3362 5513 et
