3892 6167
541 344 659 404 176
706 335 713 344 ’

540 445 821 527 corporis
848 451 913 509 et
954 444 1181 508 animm
1226 445 1607 510 dissolvitur.
1640 449 1851 511 Potest
1892 452 2109 508 autem

537 541 824 603 remissio
855 541 1159 604 naturalis
1188 541 1415 603 caloris
1442 559 1643 622 usque
1668 543 1749 604 ad
1776 542 1953 604 illum
1985 547 2110 602 ter-

536 635 783 697 minum
812 635 1115 717 paulatim
1164 636 1497 716 pervenire
1524 637 1763 716 absque
1790 632 2110 714 aegritudi-

537 745 645 801 ne,
678 729 827 808 quia
874 729 939 790 in
986 729 1251 808 singulis
1304 729 1593 792 oetatibus
1634 735 1843 810 potest
1879 745 2108 808 corpus

537 821 694 885 illud
738 821 805 883 in
846 822 1247 885 convenienti
1285 822 1693 902 dispositione
1720 823 2102 886 conservari.

538 916 720 989 Nam,
750 915 911 978 sicut
942 915 1222 996 pueritiae
1250 917 1632 980 conveniens
1670 923 1765 980 ost
1790 917 1932 980 talis
1979 917 2104 980 dis-

538 1007 765 1087 positio
787 1052 804 1079 ,
838 1009 927 1071 sic
953 1009 1145 1071 etiam
1182 1009 1489 1074 senectuti
1518 1017 1583 1072 et
1616 1011 1753 1074 aliis
1780 1011 2098 1086 oetatibus3

538 1102 801 1164 morbus
846 1108 1058 1165 antem
1106 1104 1359 1185 proprie
1408 1105 1687 1168 consistit
1734 1105 1803 1166 in
1852 1104 2102 1166 defectu

538 1195 842 1256 naturalis
866 1201 931 1258 et
956 1197 1385 1260 convenientis
1412 1197 1835 1278 dispositionis
1856 1197 2102 1276 corpori

538 1286 821 1350 humano
844 1289 909 1350 in
936 1289 1043 1351 tali
1068 1296 1233 1352 statu
1256 1292 1357 1353 vel
1374 1297 1558 1353 oetate
1580 1291 1829 1354 debitas.
1854 1293 2104 1354 Poterat

538 1388 751 1444 autem
776 1401 1005 1464 corpus
1028 1382 1255 1447 Christi
1282 1403 1607 1464 nunquam
1638 1403 1853 1450 carcre
1882 1385 2104 1464 hujus-

536 1473 707 1538 modi
736 1476 1143 1556 dispositione
1164 1522 1182 1550 ,
1212 1482 1276 1540 et
1300 1478 1709 1542 nihilominus
1734 1480 2104 1544 naturaliter

534 1568 720 1647 mori,
750 1574 824 1632 ut
855 1569 1233 1651 explicatum
1262 1577 1380 1634 est.

1138 1757 1355 1814 8ΕοΉο
1397 1759 1483 1813 m.

537 1882 619 1940 An
664 1881 723 1940 ht·
768 1883 1014 1957 defectus
1062 1885 1275 1957 suerint
1317 1887 1624 1946 necessarii
1664 1888 1753 1946 vel
1800 1889 2102 1949 vottmtarii

1068 1968 1281 2029 Christo
1306 1970 1562 2030 Domino.

625 2135 677 2194 l.
710 2133 975 2196 Dubium
1002 2136 1121 2199 hoc
1148 2137 1349 2199 solum
1378 2138 1571 2201 habet
1596 2139 1831 2214 locum,
1849 2141 2102 2222 proprie

536 2226 883 2307 loquendo,
910 2229 977 2290 in
1005 2229 1105 2292 his
1142 2231 1491 2294 defectibus
1518 2232 1624 2312 qui
1655 2232 1719 2296 in
1757 2234 1966 2314 aliqua
1997 2253 2103 2298 ac-

531 2319 703 2383 tione
745 2321 844 2382 vel
886 2323 1179 2402 passione
1222 2327 1590 2388 consistunt.
1624 2327 1699 2388 Et
1724 2329 1883 2390 ratio
1926 2327 2102 2391 dubii

531 2412 691 2474 sumi
718 2419 922 2494 potest
952 2433 1027 2477 ex
1052 2417 1360 2494 Damasc.,
1380 2417 1492 2482 lib.
1519 2418 1599 2481 de
1623 2421 1878 2494 Haeret„
1900 2421 1966 2482 iu
1997 2423 2100 2498 84,

530 2504 641 2567 ubi
683 2505 849 2569 inter
890 2507 1162 2572 haereses
1213 2511 1449 2574 Juliani
1482 2517 1547 2574 et
1588 2513 1851 2575 aliorum
1899 2515 2099 2595 ponit,

530 2598 701 2678 quod
750 2599 1033 2664 dicerent
1080 2602 1192 2686 lias
1238 2604 1565 2684 passiones
1614 2624 1741 2668 non
1790 2605 1984 2668 fuisse
2029 2606 2098 2670 in

528 2691 770 2754 Christo
800 2693 958 2756 sicut
984 2693 1047 2756 in
1080 2694 1283 2771 nobis,
1311 2698 1462 2776 quia
1490 2697 1557 2759 in
1587 2699 1770 2760 nobis
1797 2717 2093 2762 necessa-

528 2784 639 2846 riae
656 2830 678 2863 ,
710 2785 775 2847 in
814 2785 1055 2848 Christo
1086 2792 1298 2850 autem
1328 2789 1695 2852 voluntaria
1727 2792 2086 2856 extiterunt.

526 2877 601 2938 In
628 2873 1011 2940 contrarium
1045 2898 1190 2942 veto
1218 2889 1335 2956 est,
1364 2883 1514 2962 quia
1540 2883 1677 2964 ipse
1704 2887 2025 2964 Damasc.,
2051 2887 2095 2949 l.

530 2971 569 3034 3
597 2968 677 3032 de
714 2969 878 3046 Fid„
910 2989 965 3033 c.
995 2973 1098 3050 20,
1130 2973 1279 3036 dicit
1304 2975 1422 3036 has
1452 2975 1779 3055 passiones
1804 2977 1997 3042 fuisse
2033 2980 2096 3040 in

526 3063 770 3130 Christo
820 3065 1240 3143 voluntarias,
1289 3067 1418 3129 imo
1468 3074 1533 3130 et
1584 3073 2091 3150 supernaturales

530 3173 641 3218 eas
659 3162 865 3232 vocat,
882 3158 1030 3235 quia
1049 3176 1175 3221 non
1195 3160 1661 3239 praeveniebant
1676 3163 2088 3240 voluntatem,

526 3250 815 3329 quamvis
854 3251 1041 3312 etiam
1075 3251 1351 3332 appellet
1390 3253 1529 3315 illas
1562 3255 1909 3331 naturales,
1942 3257 2094 3335 quia

526 3348 675 3404 sunt
699 3343 1048 3406 secundum
1079 3352 1391 3408 naturam.

604 3436 667 3498 2.
710 3435 1209 3517 Supponendum
1238 3457 1386 3502 vero
1418 3446 1512 3504 est
1558 3459 1918 3505 sermonem
1956 3461 2093 3507 esse

526 3527 607 3590 de
636 3529 1023 3604 voluntat-ic,
1054 3537 1244 3610 prout
1290 3533 1374 3595 ab
1418 3539 1563 3597 actu
1610 3535 1951 3597 voluntatis
1977 3536 2096 3598 hu·

522 3637 729 3684 manse
754 3622 1181 3688 denominatio
1212 3627 1347 3690 haec
1375 3627 1537 3689 sumi
1566 3634 1793 3708 potest,
1818 3646 1966 3690 nam
1999 3647 2094 3692 se-

524 3714 798 3778 cundum
827 3716 1213 3780 voluntatem
1243 3719 1517 3782 divinam
1546 3727 1811 3797 constat,
1838 3721 1956 3782 hos
1987 3722 2090 3784 de·

520 3808 721 3872 fectus
756 3810 951 3874 fuisse
986 3811 1399 3890 voluntarios,
1428 3821 1566 3876 tum
1596 3815 1661 3876 in
1690 3816 1823 3895 ipsa
1852 3833 2091 3878 assum-

523 3905 738 3984 ptione
790 3907 1143 3969 voluntaria
1202 3909 1482 3990 corporis
1533 3909 1847 3988 passibilis
1880 3957 1896 3986 ‚
1955 3917 2088 3974 tum

524 3997 713 4060 etiam
738 3999 807 4062 in
838 4017 907 4062 se
938 4001 1124 4081 ipsis;
1152 4001 1299 4081 quia
1328 4002 1479 4064 dum
1508 4001 1785 4066 Christus
1808 4003 2092 4083 patieba-

522 4097 648 4167 tur,
672 4093 793 4155 boc
815 4092 1021 4174 ipsum
1052 4093 1259 4156 divina
1292 4096 1583 4158 voluntas
1604 4095 1855 4159 volebat
1881 4103 1945 4160 et
1962 4098 2090 4160 effi-

523 4183 727 4246 ciebat
743 4207 762 4260 3
785 4184 1104 4265 loquimur
1130 4188 1297 4249 enim
1326 4187 1405 4251 de
1433 4189 1705 4251 innoxiis
1730 4195 1793 4252 et
1826 4191 2090 4270 poenali-

522 4278 643 4340 bus
670 4277 1039 4355 det'ectibuS,
1060 4287 1131 4342 ut
1152 4287 1331 4342 erant
1360 4297 1581 4344 omnes
1604 4283 1829 4345 Christi
1851 4284 2088 4363 passio-

522 4389 659 4430 nes.
690 4371 999 4451 Respectu
1042 4389 1193 4434 vero
1238 4372 1577 4435 voluntatis
1610 4374 1903 4436 humanae
1928 4422 1943 4450 ,
1975 4375 2088 4438 du-

520 4461 765 4543 pliciter
791 4468 997 4545 potest
1027 4465 1264 4544 aliquid
1293 4465 1415 4527 dici
1450 4465 1894 4540 voluntarium,
1923 4469 2090 4532 scili·

522 4563 642 4632 cet,
662 4557 761 4620 vel
780 4563 851 4618 ut
872 4558 1130 4622 effectus
1164 4578 1278 4622 seu
1299 4565 1475 4622 actus
1511 4561 1691 4642 cujus
1710 4563 2087 4643 principium

522 4655 619 4712 est
662 4651 986 4725 voluntas,
1016 4654 1116 4715 vel
1148 4660 1216 4715 ut
1263 4653 1578 4734 obJectum
1619 4662 1859 4719 tantum
1911 4656 2082 4736 qnod

518 4747 809 4808 voluntas
838 4745 972 4827 ipsa
1002 4754 1193 4821 amat,
1217 4765 1329 4809 seu
1362 4755 1667 4830 acceptat,
1692 4751 1980 4830 quamvis
2005 4751 2080 4812 il-

520 4839 643 4901 lius
666 4839 1039 4920 principium
1060 4859 1187 4902 non
1220 4841 1318 4902 sit.
1343 4841 1621 4921 Denique
1652 4844 1937 4905 voluntas
1967 4843 2084 4905 hu-

518 4951 703 4996 mana
738 4934 964 4996 Christi
1008 4933 1390 4996 considerari
1431 4941 1678 5014 potest,
1709 4937 1811 4999 vel
1863 4954 2086 4999 secun-

520 5027 671 5088 dum
702 5026 1019 5090 naturales
1062 5027 1227 5089 vires
1254 5045 1400 5090 suas
1415 5074 1436 5105 ‚
1480 5028 1580 5090 vel
1612 5035 1678 5091 ut
1702 5030 2084 5092 instrumen-

519 5128 655 5182 tum
702 5119 914 5196 Verbi,
954 5119 1197 5184 habens
1244 5122 1367 5184 vim
1398 5121 1479 5184 ad
1519 5121 1847 5185 efficienda
1891 5139 2083 5204 opera

518 5231 659 5294 quae
690 5220 983 5274 naturam
1013 5221 1333 5294 superant.

1752 345 1988 412 QUAEST.
2023 345 2154 398 MV.
2189 343 2396 398 Amic.
2434 346 2513 402 W.

2189 443 2368 506 sibile
2397 444 2734 507 formatum
2763 450 2880 518 est,
2903 451 2970 506 et
2991 445 3212 526 positis
3247 448 3442 510 etiam
3473 449 3618 510 aliis
3641 469 3734 512 ua·

2185 537 2496 600 turalibus
2521 538 2750 611 causis,
2783 539 3160 602 necessitate
3183 540 3464 620 quadam
3481 544 3730 608 naturali

2185 631 2538 713 patiebatur
2557 631 2838 695 Christus
2867 632 2984 693 hos
3028 631 3338 707 defectus,
3375 641 3454 696 ut
3494 634 3730 711 famem,

2185 725 2376 797 sitim,
2409 731 2554 801 etc„
2589 743 2710 788 nec
2736 729 2986 804 poterat
3009 743 3122 788 eos
3157 743 3274 805 per
3297 727 3468 790 vires
3499 733 3732 790 natara-

2183 818 2278 882 les
2309 820 2602 882 humanae
2627 819 2966 882 voluntatis
2983 820 3290 900 impedire
3313 837 3338 899 ;
3365 827 3436 884 et
3476 823 3602 884 hoc
3627 841 3734 885 mo·

2185 913 2268 976 do
2287 912 2518 976 dicitur
2535 913 2814 976 Christus
2843 913 3259 993 assumpsisse
3305 915 3736 978 necessitatem

2183 1005 2548 1086 subjacendi
2577 1004 2676 1068 bis
2695 1004 3072 1082 defectibus,
3103 1011 3170 1068 et
3195 1006 3432 1070 eodem
3457 1025 3652 1070 sensu
3667 1009 3737 1070 di·

2183 1106 2415 1161 cuntur
2438 1099 2798 1162 necessarii.
2825 1099 2940 1161 Hic
2969 1105 3068 1162 est
3111 1117 3338 1163 sensus
3386 1102 3466 1162 D.
3497 1102 3736 1162 Thomae

2157 1191 2310 1268 hic,
2337 1198 2454 1254 art.
2485 1193 2548 1260 4.
2571 1198 2634 1254 et
2663 1192 2931 1272 praiced.
2957 1209 3052 1270 q..
3083 1199 3202 1256 art.
3249 1195 3312 1269 3,
3341 1194 3408 1254 in
3437 1210 3578 1271 quo
3613 1213 3738 1256 coa-

2183 1287 2462 1350 sentiunt
2495 1286 2820 1367 Theologi,
2854 1287 2920 1349 in
2955 1289 3022 1362 3,
3043 1285 3188 1348 dist.
3223 1290 3300 1350 15
3329 1291 3394 1352 et
3429 1289 3558 1360 16;
3597 1287 3736 1351 llar-

2183 1381 2280 1443 sil.
2311 1428 2325 1447 .
2369 1397 2430 1462 q.
2478 1383 2595 1453 113
2625 1379 2932 1444 Alexand.
2991 1380 3234 1455 Alens„
3279 1384 3322 1444 3
3364 1399 3433 1461 p.
3464 1426 3492 1457 ,
3539 1399 3610 1460 q.
3653 1387 3734 1456 Π,

2181 1476 2416 1539 memb.
2449 1477 2522 1550 {3
2559 1479 2624 1538 et
2645 1475 2768 1538 hoc
2789 1493 2980 1536 sensu
3007 1474 3258 1537 videtur
3275 1477 3588 1538 Damasc.
3617 1493 3738 1538 eou-

2181 1570 2440 1632 trariam
2467 1570 2844 1633 sententiam
2881 1574 2954 1630 ut
2991 1569 3354 1634 haereticam
3389 1569 3734 1634 damnare:

2181 1662 2474 1727 videntur
2499 1662 2667 1726 enim
2697 1661 2790 1724 illi
2813 1662 3088 1726 hoeretici
3117 1661 3374 1738 dixisse,
3401 1662 3542 1726 tale
3561 1663 3738 1726 fuisse

2183 1773 2412 1837 corpus
2428 1756 2679 1831 Christi,
2695 1756 3030 1837 taliterque
3051 1756 3534 1838 dispositnm,nt
3571 1757 3740 1820 etiam

2183 1850 2266 1914 ab
2293 1851 2442 1932 igne
2466 1849 2584 1912 sibi
2609 1849 2926 1930 applicato
2953 1869 3084 1913 non
3107 1851 3478 1914 necessario
3507 1850 3742 1912 calefie-

2180 1949 2297 2019 ret,
2333 1944 2520 2008 etiam
2549 1943 2792 2006 secluso
2819 1943 3150 2017 miraculo,
3195 1948 3259 2006 et
3281 1944 3430 2007 ideo
3457 1943 3740 2006 dicebant

2181 2053 2310 2100 non
2333 2037 2618 2119 paruisse
2651 2043 2892 2100 naturae
2931 2037 3198 2119 leg-ibus.
3239 2038 3392 2112 Quae
3435 2040 3738 2102 sententia

2182 2147 2260 2192 eo
2307 2131 2600 2193 haeretica
2659 2135 2778 2202 est,
2827 2131 3001 2212 quod
3047 2131 3112 2194 in
3163 2149 3230 2194 re
3281 2138 3484 2213 negat
3525 2151 3738 2212 corpus

2179 2224 2406 2290 Christi
2433 2243 2580 2288 vere
2607 2227 2802 2288 fuisse
2827 2226 3160 2306 passibi103
3184 2226 3356 2289 unde
3381 2245 3468 2289 ex
3503 2233 3740 2290 contra·

2178 2321 2274 2384 rio
2303 2319 2606 2402 principio
2635 2319 2786 2382 fidei
2817 2320 3197 2383 sufficienter
3239 2319 3556 2401 probatur
3613 2339 3740 2383 con-

2179 2413 2402 2476 clusio.
2437 2414 2586 2489 Quae
2613 2413 3042 2486 confirmatur,
3067 2431 3221 2476 nam
3249 2431 3486 2495 corpus
3529 2415 3738 2476 Christi

2179 2527 2328 2571 vere
2385 2512 2448 2571 et
2493 2507 2858 2571 naturaliter
2909 2506 3178 2589 indiguit
3227 2507 3366 2570 cibo
3431 2513 3504 2571 et
3557 2517 3734 2589 potu:
3821 2519 3823 2534 '

2181 2601 2436 2683 quando
2467 2619 2618 2681 ergo
2645 2602 2778 2664 hoec
2797 2601 3082 2670 deerant.
3105 2600 3339 2666 famem
3357 2608 3424 2664 et
3441 2604 3630 2664 sitim
3649 2622 3742 2664 na·

2183 2697 2366 2760 turali
2381 2695 2754 2758 necessitate
2777 2695 3108 2758 sentiebat.
3133 2695 3360 2768 Quare,
3391 2695 3580 2775 quod
3605 2715 3738 2776 qua·

2181 2788 2470 2870 draginta
2497 2786 2728 2850 dicbus
2761 2787 2950 2850 fuerit
2979 2789 3114 2850 sine
3139 2787 3301 2860 cibo,
3329 2789 3396 2849 in
3419 2791 3738 2852 miraculis

2180 2883 2318 2962 ejus
2345 2900 2382 2943 a
2409 2881 2696 2945 Patribus
2721 2888 3110 2946 numeratur.
3153 2881 3332 2944 Unde
3363 2883 3568 2946 etiam
3613 2902 3736 2945 cou-

2176 2975 2463 3037 firmatur
2491 2992 2508 3048 3
2533 2993 2684 3036 narn
2705 2980 3116 3053 augmentum
3139 2981 3205 3037 et
3235 2974 3734 3050 decrementum,

2177 3073 2242 3131 et
2273 3068 2660 3130 diversarum
2713 3074 2968 3130 aetatum
3017 3067 3330 3131 successio
3359 3087 3438 3130 ex
3471 3069 3734 3134 naturali

2175 3161 2548 3224 necessitate
2579 3161 2834 3223 inventa
2855 3162 3038 3223 estin
3064 3179 3331 3242 corpore
3359 3160 3636 3234 Christ&
3661 3181 3734 3224 er·

2174 3273 2256 3335 go
2297 3255 2578 3318 alteratio
2599 3271 2676 3316 ex
2703 3255 2912 3317 calore
2929 3255 3228 3328 naturali,
3255 3254 3360 3316 vel
3376 3273 3462 3316 ex
3477 3256 3735 3316 alimen·
3824 3321 3826 3324 ,

2175 3353 2264 3423 to,
2281 3354 2344 3411 et
2365 3349 2506 3410 alioe
2523 3347 2760 3411 similes
2785 3349 3056 3410 naturali
3085 3347 3462 3410 necessitate
3479 3349 3736 3411 fuerunt

2171 3443 2236 3503 in
2267 3443 2401 3522 ipso
2431 3456 2450 3519 3
2483 3459 2636 3522 ergo
2675 3447 2738 3504 et
2759 3441 3088 3504 naturales
3103 3441 3411 3516 defectus,
3441 3443 3554 3520 qui
3601 3443 3734 3502 hinc

2173 3542 2543 3614 sequuntur,
2573 3539 2644 3595 nt
2680 3534 2903 3610 fames,
2939 3535 3098 3606 sitis,
3117 3532 3514 3614 defatigatio,
3543 3543 3616 3597 et
3643 3535 3738 3596 de·

2171 3631 2366 3710 nique
2398 3647 2568 3692 mors
2591 3629 2959 3692 naturaliter
2983 3635 3156 3691 esset
3179 3634 3416 3696 secuta.
3451 3629 3584 3692 nisi
3632 3647 3736 3710 per

2170 3724 2536 3787 violentiam
2580 3724 2917 3804 anticipata
2955 3723 3198 3802 fuisset,
3235 3729 3304 3786 ut
3339 3724 3737 3805 Augustinus

2170 3817 2380 3880 docuit
2401 3817 2512 3879 lib.
2542 3820 2582 3879 Ξ
2609 3818 2692 3880 de
2732 3818 3136 3880 Peccatorum
3155 3816 3364 3881 merit.
3395 3823 3463 3880 et
3491 3820 3732 3890 remis,

2171 3927 2228 3972 c.
2257 3915 2360 3986 29,
2382 3914 2446 3972 et
2465 3913 2541 3973 D.
2571 3912 2869 3984 Thomas,
2903 3911 2964 3972 iu
2985 3913 3047 3988 3,
3077 3911 3141 3973 d.
3175 3913 3276 3982 16,
3297 3927 3362 3990 q.
3394 3912 3460 3987 i,
3481 3915 3606 3974 art.
3637 3917 3700 3975 2.

2249 4007 2308 4066 4.
2359 4001 2655 4080 &amodo
2682 4003 2930 4082 suerint
2975 4003 3430 4068 voluntaria-
3453 4004 3614 4066 Dico
3639 4021 3734 4064 se·

2170 4095 2378 4160 cundo
2401 4112 2415 4156 :
2446 4096 2862 4159 nihilominus
2885 4095 2952 4158 hi
2973 4095 3254 4158 defectus
3275 4095 3542 4160 fuerunt
3567 4096 3732 4158 Chri·

2170 4195 2268 4250 sto
2285 4189 2526 4252 homini
2543 4190 2877 4252 voluntarii
2908 4206 2923 4250 t
2947 4190 3173 4270 primo,
3198 4207 3316 4270 per
3336 4189 3602 4251 modurn
3627 4190 3730 4250 ob-

2164 4282 2314 4362 jecti
2345 4283 2692 4345 voluntarie
2721 4283 3028 4362 acceptati
3063 4289 3128 4345 et
3155 4283 3370 4358 amati,
3399 4283 3508 4344 vel
3533 4284 3598 4344 in
3629 4283 3728 4362 ip—
3825 4321 3828 4326 -

2167 4382 2370 4439 semet
2406 4377 2834 4456 assumptione
2882 4375 3160 4456 corporis
3189 4375 3531 4456 passibilis,
3549 4377 3730 4455 juxt-a
3824 4383 3828 4510 Ι

2165 4467 2366 4530 illud:
2401 4468 2636 4553 Corpus
2683 4475 2882 4534 autem
2919 4467 3232 4549 adaptasti
3256 4469 3434 4542 mihi,
3463 4475 3608 4532 tm
3631 4469 3730 4532 dt·-

2165 4560 2236 4626 εἰ
2265 4587 2290 4623 .·
2313 4563 2479 4626 Ecce
2503 4561 2696 4640 venio,
2724 4563 2794 4624 in
2811 4563 3008 4641 capite
3035 4560 3176 4624 libri
3219 4561 3524 4643 scriptum
3545 4565 3630 4624 cst
3657 4562 3732 4622 de
3824 4521 3828 4608 Ι

2165 4673 2279 4731 mc,
2319 4659 2390 4718 ut
2415 4658 2679 4729 facerem
2707 4655 3072 4718 voluntatem
3101 4659 3292 4727 tuam,
3321 4653 3492 4716 Dm
3536 4671 3724 4727 mus,

2167 4748 2332 4812 volui
2350 4773 2378 4822 ;
2420 4749 2520 4811 vel
2565 4749 2628 4810 in
2675 4748 2938 4828 singulis
2967 4747 3428 4820 occasionibus„
3467 4765 3612 4810 cum
3653 4765 3726 4808 se

2165 4841 2471 4905 offerebat
2490 4842 2926 4922 opportunitas
2936 4840 3035 4902 vel
3047 4839 3392 4902 necessitas
3412 4842 3726 4902 sustinen-

2168 4934 2233 4997 di
2251 4933 2610 5015 hujusmodi
2637 4932 2942 4996 defectus.
2965 4933 3278 5008 Secundo,
3309 4950 3418 5012 per
3463 4933 3724 4994 modum

2167 5027 2428 5089 effectus
2455 5027 2664 5106 aliquo
2695 5027 2886 5088 modo
2919 5025 3318 5104 procedentis
3343 5024 3428 5086 ab
3451 5026 3726 5105 ipsamet

2163 5119 2486 5182 voluntate
2513 5119 2758 5196 Christi,
2784 5119 2886 5182 vel
2907 5120 3057 5198 quia
3083 5118 3472 5194 occasiones,
3491 5125 3554 5180 et
3569 5135 3724 5180 cau-

2165 5231 2267 5276 sas
2293 5213 2650 5294 hujusmodi
2677 5212 3038 5275 defectuum
3059 5211 3410 5274 voluntarie
3437 5227 3722 5272 assume-

599 5311 661 5372 3.
708 5307 805 5371 Hs·
853 5308 1123 5386 defectus
1162 5309 1444 5390 quomodo
1487 5307 1727 5374 christo
1754 5311 2086 5374 necessarii
2159 5306 2290 5384 bat,
2319 5313 2389 5368 ut
2415 5324 2556 5369 cum
2579 5305 2933 5386 jejunabat,
2967 5312 3033 5368 et
3071 5322 3272 5384 usque
3301 5303 3384 5366 ad
3413 5303 3722 5380 defatiga-

518 5403 781 5480 fuerint.
814 5434 897 5449 —
923 5401 1074 5462 Dico
1103 5419 1255 5481 ergo
1286 5402 1489 5483 primo
1524 5423 1542 5462 :
1576 5402 1895 5483 supposita
1946 5403 2076 5464 dis·
2157 5401 2394 5464 tionem
2415 5399 2810 5473 ambulabat3
2842 5400 2946 5463 vel
2971 5399 3118 5479 quia
3145 5399 3366 5460 saltem
3395 5405 3464 5458 ut
3485 5397 3716 5460 iustru-

520 5495 827 5577 positione
855 5493 1152 5571 naturali,
1185 5495 1249 5559 in
1270 5513 1395 5576 qua
1416 5513 1641 5578 corpus
1679 5495 1899 5558 Christi
1936 5513 2077 5577 pas·
2159 5501 2438 5558 mentum
2470 5493 2658 5558 Verbi
2705 5499 2948 5574 poterat
2995 5493 3112 5555 has
3147 5494 3474 5573 passiones
3511 5491 3716 5569 impe·
