3892 6167
607 374 725 436 116

605 496 758 541 nem
772 492 922 539 vero
938 471 1020 538 ad
1050 472 1322 537 formam
1347 474 1535 554 ignis,
1565 475 1661 537 est
1683 471 2172 537 instrumentum

608 570 1050 655 productivum
1080 568 1262 648 ignis,
1278 568 1564 647 quamvis
1587 568 1652 629 in
1681 585 1750 629 se
1775 568 2031 629 realiter
2046 585 2173 628 non

606 666 995 727 immutetur.
1031 660 1330 734 Quintum
1373 667 1468 722 est
1506 662 1584 723 de
1611 660 1928 724 intellectu
1976 666 2039 723 et
2066 678 2176 722 vo·

607 759 873 830 luntate‚
907 772 1046 835 quae
1073 754 1367 835 potentia}
1397 754 1442 833 (j
1455 760 1602 817 uxta
1629 754 1990 835 opinionem
2022 755 2173 817 satis

613 868 1042 925 communem,
1072 854 1134 911 et
1161 868 1199 911 a
1225 848 1438 911 multis
1462 848 1799 931 Theologis
1817 848 2170 930 probatam)

610 945 967 1026 producunt
990 943 1224 1023 primos
1245 946 1419 1006 actus
1455 942 1988 1025 supernaturaleS,
2024 943 2173 1004 abs-

611 1054 736 1117 que
763 1038 892 1099 ullo
919 1036 1138 1099 habitu
1161 1035 1262 1098 vel
1289 1036 1590 1116 qualitate
1617 1035 2038 1117 superaddita,
2058 1034 2171 1098 sed

609 1150 726 1213 per
752 1132 952 1195 solam
971 1128 1550 1194 subordinationem
1579 1128 1662 1193 ad
1688 1128 1973 1195 divinum
2002 1130 2175 1193 auxi-

611 1224 791 1289 lium.

857 1338 1270 1438 Impugnatur
1279 1354 1588 1439 proedicta
1603 1353 1924 1419 sententia.

699 1504 802 1571 20.
852 1505 1058 1572 Causa
1103 1523 1224 1571 mm
1261 1506 1658 1585 constituitur
1685 1506 1754 1571 in
1794 1512 1937 1570 actu
1971 1506 2175 1587 primo

613 1609 697 1674 ad
720 1604 1016 1688 coendum
1041 1619 1151 1683 per
1177 1601 1370 1665 solam
1388 1598 1919 1664 denominationem
1941 1601 2177 1665 extrin-

610 1719 830 1766 secam.
857 1696 1073 1758 —Hic
1127 1692 1355 1755 modus
1412 1692 1761 1773 explicandi
1796 1692 2178 1755 nativitatem

615 1793 974 1856 divinorum
1015 1788 1598 1863 instrumentorum,
1635 1792 1916 1868 apertam
1949 1786 2051 1865 (ni
2072 1784 2183 1847 fal·

616 1886 738 1967 lor)
777 1882 1035 1947 involvit
1061 1878 1638 1953 contradictionem,
1666 1882 1730 1940 et
1785 1896 1928 1941 cum
1955 1878 2185 1959 princi-

618 1978 740 2060 piis
770 1977 988 2061 positis
1007 1980 1072 2036 et
1097 1972 1388 2035 admissis
1415 1972 1809 2035 manifestam
1825 1990 2187 2053 repugnan-

617 2074 798 2136 tiam.
835 2069 1020 2151 Quod
1049 2068 1099 2130 si
1153 2066 1513 2143 ostendero,
1546 2072 2010 2146 consequenter
2038 2085 2187 2131 con-

622 2167 876 2230 vincam
905 2170 1016 2227 aut
1032 2162 1379 2243 potentiam
1406 2160 1674 2223 activam
1701 2159 2185 2223 obedientialem

623 2278 764 2323 esse
789 2254 1270 2331 admittendam,
1299 2258 1408 2316 aut
1457 2255 1623 2315 hanc
1663 2253 1993 2334 physicam
2028 2254 2187 2317 acti—

613 2354 872 2417 vitatem
922 2348 1330 2413 humanitatis
1357 2346 1606 2423 Christi,
1639 2353 1705 2410 et
1731 2346 2000 2410 aliorum
2030 2346 2185 2409 divi-

617 2466 846 2510 norum
859 2448 1444 2516 instrumentorum,
1464 2458 1602 2503 esse
1617 2439 2002 2519 negandam.
2022 2440 2186 2503 Prae-

617 2540 783 2603 dicta
831 2545 1044 2602 autem
1091 2534 1516 2616 repugnantia
1553 2539 1616 2595 et
1661 2532 2071 2596 contradictio
2098 2532 2187 2595 sic

623 2632 996 2705 ostenditur,
1030 2630 1182 2710 quia
1233 2627 1470 2690 dictum
1515 2631 1611 2688 est
1661 2643 1944 2701 causam,
1998 2626 2189 2688 etiam

623 2724 1193 2797 instrumentalem,
1227 2739 1354 2783 non
1399 2738 1584 2801 posse
1617 2720 1684 2781 in
1711 2726 1925 2782 actum
1964 2738 2187 2783 secun·

627 2819 781 2880 dum
801 2817 1077 2899 prodire,
1111 2814 1230 2877 nisi
1259 2814 1436 2894 prius
1458 2814 1525 2876 in
1551 2818 1696 2875 actu
1731 2814 1934 2893 primo
1960 2814 2190 2875 consti-

625 2919 861 2975 tuatur.
897 2912 1045 2973 Haec
1066 2915 1280 2971 autem
1309 2907 1669 2970 constitutio
1697 2924 1828 2968 non
1866 2911 2073 2986 potest
2096 2907 2185 2967 in·

623 3006 818 3087 telligi
849 3022 988 3066 esse
1012 3021 1129 3085 per
1153 3000 1354 3064 solam
1380 3002 1794 3065 extrinsecam
1819 3000 2188 3065 denomina-

622 3101 862 3162 tionem
884 3114 905 3177 ;
951 3114 1103 3177 ergo
1134 3095 1492 3159 necessario
1550 3114 1688 3159 esse
1720 3094 1910 3158 debet
1951 3112 2066 3176 per
2096 3096 2189 3156 in·

623 3193 965 3255 trinsecam
1005 3190 1352 3265 entitatem,
1381 3188 1482 3251 vel
1522 3207 1640 3269 per
1688 3188 1959 3251 formam
2002 3188 2191 3251 inhae-

619 3293 892 3363 rentem,
919 3290 1028 3348 aut
1054 3302 1172 3366 per
1199 3290 1539 3365 utrumque
1568 3284 1776 3361 simul,
1809 3290 1919 3345 aut
1956 3302 2074 3364 per
2099 3282 2189 3345 al-

625 3385 830 3442 terum
861 3385 1133 3453 tantum,
1162 3378 1344 3458 juxta
1385 3378 1670 3439 diversos
1691 3378 2023 3441 activitatis
2052 3394 2192 3459 gra·

625 3471 746 3535 dus
780 3492 855 3535 ac
885 3472 1142 3545 modos;
1171 3490 1324 3553 ergo
1354 3472 1416 3533 in
1446 3471 1740 3551 praesenti
1769 3472 2032 3533 materia
2060 3488 2190 3533 non

625 3572 892 3647 possunt
931 3566 1349 3628 instrumenta
1382 3565 1592 3628 divina
1621 3564 1910 3628 constitui
1947 3584 2064 3645 per
2092 3582 2192 3627 so-

623 3659 752 3721 lam
793 3659 1212 3723 extrinsecam
1261 3657 1840 3721 denominationem
1877 3678 1916 3721 a
1962 3660 2189 3721 virtute

623 3751 872 3829 divina;
908 3770 1060 3834 ergo
1104 3770 1234 3814 non
1261 3758 1526 3833 possunt
1577 3752 1868 3815 constitui
1917 3750 1986 3812 in
2044 3758 2192 3814 actu

623 3848 828 3927 primo
846 3866 960 3927 per
980 3846 1180 3909 solam
1201 3846 1782 3908 subordinationem
1805 3846 1888 3907 ad
1913 3845 2190 3908 divinam

623 3941 956 4014 virtutem;
990 3956 1142 4001 nam
1167 3938 1290 4000 hoc
1318 3940 1522 4001 solum
1572 3942 1670 4003 est
1713 3938 1782 3999 in
1812 3937 1933 4001 illis
1962 3940 2191 4001 extrin-

626 4052 770 4095 seca
798 4032 1262 4110 denominatio;
1285 4050 1436 4114 ergo
1465 4050 1723 4095 necesse
1741 4038 1836 4094 est
1863 4038 1933 4096 ut
1960 4050 2190 4113 suppo-

623 4134 812 4189 natur
840 4144 919 4189 ex
957 4133 1135 4207 parte
1169 4124 1421 4187 illorum
1466 4124 1678 4207 aliqua
1719 4126 1813 4187 vis
1848 4126 2051 4189 activa
2094 4127 2192 4188 in-

625 4221 1108 4298 trinseca,quse,
1142 4236 1290 4280 cum
1335 4234 1466 4281 non
1516 4218 1595 4281 sit
1640 4217 1854 4282 addita
1899 4238 2017 4301 per
2064 4220 2192 4281 for-

628 4331 799 4375 mam
827 4312 1266 4390 inhaerentem,
1293 4310 1410 4375 erit
1437 4329 1550 4393 per
1598 4314 1916 4393 propriam
1964 4314 2191 4376 entita-

631 4412 797 4485 tem3
822 4412 888 4469 et
915 4408 1080 4468 hanc
1105 4424 1224 4487 ego
1251 4424 1404 4469 voco
1426 4406 1719 4468 virtutem
1745 4406 2016 4469 activam
2042 4408 2191 4471 obe·

631 4500 1035 4580 dientialem3
1061 4500 1236 4583 quia,
1267 4507 1340 4562 ut
1363 4500 1715 4577 ostendam,
1746 4518 1863 4563 nec
1886 4503 2191 4565 naturalis

632 4594 1022 4677 simpliciter,
1064 4614 1186 4658 nec
1236 4594 1732 4675 supernaturalis
1781 4593 1904 4657 dici
1957 4602 2188 4677 potest,

633 4706 846 4770 neque
876 4696 972 4751 est
998 4694 1242 4751 tantum
1282 4688 1552 4767 passiva.

715 4784 816 4844 21.
862 4782 1106 4861 Duplex
1134 4780 1344 4844 modus
1386 4781 1788 4847 constituendi
1835 4802 2080 4849 causam
2127 4786 2195 4849 in

634 4882 776 4940 actu
817 4874 1022 4957 primo
1071 4874 1438 4939 declaratur.
1460 4905 1543 4922 —
1580 4875 1650 4936 In
1701 4877 1820 4938 hoc
1878 4878 2191 4955 discursu,

631 4967 908 5048 primum
927 4966 1210 5028 omnium
1232 4966 1723 5030 demonstranda
1753 4975 1847 5031 est
1897 4969 2003 5031 illa
2049 4990 2190 5051 pro·

627 5060 854 5141 positio
901 5059 1292 5141 subsumpta,
1322 5060 1494 5141 quod
1529 5061 2016 5125 instrumentum
2059 5083 2191 5127 non

628 5161 837 5235 potest
860 5152 1152 5216 constitui
1187 5154 1256 5215 in
1281 5164 1425 5217 actu
1460 5154 1664 5236 primo
1715 5175 1831 5239 per
1859 5159 2057 5221 solam
2088 5177 2192 5221 ex-

630 5246 965 5309 trinsecam
994 5246 1605 5321 denominationem;
1637 5248 1744 5311 ubi
1771 5252 2047 5331 primum
2076 5250 2189 5313 ad·-

627 5340 1002 5403 vertendum
1035 5345 1153 5413 est,
1205 5340 1453 5402 duobus
1492 5340 1718 5415 modis,
1751 5342 1814 5403 in
1869 5344 2187 5407 communi

624 5432 972 5515 loquend0,
1001 5450 1189 5515 posse
1235 5432 1496 5514 intelligi
1541 5434 1778 5517 aliquid
1807 5438 2099 5501 constitui
2121 5438 2189 5500 in

625 5534 770 5591 actu
813 5530 1014 5609 primo
1063 5545 1179 5608 per
1217 5528 1536 5594 entitatem
1593 5546 1632 5591 a
1680 5548 1747 5593 se
1803 5529 2181 5598 distinctam.

1822 372 2059 438 QUAEST.
2094 372 2222 427 xut.
2260 374 2462 430 Anrtc.
2502 377 2585 432 1v.

2254 474 2484 551 Primo,
2510 480 2814 556 tanquam
2845 494 2959 558 per
2984 476 3253 539 formam
3278 478 3377 539 vel
3408 486 3589 543 actum
3611 484 3719 549 dan-

2253 570 2383 629 tem
2412 570 2473 631 ei
2490 575 2685 633 totam
2712 570 3007 633 virtutem
3030 569 3283 649 agendi,
3304 576 3585 651 quomodo
3606 596 3718 657 aqua

2256 662 2657 726 constituitur
2690 663 2755 726 in
2805 670 2947 727 actu
2978 663 3177 743 primo
3206 663 3290 725 ad
3318 665 3718 735 calefaciendum

2252 772 2370 834 per
2398 756 2697 833 calorem,
2718 758 2851 839 ipse
2876 775 3025 819 vero
3046 756 3221 820 calor
3238 774 3305 819 se
3326 758 3457 838 ipso
3482 764 3720 824 constitui·

2254 853 2357 911 tur
2387 850 2452 911 in
2498 858 2641 913 actu
2689 852 2890 931 primo
2916 850 2981 913 in
3010 850 3255 913 ratione
3282 852 3515 915 virtutis
3537 856 3721 919 caleiac-

2254 942 2395 1007 tivoe
2422 950 2492 1007 ut
2516 945 2629 1005 sic.
2658 944 2948 1007 Secundo
2974 944 3189 1021 modo,
3220 951 3507 1026 tanquam
3530 966 3623 1027 per
3640 950 3721 1011 for-
3783 982 3785 1019 5

2254 1054 2425 1101 mam
2460 1039 2562 1101 vel
2615 1045 2824 1101 actum
2881 1038 3301 1119 complentem
3352 1040 3472 1101 vim
3512 1042 3719 1117 activam,
3783 1062 3785 1069 ·

2257 1150 2396 1211 quae
2433 1131 2646 1211 aliquo
2692 1132 2883 1195 modo
2916 1134 2981 1195 in
3014 1133 3213 1195 altera
3242 1133 3488 1195 entitate
3512 1134 3723 1199 inchoata
3783 1196 3785 1211 ς

2259 1233 2417 1303 erat,
2444 1245 2573 1289 non
2609 1232 2821 1289 tamen
2850 1226 3201 1307 completa;
3233 1224 3531 1305 quomodo
3554 1229 3722 1307 species

2263 1320 2525 1383 visibilis
2556 1319 2784 1383 dicitur
2810 1321 3197 1383 constituere
3222 1318 3421 1381 visum
3438 1320 3497 1379 in
3518 1327 3630 1381 actu
3646 1324 3723 1401 pri·
3783 1304 3789 1352 ³

2259 1432 2365 1476 mo
2413 1412 2495 1475 ad
2536 1412 2918 1490 videndum3
2958 1431 3089 1476 non
3142 1412 3314 1477 enim
3342 1413 3444 1475 dat
3486 1412 3561 1474 illi
3592 1418 3723 1475 totam
3779 1404 3789 1489 ἰ

2256 1507 2383 1571 vim
2414 1505 2684 1569 activam
2712 1506 2988 1584 videndi,
3030 1506 3145 1569 sed
3204 1506 3491 1587 supponit
3527 1506 3721 1585 aliquam
3775 1490 3788 1562 i*

2260 1584 2351 1663 ex‘
2389 1607 2569 1681 parte
2640 1601 2935 1682 potentiae
3001 1600 3455 1675 necessariam,
3506 1604 3557 1659 et
3612 1600 3724 1661 addit
3777 1593 3789 1672 }¹

2264 1696 2475 1773 aliam,
2502 1714 2643 1775 quae
2684 1715 2761 1759 ex
2809 1700 2987 1777 parte
3029 1694 3261 1777 objecti
3302 1695 3617 1755 necessaria
3648 1700 3719 1755 est.
3775 1719 3788 1771 γ

2264 1786 2527 1861 Quando
2558 1790 2749 1871 igitur
2791 1789 3149 1851 constitutio
3199 1788 3265 1849 in
3322 1794 3461 1849 actu
3498 1787 3656 1866 primo
3686 1787 3724 1844 iit
3771 1775 3788 1852 l*

2266 1882 2388 1944 hoe
2428 1882 2761 1963 posteriori
2786 1882 3001 1957 modo,
3034 1900 3166 1944 non
3193 1886 3495 1961 repugnat
3514 1878 3723 1959 quodali-
3770 1857 3783 1978 ξ

2266 1976 2519 2057 quando
2554 1974 2665 2037 fiat
2692 1994 2811 2057 per
2840 1974 3110 2037 formam
3142 1974 3539 2037 inhaerentem
3577 1972 3725 2033 intrin·
3775 1968 3789 2015 ²¹

2268 2088 2505 2144 secam,
2534 2076 2606 2132 ut
2634 2070 2696 2131 in
2730 2070 3021 2149 exemplo
3046 2069 3253 2149 posito
3282 2066 3361 2130 de
3400 2068 3525 2129 visu
3563 2072 3611 2127 et
3637 2082 3725 2144 spe·
3773 2060 3789 2156 n‘

2266 2164 2385 2239 cie,
2412 2162 2751 2245 aliquando
2781 2180 2931 2225 vero
2971 2180 3086 2243 per
3112 2162 3383 2223 formam
3410 2166 3635 2231 tantum,
3656 2176 3725 2218 seu
3769 2161 3788 2252 1

2268 2260 2593 2321 entitatem
2612 2257 3031 2331 assistentem,
3050 2274 3167 2318 seu
3187 2254 3520 2318 extrinsece
3544 2252 3725 2313 circum·
3770 2246 3789 2328 {1

2266 2356 2560 2427 stantem,
2592 2356 2657 2413 et
2714 2348 2924 2431 quoad
2964 2350 3085 2411 hoc
3142 2348 3483 2411 extrinsece
3532 2344 3728 2406 denomi-
3786 2342 3788 2377 ³

2266 2452 2547 2521 nantem,
2575 2452 2645 2507 ut
2672 2444 3031 2507 intellectus
3063 2442 3237 2505 beati
3268 2440 3484 2505 dicitur
3524 2438 3725 2501 constitui

2267 2540 2332 2600 in
2362 2546 2507 2603 actu
2548 2540 2752 2619 primo
2782 2538 2865 2601 ad
2892 2536 3240 2600 videndum
3262 2536 3460 2599 Deum
3506 2550 3602 2614 per
3624 2530 3721 2592 divi-

2272 2652 2423 2696 nam
2455 2634 2815 2696 essentiam.

2348 2731 2450 2791 22.
2496 2728 2674 2791 Ratio
2720 2734 2930 2792 autem
2982 2728 3177 2808 hujus
3226 2722 3565 2809 posterioris
3600 2718 3725 2799 partis

2267 2822 2458 2907 (prior
2492 2822 2660 2885 enim
2689 2829 2783 2884 est
2811 2840 2927 2903 per
2944 2840 3013 2886 se
3044 2824 3222 2902 nota)
3252 2824 3348 2882 est
3378 2818 3534 2896 quia,
3556 2810 3724 2893 quando
3778 2808 3788 2909 ’ἦ

2270 2915 2511 2997 aliquid
2552 2914 2781 2978 dicitur
2807 2916 3102 2979 constitui
3152 2916 3221 2976 in
3271 2918 3411 2976 actu
3455 2908 3624 2990 primo
3660 2920 3726 2982 per
3777 2918 3789 2997 e}

2269 3009 2465 3084 aliud,
2503 3009 2707 3072 solum
2736 3010 2885 3089 quia
2910 3009 3185 3089 complet
3204 3008 3331 3069 vim
3369 3002 3603 3066 activam
3626 2998 3724 3077 ejus,
3777 2995 3783 3079 j

2269 3110 2419 3167 tunc
2446 3100 2603 3165 illud
2652 3102 2741 3165 sic
2786 3103 3202 3165 constitutum
3234 3115 3365 3161 non
3389 3092 3727 3158 denominatur
3781 3080 3783 3110 ¹

2270 3214 2468 3276 agens
2498 3196 2600 3259 vel
2644 3194 2944 3273 activum,
2972 3194 3234 3277 praecise
3286 3190 3515 3255 ratione
3555 3182 3728 3283 alterius
3775 3191 3788 3279 f¹

2268 3288 2488 3351 formae
2518 3288 2621 3351 vel
2650 3289 2931 3351 entitatis
2957 3288 3311 3351 extrinsece
3352 3282 3435 3345 illi
3458 3280 3728 3377 assistentis,
3786 3288 3789 3311 ³

2271 3382 2386 3445 sed
2404 3383 2647 3445 ratione
2681 3382 3011 3445 activitatis
3042 3400 3235 3462 quam
3256 3396 3371 3461 per
3398 3391 3559 3439 suam
3588 3372 3731 3431 ennia—
3786 3390 3788 3465 j

2269 3482 2401 3539 tem
2432 3476 2644 3552 habet,
2672 3476 2895 3539 saltem
2916 3476 3309 3547 inchoative;
3340 3486 3535 3551 neque
3556 3464 3731 3526 effeetus
3783 3470 3788 3498 2³

2271 3570 2373 3633 vel
2399 3571 2561 3633 actio
2591 3569 2828 3652 pendet
2878 3588 2995 3652 per
3038 3587 3108 3631 se
3153 3568 3350 3631 asola
3400 3562 3638 3628 entitate,
3664 3567 3729 3611 seu

2270 3665 2474 3727 forma
2504 3666 2857 3740 assistente,
2881 3682 2995 3728 seu
3032 3663 3423 3726 extrinsecus
3450 3650 3731 3719 constituen-

2270 3764 2333 3821 te
2379 3758 2568 3820 aliam
2606 3757 2673 3819 in
2730 3764 2873 3821 actu
2926 3758 3159 3838 primo,
3194 3756 3305 3819 sed
3364 3752 3539 3813 etiam
3574 3735 3731 3820 pendet
3783 3758 3785 3797 ῑ

2274 3852 2617 3915 efficienter
2650 3857 2714 3913 et
2759 3868 2875 3931 per
2913 3868 2981 3912 se
3014 3851 3094 3912 ab
3122 3850 3248 3911 alia
3276 3864 3365 3921 re,
3407 3858 3535 3923 quoe
3559 3837 3611 3896 in
3642 3832 3731 3887 actu

2271 3944 2477 4026 primo
2523 3944 2819 4005 constitui
2848 3943 3119 4018 dicitur;
3152 3948 3225 4005 ut
3267 3940 3335 4001 in
3382 3926 3633 4008 exemplo
3668 3935 3733 3998 po-

2272 4038 2389 4100 sito
2424 4036 2581 4099 visio
2613 4035 2908 4099 beatifica
2942 4052 3073 4097 non
3102 4040 3345 4097 tantum
3374 4024 3586 4109 pendet
3606 4015 3665 4077 ab
3678 4028 3732 4069 8⁵·

2272 4131 2474 4193 sentia
2504 4130 2736 4205 divina,
2754 4129 3081 4193 sedetiam
3110 4128 3194 4189 ab
3222 4126 3482 4207 ipsomet
3498 4108 3732 4213 intellectu

2271 4224 2547 4285 hominis
2605 4222 2707 4285 vel
2761 4221 2985 4303 Angeli
3029 4220 3228 4297 beati,
3268 4216 3377 4298 qui
3428 4228 3544 4274 non
3582 4202 3733 4302 dte-11⁰1

2271 4316 2647 4399 principium
2679 4314 2957 4377 efficiens
2984 4313 3245 4377 visionis
3270 4312 3514 4392 propter
3539 4296 3735 4360 effluen-

2270 4410 2424 4473 tiam
2459 4408 2743 4472 essentiae
2771 4408 2997 4470 divinoe
3026 4414 3097 4470 ut
3126 4408 3238 4484 sic,
3272 4403 3381 4467 sed
3406 4398 3627 4480 propter
3651 4378 3733 4442 effi·

2274 4502 2574 4567 cientium
2602 4509 2668 4565 et
2693 4502 2997 4565 influxum
3022 4519 3215 4582 quem
3240 4516 3351 4580 per
3377 4488 3648 4585 propriain
3670 4488 3735 4532 ess‘

2274 4600 2517 4660 titatem
2538 4594 2750 4658 habet.
2776 4594 3058 4674 Denique
3098 4594 3163 4655 in
3190 4593 3310 4655 hoc
3338 4580 3627 4669 postet-ion
3650 4582 3735 4628 11¹⁰·

2273 4692 2355 4753 do
2386 4689 2846 4753 constitutionis
2880 4688 2944 4749 in
2972 4694 3114 4750 actu
3138 4688 3339 4767 primo
3356 4680 3427 4761 (si
3454 4693 3545 4739 res
3568 4662 3734 4775 attente

2274 4782 2753 4863 consideretur),
2786 4800 2915 4843 non
2970 4788 3099 4843 tam
3156 4795 3351 4841 unum
3403 4784 3508 4854 per
3530 4756 3663 4867 aluid
3692 4764 3733 4807 111

2275 4884 2421 4940 actu
2462 4875 2665 4957 primo
2708 4874 3112 4937 constituitur
3150 4868 3357 4953 quoad
3407 4878 3529 4928 rem
3570 4858 3732 4932 lpfflm’

2276 4988 2466 5053 quam
2509 4988 2587 5032 ex
2628 4974 2895 5048 utroque
2934 4971 3254 5048 consurgit
3294 4978 3447 5025 unus
3479 4937 3733 5049 integere!

2275 5064 2625 5145 completus
2654 5068 2833 5123 actus
2855 5062 3100 5143 primus
3125 5063 3407 5141 respectu
3427 5046 3645 5112 actioms
3670 5020 3734 5132 tel

2272 5159 2565 5231 effectu83
2597 5174 2672 5219 ac
2700 5157 2752 5218 si
2799 5156 3153 5219 diceremus
3190 5157 3253 5217 in
3281 5140 3574 5242 effectibus
3596 5132 3732 5190 acuo-

2272 5268 2423 5312 num
2474 5268 2805 5313 causarum
2863 5252 3281 5313 secundarum
3325 5254 3505 5323 agens
3544 5246 3604 5330 ¹¹¹·
3632 5216 3730 5313 ³⁰¹9

2266 5348 2471 5427 primo
2494 5345 2803 5425 complete
2832 5352 2895 5408 et
2919 5344 3161 5425 integre
3180 5332 3454 5407 constitui
3476 5344 3543 5389 ex
3559 5310 3729 5419 artufi-

2267 5439 2386 5501 bus
2404 5458 2610 5502 causas
2638 5439 2953 5515 secundae,
2978 5446 3041 5501 et
3061 5454 3264 5501 causae
3289 5431 3487 5514 primae
3506 5412 3730 5527 0⁰¹¹l¹¹¹¹⁰:

2268 5533 2347 5596 tis
2373 5538 2437 5597 et
2478 5532 2903 5598 subordinatis
2928 5535 2991 5595 in
3021 5532 3239 5597 ordine
3284 5524 3360 5589 ad
3395 5508 3637 5583 eamdem
3659 5506 3709 5553 ³⁰
