3892 6167
1360 377 1681 433 msPtJ‘rA'r.
1732 380 1811 435 Ll.
1842 380 2017 434 SEC'l'.
2053 382 2136 437 ut.

130 474 309 553 gato,
343 490 467 535 seu
513 473 721 535 divino
762 474 979 539 cultui.
1016 474 1223 540 Potest
1268 478 1463 540 etiam
1485 478 1713 541 conflr-

129 565 303 630 mari
332 584 415 631 ex
462 568 676 642 Arist„
702 566 813 631 lib.
844 570 888 631 Ξ
910 568 1199 650 Magnor.
1232 573 1484 647 moral„
1514 590 1569 635 e.
1606 575 1705 647 11,

129 658 421 734 dicente,
486 660 825 725 amicitiam
890 670 1147 745 propter
1208 666 1563 747 jucundum
1610 667 1713 729 vel

130 752 293 814 utile
322 754 539 817 solum
564 756 893 837 analogica
922 776 1065 821 esse
1090 761 1453 837 amicitiam,
1486 761 1537 822 si
1562 780 1711 825 cum

130 864 229 919 aa,
264 865 427 927 quae
444 855 541 911 est
564 856 821 931 propter
842 852 1205 930 honestum,
1230 855 1609 917 conferatur.

206 943 275 1001 7.
332 942 565 1007 Lama
593 948 651 1007 et
679 944 853 1009 aazia
874 945 1119 1010 univoco
1140 948 1497 1013 conveniunt
1520 948 1589 1011 in
1605 965 1713 1013 ra·-

130 1033 301 1101 tione
352 1034 753 1101 adorationis.
788 1070 866 1085 --·
896 1036 1319 1101 Nihilominus
1366 1042 1715 1103 contrarius

134 1130 458 1208 loquendi
483 1132 711 1193 modus
736 1133 889 1195 mihi
906 1135 1155 1197 videtur
1176 1136 1583 1217 probabilior,
1606 1138 1715 1219 qui

135 1225 298 1285 satis
346 1225 669 1305 colligitur
696 1244 775 1291 ex
805 1228 879 1289 D.
906 1228 1160 1305 Thom„
1193 1230 1379 1293 citata
1407 1249 1471 1311 q.
1498 1235 1605 1308 94,
1638 1250 1716 1293 ex

134 1322 191 1379 2.
228 1323 303 1392 2,
338 1326 467 1385 art.
500 1323 559 1394 1,
592 1320 674 1383 ad
700 1324 765 1396 2,
798 1322 907 1384 ubi
934 1321 1105 1399 dicit,
1132 1324 1383 1387 latriam
1413 1330 1477 1388 et
1512 1325 1718 1388 idolo-

132 1411 399 1475 latriam
432 1414 499 1475 in
534 1414 777 1477 ratione
815 1420 989 1479 actus
1036 1417 1301 1481 hnmani
1350 1418 1433 1481 ad
1476 1418 1715 1483 cultum

134 1506 529 1582 pertinentis
576 1507 845 1573 univoce
888 1510 1243 1588 convenire,
1274 1512 1433 1575 sicut
1486 1514 1713 1576 solutio

134 1598 365 1661 tributi
400 1600 657 1681 (inquit)
674 1603 939 1667 univoce
966 1603 1215 1682 dicitur,
1244 1606 1375 1668 sive
1402 1606 1717 1670 tribuatur

134 1708 293 1753 vero
334 1693 504 1772 regi,
558 1694 691 1758 sive
736 1695 919 1759 falso.
948 1697 1051 1761 Sic
1102 1716 1255 1779 ergo
1297 1698 1606 1778 adoratio,
1632 1701 1711 1763 de

134 1800 269 1861 qua
298 1786 649 1865 loquimur,
682 1796 935 1870 sumpta
970 1790 1091 1853 sub
1115 1792 1361 1856 ratione
1392 1794 1713 1856 communi

134 1882 329 1939 actus
356 1878 628 1941 humani
651 1881 923 1945 ordinati
954 1882 1035 1945 ad
1060 1882 1401 1949 honestum
1430 1892 1493 1950 et
1522 1888 1716 1950 ratio-

136 1971 435 2035 nabilem
462 1974 697 2037 cultum
716 1974 995 2055 alterius,
1018 1978 1285 2043 univoce
1311 1979 1556 2057 dicitur,
1581 1982 1713 2044 sive

138 2064 285 2125 talis
316 2066 529 2129 ealtas
552 2067 633 2131 ad
660 2068 886 2146 Deum,
906 2070 1039 2134 sive
1066 2072 1149 2134 ad
1168 2080 1523 2136 creaturam
1550 2073 1714 2137 refe·

140 2164 349 2221 ratur.
402 2160 481 2223 Et
530 2161 939 2227 confirmatur
976 2164 1333 2229 manifestis
1382 2168 1711 2249 exemplis„

138 2270 295 2315 nam
318 2251 488 2315 tides
512 2254 783 2318 univoce
806 2256 1035 2321 dicitur
1058 2257 1141 2321 de
1164 2258 1377 2323 divina
1400 2266 1465 2323 et
1490 2261 1716 2323 huma·-

140 2364 251 2419 na‚
272 2347 569 2425 quamvis
610 2348 810 2413 altera
846 2349 1058 2415 divina
1094 2358 1157 2416 et
1184 2352 1489 2431 increata,
1517 2356 1714 2419 altera

134 2440 437 2503 bumana
462 2447 525 2503 et
571 2448 783 2505 creata
822 2446 1195 2510 auctoritate
1234 2448 1490 2512 nitatur.
1526 2450 1715 2512 Amor

142 2536 339 2598 etiam
356 2534 479 2599 Dei
497 2541 562 2597 et
586 2554 769 2599 amor
792 2540 1061 2619 proximi
1088 2540 1356 2605 univoce
1382 2542 1453 2604 in
1470 2542 1713 2607 ratione

144 2630 389 2691 amoris
444 2630 849 2708 conveniunt,
904 2635 1194 2714 quamvis
1248 2654 1429 2698 amor
1475 2636 1583 2699 Dei
1634 2638 1717 2701 sit

141 2726 411 2803 propter
430 2722 777 2787 bonitatem
798 2724 1166 2801 increatam,
1198 2734 1263 2791 et
1290 2746 1470 2792 amor
1496 2730 1713 2811 proxi·

142 2816 229 2875 mi
246 2823 515 2897 propter
542 2824 840 2883 creatam.
867 2820 958 2883 De
986 2820 1109 2883 hoc
1142 2822 1311 2885 enim
1340 2840 1557 2887 amore
1582 2842 1713 2887 ser·

142 2927 407 2971 monem
422 2908 647 2973 habeo,
671 2912 977 2975 Praeterea
996 2912 1217 2992 oratio,
1237 2933 1377 2995 quae
1396 2915 1479 2978 ad
1490 2917 1711 2995 Deum,

144 3008 207 3064 et
242 3002 331 3063 ad
359 3004 625 3069 Sanctus
644 3003 741 3081 fit,
776 3006 911 3069 sine
940 3007 1132 3070 dubio
1170 3008 1553 3071 conveniunt
1576 3010 1716 3071 uni-

144 3116 307 3161 voce
340 3098 415 3159 in
460 3099 703 3161 ratione
746 3100 1065 3163 communi
1094 3102 1419 3179 orationis,
1448 3120 1595 3165 cum
1624 3109 1717 3166 ta-

148 3208 301 3253 men
332 3192 537 3254 oratio
566 3193 651 3257 ad
672 3194 1015 3271 quemdam
1044 3197 1230 3257 etiam
1260 3196 1499 3257 cultum
1524 3196 1719 3277 perti·

148 3290 323 3346 neat.
378 3284 619 3349 Deinde
648 3288 994 3368 explicatur
1038 3289 1306 3366 ratione,
1343 3290 1491 3369 quia
1540 3296 1717 3353 actus

152 3378 521 3455 voluntatis,
552 3400 589 3443 a
618 3380 849 3462 quibus
876 3380 1161 3443 adoratio
1190 3382 1629 3463 proficiscitur,
1657 3388 1719 3446 et

152 3471 351 3535 babet
378 3490 521 3535 ease
537 3474 886 3537 humanum
912 3494 1029 3538 seu
1048 3477 1289 3538 morale
1310 3476 1715 3553 adorationis,

150 3566 431 3629 univoce
450 3569 833 3631 conveniunt
866 3569 931 3631 in
958 3568 1201 3631 ratione
1228 3576 1407 3632 actus
1454 3568 1723 3633 humani

152 3665 215 3719 et
238 3658 453 3734 liberi,
478 3668 541 3723 et
578 3662 647 3723 in
675 3663 921 3725 ratione
946 3664 1216 3738 virtutis,
1246 3682 1359 3727 seu
1404 3669 1583 3727 actus
1609 3666 1723 3727 bo-

152 3752 341 3826 nesti,
364 3760 433 3817 et
451 3755 655 3819 solum
684 3756 979 3821 differunt
1002 3756 1067 3819 in
1098 3756 1407 3838 specificis
1432 3757 1723 3821 differen-

154 3846 257 3908 tiis
284 3864 433 3927 quae
459 3866 575 3929 per
602 3868 671 3913 se
722 3852 1113 3913 constituunt
1149 3850 1287 3913 illos
1336 3851 1401 3913 in
1445 3852 1565 3915 hac
1619 3849 1719 3915 vel

154 3939 261 4001 illa
311 3940 527 4021 specie
578 3942 855 4019 virtuti33
888 3960 1041 4025 ergo
1084 3942 1291 4005 solum
1336 3944 1721 4008 conveniunt

154 4034 429 4097 univoce
471 4034 535 4097 in
582 4054 845 4117 genere,
890 4041 957 4099 et
1010 4036 1309 4101 differunt
1364 4038 1593 4118 specie,
1659 4042 1721 4101 et

152 4127 331 4189 nulla
360 4128 523 4191 ratio
552 4130 861 4211 analogiae
888 4130 1054 4193 inter
1082 4146 1193 4193 eos
1220 4130 1591 4206 intercedit;
1628 4148 1721 4195 er-

154 4242 237 4303 go
268 4222 449 4286 idem
501 4230 597 4287 est
626 4224 966 4289 dicendum
992 4224 1075 4287 de
1098 4224 1464 4287 adoratione
1495 4243 1721 4289 secun·

158 4314 315 4377 dum
328 4316 695 4396 gener-icam
718 4317 1028 4381 rationem
1050 4334 1257 4393 suam,
1285 4323 1349 4380 et
1368 4316 1447 4381 de
1470 4318 1725 4381 univer-

158 4409 447 4471 sisinius
474 4410 829 4491 speciebus.
862 4412 1033 4475 Sicut
1082 4412 1275 4475 etiam
1324 4410 1581 4476 habitus
1608 4410 1725 4493 ipsi

54 4514 73 4525 ·
156 4502 427 4565 univoce
453 4505 837 4567 conveniunt
863 4504 928 4565 in
952 4504 1201 4567 ratione
1224 4504 1491 4590 virtutis,
1526 4510 1589 4565 et
1610 4502 1729 4568 dif-

154 4596 373 4662 ferunt
389 4598 699 4679 specificis
714 4598 1105 4674 differentiis,
1121 4616 1263 4679 quse
1282 4599 1347 4661 in
1370 4616 1487 4660 suo
1506 4597 1729 4661 ordine

155 4690 469 4755 absolutas
498 4698 647 4755 sunt
692 4700 755 4757 et
799 4692 1121 4775 perseetae,
1163 4692 1453 4775 quamvis
1486 4709 1616 4755 una
1650 4692 1731 4755 sit

154 4786 276 4847 alia
298 4786 664 4869 perfectior.
693 4786 977 4849 Tandem
1004 4785 1094 4867 (at
1138 4785 1446 4849 rationem
1475 4785 1542 4848 in
1570 4804 1727 4847 con·

156 4879 429 4943 icarium
452 4880 889 4961 dissolvamus)
914 4878 1156 4959 objecta
1192 4884 1449 4941 actuum
1488 4878 1591 4941 vel
1615 4878 1727 4941 ha·

158 4973 415 5037 bitnum
460 4992 595 5049 non
622 4992 741 5055 per
770 4990 839 5037 se
874 4978 939 5036 et
968 4972 1307 5037 intrinsece
1336 4972 1477 5035 illos
1506 4972 1732 5035 consti-

159 5074 371 5142 tuunt,
398 5064 515 5131 sed
557 5066 861 5131 habitudo
910 5068 993 5129 ad
1034 5066 1352 5147 obiectum
1382 5074 1477 5127 est
1502 5064 1729 5146 hujus-

154 5156 331 5223 modi
368 5160 619 5223 actibus
646 5160 751 5224 vel
793 5158 1113 5223 habitibus
1144 5159 1517 5223 extrinseca.
1549 5152 1731 5225 Unde

154 5248 221 5313 fit
274 5258 377 5327 ut,
430 5250 581 5317 licet
630 5266 829 5317 imum
868 5252 1185 5333 obiectum
1240 5252 1591 5315 increatum
1620 5250 1727 5327 sit,

156 5344 335 5411 aliud
362 5362 519 5411 vero
546 5354 853 5422 creatum,
884 5353 948 5411 et
974 5346 1119 5411 ideo
1158 5346 1223 5409 in
1274 5360 1389 5409 suo
1416 5362 1553 5409 esse
1578 5342 1729 5405 uni·-

157 5458 313 5505 νοω
343 5458 479 5509 non
512 5440 927 5516 conveniant,
954 5438 1365 5509 nibilominus
1412 5436 1729 5504 habitudi-

157 5552 273 5597 nes
296 5534 383 5599 ad
414 5531 547 5612 illa,
586 5553 725 5616 quae
762 5542 985 5599 creatae
1020 5538 1189 5611 sunt,
1220 5539 1284 5597 et
1308 5538 1487 5599 actus
1517 5546 1589 5595 ac
1617 5528 1727 5593 ha-

1790 478 1962 542 bitus
1989 480 2096 560 qui
2125 478 2265 541 illas
2303 478 2658 554 includunt,
2683 478 2922 557 possint
2963 484 3225 547 univoce
3251 506 3356 549 ra-

1788 574 2028 635 tionem
2077 572 2354 651 aliquam
2394 570 2794 653 participare,
2827 577 3174 653 proesertim
3201 579 3354 661 quia

1790 666 2108 729 interdum
2135 666 2525 741 habitus‚vel
2553 667 3010 749 potantia,quae
3039 670 3102 732 in
3129 690 3198 735 se
3220 690 3352 735 om-

1790 761 1942 822 nino
1971 779 2096 823 una
2121 767 2238 837 est,
2254 766 2460 841 potest
2479 761 2796 841 objectum
2823 764 3162 843 respicere,
3181 768 3353 846 quod

1792 854 2136 915 secundum
2167 854 2522 935 analogiam
2553 862 2794 919 tantum
2815 874 3016 919 unum
3043 866 3157 932 est,
3189 866 3260 924 ut
3286 862 3354 923 in

1792 946 2115 1010 intellectu
2163 954 2226 1010 et
2259 947 2580 1011 voluntate
2607 948 2822 1012 videre
2851 950 3018 1013 licet.
3044 953 3261 1015 Solum
3284 954 3354 1017 in

1793 1060 1915 1103 usu
1963 1042 2295 1105 nominum
2343 1048 2442 1106 est
2495 1043 2986 1119 observandum,
3017 1046 3186 1109 aliud
3217 1066 3356 1111 esse

1793 1136 1970 1215 loqui
2017 1135 2097 1198 de
2151 1136 2517 1199 nominibus
2547 1135 3044 1217 significantibus
3079 1140 3356 1205 rationes

1798 1246 2164 1291 communes
2194 1234 2256 1292 et
2281 1230 2651 1305 abstractas,
2674 1230 2738 1291 in
2759 1230 2986 1311 quibus
3005 1234 3357 1313 procedunt

1801 1321 2017 1383 omnia
2071 1339 2212 1402 quae
2235 1321 2546 1397 diximus3
2581 1324 2708 1387 talc
2753 1324 2920 1387 enim
2967 1342 3200 1389 nomen
3259 1332 3358 1391 est

1798 1414 2098 1490 adoratio,
2121 1414 2386 1495 talisque
2399 1422 2494 1479 est
2509 1418 2672 1479 ratio
2692 1432 2882 1498 quam
2911 1438 3026 1499 per
3053 1440 3121 1483 se
3149 1422 3354 1503 primo

1796 1506 2128 1588 significat.
2164 1507 2351 1571 Aliud
2377 1528 2528 1571 vero
2557 1516 2652 1572 est
2684 1510 2858 1591 loqui
2888 1511 2966 1574 de
2977 1515 3354 1587 nominibus

1792 1600 2290 1681 significantibus
2333 1602 2610 1665 rationes
2653 1604 2998 1685 specificas,
3029 1606 3094 1666 in
3123 1608 3356 1687 quibus

1795 1695 2105 1777 contingit
2131 1702 2202 1757 nt
2231 1714 2465 1759 nomen
2483 1697 2672 1759 unius
2703 1699 2934 1779 speciei
2959 1716 3074 1780 per
3093 1700 3358 1763 atu-ibu-

1794 1787 2030 1850 tionem
2065 1795 2128 1851 et
2149 1788 2522 1871 analogiam·
2541 1789 2851 1853 tribuatur
2878 1790 3081 1869 alteri,
3107 1798 3173 1855 ut
3211 1811 3354 1857 cum

1793 1880 1986 1944 homo
2015 1880 2245 1945 dicitur
2287 1884 2431 1960 leo;
2465 1883 2556 1945 sic
2591 1884 2764 1947 enim
2805 1884 3069 1947 fortasse
3095 1884 3220 1947 dici
3245 1904 3362 1967 po-

1794 1981 1943 2052 test,
1971 1975 2092 2037 sub
2115 1976 2362 2039 ratione
2391 1977 2598 2039 cultus
2627 1976 2904 2057 religiosi
2923 1978 3356 2041 adorationem

1796 2068 1980 2131 duliae
2037 2088 2176 2133 esse
2235 2070 2564 2150 analogice
2609 2071 2870 2148 cultum,
2903 2071 3132 2133 sicum
3173 2071 3356 2135 latria

1796 2164 2180 2243 conferatur,
2201 2166 2353 2246 quia
2377 2164 2596 2244 religio
2639 2165 2890 2247 proprie
2937 2171 3001 2229 et
3039 2184 3154 2246 per
3179 2184 3250 2229 se
3279 2166 3357 2227 si-

1796 2257 2050 2338 gnificat
2115 2258 2456 2339 specialem
2527 2258 2824 2321 virtutem
2885 2257 2969 2321 ad
3019 2259 3353 2321 colendum

1794 2352 1996 2411 Deum
2020 2350 2395 2427 institutam,
2419 2352 2580 2415 sicut
2611 2370 2648 2413 e
2677 2352 2992 2415 contrario
3034 2351 3358 2415 interdum

1794 2442 2030 2507 indicat
2069 2446 2142 2506 D.
2193 2445 2446 2519 Thom..
2487 2444 2856 2527 religionem
2896 2443 3021 2507 dici
3057 2444 3360 2523 pietatem

1794 2537 1897 2601 vel
1922 2538 2183 2614 duliam,
2211 2556 2328 2620 per
2368 2538 2708 2619 quamdam
2752 2538 2932 2619 quasi
2969 2538 3350 2619 analogiam,

1796 2648 1919 2711 qua
1982 2632 2241 2695 nomina
2289 2636 2722 2697 creaturarum
2773 2631 3240 2695 transferuntur
3271 2631 3354 2695 ad

1794 2727 1996 2788 Deum
2035 2724 2385 2789 secundum
2419 2726 2760 2807 quamdam
2799 2724 3254 2799 excellentiam,
3287 2730 3356 2787 ut

1794 2820 2075 2901 loquitur
2093 2822 2168 2883 D.
2203 2822 2426 2883 Thom.
2449 2823 2510 2881 2.
2543 2822 2606 2897 2,
2645 2836 2708 2899 q.
2743 2820 2884 2894 101,
2919 2836 2977 2881 a.
3011 2820 3073 2896 3,
3101 2818 3182 2881 ad
3203 2820 3266 2895 Ξ,
3294 2822 3358 2881 at

1798 2916 1937 2991 102,
1981 2932 2042 2976 a.
2073 2916 2136 2990 3,
2159 2912 2242 2975 ad
2271 2917 2328 2976 1.

1876 3011 1938 3071 8.
1983 3007 2382 3071 matianis
2409 3004 2630 3071 divisio
2680 3006 2750 3069 in
2787 3005 3122 3071 absolutam
3147 3010 3204 3069 oc
3229 3022 3360 3069 res·

1791 3105 2114 3189 pectinum.
2131 3100 2460 3173 -Tertio‚
2485 3098 2914 3180 principaliter
2945 3098 3132 3162 dividi
3153 3104 3360 3179 potest

1799 3196 2082 3259 adoratio
2121 3194 2186 3257 in
2229 3194 2580 3257 absolutam
2628 3199 2690 3256 et
2715 3194 3160 3273 respectivam;
3201 3192 3362 3257 sicut

1799 3290 1969 3353 enim
1995 3293 2200 3369 potest
2223 3287 2513 3349 voluntas
2536 3304 2672 3349 rem
2695 3286 2972 3365 aliquam
2999 3303 3238 3364 amare,
3259 3285 3360 3347 vel

1797 3402 1914 3466 per
1961 3400 2052 3457 se,
2085 3381 2234 3461 quia
2264 3382 2328 3443 in
2355 3398 2424 3443 sa
2456 3380 2625 3443 bona
2657 3384 2788 3453 est,
2826 3396 2968 3459 quae
2997 3383 3204 3459 potest
3239 3378 3358 3441 dici

1799 3475 2089 3540 absoluta
2117 3472 2394 3547 dileetio;
2441 3474 2542 3537 vel
2582 3480 2839 3553 propter
2886 3470 3054 3534 aliud
3085 3470 3163 3534 ad
3193 3468 3364 3551 quod

1802 3578 1897 3635 est
1916 3568 2108 3643 utilis,
2135 3585 2278 3649 quae
2305 3572 2516 3648 potest
2544 3566 2664 3629 dici
2697 3564 2953 3629 dilectio
2985 3565 3358 3646 respectiva,

1802 3682 1919 3727 seu
1944 3662 2204 3735 electio;
2229 3662 2314 3724 ita
2342 3668 2547 3741 potest
2571 3658 2730 3721 velle
2759 3676 2892 3721 rem
2915 3658 3190 3738 aliquam
3211 3657 3366 3719 ado-

1800 3775 1966 3833 rare,
1995 3755 2094 3819 vel
2127 3758 2380 3835 propter
2407 3771 2499 3826 se,
2532 3770 2646 3813 seu
2675 3758 2930 3832 propter
2957 3749 3360 3813 intrinsecam

1802 3847 2236 3913 excellentiam
2266 3864 2454 3926 quam
2480 3844 2694 3920 habet,
2719 3850 2782 3907 et
2801 3846 2934 3907 haec
2959 3842 3190 3905 dicitur
3213 3842 3363 3907 ado-

1799 3942 1959 4005 ratio
1988 3940 2300 4016 absoluta,
2324 3938 2422 4001 vel
2451 3944 2708 4018 propter
2732 3936 2927 4015 aliud,
2967 3954 3078 3999 seu
3106 3942 3364 4017 propter

1804 4034 2240 4099 excellentiam
2289 4048 2428 4111 quae
2473 4038 2564 4093 est
2601 4030 2667 4093 in
2720 4028 2932 4109 aliqua
2970 4046 3240 4110 persona
3279 4026 3364 4091 ad

1803 4146 1996 4209 quam
2027 4125 2172 4189 talis
2215 4142 2322 4187 res
2363 4123 2642 4202 aliquam
2686 4120 3119 4185 habitudinem
3145 4121 3362 4198 habet,

1800 4222 1901 4287 vel
1936 4218 2482 4300 conjunctionem,
2533 4222 2598 4279 et
2635 4216 2769 4278 haec
2813 4214 3038 4281 dicitur
3083 4213 3362 4277 adoratio

1804 4314 2174 4396 respectiva.
2199 4312 2398 4377 Priori
2416 4311 2606 4375 modo
2631 4316 2876 4373 tantum
2907 4315 3004 4372 est
3030 4308 3365 4371 adorabilis

1806 4430 1909 4475 res
1936 4406 2400 4483 intellectualis,
2431 4406 2582 4486 quia
2613 4404 2747 4467 sola
2771 4404 2875 4467 illa
2909 4410 3006 4467 est
3031 4420 3232 4482 capax
3252 4402 3370 4464 ho·

1808 4504 1980 4567 noris
2013 4506 2077 4565 et
2103 4500 2487 4565 excellentias
2538 4504 2796 4581 propter
2835 4514 2904 4561 se
2955 4494 3362 4572 honorabilia,

1810 4614 1921 4661 seu
1954 4592 2309 4670 adorabilis,
2338 4598 2410 4655 ut
2447 4591 2717 4668 virtutis,
2749 4590 3130 4666 sanctitatis,
3161 4588 3368 4652 domi·-

1810 4690 1917 4763 nii,
1951 4697 2073 4752 etc.
2099 4686 2446 4751 Proesertim
2476 4686 2626 4765 quia
2646 4732 2660 4759 ,
2687 4702 2833 4747 cum
2857 4684 3048 4745 bomo
3076 4680 3156 4744 sit
3183 4687 3368 4743 natu-

1808 4802 1895 4849 rae
1932 4780 2394 4855 intellectualis,
2437 4796 2568 4841 non
2612 4783 2817 4858 potest
2851 4774 3228 4857 prudenter,
3253 4774 3368 4835 ho-

1808 4881 2016 4949 neste,
2042 4890 2116 4937 ao
2131 4873 2314 4953 juxta
2349 4870 2723 4953 dignitatem
2751 4886 2932 4931 suam
2971 4884 3040 4928 se
3065 4864 3244 4927 altari
3269 4864 3368 4927 rei

1813 4967 2182 5033 submittere
2225 4968 2484 5047 propter
2515 4964 2654 5043 ejus
2680 4961 3076 5042 dignitatem,
3119 4956 3240 5020 nisi
3287 4956 3368 5019 sit

1813 5058 2100 5142 ejusdem
2125 5058 2226 5121 vel
2265 5054 2718 5121 excellentioris
2749 5059 2992 5114 naturae
3013 5098 3028 5125 ,
3055 5057 3134 5141 *et
3161 5049 3368 5113 eice}-

1809 5154 2068 5218 lentiam
2109 5152 2387 5231 aliquam
2418 5148 2521 5212 vel
2559 5142 3222 5227 dignitatemhabeat,
3251 5146 3368 5203 naa-

1808 5255 1968 5311 turae
2010 5240 2420 5310 intellectuali
2473 5240 2981 5305 convenientem.
3034 5232 3368 5300 Posterior-i

1809 5348 2020 5405 autem
2069 5338 2258 5403 modo
2306 5332 2660 5401 adorabiles
2711 5338 2862 5395 sunt
2906 5347 3010 5394 res
3053 5326 3368 5392 inferioris

1807 5434 2078 5513 ordinis,
2120 5434 2268 5517 quia
2309 5446 2454 5495 cum
2480 5446 2610 5493 non
2637 5432 2896 5511 propter
2921 5440 2990 5489 se
3011 5468 3028 5501 ,
3060 5420 3174 5489 sed
3211 5436 3366 5503 pro·

1808 5534 1946 5610 pter
1975 5528 2240 5609 alicujms
2279 5524 2374 5591 rei
2408 5522 2780 5605 dignitatem
2821 5527 2886 5585 et
2928 5516 3383 5585 affluentiam·-
