3892 6167
463 325 550 390 ³0

467 429 698 498 conatu
729 422 1046 502 operantis
1077 421 1517 482 remissiorem.
1550 420 1720 481 Sicut
1749 419 2028 497 Angelus

467 519 726 582 inferior
755 516 924 578 videt
954 513 1266 578 interdum
1293 514 1360 574 in
1385 531 1510 574 uno
1541 512 1852 592 principio
1899 531 2028 574 om-

469 632 586 678 nes
638 609 1074 672 conclusiones
1119 626 1280 686 quas
1321 605 1490 668 videt
1539 607 1844 685 superior,
1883 605 2031 666 lice't

469 706 572 768 hic
599 704 820 783 majori
846 703 1122 764 claritate
1151 701 1290 761 illas
1321 706 1382 760 et
1405 719 1533 760 non
1559 699 1772 778 plures
1795 699 2027 760 videat.

470 799 794 864 Interdum
821 815 972 858 vero
1004 794 1138 856 fieri
1175 801 1380 872 potest
1407 798 1477 854 ut
1529 793 1741 872 plures
1778 792 2032 852 conclu-

475 892 685 956 siones
739 908 906 952 unus
945 894 1090 951 actu
1133 887 1492 948 consideret
1529 905 1718 964 quam
1773 885 1934 946 alius
1964 886 2031 946 in

475 986 700 1050 eodem
730 983 1054 1064 principio,
1079 980 1363 1059 quamvis
1411 986 1550 1040 actu
1597 981 1808 1040 minus
1835 980 2033 1038 inten-

474 1097 568 1152 so,
599 1097 710 1140 seu
741 1076 969 1138 minori
999 1081 1250 1136 conatu.
1285 1075 1442 1136 Sunt
1492 1091 1640 1151 ergo
1702 1072 1836 1134 haee
1879 1071 2029 1143 due,

472 1171 769 1244 intensio,
815 1169 1072 1242 scilicet,
1105 1175 1167 1231 et
1212 1166 1490 1228 extensio
1535 1165 1810 1237 visioniS,
1853 1164 2035 1242 quasi

474 1265 616 1328 duae
639 1264 1022 1344 quantitates
1063 1261 1454 1324 diversarum
1506 1261 1844 1334 rationum,
1879 1277 2036 1338 qua-

475 1377 616 1420 rum
648 1358 843 1418 altera
867 1361 1074 1435 potest
1107 1373 1246 1416 esse
1289 1355 1512 1432 major,
1563 1353 1806 1414 etiamsi
1841 1354 2037 1414 altera

474 1453 681 1512 minor
721 1450 821 1524 sit,
851 1455 914 1512 et
945 1468 978 1510 e
1009 1449 1354 1524 contrat-103
1405 1447 1564 1508 sicut
1617 1451 1795 1507 actus
1835 1446 2038 1506 chari-

475 1545 620 1606 tatis
647 1562 794 1623 erga
815 1545 1014 1604 Deum
1039 1549 1244 1621 potest
1271 1559 1409 1602 esse
1439 1540 1760 1613 intensior,
1790 1545 1848 1600 et
1893 1545 2041 1600 actu

476 1655 606 1702 non
627 1637 875 1700 extendi
897 1637 978 1698 ad
995 1636 1372 1715 proximum,
1399 1640 1461 1696 et
1479 1632 1815 1713 aliqnando
1840 1652 1872 1694 e
1897 1652 2040 1694 con-

477 1750 686 1806 verse,
717 1737 924 1810 potest
959 1737 1136 1794 actus
1165 1728 1351 1790 simul
1371 1747 1508 1790 esse
1537 1728 1700 1788 circa
1753 1729 1953 1788 Deum
1982 1732 2043 1787 et

481 1825 860 1906 proximum,
898 1829 957 1884 et
1007 1821 1236 1883 minori
1285 1826 1515 1884 conatu
1571 1827 1634 1882 et
1683 1820 2041 1881 intensione

481 1919 641 1982 fieri.
675 1919 764 1980 Ex
795 1917 916 1978 hoc
937 1921 1152 1978 autem
1204 1916 1534 1995 principio,
1587 1915 1760 1994 quod
1787 1915 2044 1974 verissi-

482 2030 659 2076 mum
685 2029 827 2072 esse
873 2011 1186 2083 existimO,
1239 2015 1454 2087 aperte
1499 2007 1908 2080 concluditur,
1966 2025 2043 2068 ex

481 2106 550 2172 vi.
601 2103 1180 2183 comprehensionis
1233 2101 1567 2162 extensivae
1621 2107 1860 2162 tantum
1915 2118 2047 2162 om-

483 2200 658 2262 nium
691 2216 830 2276 quae
861 2197 1210 2260 eminenter
1233 2197 1300 2256 in
1321 2196 1448 2256 Deo
1471 2195 1893 2270 continentur,
1916 2213 2043 2255 non

487 2292 692 2370 sequi,
739 2309 855 2370 per
873 2290 1080 2350 locum
1113 2290 1206 2366 (ut
1235 2288 1432 2367 aiunt)
1465 2289 1899 2362 intrinsecum,
1958 2287 2043 2349 vi-

481 2386 728 2448 sionem
748 2385 920 2445 illam
949 2401 1086 2444 esse
1117 2382 1354 2445 infinite
1387 2383 1726 2458 intensam,
1763 2389 1872 2444 aut
1899 2401 2045 2461 pro-

487 2481 712 2544 cedere
739 2478 1046 2540 alumine
1082 2477 1295 2554 gloriae
1324 2477 1560 2538 infinite
1587 2479 1853 2538 intense.
1891 2477 2047 2548 Quia

489 2574 592 2636 illa
615 2572 916 2653 perfectio
948 2570 1268 2632 extensive
1301 2589 1428 2630 non
1454 2571 1820 2631 conveniret
1838 2571 1930 2630 illi
1970 2587 2047 2631 ex

486 2669 550 2728 vi
573 2665 969 2736 intensioniS‚
1003 2663 1118 2724 sed
1141 2683 1218 2724 ex
1247 2663 1308 2724 vi
1339 2681 1464 2724 suae
1494 2664 1771 2724 entitatis
1826 2663 2047 2724 indivi-

491 2761 698 2824 dualis
727 2758 1210 2820 indivisibiliter.
1243 2759 1340 2828 Et,
1370 2757 1488 2816 hoc
1525 2757 1830 2836 principio
1887 2756 2049 2836 posi-

489 2865 576 2929 to,
610 2855 850 2917 nullam
879 2854 1006 2914 vim
1045 2852 1238 2913 hahet
1260 2852 1620 2931 supputatio
1650 2869 1667 2912 ε
1701 2851 1798 2912 Ad
1833 2851 2049 2914 viden-

488 2951 644 3012 dum
670 2955 760 3011 tot
790 2953 1108 3008 creaturas
1137 2946 1474 3024 requiritur
1502 2945 1680 3016 visio,
1711 2945 1811 3006 vel
1834 2946 2051 3006 lumen

491 3048 622 3104 tam
648 3042 988 3113 intensum,
1031 3046 1094 3099 et
1129 3039 1210 3100 ad
1256 3039 1855 3118 plui-ee,i11tensius;
1899 3057 2051 3116 orgo

493 3137 576 3198 ad
605 3134 903 3208 infinitas,
931 3132 1172 3192 infinite
1202 3132 1536 3192 intensum.
1579 3134 1858 3210 Negatur
1883 3133 2051 3192 enim

492 3228 895 3299 antecedens,
921 3226 1068 3304 quia
1099 3244 1225 3285 non
1279 3225 1616 3303 requiritur
1656 3232 1822 3288 certa
1853 3227 2050 3289 inten-

491 3325 606 3399 sio,
633 3321 744 3384 sed
773 3321 976 3382 solum
999 3319 1137 3378 talis
1163 3319 1483 3379 individua
1515 3319 1740 3380 entitas
1768 3320 2046 3394 visioniS,

493 3435 654 3497 quae,
713 3415 766 3476 si
804 3414 1047 3485 existat,
1095 3412 1240 3473 licet
1285 3413 1567 3486 remissa,
1627 3414 2050 3474 manifestabit

493 3510 716 3572 eadem
744 3507 990 3576 omnia;
1021 3511 1082 3566 et
1104 3505 1392 3566 sieadem
1427 3505 1536 3565 tiat
1563 3507 1887 3579 intensior,
1919 3525 2047 3568 non

491 3599 1188 3683 repraesentabitplura,
1215 3598 1328 3660 sed
1344 3600 1566 3662 eadem
1605 3602 1862 3672 elarius3
1921 3602 2047 3662 imo

493 3697 683 3758 etiam
739 3696 789 3754 si
832 3695 1061 3754 habeat
1112 3693 1324 3772 plures
1368 3693 1598 3770 gradus
1645 3695 2049 3770 intensioniS,

493 3809 622 3852 non
649 3788 1008 3850 manifestat
1047 3787 1354 3864 quasdam
1383 3804 1486 3847 res
1523 3805 1634 3865 per
1663 3806 1858 3847 unum
1911 3807 2051 3866 gra-

493 3883 668 3957 dum,
692 3890 756 3944 et
777 3883 931 3942 alias
961 3899 1076 3958 per
1107 3879 1286 3951 elice,
1308 3879 1420 3940 sed
1452 3899 1672 3940 omnes
1702 3899 1814 3959 per
1837 3899 2052 3960 quem·

491 3977 644 4037 libet
673 3975 961 4055 gradum,
995 3975 1142 4052 quia
1171 3991 1389 4034 omnes
1425 3974 1658 4052 gradus
1692 3974 2051 4034 tendentia

494 4069 662 4130 idem
714 4068 1070 4146 objectum,
1116 4067 1378 4145 ejusque
1430 4068 2049 4144 repraesentationem

495 4162 823 4222 clariorem
856 4160 1148 4232 reddunt,
1183 4159 1352 4236 quod
1375 4177 1500 4219 non
1535 4167 1788 4238 possent
1816 4161 2049 4236 iacere,

496 4256 546 4316 si
565 4273 671 4316 res
720 4253 997 4315 diversas
1052 4259 1592 4331 repraesentarent.
1648 4257 1861 4333 Igitur,
1907 4258 2054 4318 licet

495 4347 754 4410 daretur
783 4346 940 4407 visio
967 4345 1100 4416 Dei,
1137 4351 1598 4423 repraesentans
1631 4365 1850 4409 omnes
1879 4369 2054 4411 crea-

495 4448 669 4505 turas
697 4437 1048 4520 possibiles,
1077 4457 1206 4499 non
1240 4440 1592 4500 necessario
1629 4447 1790 4502 esset
1807 4441 2052 4505 infinite

497 4535 764 4596 intensa.
793 4534 926 4594 Imo
974 4531 1212 4592 illamet
1253 4537 1462 4610 posset
1508 4532 1572 4593 in
1601 4534 1905 4596 infinitum
1957 4538 2055 4598 in-

499 4627 695 4700 tendi,
728 4627 888 4688 sicut
917 4629 1122 4705 potest
1147 4625 1208 4684 in
1241 4625 1549 4686 infinitum
1598 4629 1840 4690 intendi
1877 4648 2054 4691 amor

498 4720 826 4783 beatificus
849 4719 988 4795 Dei,
1022 4718 1265 4780 etiamsi
1293 4719 1376 4780 ad
1428 4737 1590 4781 nova
1646 4721 1888 4800 objecta
1925 4741 2053 4784 non

501 4813 893 4876 extendatur.

580 4909 682 4970 23.
731 4907 1018 4985 objectio.
1051 4937 1128 4950 --
1149 4904 1420 4983 Objicies
1447 4924 1460 4964 ε
1494 4907 1600 4982 qui
1643 4907 1806 4968 videt
1832 4908 1895 4969 in
1927 4909 2059 4969 Deo

502 5019 720 5064 omnes
749 5006 1088 5069 creaturas,
1120 4998 1292 5060 videt
1337 5005 1530 5060 totam
1561 4999 1653 5075 (ut
1693 5001 1782 5060 sie
1830 5001 2056 5079 dicum)

502 5095 920 5156 intensionem
972 5093 1440 5170 omnipotentiae
1501 5093 1648 5164 Dei3
1691 5109 1842 5171 ergo
1888 5095 2058 5155 videt

503 5187 812 5248 infinitam
847 5185 952 5247 Dei
985 5183 1274 5246 virtutem
1317 5185 1624 5246 intensive
1654 5201 1674 5262 3
1707 5203 1858 5264 ergo
1913 5194 2055 5249 actu

503 5281 742 5343 infinite
771 5282 1043 5340 intenso,
1077 5277 1472 5340 An-teeedens
1513 5278 1834 5357 probatur,
1885 5279 2054 5356 quia,

502 5374 648 5438 licet
675 5375 740 5436 in
789 5373 1114 5436 effectibus
1141 5371 1247 5432 illa
1286 5371 1365 5432 sit
1412 5372 1692 5432 extensio
1739 5373 2054 5450 quaedam,

503 5469 568 5528 in
593 5468 817 5530 virtute
846 5473 1058 5528 tamen
1090 5464 1224 5542 ipsa
1267 5463 1575 5526 effectrice
1627 5469 1722 5526 est
1764 5466 2053 5544 intensio,

1725 318 1961 382 QUAEST.
1996 319 2059 372 X.
2092 320 2295 376 Alme.
2330 321 2417 376 tv.

2110 423 2256 500 quia
2284 441 2363 483 ex
2412 418 2796 502 perfectione
2838 417 2975 496 ejus
3002 417 3315 480 intensiva
3354 413 3707 500 provenit,

2112 516 2281 592 quod
2300 515 2381 576 ad
2414 521 2503 575 tot
2534 514 2785 574 effectus
2806 517 2868 572 et
2892 512 2955 571 in
2995 511 3309 573 infinitum
3339 507 3713 593 perfectio-

2111 627 2215 670 res
2244 608 2651 677 extendatur3
2684 623 2835 684 ergo
2886 623 2965 665 ex
3004 606 3361 684 cognitione
3384 601 3712 666 omnium

2115 703 2454 764 effectuum
2484 703 2547 761 in
2580 701 2795 761 divina
2830 699 3289 778 omnipotentia
3336 695 3713 776 colligitur,

2112 795 2280 856 illam
2335 795 2677 874 potentiam
2734 791 3029 870 cognosci
3074 793 3426 855 seeundum
3492 793 3714 850 totam

2110 888 2529 949 intensionem
2552 885 2954 966 perfectionis
2976 903 3127 946 suae.

2190 985 2292 1043 24.
2340 980 2739 1044 Dissolvitur.
2770 1009 2855 1026 -
2890 978 3327 1058 Respondetur
3377 973 3715 1054 negando

2114 1073 2459 1136 secundam
2486 1073 3002 1151 consequentiam
3019 1089 3039 1151 3
3074 1073 3498 1134 committitur
3526 1069 3715 1131 enim

2114 1167 2557 1247 aequivocati03
2589 1165 2761 1227 aliud
2788 1171 2881 1227 est
2902 1167 3067 1226 enim
3094 1165 3309 1227 videre
3335 1171 3552 1227 totam
3612 1163 3719 1222 in-

2114 1263 2469 1323 tensionem
2500 1259 2751 1340 ohjecti,
2781 1259 2951 1320 aliud
2983 1259 3197 1322 videre
3226 1265 3358 1321 tota
3374 1256 3717 1319 intensio-

2118 1375 2225 1427 ne,
2256 1362 2515 1433 totoque
2558 1359 2786 1414 conatu
2826 1371 2951 1431 quo
2998 1359 3205 1432 potest
3251 1351 3357 1413 illa
3410 1350 3715 1412 intensio

2120 1450 2488 1530 objectivaa
2524 1448 2776 1509 vidente
2813 1447 3031 1509 videri.
3082 1450 3271 1508 Recte
3312 1465 3467 1525 ergo
3516 1444 3714 1505 colli-

2125 1545 2289 1624 gitur
2324 1542 2431 1604 illo
2469 1547 2867 1620 argumento,
2912 1541 3189 1602 divinam
3229 1539 3715 1620 perfectionem

2124 1638 2430 1715 objective
2480 1635 2675 1698 videri
2719 1635 2988 1704 infinite,
3040 1635 3107 1695 id
3158 1641 3271 1707 est,
3331 1632 3715 1694 secundum

2124 1731 2431 1792 infinitam
2480 1729 2903 1791 intensionem
2954 1729 3357 1807 objectivam;
3410 1745 3555 1788 non
3621 1733 3715 1786 ta·

2124 1845 2267 1886 men
2292 1824 2439 1886 inde
2460 1823 2817 1885 necessario
2855 1824 3155 1902 sequitur,
3202 1822 3401 1884 videri
3441 1820 3713 1882 infinita

2125 1918 2479 1980 intensione
2508 1936 2585 1979 ex
2606 1923 2783 1998 parte
2811 1917 3101 1992 videntiS,
3161 1917 3313 1996 quia
3358 1919 3589 1996 potest
3620 1913 3713 1973 ri-

2126 2013 2258 2074 deri
2298 2013 2519 2091 majori
2569 2017 2632 2072 et
2687 2011 2919 2072 minori
2954 2017 3185 2072 conatu
3224 2011 3325 2071 vel
3378 2009 3707 2070 claritate.

2128 2107 2289 2179 Quin
2310 2108 2541 2185 potius,
2575 2123 2795 2167 omnes
2818 2105 3105 2166 videntes
3131 2106 3330 2166 Deum
3350 2104 3586 2164 vident
3610 2105 3715 2162 to-

2126 2206 2255 2262 tam
2310 2201 2448 2280 ejus
2504 2197 2877 2260 infinitatem
2930 2199 3327 2270 intensivum,
3386 2197 3547 2275 quia
3598 2195 3707 2255 illa

2129 2293 2613 2372 simplicissima,
2663 2310 3049 2371 prorsusque
3113 2291 3519 2354 indivisibilis
3583 2295 3708 2360 est,

2124 2389 2270 2450 licet
2292 2388 2465 2448 finite
2487 2387 2761 2448 videant.
2819 2388 2878 2448 Is
2910 2390 3145 2460 autem,
3174 2385 3282 2466 qui
3332 2385 3591 2445 videret
3644 2382 3712 2442 in

2126 2485 2259 2544 Deo
2288 2482 2501 2542 omnia
2527 2479 2869 2559 possibilia,
2905 2480 3208 2559 peculiari
3238 2477 3426 2539 modo
3444 2477 3711 2538 vide-ret

2128 2582 2322 2638 totam
2354 2575 2524 2636 illam
2562 2573 2961 2649 infinitatem,
3004 2571 3471 2652 quodammodo
3500 2587 3713 2652 pene-

2128 2669 2351 2730 trando
2376 2674 2571 2729 totam
2616 2667 2790 2726 illam
2820 2685 2895 2728 ex
2950 2674 3127 2746 parte
3181 2666 3434 2746 objecti,
3468 2669 3709 2742 quate-

2130 2781 2251 2824 nus
2282 2779 2358 2821 ex
2388 2765 2565 2839 parte
2586 2759 2754 2820 illius
2785 2759 3075 2821 distincte
3104 2758 3347 2820 videret
3368 2757 3711 2818 continen-

2132 2855 2290 2916 tiam
2324 2853 2791 2914 eminentialem
2820 2853 3100 2913 omnium
3129 2869 3338 2913 rerum
3394 2851 3458 2910 in
3498 2851 3651 2930 ipsa
3684 2863 3703 2924 ;

2132 2967 2263 3008 non
2298 2951 2511 3008 tamen
2544 2946 2689 3007 inde
2712 2947 3068 3008 necessario
3095 2947 3375 3025 sequitur
3404 2945 3583 3024 quod
3616 2943 3709 3002 vi·

2133 3041 2311 3103 deret
2338 3047 2469 3102 toto
2498 3047 2731 3102 conatu
2765 3040 3045 3120 possibili
3072 3057 3149 3102 ex
3178 3045 3353 3118 parte
3396 3035 3701 3110 videntis,

2132 3140 2195 3197 et
2223 3139 2685 3214 consequenter
2702 3151 2909 3212 neque
2938 3133 3181 3194 infinita
3199 3132 3581 3194 intensione.

2212 3232 2313 3291 25.
2354 3229 2519 3296 Visio
2540 3236 2739 3291 creata
2761 3229 3021 3290 omnium
3039 3226 3423 3306 possibilium
3452 3227 3519 3287 in
3554 3227 3703 3291 Ver·

2130 3326 2219 3398 bo,
2266 3325 2527 3386 absolute
2556 3321 2969 3402 impossibilis.
2994 3351 3075 3366 -
3096 3321 3189 3380 Ex
3216 3319 3317 3380 his
3350 3336 3501 3398 ergo
3540 3320 3702 3379 satis

2130 3418 2417 3479 concludi
2447 3417 2716 3490 videtur,
2742 3416 2981 3476 nullam
3008 3415 3361 3475 necessario
3386 3415 3563 3493 sequi
3598 3433 3703 3474 ac·

2131 3513 2360 3573 tualem
2381 3511 2842 3571 infinitatem‘ex
2857 3509 3097 3570 visione
3115 3515 3323 3570 creata
3336 3509 3701 3582 Dei,etiam-

2133 3605 2183 3665 si
2212 3623 2327 3682 per
2350 3605 2519 3664 illam
2550 3603 2762 3665 omnia
2807 3601 3128 3682 possibilia
3154 3603 3221 3662 in
3252 3603 3381 3663 Deo
3432 3603 3571 3681 ipso
3606 3603 3701 3662 vi-

2132 3697 2418 3758 deantur.
2440 3697 2597 3758 Hinc
2619 3715 2765 3758 vero
2790 3696 3278 3775 retorquendam
3296 3712 3524 3756 censeo
3552 3711 3699 3755 esse

2132 3792 2439 3852 rationem
2462 3836 2483 3866 ‚
2542 3796 2603 3852 et
2662 3789 3189 3864 concludendum,
3244 3788 3699 3868 impossibilem

2134 3901 2273 3946 esse
2301 3885 2493 3945 talem
2520 3884 2849 3944 visionem.
2882 3885 3063 3958 Nam,
3095 3882 3195 3943 vel
3223 3881 3325 3942 illa
3365 3879 3541 3941 finita
3572 3887 3694 3952 est,

2132 3977 2229 4036 vel
2262 3975 2526 4037 infinita.
2572 3977 2797 4048 Finita,
2828 3994 2967 4037 esse
2992 3994 3121 4036 non
3148 3979 3353 4054 potest
3379 3973 3701 4036 sufficiens

2133 4069 2213 4130 ad
2244 4069 2906 4148 comprehendendam
2948 4070 3058 4130 Dei
3082 4069 3602 4143 immensitatem,
3638 4073 3699 4128 et

2132 4163 2709 4244 repraesentandum
2739 4163 3301 4242 adsequatesstotum
3344 4162 3544 4222 Deum
3596 4179 3702 4223 se-

2134 4258 2411 4320 cundum
2436 4258 2649 4318 omnia
2668 4257 2891 4336 quaein
2924 4257 3063 4335 ipso
3092 4256 3432 4318 formaliter
3450 4260 3510 4317 et
3542 4257 3700 4316 erni-

2134 4359 2361 4414 nenter
2386 4354 2807 4425 continentur,
2842 4369 2915 4412 ac
2958 4351 3489 4430 repraesentabitis
3520 4357 3692 4413 sunt.

2134 4446 2381 4508 Infinita
2410 4453 2624 4507 autem
2649 4465 2767 4508 nec
2798 4444 3166 4519 admittitur,
3195 4463 3401 4525 neque
3425 4463 3565 4507 esse
3584 4463 3699 4525 po-

2137 4547 2277 4613 test,
2309 4541 2397 4600 ita
2420 4546 2490 4600 ut
2518 4539 2599 4600 ad
2628 4539 2803 4600 illum
2853 4539 3149 4600 effectum
3179 4539 3475 4612 sufficiat;
3512 4557 3695 4622 ergo.

2135 4633 2336 4695 Minor
2364 4634 2575 4712 quoad
2605 4634 2876 4713 priorem
2903 4637 3149 4712 partem
3175 4651 3250 4694 ex
3280 4634 3563 4695 terminis
3586 4655 3701 4716 per

2136 4745 2201 4787 se
2251 4731 2400 4786 nota
2450 4727 2584 4787 visa
2626 4733 2722 4788 est
2762 4725 3005 4787 Sanctis
3048 4726 3352 4787 Patribus.
3403 4725 3559 4786 Hinc
3602 4735 3696 4788 est

2138 4819 2309 4878 enim
2340 4817 2428 4888 id,
2464 4819 2634 4897 quod
2679 4818 3017 4896 Gregorius
3048 4819 3153 4892 eit.
3185 4818 3293 4878 lib.
3342 4820 3419 4879 18
3448 4821 3697 4891 morah,

2142 4929 2197 4972 c.
2234 4911 2355 4972 39:
2394 4911 2697 4984 Quantum
2746 4913 2827 4974 ad
2862 4912 3321 4974 immensitatem
3364 4913 3511 4986 Dei,
3573 4914 3701 4992 qm·-

2140 5006 2279 5066 dam
2306 5004 2471 5066 nobis
2494 5007 2705 5067 modus
2730 5006 2955 5086 fiyitnr
2984 5007 3525 5087 contemplationis,
3556 5009 3699 5086 qm‘a

2138 5113 2201 5158 eo
2230 5099 2363 5177 ipso
2390 5099 2643 5175 pondere
2676 5100 3257 5172 circumscribimur,
3273 5115 3385 5178 quo
3407 5109 3699 5160 creatur-0⁰

2138 5207 2367 5252 eamus.
2402 5189 2479 5250 Et
2522 5191 2801 5270 loquitur
2852 5192 2931 5253 de
2959 5193 3197 5253 visione
3250 5193 3457 5267 beata,
3507 5209 3697 5272 quam

2140 5281 2309 5356 dicit,
2338 5283 2460 5344 hoc
2492 5282 2629 5363 ipso
2658 5284 2825 5362 quod
2876 5293 3085 5348 creata
3116 5291 3211 5347 est
3240 5291 3301 5347 et
3324 5284 3522 5358 finita,
3572 5303 3695 5348 non

2141 5395 2327 5456 posse
2356 5378 2869 5442 circumscribere
2898 5378 3383 5444 immensitatem
3411 5381 3553 5455 Dei3
3590 5381 3698 5443 cir-

2140 5471 2559 5535 cumscribere
2580 5479 2790 5536 autem
2810 5491 2937 5536 non
2971 5473 3297 5555 siguificat,
3326 5475 3571 5536 intense
3594 5483 3696 5536 aut
