3892 6167
1297 329 1616 386 msPnTAT.
1651 329 1816 386 xtlx-
1857 332 2028 386 SBCT.
2062 333 2147 388 ΠΙ.
3207 333 3323 396 509

71 430 327 492 sancta
353 425 470 492 Dei
501 442 618 490 non
643 425 816 492 habet
841 426 1124 494 Ecclesia
1131 452 1160 504 ,·
1185 445 1290 492 neo
1310 447 1416 495 vos
1449 429 1518 494 in
1544 431 1680 496 illis

71 521 398 586 exaudiri
432 527 724 604 putamus
737 567 762 599 ,
787 527 845 586 et
891 522 952 587 si
989 522 1338 600 Rdefonsus
1377 529 1569 590 vester
1613 524 1682 588 in

72 613 488 708 orationibus
514 616 646 680 suis
673 613 992 682 Christum
1025 615 1374 698 adoptivum
1409 616 1680 680 uomina-

70 705 178 770 vit
194 753 214 782 ,
251 714 472 777 noster
502 727 636 774 vero
670 709 1030 794 &requi-im,
1067 711 1364 788 Pontifex
1387 711 1681 776 &mance

73 797 324 878 Sedis,
355 808 413 868 et
447 803 830 868 clarissimus
855 808 982 870 toto
1008 805 1142 870 orbe
1181 805 1410 882 doctor,
1440 806 1510 868 in
1547 805 1682 868 suis

73 897 491 961 orationibus
523 913 755 980 semper
795 899 1195 978 Unigenitum
1225 898 1538 964 nominare
1563 915 1681 964 uon

76 985 436 1054 dubitavit.
493 993 566 1052 In
615 991 844 1071 quihus
899 991 1110 1054 verbis
1161 997 1380 1074 aperte
1433 991 1681 1054 videtur

75 1077 460 1174 Concilium
487 1083 838 1163 admittere,
855 1102 968 1149 eos
991 1086 1204 1150 Patres
1223 1086 1390 1148 male
1409 1085 1490 1150 de
1509 1085 1676 1148 Chri-

77 1179 184 1236 sto
243 1177 553 1242 sensisse.
601 1180 734 1242 Imo
753 1224 776 1256 ‚
812 1179 984 1262 quod
1029 1180 1116 1242 ait
1147 1193 1165 1240 τ
1211 1180 1297 1244 Ut
1341 1184 1551 1244 notum
1593 1179 1678 1243 sit

77 1269 382 1334 omnibus
408 1273 561 1336 unde
585 1290 689 1338 vos
711 1273 937 1339 traditi
952 1274 1099 1339 sitis
1122 1275 1191 1338 in
1217 1291 1436 1340 manus
1461 1275 1675 1353 infide·

75 1359 282 1438 lium,
319 1383 448 1426 non
476 1371 608 1428 tam
635 1373 893 1449 propter
928 1366 1178 1450 lapsum
1204 1367 1428 1430 Felicis
1465 1374 1530 1430 et
1553 1368 1679 1430 Eli·

74 1455 342 1533 pandi,
373 1476 568 1540 quam
604 1466 864 1540 propter
913 1478 1194 1525 errorem
1241 1463 1600 1544 parentum,
1637 1480 1678 1523 a

75 1547 340 1627 quibus
368 1551 483 1632 ipsi
511 1551 630 1618 hoc
658 1553 1034 1632 didicerunt,
1060 1555 1270 1618 dicere
1299 1555 1545 1618 videtur
1563 1573 1582 1634 ;
1598 1555 1679 1616 si·

77 1641 226 1704 mul
263 1644 442 1708 enim
473 1645 584 1708 illa
609 1647 736 1710 duo
765 1649 1130 1730 conjungit:
1167 1649 1251 1714 Ut
1280 1650 1680 1730 manifestum

76 1735 174 1798 sit
209 1737 438 1820 qualos
485 1740 760 1808 habeatis
794 1747 1077 1824 parentes
1101 1787 1122 1817 ,
1151 1745 1211 1806 et
1253 1746 1325 1807 ut
1355 1746 1563 1806 notum
1587 1742 1679 1806 sit

80 1829 385 1897 omnibus
407 1835 561 1900 unde
587 1853 691 1900 vos
719 1837 941 1900 traditi
963 1836 1106 1902 sitis
1129 1835 1197 1900 in
1220 1853 1439 1900 manus
1465 1836 1680 1913 infido·

77 1923 284 1988 lium.
309 1925 389 1988 Et
409 1925 579 2006 quod
599 1929 774 2008 prius
799 1929 1252 2010 objiciebamus
1271 1948 1350 1994 ex
1369 1929 1674 2008 historiiS,

87 2019 214 2080 hoc
245 2017 466 2102 ipsum
496 2022 748 2104 exigere
774 2021 1054 2097 videtur3
1083 2029 1288 2088 totum
1317 2029 1530 2086 autem
1556 2023 1676 2086 hoc

85 2115 188 2174 est
243 2119 474 2178 contra
499 2113 871 2198 gravitatem
903 2115 1472 2200 auctoritatemque
1507 2117 1674 2178 illius

86 2203 397 2271 Concilii.

171 2305 288 2366 23.
335 2301 548 2368 Tertio
599 2305 876 2388 objicere
925 2324 1284 2388 possumus,
1320 2305 1468 2388 quia
1519 2303 1676 2368 illud

87 2393 460 2458 Concilium
510 2397 890 2480 quibusdam
941 2401 1136 2464 utitur
1184 2399 1560 2462 testimoniis
1613 2403 1678 2460 et

87 2491 462 2554 rationibus
501 2491 586 2556 ad
635 2511 816 2558 suam
843 2495 1219 2558 sententiam
1256 2493 1678 2574 comproban-

91 2583 276 2658 dam,
305 2605 454 2666 quae
475 2605 606 2651 non
633 2587 928 2652 videntur
954 2607 1256 2668 magnam
1282 2587 1518 2650 hebere
1549 2587 1678 2650 effi·

93 2678 272 2742 cacia
285 2699 376 2756 m,
408 2686 472 2742 et
521 2699 560 2744 a
599 2681 937 2764 Theologis
974 2682 1162 2746 facile
1216 2680 1669 2754 dissolvuntur3

93 2791 256 2838 nam
301 2769 664 2838 testimonia
705 2776 950 2853 omnia,
980 2795 1124 2856 quoe
1162 2775 1440 2850 adducit,
1472 2775 1676 2838 solum

91 2867 386 2946 probant
416 2866 728 2933 Christum
753 2870 1118 2951 simpliciter
1145 2887 1286 2934 esse
1321 2868 1674 2934 naturalem

91 2960 214 3024 Dei
245 2958 506 3040 Filium,
537 2963 958 3044 eumdemque
995 2964 1064 3026 in
1101 2962 1496 3026 humanitate
1525 2960 1677 3024 sub-

94 3053 358 3129 sistere,
381 3059 570 3136 atque
588 3055 750 3120 adeo
777 3055 947 3120 hunc
973 3055 1296 3120 hominem
1317 3055 1677 3138 simpliciter

96 3166 243 3210 esse
281 3147 516 3210 Filium
535 3149 894 3212 naturalem
917 3150 1053 3214 Dei.
1087 3149 1234 3222 Quae
1261 3149 1474 3212 omnia
1501 3167 1539 3212 a
1558 3148 1676 3212 Ca-

95 3241 354 3306 tholicis
389 3241 830 3322 admittuntur,
857 3246 1145 3328 quamvis
1171 3245 1365 3326 aliqui
1395 3245 1678 3328 ipsorum

95 3341 362 3416 putent,
385 3355 514 3398 non
543 3355 902 3420 repugnare
931 3339 1086 3419 quin
1109 3337 1297 3400 simul
1323 3338 1674 3401 secundum

96 3427 572 3494 humanitatem
601 3432 682 3494 sit
707 3431 1040 3514 adoptivus
1058 3477 1078 3510 ,
1105 3451 1180 3494 cu
1181 3433 1287 3514 jus
1317 3433 1676 3514 oppositum

95 3525 228 3586 illis
255 3521 637 3588 testimoniis
660 3527 941 3590 convinci
973 3545 1103 3591 non
1123 3532 1352 3608 potest.
1381 3527 1674 3590 Rationes

101 3624 354 3695 autem,
379 3635 521 3698 quae
541 3625 876 3685 sumuntur
904 3637 983 3684 ex
1007 3627 1234 3685 natura
1258 3620 1364 3684 vel
1392 3619 1676 3702 proprie-

101 3719 236 3776 tate
265 3711 648 3794 adoptionis,
677 3720 825 3778 sunt
845 3732 1022 3778 mere
1043 3715 1342 3776 humanat
1367 3719 1430 3778 et
1452 3712 1680 3796 proba·

101 3807 270 3870 biles
286 3850 310 3883 ,
341 3825 484 3890 quoe
517 3809 603 3871 ad
649 3816 884 3872 certam
927 3808 1122 3874 fidem
1155 3805 1516 3872 faciendam
1549 3825 1680 3872 non

99 3908 382 3982 possunt
409 3903 717 3967 sufficere.

187 4001 298 4062 24.
341 3995 449 4062 Aa
461 3997 729 4078 primam
751 3996 1358 4079 objectionm.-sed
1390 3998 1523 4060 hoec
1549 4013 1682 4058 om·

99 4093 214 4153 nia
241 4090 337 4152 nil
363 4090 674 4172 derogant
702 4092 891 4172 hujus
919 4091 1174 4158 Concilii
1205 4088 1579 4154 auctoritati.
1605 4089 1682 4150 Et

99 4187 319 4269 prima
347 4185 604 4266 quidem
633 4184 903 4266 objectio
935 4185 1092 4246 mihi
1117 4203 1248 4248 non
1279 4201 1504 4266 parum
1533 4200 1682 4246 con-

99 4281 322 4344 firmat
347 4278 522 4360 quod
551 4298 743 4362 supra
771 4279 1058 4344 dicebam
1090 4280 1172 4343 de
1203 4297 1395 4342 sensu
1425 4276 1682 4342 Felicia-

101 4397 210 4440 noe
257 4375 544 4450 haeresis,
591 4375 784 4456 quod,
815 4375 1140 4447 nimirum,
1185 4391 1316 4436 non
1349 4373 1542 4435 fuerit
1577 4388 1682 4434 res

102 4471 274 4534 adeo
303 4469 544 4534 lubrice
577 4475 642 4531 et
665 4469 952 4543 obscura,
983 4474 1056 4530 ut
1083 4466 1418 4530 Catholicis
1445 4471 1510 4528 et
1535 4463 1682 4528 doc-

101 4567 188 4628 tis
239 4563 578 4643 Theologis
619 4570 842 4644 postea
893 4561 1090 4624 videri
1143 4561 1416 4642 potuerit
1468 4557 1680 4640 opinio

103 4657 480 4739 probabilis,
504 4657 651 4720 etin
673 4655 966 4720 omnibus
988 4655 1344 4718 Academiis
1367 4659 1429 4715 et
1453 4652 1682 4716 scholis

103 4751 436 4816 catholicis
478 4769 594 4832 per
646 4755 739 4814 tot
767 4767 970 4812 annos
1025 4755 1096 4812 ut
1128 4748 1272 4812 talis
1324 4747 1580 4812 tractari
1619 4754 1684 4809 et

104 4846 452 4928 disputari3
487 4843 720 4926 alioqui
755 4861 886 4906 non
929 4848 1062 4905 tam
1089 4841 1218 4906 acri
1245 4839 1683 4922 reprehensio·

107 4959 192 5004 ne
223 4939 458 5020 dignus
501 4938 724 5002 fuisset
763 4935 1128 5018 Elipandus.
1161 4934 1406 4996 Erravit
1434 4951 1585 5013 ergo
1613 4933 1682 4994 in

105 5053 178 5098 re
207 5031 548 5096 manifesta
576 5032 642 5094 in
669 5029 822 5106 fide,
852 5036 916 5092 et
939 5030 1128 5110 longe
1159 5035 1349 5090 antea
1377 5027 1442 5088 in
1471 5026 1681 5088 Eccle-

108 5129 208 5190 sia
240 5126 524 5200 deflnita,
545 5125 876 5204 solumque
899 5124 965 5184 in
988 5123 1196 5186 verbis
1225 5127 1338 5184 aut
1361 5120 1550 5183 modo
1579 5137 1684 5181 ex-

108 5220 388 5301 plicandi
427 5237 468 5282 a
495 5219 860 5282 Nestoriana
889 5216 1116 5280 haeresi
1162 5215 1578 5295 discrepavit3
1620 5215 1683 5276 et

112 5313 260 5378 ideo
300 5313 406 5378 illo
451 5313 578 5376 acri
621 5299 1132 5394 reprehensionis
1175 5309 1364 5374 modo
1396 5325 1684 5386 compes·

115 5412 358 5476 cendus
375 5409 498 5472 fuit
507 5431 528 5486 3
551 5409 826 5472 maxime
845 5425 992 5470 cum
1011 5423 1322 5490 summam
1341 5402 1684 5486 quamdam

119 5505 586 5586 auctoritatem,
617 5502 806 5568 etiem
831 5501 899 5566 in
925 5500 1215 5580 doctrina
1243 5497 1579 5578 tradenda,
1601 5496 1681 5558 si·

1759 431 1824 492 bi
1849 431 1916 494 in
1941 432 2243 512 Hispania
2270 450 2577 514 usurpare
2600 431 2807 506 vellet,
2828 439 2897 498 ut
2925 453 3001 498 ex
3029 435 3149 511 his,
3183 455 3326 519 qum

1760 524 1842 588 ad
1869 526 2154 589 Fidelem
2178 527 2489 590 Abbetem
2512 533 2731 590 contra
2750 529 3012 590 Beatum
3046 535 3111 591 et
3138 531 3326 594 Hete-

1759 619 1924 682 rium
1954 620 2217 700 scripsit,
2246 623 2521 694 constat3
2546 637 2687 700 quae
2712 619 3075 684 referuntur
3100 622 3169 684 in
3191 623 3327 686 His·

1760 713 1965 794 panim
2006 714 2315 790 historiis,
2346 721 2411 778 et
2432 715 2501 776 in
2534 715 2699 778 dicto
2728 714 2839 778 lib.
2874 717 3130 780 Haterii.
3162 719 3323 794 Ima,

1762 807 1842 870 ad
1867 807 2162 872 Carolum
2192 809 2493 888 Magnum
2526 807 2715 872 etiam
2742 811 2919 872 tanta
2944 809 3231 874 libertate
3260 814 3327 874 ct

1761 901 2133 964 auctoritate
2181 901 2465 983 scripsit,
2510 908 2581 964 ut
2620 902 2757 982 ipse
2796 900 3055 964 Carolus
3086 903 3173 964 ad
3202 903 3325 968 Eli·

1759 995 2043 1076 pandum
2070 995 2151 1058 de
2180 994 2377 1077 ipsius
2414 994 2639 1060 litteris
2667 995 2757 1058 ita
2784 995 3215 1076 rescripserit:
3242 997 3328 1059 In

1755 1106 2013 1171 quarum
2038 1088 2247 1171 utique
2272 1086 2425 1152 serie
2450 1087 2803 1152 litterarum
2826 1105 2947 1150 non
2972 1089 3135 1154 satis
3156 1088 3327 1154 nobis

1757 1182 2041 1257 elucebat,
2062 1201 2143 1247 aa
2160 1181 2341 1264 quasi
2364 1199 2439 1246 σω
2458 1180 2825 1246 auctoritate
2846 1182 3197 1262 magisterii
3214 1198 3326 1246 uos

1757 1280 1961 1341 vestra
2005 1276 2207 1340 dooere
2244 1272 2663 1356 disposuistis,
2708 1291 2791 1338 cm
2832 1291 2905 1338 eo>
2950 1274 3327 1340 militatis

1759 1369 2135 1449 discipulatu
2155 1374 2368 1432 nostra
2390 1369 2617 1432 discere
2638 1367 3016 1432 desideratis.
3042 1368 3135 1430 Oh
3156 1369 3325 1432 hanc

1759 1481 1910 1544 ergo
1962 1479 2221 1526 causam
2267 1462 2491 1526 merito
2539 1461 2825 1542 Episcopi
2875 1461 3204 1538 Catholici,
3255 1469 3325 1526 et

1757 1557 2103 1638 praesertim
2132 1558 2431 1620 Summus
2449 1555 2736 1619 Pontifex
2756 1554 3069 1618 Adrianus
3090 1573 3323 1636 magna

1756 1651 2045 1716 libertate
2072 1653 2135 1715 et
2164 1650 2531 1714 auctoritate
2554 1648 2964 1729 respondent,
2986 1648 3323 1729 ipsumque

1759 1763 2040 1808 errorem
2076 1750 2141 1808 et
2178 1751 2467 1808 auctores
2508 1744 2649 1824 ejus
2680 1743 3025 1822 increpant.
3057 1743 3187 1806 Nec
3234 1748 3325 1804 ta-

1758 1855 1902 1902 men
1933 1839 2245 1902 Adrianus
2276 1837 2615 1901 Pontificiae
2643 1836 2919 1900 lenitatis
2947 1833 3172 1898 oblitus
3202 1841 3321 1910 est,

1757 1949 1907 1997 nam
1952 1933 2021 1994 in
2047 1932 2173 1996 fine
2200 1932 2491 2014 Epistolae
2538 1932 2624 1994 ita
2658 1927 2976 1994 concludit
3010 1948 3025 1992 ε
3056 1928 3325 2012 Eliqant

1755 2043 2013 2108 namquo
2050 2043 2184 2109 Μ
2213 2026 2447 2104 volunt,
2475 2025 2668 2090 vitam
2702 2029 2813 2090 aut
2854 2029 3129 2099 moreau,
3159 2023 3325 2086 bons-

1755 2119 2076 2186 dictionem
2121 2126 2233 2186 aut
2278 2120 2751 2186 maledictionem
2767 2144 2796 2194 ,·
2826 2124 3103 2199 optamus
3150 2134 3323 2182 nam·

1754 2229 1888 2294 que,
1909 2221 1967 2278 et
1988 2212 2301 2290 infinitam
2320 2212 2575 2278 Domini
2589 2212 2959 2278 clementiam
2976 2227 3317 2291 metamur,

1753 2312 1848 2384 ut,
1881 2307 2117 2372 relictis
2156 2306 2383 2372 erroris
2426 2306 2835 2384 anfractibus,
2866 2305 2950 2368 ad
2976 2304 3140 2368 viam
3189 2321 3321 2385 qno.-

1755 2401 1924 2466 duoit
1943 2401 2029 2464 ad
2048 2405 2335 2464 oeternam
2358 2401 2573 2478 vitam,
2598 2397 2745 2477 βασι·
2759 2399 3050 2480 passibus
3075 2397 3323 2462 Christo

1755 2495 2001 2560 redeant
2028 2494 2437 2576 pertrahente,
2470 2498 2591 2556 etc.
2634 2493 2713 2554 Et
2752 2491 2985 2554 similia
3023 2489 3159 2553 fere
3204 2489 3319 2552 ha-

1756 2588 1989 2652 hentur
2006 2586 2073 2650 in
2102 2586 2231 2650 fine
2258 2586 2537 2668 epistolae
2568 2585 2761 2650 totius
2789 2583 3069 2659 Concilii,
3100 2584 3165 2646 in
3194 2601 3323 2664 qua

1755 2681 2029 2746 fatemur
2048 2680 2351 2742 nonnulla
2372 2697 2515 2742 esse
2541 2697 2652 2760 per
2680 2676 3237 2760 exaggerationem
3261 2681 3325 2738 et

1756 2774 2313 2856 amplificationem
2340 2772 2505 2836 dicta
2520 2817 2535 2846 ‚
2562 2772 2910 2854 praesertim
2936 2788 3083 2834 cum
3110 2786 3319 2832 sermo

1754 2868 1889 2933 fieri
1935 2868 2185 2932 videtur
2220 2867 2304 2930 ad
2348 2883 2569 2930 omnes
2594 2863 2915 2945 Hispaniae
2955 2863 3318 2946 Episcopus,

1755 2982 1829 3026 ac
1861 2962 1914 3026 si
1955 2981 2179 3026 omnes
2206 2967 2421 3024 essent
2446 2960 2553 3024 illa
2579 2959 2809 3022 haeresi
2838 2957 3073 3020 infecti.
3106 2955 3233 3020 Sed
3259 2955 3322 3020 id

1759 3063 1821 3119 et
1841 3075 1971 3119 non
1990 3055 2181 3120 refert
2201 3055 2285 3117 ad
2306 3054 2457 3118 fidei
2480 3063 2545 3118 et
2566 3054 2936 3133 dogmatum
2956 3050 3317 3126 veritatem,

1759 3158 1820 3216 et
1849 3169 1927 3214 ex
1958 3151 2233 3232 quodam
2265 3149 2513 3212 ardenti
2546 3147 2697 3212 fidei
2736 3147 2875 3211 zelo
2916 3143 3319 3228 procedebat,

1757 3246 2065 3310 intuendo
2092 3245 2301 3325 potius
2326 3244 2411 3306 ad
2450 3244 2745 3306 effectum
2786 3247 2853 3304 et
2874 3244 3171 3304 conatum
3200 3239 3327 3304 Eli-

1751 3339 1947 3421 pandi
1974 3344 2041 3402 et
2077 3337 2318 3413 Felicis,
2346 3337 2453 3417 qui
2484 3353 2707 3398 omnes
2738 3335 2805 3396 in
2845 3351 3027 3396 suam
3070 3336 3325 3397 seuten-

1753 3434 1908 3496 tiam
1936 3432 2255 3496 adducere
2276 3430 2483 3494 conati
2510 3428 2785 3504 fuerant,
2804 3443 2995 3506 quam
3026 3424 3111 3486 ad
3136 3423 3325 3494 eflec-

1755 3534 1913 3590 tum.
1937 3526 2017 3588 Et
2042 3524 2307 3587 fortasse
2338 3522 2517 3585 multi
2550 3521 2803 3584 fuerant
2830 3517 3199 3600 hujusmodi
3226 3529 3326 3580 er-

1758 3637 1901 3684 rore
1927 3617 2167 3690 infecti,
2198 3624 2263 3680 et
2288 3615 2639 3681 Concilium
2667 3614 2735 3676 in
2762 3612 2885 3676 hoc
2912 3611 3193 3674 imitatus
3230 3614 3327 3672 est

1758 3730 2005 3776 morem
2028 3711 2367 3794 Scripturae
2392 3727 2611 3786 sacrae,
2636 3708 2703 3770 in
2730 3723 2859 3786 qua
2878 3722 3045 3786 saepe
3068 3709 3325 3786 propter

1759 3806 2182 3891 quorumdam
2209 3809 2467 3888 peccata
2498 3802 2585 3866 ita
2612 3799 2887 3884 populus
2912 3796 3324 3880 reprehendi-

1761 3908 1886 3978 tur,
1929 3919 2007 3966 ac
2050 3900 2105 3962 si
2151 3916 2368 3963 omnes
2412 3904 2623 3960 essent
2666 3894 2917 3956 illorum
2964 3890 3321 3973 participem

1761 4012 1971 4076 neque
1996 4011 2163 4056 unus
2188 3993 2495 4054 innocens
2522 3994 2633 4052 aut
2654 3988 2865 4070 justus
2886 3984 3143 4048 relictus
3166 3982 3325 4046 fuis-

1762 4094 1878 4151 set.
1913 4085 2092 4160 Quod
2118 4103 2271 4148 vero
2314 4083 2627 4164 Hispaniae
2666 4079 2853 4142 ruina
2892 4076 3039 4140 huic
3064 4080 3322 4158 peccato

1762 4182 1827 4244 in
1851 4199 1927 4244 ea
1958 4179 2224 4262 epistola
2244 4176 2625 4252 attribuitur,
2646 4173 2883 4236 factum
2907 4170 3099 4238 etiam
3122 4167 3325 4232 estad

1763 4275 2060 4338 delictum
2104 4270 2640 4354 exaggerandmn,
2670 4287 2804 4332 non
2849 4274 2944 4332 est
2972 4272 3183 4328 autem
3216 4282 3327 4326 nc-

1760 4387 1938 4432 cesse
1980 4367 2243 4449 intelligi
2281 4365 2363 4428 de
2387 4362 2692 4446 principio
2725 4368 2791 4426 et
2824 4361 3002 4424 initio
3029 4359 3197 4422 illius
3222 4377 3325 4422 ca·

1757 4463 2083 4540 latinitatis,
2113 4478 2239 4542 qua
2272 4459 2572 4542 Hispania
2598 4457 2669 4520 in
2704 4457 3165 4520 Saracenorum
3188 4469 3325 4518 mae

1759 4575 1882 4619 nus
1908 4555 2231 4638 pervenit,
2262 4554 2374 4618 sed
2410 4554 2491 4616 de
2518 4550 2989 4615 continuatione
3030 4547 3197 4611 illius
3238 4545 3325 4610 af-

1759 4649 2057 4714 flictionis
2083 4654 2149 4710 et
2177 4647 2506 4712 servitutis.

1839 4746 1942 4808 25.
1992 4741 2100 4807 Aa
2122 4742 2463 4807 secundam.
2497 4771 2579 4790 -
2617 4740 2693 4804 Et
2710 4737 2895 4822 jiixta
2920 4735 3059 4800 hoec
3083 4731 3324 4798 satisfa-

1762 4837 2059 4901 ciendum
2094 4842 2190 4898 est
2236 4835 2531 4900 secundm
2575 4831 2951 4908 difficultati,
2984 4830 3051 4891 in
3084 4845 3235 4908 qua,
3270 4825 3323 4888 si

1761 4930 1956 4996 verba
1978 4929 2271 5005 concilii,
2303 4935 2375 4992 ut
2402 4927 2764 5010 simpliciter
2790 4927 3043 4996 sonant,
3081 4921 3323 5002 absque

1763 5025 1886 5086 alia
1905 5021 2419 5104 interpretatione
2448 5025 2801 5094 sumantur,
2821 5015 3115 5078 videntur
3136 5013 3323 5095 plane

1762 5120 1977 5182 Patres
2004 5116 2173 5178 illius
2200 5113 2461 5178 Consilii
2488 5114 2813 5194 ignorasse
2842 5114 3081 5188 quanta
3104 5105 3326 5166 fuisset

1762 5212 2059 5274 sanctitas
2090 5215 2155 5270 et
2198 5207 2481 5270 doctrina
2506 5205 2761 5268 illorum
2790 5200 3135 5264 Proesulum
3152 5243 3171 5274 ,
3202 5199 3324 5260 Eu-

1763 5305 1957 5387 genii,
1984 5302 2278 5366 Ildefonsi
2306 5305 2370 5362 et
2392 5297 2649 5376 Juliani,
2669 5303 2735 5360 et
2757 5297 2904 5360 ideo
2928 5310 3151 5360 eorum
3180 5308 3324 5352 auc-

1761 5399 2079 5462 toritatem
2124 5393 2603 5473 contempsisse,
2650 5391 2937 5480 nihilque
2978 5384 3150 5449 aliud
3192 5401 3325 5448 res-

1759 5492 2043 5575 pondere
2095 5506 2374 5554 curasse.
2427 5485 2609 5550 Adde
2657 5502 2811 5548 vero
2855 5480 3143 5556 ulterius,
3190 5493 3323 5540 non
