3892 6167
1347 393 1671 450 msrm'xr.
1701 391 1876 446 ΧΧΙΧ.
1923 391 2091 446 sim.
2127 393 2187 446 ll.

175 499 350 556 tatem
391 493 692 574 potentiae
719 540 734 567 ‚
769 494 988 558 lumen
1033 493 1344 572 objectum
1391 493 1718 556 illuminet.

173 590 306 650 Eaec
341 605 496 651 vero
543 587 758 668 opinio
815 588 1246 670 improbabilis
1291 587 1448 650 mihi
1480 604 1724 665 semper

175 682 294 744 visa
329 687 440 756 cst,
497 682 652 761 quia
683 681 1126 763 multiplicare,
1171 700 1286 744 seu
1337 681 1722 760 distinguere

173 776 296 838 illas
319 776 486 838 duas
511 774 886 854 qualitates,
938 782 1000 839 et
1039 792 1570 858 supervacaneum
1599 778 1716 848 est,

171 875 228 930 et
249 868 384 930 sine
405 867 539 930 ullo
559 867 974 932 fundamento
999 887 1014 942 3
1039 869 1190 950 quia
1209 869 1428 933 lumen
1455 867 1724 930 intellec-

171 961 492 1026 tualenou
516 961 700 1024 aliter
741 962 1096 1026 manifestat
1147 962 1482 1042 objectum,
1533 979 1725 1040 quam

173 1054 508 1136 prehendo
536 1054 666 1116 vim
691 1061 753 1116 et
772 1054 1138 1118 facultatem
1163 1055 1586 1136 cognoscendi
1613 1072 1724 1116 seu

173 1147 552 1227 intelligendi
569 1145 750 1224 illud,
776 1153 840 1209 et
867 1148 1118 1210 habitus
1141 1148 1422 1210 similiter
1446 1166 1578 1210 non
1605 1147 1723 1208 ali-

173 1249 267 1316 ter,
285 1239 498 1304 reddit
523 1239 778 1304 facilem
801 1240 1164 1320 potentiam,
1195 1259 1388 1321 quam
1417 1241 1729 1302 inclinan-

167 1336 244 1401 do
265 1335 472 1408 illam,
488 1340 555 1398 et
577 1334 872 1415 augendo
895 1336 1223 1416 virtutem,
1259 1342 1322 1398 et
1369 1335 1728 1398 facilitatem

167 1427 500 1509 operandi3
541 1447 695 1508 ergo
725 1429 788 1490 in
820 1429 1140 1492 intellectu
1171 1429 1396 1492 eadem
1437 1429 1724 1508 quantae,

165 1540 302 1602 ψει
337 1528 432 1586 est
471 1522 730 1584 habitus
765 1526 828 1586 et
861 1521 970 1584 dat
1015 1522 1374 1586 facilitatem
1410 1521 1726 1602 poteritne,

165 1615 531 1678 manifestat
563 1614 760 1678 etiam
789 1616 1124 1696 objectum,
1151 1621 1214 1680 et
1241 1619 1310 1678 ut
1340 1616 1426 1678 sic
1447 1614 1729 1695 appella-

165 1715 263 1771 tur
289 1709 552 1783 lumeu3
577 1727 710 1772 non
751 1716 845 1772 eat
869 1729 1020 1790 ergo
1063 1710 1251 1772 realis
1287 1709 1602 1772 distinctio
1633 1709 1727 1770 iu-

165 1801 384 1864 terilla
410 1802 566 1879 duo,
601 1802 712 1864 sed
741 1809 982 1866 tantum
1029 1803 1294 1866 rationis
1337 1808 1400 1864 et
1445 1802 1732 1864 denomi-

159 1895 464 1972 nationis,
489 1912 700 1974 neque
727 1914 808 1958 ex
833 1896 1156 1959 effectibus
1175 1914 1394 1959 eorum
1419 1895 1590 1958 aliud
1609 1894 1731 1956 col-

157 1989 264 2068 ligi
289 1995 522 2069 potest.
551 1989 834 2069 Denique
857 1991 1164 2072 exemplis
1209 1989 1276 2052 id
1317 1995 1522 2070 potest
1549 1987 1730 2052 facile

157 2083 459 2162 explicari
506 2089 574 2144 et
625 2083 1026 2146 confirmari:
1077 2084 1332 2146 habitus
1377 2085 1546 2146 enim
1579 2081 1728 2143 fidei

159 2195 286 2238 non
307 2176 584 2256 requirit
611 2177 830 2240 lumen
861 2195 900 2238 a
931 2195 1000 2240 se
1021 2177 1412 2254 distinctum,
1473 2175 1584 2238 sed
1631 2176 1730 2256 ip-

163 2276 358 2334 semet
383 2269 623 2335 dicitur
669 2271 888 2334 lumen
925 2270 1100 2347 fidei,
1153 2277 1470 2352 quatenus
1517 2269 1727 2349 aliquo

166 2365 348 2428 modo
385 2363 757 2428 manifestat
785 2365 1112 2428 veritatem
1161 2365 1414 2446 objecti,
1451 2370 1516 2427 et
1542 2363 1730 2426 simili

168 2459 346 2522 ruodo
370 2459 596 2524 lumen
613 2460 832 2539 glorioe
860 2477 990 2522 non
1011 2460 1272 2540 requirit
1296 2458 1582 2522 habitum
1603 2457 1730 2520 dis·—

173 2553 450 2628 tinctum,
483 2553 601 2616 sed
623 2554 976 2634 ipsummet,
994 2561 1088 2616 est
1113 2555 1391 2628 habitus,
1421 2559 1730 2634 quatenus

172 2646 572 2710 immobiliter
593 2646 864 2710 inhaeret
916 2647 1234 2728 potentiae,
1286 2653 1348 2710 et
1375 2646 1484 2710 dat
1505 2645 1594 2706 illi
1641 2645 1730 2708 fa-

175 2741 456 2804 cultatem
482 2759 599 2804 seu
617 2740 978 2804 facilitatem
1008 2742 1336 2824 operandi.

246 2836 304 2896 2.
321 2834 693 2900 Intellectus
711 2840 772 2899 et
785 2835 1010 2918 species
1025 2833 1430 2915 intelliqibilis
1449 2833 1730 2916 quomodo

179 2932 532 2992 mmm
559 2928 648 2992 ad
663 2927 1140 2993 intellectimm.
1163 2928 1548 2990 -Secunda
1589 2945 1730 2988 seu-

177 3021 358 3084 tentia
381 3027 580 3102 negat
613 3037 744 3083 esse
773 3021 1189 3084 necessarium
1219 3022 1290 3084 in
1321 3022 1440 3084 hac
1469 3020 1728 3082 scientia

171 3114 506 3178 lumeuseu
527 3113 822 3176 habitum
851 3114 1212 3177 distinctum
1251 3114 1332 3176 ab
1369 3113 1722 3194 speciebus.

175 3207 358 3278 Quam
377 3207 674 3270 nonnulli
711 3207 906 3269 etiam
933 3207 1266 3270 Themistae
1303 3207 1480 3287 sequi
1507 3205 1728 3268 videu-

179 3305 288 3362 tur.
313 3300 828 3363 Fundamentum
859 3319 1078 3362 eorum
1121 3307 1238 3376 est,
1271 3300 1418 3380 quia
1447 3298 1726 3360 intellec-

175 3393 682 3468 tus,constitutus
708 3393 776 3455 in
804 3397 948 3455 actu
968 3393 1170 3474 primo
1197 3411 1312 3474 per
1330 3392 1604 3472 speciem
1633 3391 1727 3452 iu-

175 3487 554 3568 telligihilem
596 3491 1152 3567 repraesentantem
1188 3485 1464 3567 perfecte
1513 3485 1727 3564 objec-

171 3586 292 3643 tum
318 3599 532 3658 suum,
561 3587 654 3644 est
683 3580 997 3643 sufficiens
1021 3579 1398 3660 principium
1421 3585 1595 3642 actus
1623 3578 1726 3640 in-

172 3677 482 3758 telligendi
505 3675 862 3739 secundum
891 3693 1146 3738 omnem
1183 3675 1494 3737 rationem
1523 3674 1662 3753 ejus
1699 3689 1720 3750 3

175 3788 310 3850 ergo
339 3771 704 3850 superfluus
723 3773 820 3830 est
845 3769 1004 3830 alius
1023 3769 1296 3831 habituS.
1327 3767 1722 3830 Antecedcns

172 3866 326 3940 patet
367 3865 578 3944 primo
611 3863 1012 3938 inductione,
1049 3879 1200 3924 nam
1231 3861 1504 3941 Angelus
1523 3906 1540 3935 ,
1572 3862 1722 3942 quia

165 3977 270 4037 per
297 3960 634 4023 scientiam
665 3958 928 4021 inditam
943 3958 1169 4038 recipit
1193 3957 1432 4037 species
1475 3957 1721 4037 perfec-

165 4058 250 4114 tas
275 4071 518 4126 rerum,
541 4053 626 4114 ad
649 4058 832 4114 actus
851 4050 994 4114 talis
1017 4051 1294 4112 scientim
1333 4067 1462 4114 non
1487 4050 1724 4130 indiget

161 4146 278 4208 alio
329 4147 578 4209 habitu.
621 4144 936 4220 Secundo,
977 4144 1242 4220 ratione,
1279 4145 1428 4224 quia
1461 4145 1530 4206 in
1576 4150 1722 4206 actu

161 4239 554 4320 intelligendi
587 4238 714 4300 duo
727 4245 898 4313 sunt,
927 4238 1182 4312 scilicet,
1227 4238 1387 4300 ratio
1442 4237 1720 4299 intellec·

156 4333 364 4410 tioniS,
395 4340 464 4394 et
489 4333 740 4413 species
753 4331 900 4393 talis
923 4331 1404 4394 intellectionis:
1436 4330 1720 4392 intellec-

157 4435 252 4488 tus
273 4428 352 4490 de
383 4445 456 4490 se
483 4426 682 4489 habet
707 4425 836 4487 vim
873 4425 1290 4486 sufficientem
1330 4423 1414 4485 ad
1447 4423 1720 4485 efficien-

153 4520 300 4582 dam
338 4518 866 4592 intellectionem‚
892 4523 966 4580 ut
1017 4517 1360 4580 intellectio
1391 4523 1548 4595 ‚est3
1607 4535 1721 4595 per

149 4616 426 4694 speciem
453 4631 610 4676 vero
642 4611 1024 4674 sufficienter
1047 4611 1499 4674 determinatur
1525 4609 1604 4671 ad
1627 4610 1722 4672 iu·

149 4709 576 4772 tellectionem
639 4707 785 4768 talis
839 4705 1068 4787 speciei
1085 4723 1106 4784 3
1159 4724 1334 4785 ergo,
1397 4704 1718 4768 Contraria

149 4803 464 4865 sententia
491 4807 588 4865 est
617 4801 1184 4863 communiorinter
1207 4800 1498 4878 antiquos
1511 4800 1720 4861 Theo-

147 4896 328 4978 logos
351 4943 376 4974 ,
423 4902 494 4960 et
535 4895 783 4958 videtur
821 4893 979 4955 mihi
1017 4893 1206 4974 longe
1255 4891 1484 4965 verior,
1527 4897 1592 4954 et
1635 4891 1720 4954 ad

149 5009 289 5053 eam
318 4990 788 5072 explicandam,
817 5005 1106 5069 suppono
1129 4987 1332 5068 primo
1353 5005 1431 5048 ex
1451 4987 1719 5066 philoso-

149 5085 322 5163 phia,
347 5083 752 5146 intellectum
798 5083 1007 5163 specie
1051 5081 1392 5144 formatum
1437 5081 1526 5140 ita
1561 5098 1720 5142 con-

151 5196 406 5242 currere
425 5196 544 5259 per
561 5176 824 5240 modum
851 5175 1041 5238 unius
1085 5174 1376 5255 completi
1425 5173 1719 5253 principii

153 5271 234 5332 ad
255 5277 475 5334 actum
501 5268 916 5350 intelligendi,
956 5274 1027 5331 ut
1061 5269 1414 5331 intellectus
1461 5267 1592 5347 ipse
1623 5283 1720 5328 se-

155 5365 528 5428 eundumne
555 5362 790 5426 habeat
829 5361 1108 5444 aliquam
1141 5361 1270 5422 vim
1317 5359 1606 5432 activam,
1655 5363 1719 5422 et

163 5476 284 5522 uon
315 5461 396 5522 sit
413 5455 662 5539 species
701 5457 838 5537 ipsa
875 5461 1010 5518 tota
1035 5455 1198 5518 ratio
1249 5453 1557 5518 efficiendi
1611 5473 1720 5516 ac-

1804 491 2051 569 pliciter
2084 495 2323 570 negant
2352 492 2631 572 speciem
2670 489 3133 574 intelligibilem
3170 497 3372 562 habe-

1803 599 1874 644 re
1891 582 2169 662 aliquam
2190 584 2765 660 efficacitatem,seu
2776 603 3155 651 concurrere
3168 591 3371 654 active

1805 675 1888 736 ad
1928 681 2141 738 actum
2174 676 2601 756 intelligendi3
2642 696 2915 757 quorum
2953 684 3261 746 sententia
3290 684 3373 746 acl

1803 769 2199 850 probandum
2208 770 2275 832 id
2294 770 2463 850 quod
2476 771 2889 848 intendimus,
2906 775 3373 842 evidentiusde·

1803 865 2035 928 servire
2064 871 2295 945 posset.
2326 865 2450 928 Sed
2478 868 2627 946 quia
2654 866 2760 928 illa
2788 885 2907 930 nec
2934 876 3105 932 certa
3120 875 3237 944 cst,
3254 889 3376 938 neo

1807 977 1957 1020 vera
1984 957 2073 1039 (ut
2094 977 2213 1038 ego
2242 957 2579 1040 existimo),
2610 960 2753 1022 ideo
2770 960 3077 1024 sumimus
3104 963 3169 1024 id
3200 965 3373 1042 quod

1809 1057 2055 1114 certum
2086 1058 2201 1128 est,
2230 1053 2519 1130 quamvis
2545 1053 2787 1134 species
2816 1055 3049 1118 habeat
3074 1075 3255 1120 suam
3271 1077 3375 1120 ve-

1807 1145 1922 1206 luti
1947 1146 2278 1224 partialem
2300 1147 2429 1208 vim
2456 1151 2519 1208 et
2542 1147 2947 1224 activitatem,
2990 1149 3369 1214 intellectum

1809 1245 2023 1301 tamen
2053 1257 2213 1314 esse,
2242 1240 2350 1320 qui
2378 1240 2695 1320 praecipue
2716 1241 2921 1304 influit
2948 1241 3012 1304 in
3034 1248 3245 1306 actum
3260 1263 3371 1324 per

1811 1333 2129 1413 propriam
2158 1337 2219 1396 et
2243 1332 2649 1396 intrinsecam
2677 1335 2803 1396 vim
2856 1335 3125 1398 activam
3166 1354 3369 1410 suam.

1811 1426 1932 1488 hoc
1955 1427 2121 1500 enim
2150 1432 2247 1488 est
2267 1426 2345 1488 de
2370 1427 2707 1491 intrinseca
2730 1427 2973 1490 ratione
3002 1437 3180 1492 actus
3205 1431 3367 1494 vites.

1809 1521 1947 1581 Non
1974 1526 2066 1582 est
2094 1524 2309 1581 autem
2336 1520 2469 1582 haec
2524 1521 2857 1582 efficientia
2910 1520 2999 1584 ita
3026 1521 3373 1586 intellectui

1810 1617 1874 1674 ct
1899 1613 2133 1692 speciei
2158 1613 2586 1689 attribuenda,
2607 1619 2681 1674 ut
2698 1614 2991 1676 credatur
3014 1613 3369 1678 intellectus

1809 1707 2081 1780 efficere,
2106 1706 2174 1767 in
2212 1713 2359 1770 actu
2396 1707 2829 1787 intelligendi,
2860 1707 3039 1787 quasi
3065 1709 3372 1772 rationem

1815 1799 2173 1877 genericam
2205 1799 2667 1874 intellectionis‚
2700 1799 2937 1879 specics
2972 1819 3121 1864 vero
3148 1802 3376 1864 intelli·

1809 1892 2020 1974 gibilis
2054 1895 2300 1956 efficere
2331 1892 2749 1956 differentiam
2788 1894 3075 1956 ultimam
3117 1895 3181 1956 iu
3237 1896 3375 1976 ipso

1811 1991 1979 2060 actu,
2010 1993 2101 2048 est
2128 1987 2298 2049 enim
2319 1987 2455 2048 haec
2474 1987 2827 2049 distributio
2856 1987 3287 2050 commentitia
3312 1993 3377 2052 et

1811 2080 2233 2160 impossibilis·
2266 2080 2497 2154 Primo,
2526 2081 2675 2158 quia
2720 2081 2857 2142 haec
2894 2080 3208 2142 distinctio
3238 2098 3375 2162 gra-

1811 2174 1930 2235 dus
1960 2173 2241 2254 generici
2267 2179 2331 2234 et
2361 2173 2629 2253 specifici
2660 2173 2723 2233 in
2762 2179 2905 2234 actu
2956 2173 3372 2253 intelligendi,

1811 2272 1908 2329 est
1950 2267 2301 2328 secundum
2342 2266 2657 2328 rationem
2686 2271 2749 2330 et
2791 2273 3191 2344 conceptum,
3241 2265 3376 2327 effi·-

1813 2360 2043 2422 cientia
2064 2377 2215 2420 vero
2244 2364 2343 2420 est
2370 2357 2633 2438 physica
2666 2357 2833 2420 circa
2882 2376 3041 2433 rem,
3073 2364 3141 2420 ut
3192 2364 3288 2421 est
3336 2379 3375 2422 a

1811 2458 1989 2532 parte
2018 2452 2145 2526 rei3
2182 2453 2344 2514 sicut
2374 2469 2525 2532 ergo
2553 2457 2729 2514 actus
2766 2450 3157 2531 intelligendi
3212 2460 3309 2514 est
3336 2472 3375 2512 a

1811 2553 1989 2626 parte
2022 2544 2117 2606 rei
2155 2544 2343 2606 unica
2366 2543 2628 2624 simplex
2662 2543 2887 2617 forma,
2918 2545 2985 2604 in
3034 2562 3160 2624 qua
3214 2545 3373 2606 ratio

1813 2638 2141 2718 distinguit
2168 2637 2311 2700 illos
2329 2637 2486 2700 duos
2516 2636 2773 2717 graduS,
2804 2637 2889 2700 ita
2908 2642 3077 2700 totus
3110 2643 3287 2700 actus
3306 2637 3376 2700 fit

1811 2733 1894 2796 ab
1924 2733 2267 2806 intellectu,
2306 2738 2369 2795 et
2405 2736 2573 2796 totus
2625 2733 2707 2794 ab
2758 2732 2991 2812 specie.
3054 2734 3373 2810 Secundo,

1809 2828 1961 2908 quia
1982 2835 2151 2890 totus
2182 2834 2379 2901 actus,
2440 2828 2631 2890 etiam
2684 2827 3035 2890 secundum
3082 2827 3374 2890 differen-

1812 2924 1965 2984 tiam
2002 2923 2305 2996 ultimam,
2340 2927 2435 2984 est
2462 2922 2691 2996 vitalia,
2732 2929 2795 2984 et
2832 2921 3129 2982 informat
3154 2928 3373 3002 polieu-

1808 3016 1987 3090 tiam,
2019 3023 2081 3077 et
2122 3016 2443 3078 constituit
2470 3015 2966 3096 intelligentem3
2999 3033 3149 3094 ergo
3180 3016 3367 3078 etiam

1810 3110 1928 3171 sub
1954 3109 2243 3190 specifica
2264 3108 2509 3170 ratione
2536 3107 2819 3188 procedit
2847 3126 2887 3170 a
2926 3108 3205 3188 potentia
3234 3130 3253 3184 3
3312 3116 3374 3172 et

1809 3203 2035 3266 eadem
2081 3204 2325 3266 ratione
2350 3204 2595 3283 species
2642 3202 2837 3264 efficit
2886 3209 3085 3266 totum
3134 3209 3369 3281 actum,

1809 3315 1938 3358 non
1963 3301 2205 3360 tantum
2236 3296 2589 3359 secundum
2636 3295 2991 3376 specificam
3035 3297 3365 3368 rationem,

1808 3391 1922 3452 sed
1951 3391 2141 3454 etiam
2172 3397 2239 3452 ut
2258 3391 2600 3454 intellectio
2622 3397 2739 3466 est,
2768 3390 2917 3470 quia
2936 3391 3133 3464 virtus
3166 3389 3370 3454 activa

1807 3486 2103 3563 potentias
2156 3490 2251 3546 est
2286 3485 2465 3564 quasi
2522 3483 2903 3564 incompleta
2945 3489 3007 3546 et
3062 3485 3367 3564 partialiS,

1809 3577 2159 3657 completur
2188 3584 2401 3640 autem
2428 3595 2541 3657 per
2580 3577 2858 3656 speciem
2905 3576 2971 3638 in
3024 3577 3245 3640 ordine
3286 3575 3367 3640 ad

1809 3676 2009 3734 totum
2036 3677 2269 3732 actum.
2304 3671 2605 3745 Quocirca
2624 3670 2903 3749 vulgaris
2930 3669 3037 3732 illa
3054 3670 3369 3732 distinctio

1802 3764 1882 3826 de
1917 3763 2359 3837 intellectione,
2388 3769 2459 3826 ut
2482 3762 2821 3826 intellectio
2850 3768 2969 3840 est,
3000 3762 3097 3824 vel
3130 3768 3197 3824 ut
3228 3763 3367 3824 talis

1803 3864 1920 3936 est,
1943 3863 2009 3920 et
2036 3857 2207 3937 quod
2232 3856 2423 3937 priori
2470 3856 2710 3919 ratione
2742 3855 3027 3935 procedit
3082 3855 3163 3916 ab
3192 3856 3369 3920 intel-

1801 3952 1989 4026 lectu,
2020 3950 2355 4032 posteriori
2375 3967 2526 4012 vero
2552 3949 2631 4010 ab
2654 3949 2886 4028 specie,
2927 3948 3029 4010 vel
3071 3948 3367 4028 rejicien—

1803 4045 1886 4108 da
1911 4051 2026 4120 est,
2066 4045 2165 4108 vel
2212 4043 2416 4106 solum
2470 4041 2821 4105 secundum
2866 4042 3209 4121 quamdam
3262 4061 3367 4106 ac-

1805 4139 2375 4202 commodationem
2390 4136 2781 4218 explicanda.
2808 4136 2965 4209 Quia
2994 4135 3162 4198 enim
3184 4135 3365 4200 intel·

1801 4232 2001 4294 lectus
2027 4236 2121 4293 est
2162 4231 2345 4310 quasi
2396 4229 2751 4292 universale
2801 4229 3177 4310 principium
3228 4248 3363 4292 om-

1801 4326 1979 4387 nium
2007 4323 2527 4399 intellectionum,
2580 4322 2725 4386 ideo
2779 4322 3077 4386 tribuitur
3132 4323 3219 4386 illi
3268 4324 3361 4386 vis

1803 4419 2115 4482 efficiendi
2158 4419 2647 4482 intellectionem
2696 4422 2789 4482 ut.
2818 4417 2937 4491 sic,
2992 4436 3121 4480 non
3180 4419 3359 4497 quasi

1801 4513 2275 4594 praescindendo
2316 4513 2585 4592 gradum
2632 4511 3022 4593 genoricum,
3064 4511 3177 4574 sed
3202 4514 3363 4574 assi-

1801 4606 2055 4687 gnando
2074 4605 2368 4670 effectum
2392 4605 2817 4686 adaequatum,
2840 4609 2901 4666 et
2926 4604 3233 4666 sumendo
3260 4623 3363 4668 ra-

1800 4702 2039 4762 tionem
2100 4699 2538 4763 intellectionis
2604 4698 2784 4778 quasi
2842 4697 3359 4760 transcendentis.-

1799 4794 1951 4868 lem,
1982 4800 2047 4856 et
2073 4799 2145 4854 ut
2172 4792 2653 4874 comprehendit
2692 4809 2915 4854 omnes
2962 4791 3240 4854 rationes
3296 4799 3361 4854 et

1800 4888 2045 4968 species
2078 4887 2569 4950 intellectionum
2597 4908 2615 4962 3
2648 4903 2684 4947 e
2712 4884 3024 4947 contrario
3048 4902 3197 4948 vero
3218 4903 3361 4966 epe-

1801 4983 1928 5044 cies
1955 4980 2385 5062 intelligibilis,
2418 4980 2567 5060 quia
2609 4979 2813 5042 solum
2860 4984 3065 5058 potest
3106 4979 3359 5042 efficere

1799 5074 2289 5138 intellectionem
2314 5073 2457 5134 talis
2476 5071 2735 5154 speciei,
2763 5070 2905 5132 ideo
2932 5071 3162 5136 dicitur
3186 5071 3359 5136 illam

1801 5169 2071 5245 efficere,
2102 5175 2173 5231 ut
2200 5167 2341 5231 talis
2365 5173 2482 5241 est,
2508 5168 2659 5228 licet
2680 5166 2747 5228 in
2766 5165 2871 5227 illu
2899 5173 3361 5248 consequenter

1801 5263 2031 5325 efficiat
2082 5261 2349 5344 gradum
2392 5261 2793 5340 genericum,
2845 5265 2907 5321 et
2946 5258 3253 5340 quidquid
3296 5260 3360 5322 in

1799 5356 1908 5419 illo
1929 5363 2073 5418 actu
2100 5355 2498 5435 intelligendi
2518 5353 2851 5434 reperitur.
2973 5419 2984 5430 ‚

1884 5454 1942 5513 3.
1988 5449 2341 5514 Intellectus
2374 5449 2442 5511 de
2468 5467 2529 5512 se
2566 5447 2945 5524 insufficiens
2968 5444 3050 5508 ad
3074 5449 3245 5509 actus
3260 5464 3363 5510 su-

170 5557 318 5614 tum.
349 5555 488 5615 Imo
515 5555 666 5612 sunt
695 5549 976 5612 nonnulli
1001 5548 1388 5628 Philosophi,
1439 5544 1546 5626 qui
1575 5546 1718 5608 sim·
1795 5543 2244 5630 pov-naturales.
2269 5573 2349 5592 ·-—
2376 5543 2465 5604 Ex
2494 5539 2591 5603 his
2614 5539 2876 5602 infertur
2905 5537 3133 5618 primo,
3170 5537 3235 5601 iu
3262 5558 3360 5601 or·

489 5671 666 5720 xvm.

2996 5644 3033 5703 ὃ
