3892 6167
599 407 642 467 2
1871 411 2113 476 QUAEST.
2142 409 2211 467 X.
2240 411 2441 468 nanc.
2478 414 2521 467 l.

681 509 1024 590 Respondeo
1079 508 1384 572 dicendum
1427 509 1602 590 quod,
1631 509 1792 573 sicut
1845 527 1920 574 ea
1973 528 2161 591 supra

602 603 789 667 dictis
821 601 838 643 ¹
878 607 1073 685 patet,
1118 603 1208 666 sie
1257 604 1432 678 facta
1479 608 1572 667 est
1615 604 1758 666 unio
1791 610 2161 668 naturarum

596 695 668 758 in
715 714 977 776 persona
1031 695 1295 771 Christi,
1348 697 1504 778 quod
1562 702 1760 762 tamen
1808 697 2159 779 proprietas

595 790 912 871 utriusque
959 793 1198 854 naturoe
1243 789 1568 870 inconfusa
1589 789 2019 870 permanserit,
2043 790 2156 868 ita,

595 882 850 960 scilicet,
889 885 1045 965 quod
1091 883 1430 948 increatum
1475 884 1774 950 manserit
1800 885 2156 960 increatum,

595 981 652 1040 et
680 982 946 1040 creatum
993 979 1290 1042 manserit
1331 978 1506 1040 intra
1555 977 1784 1042 limites
1828 983 2120 1042 mame
2135 1021 2155 1053 ,

595 1070 760 1134 sicut
779 1069 960 1134 Dam.
978 1067 1004 1110 ²
1033 1070 1182 1134 dicit
1209 1069 1272 1132 in
1297 1071 1336 1130 3
1363 1069 1541 1134 libro,
1565 1070 1692 1135 Est
1720 1075 1917 1136 autem
1939 1069 2159 1154 impos·

590 1161 765 1227 sibile
786 1165 944 1246 quod
985 1165 1195 1245 aliqua
1219 1170 1504 1230 creatura
1526 1165 1977 1246 comprehendat
1998 1166 2157 1230 divi·

587 1273 734 1320 nam
761 1257 1078 1322 essentiam
1115 1253 1312 1339 (sicut
1332 1258 1400 1320 in
1417 1259 1626 1338 prima
1645 1264 1825 1338 parte
1853 1261 2153 1322 ostensum

588 1357 678 1414 est
703 1349 781 1431 ³),
803 1369 864 1414 eo
893 1353 1050 1434 quod
1072 1352 1388 1428 infinitum
1421 1370 1542 1415 non
1569 1353 2088 1434 comprehenditur
2114 1373 2153 1416 a

583 1442 782 1522 sinito.
821 1445 915 1508 Et
959 1446 1088 1510 ideo
1117 1446 1454 1523 dicendum,
1503 1447 1662 1528 quod
1685 1446 1892 1512 anima
1923 1445 2154 1513 Christi

583 1539 752 1602 nullo
784 1541 954 1602 modo
983 1541 1416 1620 comprehendit
1435 1541 1704 1604 divinam
1731 1541 2065 1606 essentiam.

665 1633 771 1696 Aa
804 1635 1076 1713 primum
1121 1652 1260 1718 erqo
1304 1635 1636 1710 dicendum,
1663 1635 1823 1716 quod
1853 1636 2023 1699 homo
2052 1653 2151 1699 as-

583 1733 866 1809 sumptus
895 1733 1361 1791 connumeratur
1383 1727 1604 1792 divina·
1627 1727 1935 1794 Trinitati
1958 1729 2025 1792 in
2049 1732 2150 1795 sui

586 1821 948 1902 coynitione,
997 1839 1118 1884 non
1163 1823 1398 1886 ratione
1453 1823 2017 1902 comprehensionis,
2048 1827 2155 1889 sed

583 1915 820 1978 ratione
869 1914 1186 1995 cuiusdam
1235 1915 1748 1980 excellentissimae
1789 1917 2149 1998 counitionis

578 2023 712 2087 prce
741 2009 977 2072 coeteris
1005 2009 1324 2072 creaturis.

659 2101 769 2165 Aa
800 2102 1120 2164 secundum
1165 2102 1500 2178 dicendum,
1529 2105 1689 2184 quod
1729 2121 1832 2168 nec
1859 2106 2047 2169 etiam
2074 2106 2145 2168 in

579 2193 824 2269 unione,
855 2211 988 2276 quoe
1033 2199 1122 2258 est
1157 2197 1480 2260 secundum
1516 2215 1644 2262 esse
1668 2198 2005 2277 personale,
2036 2216 2145 2263 na-

579 2293 726 2351 tura
773 2288 1040 2352 humana
1078 2289 1518 2372 comprehendit
1549 2291 1669 2356 Dei
1710 2291 1987 2369 Verbum,
2017 2293 2145 2356 sive

575 2385 867 2445 natumm
919 2383 1212 2448 divinam.
1267 2382 1410 2458 Qua
1463 2387 1741 2466 quamvis
1781 2391 1912 2450 tota
1963 2388 2143 2451 unita

574 2474 746 2552 sueri
751 2479 776 2538 t
803 2475 1086 2540 humanu·
1129 2481 1374 2540 naturoe
1415 2478 1484 2540 in
1513 2495 1640 2543 una
1657 2495 1918 2562 persona
1944 2479 2137 2555 Filii,

573 2583 692 2630 non
717 2571 918 2632 tamen
944 2569 1078 2646 fuit
1128 2575 1258 2634 tota
1305 2571 1506 2636 virtus
1557 2571 1906 2637 divinitatis
1925 2573 2002 2634 ab
2030 2571 2141 2636 hu·

575 2675 763 2723 mana
785 2665 1014 2724 natura
1058 2663 1238 2743 quasi
1275 2663 1758 2744 circumscripta.
1819 2663 1987 2728 Unde
2012 2667 2061 2727 Α
2073 2683 2139 2728 u-

571 2752 860 2834 qustinus
875 2753 1026 2820 dicit
1043 2755 1113 2818 in
1123 2755 1334 2835 Epist.
1353 2757 1438 2820 ad
1459 2756 1849 2824 Volusianum
1869 2756 1894 2796 ⁴
1919 2777 1931 2820 :
1962 2757 2143 2823 Scire

573 2851 633 2910 te
675 2847 831 2921 volo,
883 2866 1004 2912 non
1056 2849 1164 2913 hoc
1224 2848 1646 2915 Christianam
1677 2851 1888 2916 habere
1919 2851 2139 2918 docen-

571 2958 740 3019 nam,
769 2944 928 3023 quod
963 2944 1056 3007 ita
1083 2943 1251 3006 Deus
1275 2943 1523 3022 infusus
1567 2943 1654 3010 sit
1693 2947 1890 3023 carni,
1923 2953 1995 3010 ut
2038 2965 2141 3011 cu-

572 3051 709 3097 ram
741 3037 1139 3114 gubernanda·
1181 3037 1634 3116 universitatis,
1660 3040 1756 3102 vel
1781 3041 2130 3117 deseruerit,

571 3129 664 3192 vel
691 3132 996 3208 amiserit,
1027 3131 1124 3196 vel
1148 3133 1233 3198 ad
1285 3133 1448 3197 illud
1497 3135 1916 3216 corpusculum
1958 3137 2137 3216 quasi

573 3228 968 3300 contractam,
1001 3226 1416 3308 collectamque
1457 3228 1870 3292 transtulerit.
1901 3230 1998 3293 E't
2050 3230 2137 3294 si-

571 3315 802 3380 militer
827 3321 1039 3382 anima
1071 3319 1306 3385 Christi
1335 3325 1525 3386 totam
1553 3320 1668 3385 Dei
1695 3322 2013 3386 essentiam
2040 3326 2133 3388 vi·

572 3409 692 3485 det,
713 3428 832 3473 non
867 3419 1067 3478 tamen
1093 3430 1226 3478 eam
1251 3415 1712 3495 comprehendit,
1735 3415 1878 3498 quia
1902 3434 2021 3480 non
2038 3422 2131 3481 to-

573 3503 788 3566 taliter
805 3521 932 3569 eam
957 3507 1140 3584 videt,
1169 3507 1240 3570 id
1258 3511 1368 3582 est,
1401 3511 1640 3573 nonita
1662 3515 1936 3591 perfecte,
1974 3513 2133 3576 sicut

571 3595 834 3661 visibilis
875 3605 1001 3676 est,
1043 3605 1112 3665 ut
1156 3603 1224 3664 in
1273 3601 1480 3681 prima
1515 3608 1692 3683 parte
1719 3605 1744 3644 ⁵
1795 3607 2132 3687 capo-situm

573 3693 686 3752 est.
1465 3738 1476 3753 ,

653 3783 759 3847 Ad
805 3785 1057 3850 tertium
1093 3785 1424 3863 dicendum,
1470 3791 1628 3870 quod
1677 3792 1916 3856 verbum
1976 3794 2137 3858 illud

565 3873 901 3960 Augustini
935 3885 1024 3943 est
1041 3881 1492 3963 intelligendum
1521 3885 1592 3946 de
1617 3885 1830 3964 qratia
1855 3887 2127 3962 unionis,

564 3973 884 4034 secundnm
911 3989 1090 4054 quam
1119 3974 1341 4052 omnia,
1371 3993 1507 4056 quoe
1543 3977 1834 4041 dicuntur
1863 3980 1933 4042 de
1958 3979 2129 4043 Filio

565 4063 686 4126 Dei
710 4067 1028 4129 secundum
1055 4067 1322 4132 divinam
1369 4073 1681 4142 naturam.
1709 4071 1892 4134 etiam
1917 4073 2131 4136 dicun-

567 4159 674 4218 tur
701 4158 769 4218 εἰσ
803 4156 934 4235 filio
979 4159 1260 4229 hominis,
1298 4167 1552 4242 propter
1579 4163 1959 4228 identitatem
1986 4183 2127 4246 sup·

560 4249 773 4328 positi.
805 4249 898 4313 Et
923 4255 1245 4315 secundnm
1282 4253 1389 4317 hoc
1417 4273 1550 4318 vere
1572 4261 1772 4335 potest
1797 4259 1946 4334 dici,
1974 4261 2133 4340 quod

559 4341 731 4418 filius
757 4343 1020 4406 hominis
1061 4351 1150 4407 est
1204 4347 1650 4428 comprehensor
1695 4349 1909 4414 dioinoe
1935 4369 2127 4415 essen-

567 4436 694 4508 tioe,
723 4453 844 4498 non
875 4437 1114 4516 quidem
1139 4439 1462 4502 secundum
1483 4441 1776 4518 animam,
1796 4445 1908 4508 sed
1921 4461 2126 4508 secun·

565 4529 708 4592 dum
737 4527 1005 4592 divinam
1021 4535 1330 4594 naturam.
1348 4531 1475 4595 Per
1481 4549 1653 4613 quem
1673 4535 1860 4598 etiam
1887 4537 2129 4602 modum

557 4627 758 4702 potest
787 4623 936 4701 dici,
961 4623 1122 4706 quod
1129 4625 1302 4704 filius
1326 4625 1592 4692 hominis
1615 4633 1706 4693 est
1727 4638 1983 4696 creator.

647 4815 668 4852 ⁸
713 4811 1138 4891 Q.2‚a.1‚et
1175 4817 1238 4877 6.

645 4903 670 4944 ²
710 4907 778 4968 C.
801 4909 840 4970 3
872 4912 936 4970 et
964 4909 1025 4970 4.

647 4999 671 5039 ³
717 5003 748 5061 1
775 5020 866 5081 p.,
897 5019 960 5080 q.
995 5003 1180 5078 ⁴12,a.
1213 5005 1276 5066 ’1.

559 5091 694 5248 toln
707 5093 817 5248 E2st
841 5111 945 5174 ep.
981 5093 1044 5170 3,
1074 5109 1204 5157 non
1247 5095 1517 5160 multum
1570 5105 1815 5164 remote
1841 5119 1881 5164 a
1927 5101 2089 5182 prin.
2096 5147 2119 5180 ,

639 5279 662 5318 ⁵
699 5231 731 5343 ⁰⁴
769 5233 862 5362 p.,
895 5299 956 5363 q.
993 5285 1091 5360 12,
1123 5301 1183 5346 a.
1215 5287 1276 5346 7.

1210 5463 1478 5486 *a

2704 600 3329 666 COMMENTARIUS.

2326 793 2383 852 1.
2430 789 2917 872 comprehensio
2962 789 3275 854 interdum
3312 788 3629 870 significat
3666 790 3799 850 ulti-

2238 889 2327 950 mi
2354 888 2498 949 finis
2522 886 3055 959 consecutionem,
3088 902 3226 964 quoe
3254 889 3351 947 est
3380 883 3541 963 spei,
3570 903 3693 946 seu
3720 885 3799 946 vi-

2237 987 2317 1045 toe
2360 980 2691 1058 terminus,
2712 981 2897 1060 juxta
2923 977 3077 1040 illud
3104 977 3305 1052 Pauli,
3338 981 3371 1039 1
3406 978 3549 1040 Cor.
3574 979 3621 1038 9
3648 998 3662 1040 ;
3700 977 3801 1040 Sic

2238 1074 2484 1151 currite,
2516 1080 2589 1140 ut
2616 1071 3153 1155 comprehendatis.
3184 1071 3319 1134 Alio
3346 1072 3543 1136 modo
3572 1073 3799 1152 accipi·

2234 1174 2339 1232 tur
2364 1167 2846 1248 comprehensio
2874 1183 2987 1248 pro
3018 1165 3347 1246 adaequata
3376 1171 3441 1228 et
3460 1171 3689 1228 exacta
3714 1166 3797 1226 rei

2236 1262 2615 1342 cognitione,
2656 1277 2805 1340 qua,
2832 1257 3150 1333 videlicet,
3180 1258 3587 1340 cognoscitur
3610 1277 3797 1338 quan·

2232 1361 2369 1417 tum
2404 1353 2839 1436 cognoscibilis
2860 1361 2985 1426 est;
3018 1358 3081 1416 et
3106 1353 3227 1414 hoc
3244 1352 3583 1432 posteriori
3608 1371 3795 1414 sensu

2232 1453 2523 1510 movetur
2558 1448 2841 1528 quaestio,
2874 1463 3023 1508 nam
3052 1446 3115 1508 in
3148 1447 3337 1527 priori
3376 1452 3629 1510 constat
3674 1465 3795 1508 non

2234 1543 2438 1606 solum
2469 1543 2744 1604 animam
2788 1540 3045 1615 Christi,
3076 1558 3295 1602 verum
3338 1540 3529 1602 etiam
3572 1557 3795 1602 omnes

2230 1636 2450 1700 beatos
2472 1635 2674 1700 Deum
2702 1633 3266 1714 comprehendere.

2308 1731 2371 1792 2.
2403 1729 2737 1807 Infinitum
2764 1727 3317 1808 duplam—Negat
3344 1745 3496 1806 ergo
3526 1727 3601 1788 D.
3640 1727 3791 1788 Tho·

2228 1842 2369 1885 mas
2410 1823 2689 1885 animam
2720 1820 2941 1884 Christi
2980 1821 3519 1902 comprehendere
3564 1824 3791 1894 Deum,

2226 1923 2289 1979 et
2314 1916 2561 1997 probat,
2584 1918 2731 1996 quia
2758 1913 3071 1978 infinitum
3094 1934 3224 1976 non
3248 1921 3453 1995 potest
3468 1915 3793 1993 adaequari

2226 2009 2440 2082 finito;
2470 2028 2622 2090 ergo
2650 2027 2861 2088 neque
2898 2009 2979 2070 ab
3008 2009 3113 2069 illo
3142 2008 3637 2088 comprehendi;
3668 2007 3793 2068 ani-

2226 2121 2330 2163 ma
2360 2109 2573 2164 autem
2601 2102 2825 2163 Christi
2872 2100 3050 2162 finita
3088 2107 3213 2174 est,
3246 2100 3455 2162 divina
3490 2119 3649 2162 vero
3698 2119 3791 2162 es-

2226 2197 2425 2257 sentia
2450 2194 2731 2269 infinita3
2758 2211 2933 2275 ergo.
2960 2193 3033 2256 In
3048 2209 3175 2272 qua
3200 2193 3445 2256 ratione
3464 2195 3681 2256 solum
3706 2201 3793 2256 est

2226 2288 2701 2362 advertendum,
2756 2287 3087 2368 dupliciter
3112 2306 3299 2368 posse
3330 2288 3615 2368 intelligi.
3668 2289 3793 2350 Pri-

2222 2401 2351 2458 mo,
2385 2388 2455 2444 ut
2480 2383 2563 2444 sit
2590 2399 2797 2446 sermo
2822 2381 2901 2444 de
2924 2399 2995 2444 re
3012 2381 3191 2443 finita
3214 2387 3463 2444 tantum
3484 2382 3553 2442 in
3580 2399 3795 2446 essen·

2222 2477 2331 2538 tia.
2383 2475 2705 2552 Secundo,
2758 2474 2841 2538 de
2868 2491 2939 2538 re
2980 2473 3180 2549 finita,
3228 2476 3416 2538 etiam
3464 2475 3529 2536 in
3584 2475 3793 2538 inten-

2222 2570 2431 2643 sione;
2483 2569 2533 2630 si
2585 2568 2707 2629 hoc
2754 2567 3081 2648 posteriori
3122 2567 3311 2630 modo
3356 2567 3785 2648 intelligatur,

2220 2661 2392 2724 nulla
2422 2667 2515 2723 est
2541 2661 2899 2735 difficultas,
2931 2662 3079 2742 quia
3106 2678 3222 2740 per
3248 2679 3319 2724 se
3350 2667 3573 2724 notum
3606 2663 3786 2724 vide-

2220 2759 2345 2830 tur,
2372 2756 2667 2818 virtutem
2696 2755 2868 2817 omni
2902 2773 2981 2818 ex
3005 2761 3181 2835 parte
3210 2754 3451 2818 finitam
3464 2799 3487 2832 ,
3516 2757 3783 2833 scilieet,

2220 2849 2285 2910 in
2312 2850 2583 2910 essentia
2612 2854 2673 2910 et
2696 2847 3073 2924 intensione,
3102 2866 3232 2910 nou
3264 2863 3449 2929 posse
3492 2867 3787 2930 compre·

2219 2943 2498 3006 bendere
2528 2943 2843 3023 objectum
2888 2941 3251 3022 simpliciter
3288 2941 3645 3016 infinitum3
3696 2951 3787 3006 ta-

2218 3037 2447 3096 meniu
2472 3037 2591 3098 hoc
2614 3053 2805 3098 sensu
2826 3034 3209 3098 antecedens
3234 3053 3361 3098 non
3386 3041 3481 3098 est
3496 3037 3783 3110 evidenS,
3857 3061 3858 3064 ¹

2216 3131 2389 3207 quia,
2420 3129 2563 3191 licet
2588 3129 2798 3192 anima
2826 3129 3051 3190 Christi
3078 3127 3255 3191 finita
3280 3129 3359 3192 sit
3386 3129 3451 3192 in
3480 3131 3783 3193 essentia.

2216 3241 2347 3284 non
2375 3229 2591 3286 tamen
2612 3229 2858 3286 constat
2884 3239 3141 3284 omnem
3160 3222 3451 3286 virtutem
3478 3224 3623 3303 ejus
3640 3241 3787 3286 esse

2214 3315 2461 3378 finitam
2500 3316 2841 3390 intensive3
2882 3317 2931 3378 si
2976 3321 3185 3378 autem
3226 3315 3423 3396 priori
3460 3317 3654 3378 modo
3690 3317 3787 3378 in-

2216 3411 2553 3490 telligatur,
2578 3411 2961 3474 antecedens
2976 3411 3229 3490 quidem
3256 3411 3517 3472 evidens
3546 3418 3663 3484 est,
3692 3419 3785 3474 ta-

2214 3522 2358 3565 men
2388 3505 2543 3566 ratio
2582 3521 2713 3564 non
2740 3509 2835 3566 est
2862 3502 3141 3578 evidenS,
3174 3502 3344 3582 quia,
3374 3502 3522 3564 licet
3562 3504 3783 3564 anima

2215 3597 2295 3660 sit
2326 3598 2525 3670 finita,
2552 3597 2607 3658 si
2644 3604 2861 3660 tamen
2896 3596 3158 3658 haberet
3191 3596 3409 3658 lumen
3434 3595 3655 3677 gloriae
3688 3597 3785 3657 in-

2212 3690 2389 3753 finite
2418 3692 2767 3764 intensum,
2800 3695 3013 3769 posset
3040 3689 3578 3769 comprehendere
3620 3689 3785 3750 divi-

2212 3803 2359 3846 nam
2386 3785 2743 3858 essentiam,
2775 3790 2847 3844 ut
2870 3801 2949 3844 ex
2976 3782 3202 3845 eodem
3228 3781 3301 3844 D.
3334 3783 3574 3844 Thoma
3600 3783 3781 3844 colli·

2214 3879 2404 3958 gitur,
2451 3881 2479 3938 1
2511 3897 2605 3958 p.,
2632 3897 2696 3957 q.
2744 3879 2843 3952 12,
2888 3895 2947 3938 a.
2976 3879 3037 3950 7.
3068 3875 3371 3949 Quocirca
3392 3878 3468 3938 D.
3497 3877 3781 3938 Thomas

2210 3970 2276 4032 in
2330 3972 2444 4032 hac
2485 3971 2728 4032 ratione
2754 3969 3003 4032 videtur
3030 3987 3419 4049 supponere,
3452 3987 3531 4032 ex
3576 3988 3776 4048 praec.

2210 4069 2432 4144 quaest.
2466 4068 2503 4123 ’7
2520 4109 2535 4139 ,
2568 4065 2846 4126 animam
2876 4062 3135 4137 Christi,
3178 4061 3299 4123 hoc
3328 4063 3464 4143 ipso
3498 4063 3677 4142 quod
3704 4063 3785 4124 fi-

2209 4159 2342 4220 nita
2363 4163 2481 4233 est,
2506 4175 2635 4220 non
2656 4177 2796 4222 esse
2824 4175 3125 4238 capacem
3152 4157 3419 4236 alicujus
3446 4156 3783 4237 per-feclio·
3850 4183 3852 4231 l

2210 4252 2309 4314 nis
2336 4252 2434 4314 vel
2464 4253 2707 4316 virtutis
2736 4251 2997 4314 infinitae
3024 4251 3090 4312 in
3120 4251 3394 4314 essentia
3422 4256 3533 4312 aut
3564 4251 3783 4312 inten-

2210 4346 2406 4408 sione.
2438 4346 2562 4409 Sed
2584 4346 2661 4410 de
2688 4348 2805 4408 hac
2842 4364 2911 4408 re
2936 4345 3120 4426 plura
3143 4344 3211 4406 in
3238 4342 3527 4426 sequenti
3556 4343 3781 4424 dispu-

2206 4439 2467 4502 tatione.

2287 4536 2348 4594 3.
2396 4532 2634 4598 Isidori
2658 4533 3631 4612 testimonium-Argumentum
3652 4533 3780 4609 pri-
3848 4551 3850 4617 ἱ

2210 4644 2387 4688 mum
2416 4628 2487 4687 D.
2521 4627 2775 4688 Thomas
2822 4626 3123 4688 fundatur
3166 4629 3229 4686 in
3259 4625 3617 4688 testimonio
3668 4625 3780 4685 lsi-

2208 4719 2369 4794 dori,
2400 4719 2569 4797 quod
2608 4721 2683 4780 D.
2731 4719 3005 4780 Thomas
3030 4719 3130 4780 his
3157 4719 3369 4782 verbis
3395 4719 3585 4779 citat:
3618 4717 3777 4778 Tri·

2204 4811 2372 4875 nitas
2414 4811 2533 4874 sihi
2569 4811 2686 4875 soli
2724 4817 2869 4878 nota
2917 4818 3004 4876 est
3020 4857 3036 4888 ,
3080 4819 3139 4876 et
3166 4813 3394 4876 homini
3426 4818 3772 4892 assumpto,

2206 4903 2377 4984 quod
2404 4922 2531 4966 non
2560 4903 2806 4966 videtur
2826 4923 3013 4986 posse
3044 4903 3304 4986 intelligi
3332 4903 3452 4966 nisi
3492 4902 3571 4965 de
3600 4904 3775 4964 noti-
3846 4903 3848 5003 ἰ

2204 4999 2293 5058 tia
2340 4997 2893 5078 comprehensiva3
2944 5017 3095 5060 nam
3148 4997 3270 5060 alio
3300 4997 3513 5070 mod0‚
3570 4997 3769 5057 etiam

2203 5090 2371 5152 clare
2396 5098 2463 5154 et
2486 5089 2913 5170 quidditative,
2940 5091 3077 5154 aliis
3098 5092 3287 5154 etiam
3312 5096 3459 5154 nota
3476 5095 3589 5151 est.
3614 5091 3768 5150 Res·

2202 5183 2439 5264 pendet
2466 5185 2541 5246 D.
2578 5183 2851 5246 Thomas
2884 5184 3041 5246 illud
3081 5201 3221 5246 esse
3254 5179 3757 5263 intelligendum,

2200 5295 2326 5338 non
2356 5277 2595 5339 ratione
2625 5277 3225 5359 comprehensioniS,
3244 5277 3356 5338 sed
3384 5275 3626 5336 ratione
3658 5295 3757 5336 ex·
3844 5315 3846 5389 1

2200 5371 2661 5434 cellentissimae
2680 5371 3053 5452 cognitionis
3068 5388 3259 5451 quam
3274 5369 3463 5432 habet
3482 5369 3759 5430 Christus

2198 5481 2331 5544 prae
2364 5465 2603 5528 caeteris
2630 5466 2953 5529 creaturis.
2986 5463 3107 5528 Sed
3152 5464 3281 5525 baec
3304 5462 3408 5543 pia
3450 5462 3755 5543 expositio

2200 5575 2331 5620 non
2357 5559 2614 5622 omnino
2644 5559 2953 5638 quadrare
2975 5557 3222 5620 videtur
3260 5556 3482 5620 litterae
3518 5563 3579 5618 et
3612 5572 3757 5618 con·
