<?xml version="1.0" encoding="UTF-8"?>
<!DOCTYPE html PUBLIC "-//W3C//DTD XHTML 1.0 Transitional//EN"
    "http://www.w3.org/TR/xhtml1/DTD/xhtml1-transitional.dtd">
<html xmlns="http://www.w3.org/1999/xhtml" xml:lang="en" lang="en">
 <head>
  <title>
</title>
<meta http-equiv="Content-Type" content="text/html;charset=utf-8" />
  <meta name='ocr-system' content='tesseract 3.04.00' />
  <meta name='ocr-capabilities' content='ocr_page ocr_carea ocr_par ocr_line ocrx_word'/>
</head>
<body>
  <div class='ocr_page' id='page_1' title='image "./rpfranciscisuar00unkngoog_0372.png"; bbox 0 0 3892 6167; ppageno 0'>
   <div class='ocr_carea' id='block_1_1' title="bbox 398 329 522 390">
    <p class='ocr_par' dir='ltr' id='par_1_1' title="bbox 398 329 522 390">
     <span class='ocr_line' id='line_1_1' title="bbox 398 329 522 390; baseline -0.016 0"><span class='ocrx_word' id='word_1_1' title='bbox 398 329 522 390; x_wconf 68' lang='lat'>354</span> 
     </span>
    </p>
   </div>
   <div class='ocr_carea' id='block_1_2' title="bbox 401 433 1979 5562">
    <p class='ocr_par' dir='ltr' id='par_1_2' title="bbox 401 433 1971 1352">
     <span class='ocr_line' id='line_1_2' title="bbox 404 433 1959 498; baseline -0.001 -2"><span class='ocrx_word' id='word_1_2' title='bbox 404 451 616 496; x_wconf 88' lang='lat' dir='ltr'>sorum</span> <span class='ocrx_word' id='word_1_3' title='bbox 668 433 992 498; x_wconf 87' lang='lat' dir='ltr'>hominum</span> <span class='ocrx_word' id='word_1_4' title='bbox 1047 434 1299 498; x_wconf 81' lang='lat' dir='ltr'>defectu</span> <span class='ocrx_word' id='word_1_5' title='bbox 1355 452 1486 498; x_wconf 86' lang='lat' dir='ltr'>non</span> <span class='ocrx_word' id='word_1_6' title='bbox 1540 436 1605 496; x_wconf 89' lang='lat' dir='ltr'>in</span> <span class='ocrx_word' id='word_1_7' title='bbox 1669 435 1959 496; x_wconf 89' lang='lat' dir='ltr'>omnihus</span> 
     </span>
     <span class='ocr_line' id='line_1_3' title="bbox 401 525 1961 608; baseline -0.001 -18"><span class='ocrx_word' id='word_1_8' title='bbox 401 525 579 590; x_wconf 85' lang='lat' dir='ltr'>fiant.</span> <span class='ocrx_word' id='word_1_9' title='bbox 604 529 677 589; x_wconf 86' lang='lat' dir='ltr'>Et</span> <span class='ocrx_word' id='word_1_10' title='bbox 703 529 820 590; x_wconf 85' lang='lat' dir='ltr'>hoc</span> <span class='ocrx_word' id='word_1_11' title='bbox 852 528 1230 590; x_wconf 77' lang='lat' dir='ltr'>convincunt</span> <span class='ocrx_word' id='word_1_12' title='bbox 1259 545 1484 592; x_wconf 87' lang='lat' dir='ltr'>omnes</span> <span class='ocrx_word' id='word_1_13' title='bbox 1511 528 1846 608; x_wconf 63' lang='lat' dir='ltr'>Scripturas</span> <span class='ocrx_word' id='word_1_14' title='bbox 1875 529 1961 590; x_wconf 83' lang='lat' dir='ltr'>ci-</span> 
     </span>
     <span class='ocr_line' id='line_1_4' title="bbox 405 621 1963 702; baseline 0.001 -20"><span class='ocrx_word' id='word_1_15' title='bbox 405 625 572 692; x_wconf 80' lang='lat' dir='ltr'>tatae,</span> <span class='ocrx_word' id='word_1_16' title='bbox 617 638 758 700; x_wconf 57' lang='lat' dir='ltr'>quai</span> <span class='ocrx_word' id='word_1_17' title='bbox 805 621 1048 683; x_wconf 88' lang='lat' dir='ltr'>Christo</span> <span class='ocrx_word' id='word_1_18' title='bbox 1086 639 1200 684; x_wconf 85' lang='lat' dir='ltr'>seu</span> <span class='ocrx_word' id='word_1_19' title='bbox 1249 621 1400 684; x_wconf 85' lang='lat' dir='ltr'>fidei</span> <span class='ocrx_word' id='word_1_20' title='bbox 1447 623 1610 702; x_wconf 86' lang='lat' dir='ltr'>ejus,</span> <span class='ocrx_word' id='word_1_21' title='bbox 1657 627 1963 700; x_wconf 78' lang='lat' dir='ltr'><strong>tanquam</strong></span> 
     </span>
     <span class='ocr_line' id='line_1_5' title="bbox 406 713 1963 795; baseline 0 -19"><span class='ocrx_word' id='word_1_22' title='bbox 406 730 615 776; x_wconf 82' lang='lat' dir='ltr'>causae</span> <span class='ocrx_word' id='word_1_23' title='bbox 645 718 755 776; x_wconf 84' lang='lat' dir='ltr'>aut</span> <span class='ocrx_word' id='word_1_24' title='bbox 787 714 995 777; x_wconf 89' lang='lat' dir='ltr'>medio</span> <span class='ocrx_word' id='word_1_25' title='bbox 1024 716 1411 793; x_wconf 83' lang='lat' dir='ltr'>necessario,</span> <span class='ocrx_word' id='word_1_26' title='bbox 1447 714 1814 795; x_wconf 84' lang='lat' dir='ltr'>hujusmodi</span> <span class='ocrx_word' id='word_1_27' title='bbox 1866 713 1963 776; x_wconf 82' lang='lat' dir='ltr'>ef·</span> 
     </span>
     <span class='ocr_line' id='line_1_6' title="bbox 405 805 1971 887; baseline 0.003 -19"><span class='ocrx_word' id='word_1_28' title='bbox 405 807 605 870; x_wconf 79' lang='lat' dir='ltr'>fectus.</span> <span class='ocrx_word' id='word_1_29' title='bbox 645 806 1028 881; x_wconf 71' lang='lat' dir='ltr'>attribuunt3</span> <span class='ocrx_word' id='word_1_30' title='bbox 1059 807 1210 887; x_wconf 87' lang='lat' dir='ltr'>quia</span> <span class='ocrx_word' id='word_1_31' title='bbox 1257 825 1374 870; x_wconf 78' lang='lat' dir='ltr'>non</span> <span class='ocrx_word' id='word_1_32' title='bbox 1405 811 1496 874; x_wconf 70' lang='lat' dir='ltr'>est</span> <span class='ocrx_word' id='word_1_33' title='bbox 1539 809 1748 872; x_wconf 74' lang='lat' dir='ltr'>datum</span> <span class='ocrx_word' id='word_1_34' title='bbox 1793 805 1971 872; x_wconf 76' lang='lat' dir='ltr'>aliud</span> 
     </span>
     <span class='ocr_line' id='line_1_7' title="bbox 406 899 1965 982; baseline -0.001 -20"><span class='ocrx_word' id='word_1_35' title='bbox 406 917 617 962; x_wconf 68' lang='lat' dir='ltr'>nomon</span> <span class='ocrx_word' id='word_1_36' title='bbox 645 899 1002 974; x_wconf 69' lang='lat' dir='ltr'>hominibus,</span> <span class='ocrx_word' id='word_1_37' title='bbox 1027 901 1096 962; x_wconf 76' lang='lat' dir='ltr'>in</span> <span class='ocrx_word' id='word_1_38' title='bbox 1111 918 1226 982; x_wconf 74' lang='lat' dir='ltr'>quo</span> <span class='ocrx_word' id='word_1_39' title='bbox 1247 900 1410 964; x_wconf 77' lang='lat' dir='ltr'>salvi</span> <span class='ocrx_word' id='word_1_40' title='bbox 1427 901 1586 978; x_wconf 76' lang='lat' dir='ltr'>fiant</span> <span class='ocrx_word' id='word_1_41' title='bbox 1603 926 1626 972; x_wconf 90' lang='lat'>‚·</span> <span class='ocrx_word' id='word_1_42' title='bbox 1649 905 1712 962; x_wconf 88' lang='lat' dir='ltr'>et</span> <span class='ocrx_word' id='word_1_43' title='bbox 1729 899 1792 960; x_wconf 89' lang='lat' dir='ltr'>in</span> <span class='ocrx_word' id='word_1_44' title='bbox 1811 903 1965 978; x_wconf 77' lang='lat' dir='ltr'>tpar-</span> 
     </span>
     <span class='ocr_line' id='line_1_8' title="bbox 409 993 1969 1074; baseline -0.001 -18"><span class='ocrx_word' id='word_1_45' title='bbox 409 993 652 1056; x_wconf 85' lang='lat' dir='ltr'>ticulari</span> <span class='ocrx_word' id='word_1_46' title='bbox 695 993 774 1056; x_wconf 92' lang='lat' dir='ltr'>de</span> <span class='ocrx_word' id='word_1_47' title='bbox 817 993 1175 1058; x_wconf 86' lang='lat' dir='ltr'>hominibus</span> <span class='ocrx_word' id='word_1_48' title='bbox 1210 993 1320 1074; x_wconf 91' lang='lat' dir='ltr'>qui</span> <span class='ocrx_word' id='word_1_49' title='bbox 1352 993 1552 1074; x_wconf 82' lang='lat' dir='ltr'>ipsam</span> <span class='ocrx_word' id='word_1_50' title='bbox 1586 994 1969 1056; x_wconf 85' lang='lat' dir='ltr'>incarnatio·-</span> 
     </span>
     <span class='ocr_line' id='line_1_9' title="bbox 407 1086 1968 1168; baseline 0.001 -20"><span class='ocrx_word' id='word_1_51' title='bbox 407 1105 554 1150; x_wconf 89' lang='lat' dir='ltr'>nem</span> <span class='ocrx_word' id='word_1_52' title='bbox 607 1091 1080 1166; x_wconf 82' lang='lat' dir='ltr'>praecesserunt,</span> <span class='ocrx_word' id='word_1_53' title='bbox 1105 1087 1188 1150; x_wconf 90' lang='lat' dir='ltr'>de</span> <span class='ocrx_word' id='word_1_54' title='bbox 1238 1086 1468 1167; x_wconf 87' lang='lat' dir='ltr'>quibus</span> <span class='ocrx_word' id='word_1_55' title='bbox 1515 1086 1822 1150; x_wconf 87' lang='lat' dir='ltr'>nonnulla</span> <span class='ocrx_word' id='word_1_56' title='bbox 1849 1104 1968 1168; x_wconf 88' lang='lat' dir='ltr'>po-</span> 
     </span>
     <span class='ocr_line' id='line_1_10' title="bbox 410 1179 1970 1258; baseline 0 -16"><span class='ocrx_word' id='word_1_57' title='bbox 410 1185 575 1242; x_wconf 83' lang='lat' dir='ltr'>terat</span> <span class='ocrx_word' id='word_1_58' title='bbox 601 1196 739 1244; x_wconf 88' lang='lat' dir='ltr'>esse</span> <span class='ocrx_word' id='word_1_59' title='bbox 763 1179 1120 1258; x_wconf 85' lang='lat' dir='ltr'>difficultas,</span> <span class='ocrx_word' id='word_1_60' title='bbox 1134 1182 1255 1244; x_wconf 88' lang='lat' dir='ltr'>hoc</span> <span class='ocrx_word' id='word_1_61' title='bbox 1281 1181 1408 1244; x_wconf 89' lang='lat' dir='ltr'>late</span> <span class='ocrx_word' id='word_1_62' title='bbox 1437 1180 1830 1244; x_wconf 80' lang='lat' dir='ltr'><strong>ostendimus</strong></span> <span class='ocrx_word' id='word_1_63' title='bbox 1859 1199 1970 1242; x_wconf 89' lang='lat' dir='ltr'>su-</span> 
     </span>
     <span class='ocr_line' id='line_1_11' title="bbox 412 1276 984 1352; baseline -0.002 -18"><span class='ocrx_word' id='word_1_64' title='bbox 412 1289 551 1352; x_wconf 83' lang='lat' dir='ltr'>pra,</span> <span class='ocrx_word' id='word_1_65' title='bbox 585 1290 647 1352; x_wconf 89' lang='lat' dir='ltr'>q.</span> <span class='ocrx_word' id='word_1_66' title='bbox 683 1276 742 1346; x_wconf 80' lang='lat'>1,</span> <span class='ocrx_word' id='word_1_67' title='bbox 773 1279 891 1334; x_wconf 85' lang='lat' dir='ltr'>art.</span> <span class='ocrx_word' id='word_1_68' title='bbox 923 1276 984 1334; x_wconf 89' lang='lat'>3.</span> 
     </span>
    </p>

    <p class='ocr_par' dir='ltr' id='par_1_3' title="bbox 402 1364 1971 3206">
     <span class='ocr_line' id='line_1_12' title="bbox 484 1364 1967 1448; baseline 0 -20"><span class='ocrx_word' id='word_1_69' title='bbox 484 1367 545 1428; x_wconf 89' lang='lat'>8.</span> <span class='ocrx_word' id='word_1_70' title='bbox 583 1365 836 1445; x_wconf 76' lang='lat' dir='ltr'>objectio</span> <span class='ocrx_word' id='word_1_71' title='bbox 858 1364 1088 1446; x_wconf 75' lang='lat' dir='ltr'>prima.</span> <span class='ocrx_word' id='word_1_72' title='bbox 1109 1401 1188 1412; x_wconf 91' lang='lat'>--</span> <span class='ocrx_word' id='word_1_73' title='bbox 1207 1367 1568 1448; x_wconf 72' lang='lat' dir='ltr'><em>Responsio.</em></span> <span class='ocrx_word' id='word_1_74' title='bbox 1587 1400 1667 1414; x_wconf 90' lang='lat'>—</span> <span class='ocrx_word' id='word_1_75' title='bbox 1691 1367 1870 1442; x_wconf 89' lang='lat' dir='ltr'>Quod</span> <span class='ocrx_word' id='word_1_76' title='bbox 1915 1366 1967 1429; x_wconf 91' lang='lat' dir='ltr'>si</span> 
     </span>
     <span class='ocr_line' id='line_1_13' title="bbox 405 1457 1969 1543; baseline 0.001 -21"><span class='ocrx_word' id='word_1_77' title='bbox 405 1457 756 1540; x_wconf 82' lang='lat' dir='ltr'>objiciatur,</span> <span class='ocrx_word' id='word_1_78' title='bbox 785 1461 1084 1522; x_wconf 87' lang='lat' dir='ltr'>meritum</span> <span class='ocrx_word' id='word_1_79' title='bbox 1115 1460 1348 1524; x_wconf 89' lang='lat' dir='ltr'>debere</span> <span class='ocrx_word' id='word_1_80' title='bbox 1378 1462 1754 1526; x_wconf 77' lang='lat' dir='ltr'>antecedere</span> <span class='ocrx_word' id='word_1_81' title='bbox 1804 1480 1969 1543; x_wconf 75' lang='lat' dir='ltr'>prae-</span> 
     </span>
     <span class='ocr_line' id='line_1_14' title="bbox 403 1553 1969 1635; baseline 0.001 -19"><span class='ocrx_word' id='word_1_82' title='bbox 403 1554 601 1616; x_wconf 89' lang='lat' dir='ltr'>mium</span> <span class='ocrx_word' id='word_1_83' title='bbox 648 1559 935 1634; x_wconf 87' lang='lat' dir='ltr'>tempore</span> <span class='ocrx_word' id='word_1_84' title='bbox 978 1553 1081 1616; x_wconf 79' lang='lat' dir='ltr'>vel</span> <span class='ocrx_word' id='word_1_85' title='bbox 1117 1559 1364 1628; x_wconf 88' lang='lat' dir='ltr'>natura,</span> <span class='ocrx_word' id='word_1_86' title='bbox 1395 1555 1856 1635; x_wconf 86' lang='lat' dir='ltr'>respondetur:</span> <span class='ocrx_word' id='word_1_87' title='bbox 1889 1573 1969 1618; x_wconf 83' lang='lat' dir='ltr'>ex</span> 
     </span>
     <span class='ocr_line' id='line_1_15' title="bbox 402 1645 1969 1730; baseline 0.003 -22"><span class='ocrx_word' id='word_1_88' title='bbox 402 1655 629 1709; x_wconf 87' lang='lat' dir='ltr'>natura</span> <span class='ocrx_word' id='word_1_89' title='bbox 661 1645 788 1720; x_wconf 87' lang='lat' dir='ltr'>rei,</span> <span class='ocrx_word' id='word_1_90' title='bbox 829 1652 892 1709; x_wconf 88' lang='lat' dir='ltr'>et</span> <span class='ocrx_word' id='word_1_91' title='bbox 934 1645 1107 1708; x_wconf 88' lang='lat' dir='ltr'>nulla</span> <span class='ocrx_word' id='word_1_92' title='bbox 1139 1648 1598 1712; x_wconf 88' lang='lat' dir='ltr'>interveniente</span> <span class='ocrx_word' id='word_1_93' title='bbox 1640 1649 1969 1730; x_wconf 87' lang='lat' dir='ltr'>dispensa-</span> 
     </span>
     <span class='ocr_line' id='line_1_16' title="bbox 403 1739 1967 1822; baseline 0.001 -20"><span class='ocrx_word' id='word_1_94' title='bbox 403 1741 598 1816; x_wconf 83' lang='lat' dir='ltr'>tione,</span> <span class='ocrx_word' id='word_1_95' title='bbox 641 1739 906 1802; x_wconf 85' lang='lat' dir='ltr'>fortasse</span> <span class='ocrx_word' id='word_1_96' title='bbox 935 1740 1026 1804; x_wconf 91' lang='lat' dir='ltr'>ita</span> <span class='ocrx_word' id='word_1_97' title='bbox 1055 1745 1174 1816; x_wconf 90' lang='lat' dir='ltr'>est,</span> <span class='ocrx_word' id='word_1_98' title='bbox 1223 1742 1374 1822; x_wconf 88' lang='lat' dir='ltr'>quia</span> <span class='ocrx_word' id='word_1_99' title='bbox 1408 1742 1700 1804; x_wconf 89' lang='lat' dir='ltr'>meritum</span> <span class='ocrx_word' id='word_1_100' title='bbox 1732 1750 1828 1805; x_wconf 88' lang='lat' dir='ltr'>est</span> <span class='ocrx_word' id='word_1_101' title='bbox 1857 1743 1967 1804; x_wconf 80' lang='lat' dir='ltr'>ali-</span> 
     </span>
     <span class='ocr_line' id='line_1_17' title="bbox 405 1833 1967 1915; baseline 0.001 -21"><span class='ocrx_word' id='word_1_102' title='bbox 405 1852 531 1914; x_wconf 84' lang='lat' dir='ltr'>quo</span> <span class='ocrx_word' id='word_1_103' title='bbox 571 1833 762 1896; x_wconf 90' lang='lat' dir='ltr'>modo</span> <span class='ocrx_word' id='word_1_104' title='bbox 791 1851 980 1898; x_wconf 91' lang='lat' dir='ltr'>causa</span> <span class='ocrx_word' id='word_1_105' title='bbox 1007 1833 1305 1911; x_wconf 87' lang='lat' dir='ltr'>efficiens,</span> <span class='ocrx_word' id='word_1_106' title='bbox 1337 1853 1452 1896; x_wconf 88' lang='lat' dir='ltr'>seu</span> <span class='ocrx_word' id='word_1_107' title='bbox 1479 1834 1828 1915; x_wconf 84' lang='lat' dir='ltr'>dispositio,</span> <span class='ocrx_word' id='word_1_108' title='bbox 1855 1839 1967 1896; x_wconf 89' lang='lat' dir='ltr'>aut</span> 
     </span>
     <span class='ocr_line' id='line_1_18' title="bbox 404 1925 1967 2005; baseline 0.002 -17"><span class='ocrx_word' id='word_1_109' title='bbox 404 1925 506 1990; x_wconf 86' lang='lat' dir='ltr'>via</span> <span class='ocrx_word' id='word_1_110' title='bbox 535 1925 616 1988; x_wconf 89' lang='lat' dir='ltr'>ad</span> <span class='ocrx_word' id='word_1_111' title='bbox 645 1927 974 2004; x_wconf 68' lang='lat' dir='ltr'>praemium</span> <span class='ocrx_word' id='word_1_112' title='bbox 999 1928 1316 2005; x_wconf 85' lang='lat' dir='ltr'>(omnibus</span> <span class='ocrx_word' id='word_1_113' title='bbox 1345 1928 1516 1990; x_wconf 86' lang='lat' dir='ltr'>enim</span> <span class='ocrx_word' id='word_1_114' title='bbox 1543 1928 1645 1990; x_wconf 87' lang='lat' dir='ltr'>his</span> <span class='ocrx_word' id='word_1_115' title='bbox 1695 1929 1967 1991; x_wconf 87' lang='lat' dir='ltr'>nomini-</span> 
     </span>
     <span class='ocr_line' id='line_1_19' title="bbox 405 2019 1961 2100; baseline -0.001 -18"><span class='ocrx_word' id='word_1_116' title='bbox 405 2019 526 2082; x_wconf 86' lang='lat' dir='ltr'>bus</span> <span class='ocrx_word' id='word_1_117' title='bbox 567 2019 725 2082; x_wconf 71' lang='lat' dir='ltr'>illud</span> <span class='ocrx_word' id='word_1_118' title='bbox 763 2021 1039 2100; x_wconf 85' lang='lat' dir='ltr'>appellat</span> <span class='ocrx_word' id='word_1_119' title='bbox 1065 2021 1138 2082; x_wconf 89' lang='lat' dir='ltr'>D.</span> <span class='ocrx_word' id='word_1_120' title='bbox 1166 2021 1440 2085; x_wconf 85' lang='lat' dir='ltr'><strong>Thomas</strong></span> <span class='ocrx_word' id='word_1_121' title='bbox 1469 2021 1656 2083; x_wconf 84' lang='lat' dir='ltr'>variis</span> <span class='ocrx_word' id='word_1_122' title='bbox 1685 2021 1747 2082; x_wconf 89' lang='lat' dir='ltr'>in</span> <span class='ocrx_word' id='word_1_123' title='bbox 1783 2022 1961 2100; x_wconf 88' lang='lat' dir='ltr'>locis,</span> 
     </span>
     <span class='ocr_line' id='line_1_20' title="bbox 407 2115 1965 2194; baseline 0.003 -20"><span class='ocrx_word' id='word_1_124' title='bbox 407 2119 476 2175; x_wconf 91' lang='lat' dir='ltr'>ut</span> <span class='ocrx_word' id='word_1_125' title='bbox 499 2116 673 2193; x_wconf 89' lang='lat' dir='ltr'>patet</span> <span class='ocrx_word' id='word_1_126' title='bbox 698 2115 726 2174; x_wconf 76' lang='lat'><strong>1</strong></span> <span class='ocrx_word' id='word_1_127' title='bbox 763 2131 854 2192; x_wconf 90' lang='lat' dir='ltr'>p.,</span> <span class='ocrx_word' id='word_1_128' title='bbox 881 2131 946 2194; x_wconf 89' lang='lat' dir='ltr'>q.</span> <span class='ocrx_word' id='word_1_129' title='bbox 973 2115 1076 2190; x_wconf 77' lang='lat'>23,</span> <span class='ocrx_word' id='word_1_130' title='bbox 1113 2120 1230 2177; x_wconf 90' lang='lat' dir='ltr'>art.</span> <span class='ocrx_word' id='word_1_131' title='bbox 1269 2117 1332 2188; x_wconf 84' lang='lat'>5,</span> <span class='ocrx_word' id='word_1_132' title='bbox 1361 2121 1424 2178; x_wconf 91' lang='lat' dir='ltr'>et</span> <span class='ocrx_word' id='word_1_133' title='bbox 1447 2131 1510 2194; x_wconf 91' lang='lat' dir='ltr'>q.</span> <span class='ocrx_word' id='word_1_134' title='bbox 1541 2118 1642 2189; x_wconf 80' lang='lat'>62,</span> <span class='ocrx_word' id='word_1_135' title='bbox 1669 2121 1787 2176; x_wconf 89' lang='lat' dir='ltr'>art.</span> <span class='ocrx_word' id='word_1_136' title='bbox 1815 2117 1876 2190; x_wconf 74' lang='lat'>4,</span> <span class='ocrx_word' id='word_1_137' title='bbox 1903 2120 1965 2178; x_wconf 88' lang='lat' dir='ltr'>et</span> 
     </span>
     <span class='ocr_line' id='line_1_21' title="bbox 407 2205 1965 2286; baseline 0.001 -18"><span class='ocrx_word' id='word_1_138' title='bbox 407 2224 471 2286; x_wconf 90' lang='lat' dir='ltr'>q.</span> <span class='ocrx_word' id='word_1_139' title='bbox 494 2206 573 2268; x_wconf 71' lang='lat'>29</span> <span class='ocrx_word' id='word_1_140' title='bbox 601 2205 682 2266; x_wconf 88' lang='lat' dir='ltr'>de</span> <span class='ocrx_word' id='word_1_141' title='bbox 709 2205 932 2280; x_wconf 87' lang='lat' dir='ltr'>Verit.,</span> <span class='ocrx_word' id='word_1_142' title='bbox 956 2213 1072 2269; x_wconf 87' lang='lat' dir='ltr'>art.</span> <span class='ocrx_word' id='word_1_143' title='bbox 1101 2205 1191 2286; x_wconf 84' lang='lat'>6);</span> <span class='ocrx_word' id='word_1_144' title='bbox 1217 2207 1582 2286; x_wconf 85' lang='lat' dir='ltr'>simpliciter</span> <span class='ocrx_word' id='word_1_145' title='bbox 1601 2213 1813 2270; x_wconf 88' lang='lat' dir='ltr'>tamen</span> <span class='ocrx_word' id='word_1_146' title='bbox 1833 2226 1965 2270; x_wconf 89' lang='lat' dir='ltr'>non</span> 
     </span>
     <span class='ocr_line' id='line_1_22' title="bbox 407 2299 1967 2382; baseline 0 -20"><span class='ocrx_word' id='word_1_147' title='bbox 407 2305 502 2362; x_wconf 89' lang='lat' dir='ltr'>est</span> <span class='ocrx_word' id='word_1_148' title='bbox 530 2315 780 2379; x_wconf 82' lang='lat' dir='ltr'>semper</span> <span class='ocrx_word' id='word_1_149' title='bbox 816 2301 1248 2364; x_wconf 84' lang='lat' dir='ltr'>necessarium</span> <span class='ocrx_word' id='word_1_150' title='bbox 1287 2309 1356 2364; x_wconf 90' lang='lat' dir='ltr'>ut</span> <span class='ocrx_word' id='word_1_151' title='bbox 1403 2299 1468 2362; x_wconf 89' lang='lat' dir='ltr'>iu</span> <span class='ocrx_word' id='word_1_152' title='bbox 1511 2317 1578 2364; x_wconf 92' lang='lat' dir='ltr'>re</span> <span class='ocrx_word' id='word_1_153' title='bbox 1617 2301 1756 2382; x_wconf 87' lang='lat' dir='ltr'>ipsa</span> <span class='ocrx_word' id='word_1_154' title='bbox 1783 2301 1967 2362; x_wconf 87' lang='lat' dir='ltr'>meri-</span> 
     </span>
     <span class='ocr_line' id='line_1_23' title="bbox 407 2393 1966 2474; baseline 0 -18"><span class='ocrx_word' id='word_1_155' title='bbox 407 2399 541 2456; x_wconf 86' lang='lat' dir='ltr'>tum</span> <span class='ocrx_word' id='word_1_156' title='bbox 567 2393 901 2456; x_wconf 83' lang='lat' dir='ltr'>antecedat</span> <span class='ocrx_word' id='word_1_157' title='bbox 927 2395 1284 2474; x_wconf 64' lang='lat' dir='ltr'>praemium,</span> <span class='ocrx_word' id='word_1_158' title='bbox 1304 2393 1418 2458; x_wconf 87' lang='lat' dir='ltr'>sed</span> <span class='ocrx_word' id='word_1_159' title='bbox 1441 2393 1588 2456; x_wconf 88' lang='lat' dir='ltr'>satis</span> <span class='ocrx_word' id='word_1_160' title='bbox 1607 2401 1704 2456; x_wconf 87' lang='lat' dir='ltr'>est</span> <span class='ocrx_word' id='word_1_161' title='bbox 1725 2393 1780 2456; x_wconf 89' lang='lat' dir='ltr'>si</span> <span class='ocrx_word' id='word_1_162' title='bbox 1807 2412 1966 2474; x_wconf 83' lang='lat' dir='ltr'>prae-</span> 
     </span>
     <span class='ocr_line' id='line_1_24' title="bbox 407 2485 1968 2568; baseline 0.001 -19"><span class='ocrx_word' id='word_1_163' title='bbox 407 2485 587 2549; x_wconf 84' lang='lat' dir='ltr'>cedat</span> <span class='ocrx_word' id='word_1_164' title='bbox 614 2485 678 2547; x_wconf 88' lang='lat' dir='ltr'>in</span> <span class='ocrx_word' id='word_1_165' title='bbox 705 2487 1103 2567; x_wconf 80' lang='lat' dir='ltr'>praescientia</span> <span class='ocrx_word' id='word_1_166' title='bbox 1132 2489 1268 2567; x_wconf 89' lang='lat' dir='ltr'>ejus</span> <span class='ocrx_word' id='word_1_167' title='bbox 1287 2532 1304 2563; x_wconf 89' lang='lat'>,</span> <span class='ocrx_word' id='word_1_168' title='bbox 1337 2489 1447 2568; x_wconf 88' lang='lat' dir='ltr'>qui</span> <span class='ocrx_word' id='word_1_169' title='bbox 1471 2487 1833 2550; x_wconf 88' lang='lat' dir='ltr'>redditurus</span> <span class='ocrx_word' id='word_1_170' title='bbox 1871 2492 1968 2551; x_wconf 88' lang='lat' dir='ltr'>est</span> 
     </span>
     <span class='ocr_line' id='line_1_25' title="bbox 407 2581 1968 2662; baseline 0.003 -22"><span class='ocrx_word' id='word_1_171' title='bbox 407 2581 734 2662; x_wconf 82' lang='lat' dir='ltr'>praemium</span> <span class='ocrx_word' id='word_1_172' title='bbox 763 2599 779 2654; x_wconf 80' lang='lat'><em>3</em></span> <span class='ocrx_word' id='word_1_173' title='bbox 812 2598 960 2644; x_wconf 91' lang='lat' dir='ltr'>cum</span> <span class='ocrx_word' id='word_1_174' title='bbox 985 2581 1154 2644; x_wconf 90' lang='lat' dir='ltr'>enim</span> <span class='ocrx_word' id='word_1_175' title='bbox 1182 2583 1482 2644; x_wconf 88' lang='lat' dir='ltr'>meritum</span> <span class='ocrx_word' id='word_1_176' title='bbox 1515 2599 1638 2644; x_wconf 89' lang='lat' dir='ltr'>non</span> <span class='ocrx_word' id='word_1_177' title='bbox 1671 2582 1748 2644; x_wconf 90' lang='lat' dir='ltr'>sit</span> <span class='ocrx_word' id='word_1_178' title='bbox 1774 2599 1968 2644; x_wconf 83' lang='lat' dir='ltr'>causa</span> 
     </span>
     <span class='ocr_line' id='line_1_26' title="bbox 407 2673 1968 2756; baseline 0.001 -20"><span class='ocrx_word' id='word_1_179' title='bbox 407 2694 522 2756; x_wconf 88' lang='lat' dir='ltr'>per</span> <span class='ocrx_word' id='word_1_180' title='bbox 551 2693 618 2736; x_wconf 91' lang='lat' dir='ltr'>se</span> <span class='ocrx_word' id='word_1_181' title='bbox 645 2673 908 2754; x_wconf 83' lang='lat' dir='ltr'>physica</span> <span class='ocrx_word' id='word_1_182' title='bbox 937 2675 1200 2754; x_wconf 66' lang='lat' dir='ltr'>praemii,</span> <span class='ocrx_word' id='word_1_183' title='bbox 1229 2675 1342 2740; x_wconf 85' lang='lat' dir='ltr'>sed</span> <span class='ocrx_word' id='word_1_184' title='bbox 1380 2677 1663 2754; x_wconf 87' lang='lat' dir='ltr'>moralis,</span> <span class='ocrx_word' id='word_1_185' title='bbox 1691 2677 1968 2738; x_wconf 85' lang='lat' dir='ltr'>excitans</span> 
     </span>
     <span class='ocr_line' id='line_1_27' title="bbox 408 2765 1965 2850; baseline 0.001 -22"><span class='ocrx_word' id='word_1_186' title='bbox 408 2785 521 2828; x_wconf 86' lang='lat' dir='ltr'>seu</span> <span class='ocrx_word' id='word_1_187' title='bbox 553 2784 814 2828; x_wconf 86' lang='lat' dir='ltr'>movens</span> <span class='ocrx_word' id='word_1_188' title='bbox 841 2765 1019 2828; x_wconf 89' lang='lat' dir='ltr'>illum</span> <span class='ocrx_word' id='word_1_189' title='bbox 1043 2769 1150 2846; x_wconf 87' lang='lat' dir='ltr'>qui</span> <span class='ocrx_word' id='word_1_190' title='bbox 1181 2769 1444 2832; x_wconf 88' lang='lat' dir='ltr'>daturus</span> <span class='ocrx_word' id='word_1_191' title='bbox 1473 2775 1565 2832; x_wconf 85' lang='lat' dir='ltr'>est</span> <span class='ocrx_word' id='word_1_192' title='bbox 1612 2769 1965 2850; x_wconf 79' lang='lat' dir='ltr'>praemium,</span> 
     </span>
     <span class='ocr_line' id='line_1_28' title="bbox 411 2862 1970 2944; baseline 0.002 -21"><span class='ocrx_word' id='word_1_193' title='bbox 411 2862 676 2924; x_wconf 86' lang='lat' dir='ltr'>influere</span> <span class='ocrx_word' id='word_1_194' title='bbox 705 2881 820 2924; x_wconf 90' lang='lat' dir='ltr'>suo</span> <span class='ocrx_word' id='word_1_195' title='bbox 855 2863 1044 2924; x_wconf 88' lang='lat' dir='ltr'>modo</span> <span class='ocrx_word' id='word_1_196' title='bbox 1072 2868 1298 2943; x_wconf 83' lang='lat' dir='ltr'>potest,</span> <span class='ocrx_word' id='word_1_197' title='bbox 1329 2872 1672 2944; x_wconf 79' lang='lat' dir='ltr'>antequam</span> <span class='ocrx_word' id='word_1_198' title='bbox 1713 2863 1970 2928; x_wconf 86' lang='lat' dir='ltr'>realiter</span> 
     </span>
     <span class='ocr_line' id='line_1_29' title="bbox 410 2955 1969 3038; baseline 0.001 -22"><span class='ocrx_word' id='word_1_199' title='bbox 410 2955 658 3026; x_wconf 82' lang='lat' dir='ltr'>existat,</span> <span class='ocrx_word' id='word_1_200' title='bbox 690 2955 741 3016; x_wconf 90' lang='lat' dir='ltr'>si</span> <span class='ocrx_word' id='word_1_201' title='bbox 772 2973 884 3035; x_wconf 88' lang='lat' dir='ltr'>per</span> <span class='ocrx_word' id='word_1_202' title='bbox 915 2956 1336 3036; x_wconf 83' lang='lat' dir='ltr'>cognitionem</span> <span class='ocrx_word' id='word_1_203' title='bbox 1363 2964 1614 3020; x_wconf 85' lang='lat' dir='ltr'>moveat</span> <span class='ocrx_word' id='word_1_204' title='bbox 1639 2958 1969 3038; x_wconf 65' lang='lat' dir='ltr'>praemian-</span> 
     </span>
     <span class='ocr_line' id='line_1_30' title="bbox 407 3039 1971 3130; baseline 0.001 -17"><span class='ocrx_word' id='word_1_205' title='bbox 407 3056 584 3126; x_wconf 89' lang='lat' dir='ltr'>tem,</span> <span class='ocrx_word' id='word_1_206' title='bbox 615 3049 680 3110; x_wconf 92' lang='lat' dir='ltr'>in</span> <span class='ocrx_word' id='word_1_207' title='bbox 711 3067 837 3130; x_wconf 91' lang='lat' dir='ltr'>quo</span> <span class='ocrx_word' id='word_1_208' title='bbox 881 3047 1356 3114; x_wconf 88' lang='lat' dir='ltr'>similitudinem</span> <span class='ocrx_word' id='word_1_209' title='bbox 1395 3039 1736 3130; x_wconf 81' lang='lat' dir='ltr'>quamdam</span> <span class='ocrx_word' id='word_1_210' title='bbox 1777 3051 1971 3114; x_wconf 90' lang='lat' dir='ltr'>habet</span> 
     </span>
     <span class='ocr_line' id='line_1_31' title="bbox 411 3143 991 3206; baseline 0.003 -2"><span class='ocrx_word' id='word_1_211' title='bbox 411 3159 556 3204; x_wconf 90' lang='lat' dir='ltr'>cum</span> <span class='ocrx_word' id='word_1_212' title='bbox 585 3161 776 3206; x_wconf 90' lang='lat' dir='ltr'>causa</span> <span class='ocrx_word' id='word_1_213' title='bbox 795 3143 991 3206; x_wconf 84' lang='lat' dir='ltr'>finali.</span> 
     </span>
    </p>

    <p class='ocr_par' dir='ltr' id='par_1_4' title="bbox 409 3236 1979 5562">
     <span class='ocr_line' id='line_1_32' title="bbox 491 3236 1971 3322; baseline 0.002 -25"><span class='ocrx_word' id='word_1_214' title='bbox 491 3237 550 3298; x_wconf 87' lang='grc'>9.</span> <span class='ocrx_word' id='word_1_215' title='bbox 597 3236 860 3316; x_wconf 73' lang='lat' dir='ltr'>Objmio</span> <span class='ocrx_word' id='word_1_216' title='bbox 894 3239 1174 3302; x_wconf 72' lang='lat' dir='ltr'>secunda.</span> <span class='ocrx_word' id='word_1_217' title='bbox 1223 3273 1301 3284; x_wconf 91' lang='lat'>-—</span> <span class='ocrx_word' id='word_1_218' title='bbox 1349 3241 1702 3322; x_wconf 66' lang='lat' dir='ltr'>Responsio.</span> <span class='ocrx_word' id='word_1_219' title='bbox 1728 3273 1811 3290; x_wconf 91' lang='lat'>-·</span> <span class='ocrx_word' id='word_1_220' title='bbox 1841 3239 1971 3304; x_wconf 86' lang='lat' dir='ltr'>Sed</span> 
     </span>
     <span class='ocr_line' id='line_1_33' title="bbox 411 3329 1971 3416; baseline 0.004 -26"><span class='ocrx_word' id='word_1_221' title='bbox 411 3329 668 3390; x_wconf 82' lang='lat' dir='ltr'>instabit</span> <span class='ocrx_word' id='word_1_222' title='bbox 725 3329 951 3409; x_wconf 87' lang='lat' dir='ltr'>aliquis</span> <span class='ocrx_word' id='word_1_223' title='bbox 973 3376 994 3406; x_wconf 94' lang='lat'>,</span> <span class='ocrx_word' id='word_1_224' title='bbox 1044 3330 1216 3411; x_wconf 90' lang='lat' dir='ltr'>quod</span> <span class='ocrx_word' id='word_1_225' title='bbox 1266 3351 1384 3395; x_wconf 88' lang='lat' dir='ltr'>nec</span> <span class='ocrx_word' id='word_1_226' title='bbox 1443 3341 1698 3416; x_wconf 84' lang='lat' dir='ltr'>propter</span> <span class='ocrx_word' id='word_1_227' title='bbox 1748 3335 1971 3396; x_wconf 83' lang='lat' dir='ltr'>merita</span> 
     </span>
     <span class='ocr_line' id='line_1_34' title="bbox 411 3421 1975 3508; baseline 0.001 -22"><span class='ocrx_word' id='word_1_228' title='bbox 411 3421 634 3486; x_wconf 85' lang='lat' dir='ltr'>Christi</span> <span class='ocrx_word' id='word_1_229' title='bbox 705 3425 964 3502; x_wconf 83' lang='lat' dir='ltr'>proevisa</span> <span class='ocrx_word' id='word_1_230' title='bbox 1019 3427 1294 3504; x_wconf 84' lang='lat' dir='ltr'>potuerit</span> <span class='ocrx_word' id='word_1_231' title='bbox 1353 3427 1430 3489; x_wconf 87' lang='lat' dir='ltr'>da</span> <span class='ocrx_word' id='word_1_232' title='bbox 1441 3428 1493 3488; x_wconf 90' lang='lat' dir='ltr'>ri</span> <span class='ocrx_word' id='word_1_233' title='bbox 1551 3428 1752 3508; x_wconf 84' lang='lat' dir='ltr'>gratia</span> <span class='ocrx_word' id='word_1_234' title='bbox 1810 3428 1975 3488; x_wconf 84' lang='lat' dir='ltr'>anti-</span> 
     </span>
     <span class='ocr_line' id='line_1_35' title="bbox 413 3515 1973 3602; baseline 0.004 -27"><span class='ocrx_word' id='word_1_235' title='bbox 413 3515 554 3594; x_wconf 87' lang='lat' dir='ltr'>quis</span> <span class='ocrx_word' id='word_1_236' title='bbox 601 3515 933 3594; x_wconf 87' lang='lat' dir='ltr'>Patribus,</span> <span class='ocrx_word' id='word_1_237' title='bbox 982 3536 1132 3580; x_wconf 87' lang='lat' dir='ltr'>nam</span> <span class='ocrx_word' id='word_1_238' title='bbox 1175 3521 1349 3599; x_wconf 87' lang='lat' dir='ltr'>prins</span> <span class='ocrx_word' id='word_1_239' title='bbox 1395 3519 1765 3602; x_wconf 81' lang='lat' dir='ltr'>intelligitur</span> <span class='ocrx_word' id='word_1_240' title='bbox 1807 3539 1973 3601; x_wconf 80' lang='lat' dir='ltr'>prae·</span> 
     </span>
     <span class='ocr_line' id='line_1_36' title="bbox 409 3608 1971 3695; baseline 0.005 -27"><span class='ocrx_word' id='word_1_241' title='bbox 409 3608 544 3670; x_wconf 86' lang='lat' dir='ltr'>visa</span> <span class='ocrx_word' id='word_1_242' title='bbox 582 3609 716 3689; x_wconf 89' lang='lat' dir='ltr'>ipsa</span> <span class='ocrx_word' id='word_1_243' title='bbox 757 3611 958 3692; x_wconf 80' lang='lat' dir='ltr'>gratia</span> <span class='ocrx_word' id='word_1_244' title='bbox 998 3613 1402 3692; x_wconf 87' lang='lat' dir='ltr'>antiquorum</span> <span class='ocrx_word' id='word_1_245' title='bbox 1451 3612 1729 3690; x_wconf 79' lang='lat' dir='ltr'>Petrum,</span> <span class='ocrx_word' id='word_1_246' title='bbox 1775 3633 1971 3695; x_wconf 87' lang='lat' dir='ltr'>quam</span> 
     </span>
     <span class='ocr_line' id='line_1_37' title="bbox 412 3701 1974 3788; baseline 0.004 -24"><span class='ocrx_word' id='word_1_247' title='bbox 412 3701 634 3764; x_wconf 86' lang='lat' dir='ltr'>Christi</span> <span class='ocrx_word' id='word_1_248' title='bbox 663 3703 912 3778; x_wconf 84' lang='lat' dir='ltr'>merita,</span> <span class='ocrx_word' id='word_1_249' title='bbox 937 3705 1086 3784; x_wconf 90' lang='lat' dir='ltr'>quia</span> <span class='ocrx_word' id='word_1_250' title='bbox 1115 3723 1230 3785; x_wconf 88' lang='lat' dir='ltr'>per</span> <span class='ocrx_word' id='word_1_251' title='bbox 1257 3707 1426 3768; x_wconf 79' lang='lat' dir='ltr'>iliam</span> <span class='ocrx_word' id='word_1_252' title='bbox 1457 3709 1724 3788; x_wconf 86' lang='lat' dir='ltr'>gratiam</span> <span class='ocrx_word' id='word_1_253' title='bbox 1755 3713 1974 3788; x_wconf 87' lang='lat' dir='ltr'>parata</span> 
     </span>
     <span class='ocr_line' id='line_1_38' title="bbox 410 3795 1973 3879; baseline 0.003 -22"><span class='ocrx_word' id='word_1_254' title='bbox 410 3801 507 3857; x_wconf 90' lang='lat' dir='ltr'>est</span> <span class='ocrx_word' id='word_1_255' title='bbox 534 3796 634 3857; x_wconf 79' lang='lat' dir='ltr'>via</span> <span class='ocrx_word' id='word_1_256' title='bbox 659 3795 744 3858; x_wconf 92' lang='lat' dir='ltr'>ad</span> <span class='ocrx_word' id='word_1_257' title='bbox 771 3797 1218 3876; x_wconf 84' lang='lat' dir='ltr'>exequendum</span> <span class='ocrx_word' id='word_1_258' title='bbox 1253 3798 1704 3864; x_wconf 85' lang='lat' dir='ltr'>incarnationis</span> <span class='ocrx_word' id='word_1_259' title='bbox 1741 3807 1973 3879; x_wconf 83' lang='lat' dir='ltr'>myste-</span> 
     </span>
     <span class='ocr_line' id='line_1_39' title="bbox 409 3888 1972 3969; baseline 0.004 -19"><span class='ocrx_word' id='word_1_260' title='bbox 409 3888 618 3966; x_wconf 82' lang='lat' dir='ltr'>rium3</span> <span class='ocrx_word' id='word_1_261' title='bbox 649 3908 764 3969; x_wconf 89' lang='lat' dir='ltr'>per</span> <span class='ocrx_word' id='word_1_262' title='bbox 805 3889 980 3954; x_wconf 77' lang='lat' dir='ltr'>iliam</span> <span class='ocrx_word' id='word_1_263' title='bbox 1009 3891 1178 3956; x_wconf 88' lang='lat' dir='ltr'>enim</span> <span class='ocrx_word' id='word_1_264' title='bbox 1206 3891 1438 3955; x_wconf 81' lang='lat' dir='ltr'>electus</span> <span class='ocrx_word' id='word_1_265' title='bbox 1465 3897 1528 3954; x_wconf 88' lang='lat' dir='ltr'>et</span> <span class='ocrx_word' id='word_1_266' title='bbox 1555 3893 1972 3956; x_wconf 85' lang='lat' dir='ltr'>sanctificatus</span> 
     </span>
     <span class='ocr_line' id='line_1_40' title="bbox 413 3983 1973 4068; baseline 0.004 -25"><span class='ocrx_word' id='word_1_267' title='bbox 413 3989 509 4044; x_wconf 88' lang='lat' dir='ltr'>est</span> <span class='ocrx_word' id='word_1_268' title='bbox 537 3983 872 4062; x_wconf 88' lang='lat' dir='ltr'>peculiaris</span> <span class='ocrx_word' id='word_1_269' title='bbox 907 3985 1180 4066; x_wconf 78' lang='lat' dir='ltr'>populus</span> <span class='ocrx_word' id='word_1_270' title='bbox 1201 4031 1220 4060; x_wconf 92' lang='lat'>‚</span> <span class='ocrx_word' id='word_1_271' title='bbox 1251 4005 1330 4048; x_wconf 82' lang='lat' dir='ltr'>ex</span> <span class='ocrx_word' id='word_1_272' title='bbox 1359 4004 1486 4068; x_wconf 89' lang='lat' dir='ltr'>quo</span> <span class='ocrx_word' id='word_1_273' title='bbox 1513 3987 1791 4052; x_wconf 84' lang='lat' dir='ltr'>Christus</span> <span class='ocrx_word' id='word_1_274' title='bbox 1829 4007 1973 4050; x_wconf 87' lang='lat' dir='ltr'>nas-</span> 
     </span>
     <span class='ocr_line' id='line_1_41' title="bbox 413 4077 1973 4162; baseline 0.004 -26"><span class='ocrx_word' id='word_1_275' title='bbox 413 4081 700 4154; x_wconf 85' lang='lat' dir='ltr'>ceretur3</span> <span class='ocrx_word' id='word_1_276' title='bbox 729 4094 846 4156; x_wconf 86' lang='lat' dir='ltr'>per</span> <span class='ocrx_word' id='word_1_277' title='bbox 891 4077 1062 4139; x_wconf 84' lang='lat' dir='ltr'>illam</span> <span class='ocrx_word' id='word_1_278' title='bbox 1111 4079 1535 4159; x_wconf 82' lang='lat' dir='ltr'>impetrabant</span> <span class='ocrx_word' id='word_1_279' title='bbox 1581 4080 1822 4162; x_wconf 83' lang='lat' dir='ltr'>antiqui</span> <span class='ocrx_word' id='word_1_280' title='bbox 1858 4083 1973 4142; x_wconf 87' lang='lat' dir='ltr'>Pa-</span> 
     </span>
     <span class='ocr_line' id='line_1_42' title="bbox 412 4167 1967 4251; baseline 0.005 -21"><span class='ocrx_word' id='word_1_281' title='bbox 412 4174 542 4230; x_wconf 88' lang='lat' dir='ltr'>tres</span> <span class='ocrx_word' id='word_1_282' title='bbox 587 4167 778 4244; x_wconf 82' lang='lat' dir='ltr'>filios,</span> <span class='ocrx_word' id='word_1_283' title='bbox 808 4189 886 4232; x_wconf 82' lang='lat' dir='ltr'>ex</span> <span class='ocrx_word' id='word_1_284' title='bbox 932 4171 1160 4249; x_wconf 90' lang='lat' dir='ltr'>quihus</span> <span class='ocrx_word' id='word_1_285' title='bbox 1193 4173 1472 4236; x_wconf 89' lang='lat' dir='ltr'>Christus</span> <span class='ocrx_word' id='word_1_286' title='bbox 1513 4173 1927 4238; x_wconf 84' lang='lat' dir='ltr'>descenderet</span> <span class='ocrx_word' id='word_1_287' title='bbox 1949 4197 1967 4251; x_wconf 83' lang='lat'>3</span> 
     </span>
     <span class='ocr_line' id='line_1_43' title="bbox 411 4260 1972 4345; baseline 0.004 -24"><span class='ocrx_word' id='word_1_288' title='bbox 411 4278 527 4340; x_wconf 86' lang='lat' dir='ltr'>per</span> <span class='ocrx_word' id='word_1_289' title='bbox 553 4260 724 4321; x_wconf 83' lang='lat' dir='ltr'>illam</span> <span class='ocrx_word' id='word_1_290' title='bbox 753 4262 1163 4325; x_wconf 88' lang='lat' dir='ltr'>merebantur</span> <span class='ocrx_word' id='word_1_291' title='bbox 1189 4265 1399 4345; x_wconf 89' lang='lat' dir='ltr'>aliquo</span> <span class='ocrx_word' id='word_1_292' title='bbox 1425 4266 1613 4328; x_wconf 89' lang='lat' dir='ltr'>modo</span> <span class='ocrx_word' id='word_1_293' title='bbox 1646 4268 1972 4330; x_wconf 86' lang='lat' dir='ltr'>exhibitio·</span> 
     </span>
     <span class='ocr_line' id='line_1_44' title="bbox 413 4353 1973 4440; baseline 0.007 -29"><span class='ocrx_word' id='word_1_294' title='bbox 413 4369 560 4412; x_wconf 88' lang='lat' dir='ltr'>nem</span> <span class='ocrx_word' id='word_1_295' title='bbox 604 4353 757 4414; x_wconf 83' lang='lat' dir='ltr'>tanti</span> <span class='ocrx_word' id='word_1_296' title='bbox 790 4355 1116 4434; x_wconf 83' lang='lat' dir='ltr'>mysterii;</span> <span class='ocrx_word' id='word_1_297' title='bbox 1146 4375 1263 4438; x_wconf 89' lang='lat' dir='ltr'>per</span> <span class='ocrx_word' id='word_1_298' title='bbox 1293 4359 1466 4419; x_wconf 88' lang='lat' dir='ltr'>illam</span> <span class='ocrx_word' id='word_1_299' title='bbox 1517 4359 1790 4438; x_wconf 88' lang='lat' dir='ltr'>denique</span> <span class='ocrx_word' id='word_1_300' title='bbox 1837 4361 1973 4440; x_wconf 78' lang='lat' dir='ltr'>ipsa</span> 
     </span>
     <span class='ocr_line' id='line_1_45' title="bbox 413 4445 1975 4536; baseline 0.008 -31"><span class='ocrx_word' id='word_1_301' title='bbox 413 4445 780 4507; x_wconf 86' lang='lat' dir='ltr'>beatissima</span> <span class='ocrx_word' id='word_1_302' title='bbox 801 4447 992 4528; x_wconf 83' lang='lat' dir='ltr'>Virgo</span> <span class='ocrx_word' id='word_1_303' title='bbox 1019 4448 1322 4529; x_wconf 89' lang='lat' dir='ltr'>disposita</span> <span class='ocrx_word' id='word_1_304' title='bbox 1341 4452 1372 4512; x_wconf 86' lang='lat' dir='ltr'><strong>f</strong></span> <span class='ocrx_word' id='word_1_305' title='bbox 1373 4452 1480 4528; x_wconf 89' lang='lat' dir='ltr'>uit,</span> <span class='ocrx_word' id='word_1_306' title='bbox 1499 4459 1568 4515; x_wconf 90' lang='lat' dir='ltr'>ut</span> <span class='ocrx_word' id='word_1_307' title='bbox 1593 4459 1753 4516; x_wconf 85' lang='lat' dir='ltr'>esset</span> <span class='ocrx_word' id='word_1_308' title='bbox 1781 4454 1975 4536; x_wconf 83' lang='lat' dir='ltr'>digna</span> 
     </span>
     <span class='ocr_line' id='line_1_46' title="bbox 413 4539 1973 4628; baseline 0.01 -30"><span class='ocrx_word' id='word_1_309' title='bbox 413 4539 522 4600; x_wconf 89' lang='lat' dir='ltr'>Dei</span> <span class='ocrx_word' id='word_1_310' title='bbox 552 4539 772 4602; x_wconf 87' lang='lat' dir='ltr'>Mater.</span> <span class='ocrx_word' id='word_1_311' title='bbox 805 4539 937 4602; x_wconf 90' lang='lat' dir='ltr'>Hac</span> <span class='ocrx_word' id='word_1_312' title='bbox 964 4541 1326 4626; x_wconf 82' lang='lat' dir='ltr'>difficultate</span> <span class='ocrx_word' id='word_1_313' title='bbox 1355 4552 1715 4628; x_wconf 87' lang='lat' dir='ltr'>superatus,</span> <span class='ocrx_word' id='word_1_314' title='bbox 1747 4549 1973 4612; x_wconf 88' lang='lat' dir='ltr'>Driedo</span> 
     </span>
     <span class='ocr_line' id='line_1_47' title="bbox 415 4631 1977 4722; baseline 0.006 -28"><span class='ocrx_word' id='word_1_315' title='bbox 415 4631 594 4708; x_wconf 84' lang='lat' dir='ltr'>dixit,</span> <span class='ocrx_word' id='word_1_316' title='bbox 632 4650 740 4696; x_wconf 90' lang='lat' dir='ltr'>eas</span> <span class='ocrx_word' id='word_1_317' title='bbox 782 4636 1298 4713; x_wconf 73' lang='lat' dir='ltr'>praeparationes,</span> <span class='ocrx_word' id='word_1_318' title='bbox 1343 4655 1502 4718; x_wconf 87' lang='lat' dir='ltr'>quas</span> <span class='ocrx_word' id='word_1_319' title='bbox 1531 4640 1744 4702; x_wconf 83' lang='lat' dir='ltr'>divina</span> <span class='ocrx_word' id='word_1_320' title='bbox 1776 4643 1977 4722; x_wconf 86' lang='lat' dir='ltr'>gratia</span> 
     </span>
     <span class='ocr_line' id='line_1_48' title="bbox 417 4725 1977 4813; baseline 0.008 -27"><span class='ocrx_word' id='word_1_321' title='bbox 417 4725 623 4787; x_wconf 83' lang='lat' dir='ltr'>effecit</span> <span class='ocrx_word' id='word_1_322' title='bbox 663 4732 854 4806; x_wconf 84' lang='lat' dir='ltr'>atque</span> <span class='ocrx_word' id='word_1_323' title='bbox 904 4729 1201 4806; x_wconf 64' lang='lat' dir='ltr'>praemisit</span> <span class='ocrx_word' id='word_1_324' title='bbox 1233 4731 1298 4792; x_wconf 90' lang='lat' dir='ltr'>in</span> <span class='ocrx_word' id='word_1_325' title='bbox 1340 4733 1574 4813; x_wconf 87' lang='lat' dir='ltr'>populo</span> <span class='ocrx_word' id='word_1_326' title='bbox 1615 4753 1768 4812; x_wconf 90' lang='lat' dir='ltr'>suo,</span> <span class='ocrx_word' id='word_1_327' title='bbox 1800 4745 1866 4797; x_wconf 88' lang='lat' dir='ltr'>ut</span> <span class='ocrx_word' id='word_1_328' title='bbox 1896 4755 1977 4798; x_wconf 82' lang='lat' dir='ltr'>ex</span> 
     </span>
     <span class='ocr_line' id='line_1_49' title="bbox 417 4819 1973 4905; baseline 0.008 -27"><span class='ocrx_word' id='word_1_329' title='bbox 417 4819 521 4878; x_wconf 88' lang='lat' dir='ltr'>illo</span> <span class='ocrx_word' id='word_1_330' title='bbox 551 4819 832 4880; x_wconf 87' lang='lat' dir='ltr'>Christus</span> <span class='ocrx_word' id='word_1_331' title='bbox 860 4829 1250 4900; x_wconf 89' lang='lat' dir='ltr'>nasceretur,</span> <span class='ocrx_word' id='word_1_332' title='bbox 1279 4843 1418 4888; x_wconf 89' lang='lat' dir='ltr'>esse</span> <span class='ocrx_word' id='word_1_333' title='bbox 1457 4827 1716 4905; x_wconf 88' lang='lat' dir='ltr'>quidem</span> <span class='ocrx_word' id='word_1_334' title='bbox 1745 4828 1973 4891; x_wconf 62' lang='lat' dir='ltr'>divinae</span> 
     </span>
     <span class='ocr_line' id='line_1_50' title="bbox 417 4911 1976 4989; baseline 0.011 -20"><span class='ocrx_word' id='word_1_335' title='bbox 417 4911 633 4989; x_wconf 62' lang='lat' dir='ltr'>gratia}</span> <span class='ocrx_word' id='word_1_336' title='bbox 663 4912 851 4988; x_wconf 87' lang='lat' dir='ltr'>dona,</span> <span class='ocrx_word' id='word_1_337' title='bbox 876 4913 940 4974; x_wconf 91' lang='lat' dir='ltr'>in</span> <span class='ocrx_word' id='word_1_338' title='bbox 971 4915 1282 4978; x_wconf 87' lang='lat' dir='ltr'>Christum</span> <span class='ocrx_word' id='word_1_339' title='bbox 1312 4924 1382 4980; x_wconf 89' lang='lat' dir='ltr'>ut</span> <span class='ocrx_word' id='word_1_340' title='bbox 1412 4917 1476 4980; x_wconf 89' lang='lat' dir='ltr'>in</span> <span class='ocrx_word' id='word_1_341' title='bbox 1504 4919 1697 4982; x_wconf 87' lang='lat' dir='ltr'>finem</span> <span class='ocrx_word' id='word_1_342' title='bbox 1728 4922 1976 4986; x_wconf 88' lang='lat' dir='ltr'>ordina-</span> 
     </span>
     <span class='ocr_line' id='line_1_51' title="bbox 417 5009 1977 5090; baseline 0.009 -28"><span class='ocrx_word' id='word_1_343' title='bbox 417 5009 502 5076; x_wconf 88' lang='lat' dir='ltr'>ta,</span> <span class='ocrx_word' id='word_1_344' title='bbox 548 5021 679 5065; x_wconf 89' lang='lat' dir='ltr'>non</span> <span class='ocrx_word' id='word_1_345' title='bbox 727 5009 938 5067; x_wconf 88' lang='lat' dir='ltr'>tamen</span> <span class='ocrx_word' id='word_1_346' title='bbox 985 5014 1242 5088; x_wconf 89' lang='lat' dir='ltr'>propter</span> <span class='ocrx_word' id='word_1_347' title='bbox 1290 5009 1427 5090; x_wconf 84' lang='lat' dir='ltr'>ejus</span> <span class='ocrx_word' id='word_1_348' title='bbox 1467 5013 1690 5076; x_wconf 81' lang='lat' dir='ltr'>merita</span> <span class='ocrx_word' id='word_1_349' title='bbox 1723 5014 1977 5078; x_wconf 83' lang='lat' dir='ltr'>collata.‘</span> 
     </span>
     <span class='ocr_line' id='line_1_52' title="bbox 419 5095 1979 5188; baseline 0.008 -30"><span class='ocrx_word' id='word_1_350' title='bbox 419 5095 543 5158; x_wconf 88' lang='lat' dir='ltr'>Sed</span> <span class='ocrx_word' id='word_1_351' title='bbox 571 5103 665 5158; x_wconf 85' lang='lat' dir='ltr'>est</span> <span class='ocrx_word' id='word_1_352' title='bbox 690 5096 1099 5161; x_wconf 85' lang='lat' dir='ltr'>intolerabilis</span> <span class='ocrx_word' id='word_1_353' title='bbox 1135 5103 1472 5181; x_wconf 87' lang='lat' dir='ltr'>sententia,</span> <span class='ocrx_word' id='word_1_354' title='bbox 1499 5106 1652 5168; x_wconf 84' lang='lat' dir='ltr'>alias</span> <span class='ocrx_word' id='word_1_355' title='bbox 1691 5125 1810 5170; x_wconf 87' lang='lat' dir='ltr'>nec</span> <span class='ocrx_word' id='word_1_356' title='bbox 1846 5109 1979 5188; x_wconf 87' lang='lat' dir='ltr'>pri-</span> 
     </span>
     <span class='ocr_line' id='line_1_53' title="bbox 414 5190 1975 5277; baseline 0.01 -27"><span class='ocrx_word' id='word_1_357' title='bbox 414 5190 757 5268; x_wconf 25' lang='lat' dir='ltr'>mii-gratia</span> <span class='ocrx_word' id='word_1_358' title='bbox 795 5191 1214 5271; x_wconf 68' lang='lat' dir='ltr'>sanctificam,</span> <span class='ocrx_word' id='word_1_359' title='bbox 1257 5213 1376 5258; x_wconf 89' lang='lat' dir='ltr'>nec</span> <span class='ocrx_word' id='word_1_360' title='bbox 1413 5202 1810 5277; x_wconf 70' lang='lat' dir='ltr'>pressei-vatio</span> <span class='ocrx_word' id='word_1_361' title='bbox 1840 5203 1975 5266; x_wconf 86' lang='lat' dir='ltr'>Vir-</span> 
     </span>
     <span class='ocr_line' id='line_1_54' title="bbox 415 5282 1977 5368; baseline 0.01 -26"><span class='ocrx_word' id='word_1_362' title='bbox 415 5282 578 5361; x_wconf 85' lang='lat' dir='ltr'>ginis</span> <span class='ocrx_word' id='word_1_363' title='bbox 627 5285 708 5344; x_wconf 90' lang='lat' dir='ltr'>ab</span> <span class='ocrx_word' id='word_1_364' title='bbox 761 5284 1052 5364; x_wconf 84' lang='lat' dir='ltr'>originali</span> <span class='ocrx_word' id='word_1_365' title='bbox 1101 5292 1357 5368; x_wconf 87' lang='lat' dir='ltr'>peccato</span> <span class='ocrx_word' id='word_1_366' title='bbox 1403 5299 1566 5354; x_wconf 87' lang='lat' dir='ltr'>esset</span> <span class='ocrx_word' id='word_1_367' title='bbox 1613 5311 1690 5354; x_wconf 82' lang='lat' dir='ltr'>ex</span> <span class='ocrx_word' id='word_1_368' title='bbox 1733 5295 1977 5358; x_wconf 80' lang='lat' dir='ltr'>meritis</span> 
     </span>
     <span class='ocr_line' id='line_1_55' title="bbox 415 5372 1977 5459; baseline 0.011 -25"><span class='ocrx_word' id='word_1_369' title='bbox 415 5372 659 5452; x_wconf 84' lang='lat' dir='ltr'>Christi,</span> <span class='ocrx_word' id='word_1_370' title='bbox 685 5377 854 5456; x_wconf 91' lang='lat' dir='ltr'>quod</span> <span class='ocrx_word' id='word_1_371' title='bbox 879 5394 1220 5442; x_wconf 89' lang='lat' dir='ltr'>erroneum</span> <span class='ocrx_word' id='word_1_372' title='bbox 1249 5389 1342 5445; x_wconf 90' lang='lat' dir='ltr'>est</span> <span class='ocrx_word' id='word_1_373' title='bbox 1365 5403 1381 5459; x_wconf 90' lang='lat'>;</span> <span class='ocrx_word' id='word_1_374' title='bbox 1411 5384 1526 5446; x_wconf 89' lang='lat' dir='ltr'>sed</span> <span class='ocrx_word' id='word_1_375' title='bbox 1554 5386 1632 5450; x_wconf 90' lang='lat' dir='ltr'>de</span> <span class='ocrx_word' id='word_1_376' title='bbox 1661 5390 1977 5451; x_wconf 85' lang='lat' dir='ltr'>sententia</span> 
     </span>
     <span class='ocr_line' id='line_1_56' title="bbox 417 5463 1979 5562; baseline 0.013 -36"><span class='ocrx_word' id='word_1_377' title='bbox 417 5463 745 5532; x_wconf 82' lang='lat' dir='ltr'>Driedonis</span> <span class='ocrx_word' id='word_1_378' title='bbox 784 5470 968 5551; x_wconf 87' lang='lat' dir='ltr'>plura</span> <span class='ocrx_word' id='word_1_379' title='bbox 1023 5471 1088 5534; x_wconf 90' lang='lat' dir='ltr'>in</span> <span class='ocrx_word' id='word_1_380' title='bbox 1129 5481 1441 5558; x_wconf 66' lang='lat' dir='ltr'>sect-‚seq</span> <span class='ocrx_word' id='word_1_381' title='bbox 1490 5480 1666 5542; x_wconf 86' lang='lat' dir='ltr'>Nunc</span> <span class='ocrx_word' id='word_1_382' title='bbox 1701 5499 1979 5562; x_wconf 78' lang='lat' dir='ltr'>praesens</span> 
     </span>
    </p>
   </div>
   <div class='ocr_carea' id='block_1_3' title="bbox 1621 331 2375 396">
    <p class='ocr_par' dir='ltr' id='par_1_5' title="bbox 1621 331 2375 396">
     <span class='ocr_line' id='line_1_57' title="bbox 1621 331 2375 396; baseline -0.005 -10"><span class='ocrx_word' id='word_1_383' title='bbox 1621 331 1856 396; x_wconf 75' lang='lat' dir='ltr'><strong>QUAEST.</strong></span> <span class='ocrx_word' id='word_1_384' title='bbox 1891 331 2019 384; x_wconf 72' lang='lat' dir='ltr'>xix.</span> <span class='ocrx_word' id='word_1_385' title='bbox 2058 331 2257 386; x_wconf 63' lang='lat' dir='ltr'>Alme.</span> <span class='ocrx_word' id='word_1_386' title='bbox 2294 332 2375 384; x_wconf 80' lang='lat' dir='ltr'>w.</span> 
     </span>
    </p>
   </div>
   <div class='ocr_carea' id='block_1_4' title="bbox 2044 429 3651 5564">
    <p class='ocr_par' dir='ltr' id='par_1_6' title="bbox 2044 429 3623 2088">
     <span class='ocr_line' id='line_1_58' title="bbox 2046 429 3591 512; baseline -0.003 -16"><span class='ocrx_word' id='word_1_387' title='bbox 2046 434 2345 512; x_wconf 83' lang='lat' dir='ltr'>objectio,</span> <span class='ocrx_word' id='word_1_388' title='bbox 2372 433 2424 494; x_wconf 90' lang='lat' dir='ltr'>si</span> <span class='ocrx_word' id='word_1_389' title='bbox 2456 429 2931 506; x_wconf 80' lang='lat' dir='ltr'>meminerimus</span> <span class='ocrx_word' id='word_1_390' title='bbox 2960 445 3185 492; x_wconf 87' lang='lat' dir='ltr'>eorum</span> <span class='ocrx_word' id='word_1_391' title='bbox 3213 445 3367 508; x_wconf 76' lang='lat' dir='ltr'>quae</span> <span class='ocrx_word' id='word_1_392' title='bbox 3402 445 3591 508; x_wconf 75' lang='lat' dir='ltr'>supra,</span> 
     </span>
     <span class='ocr_line' id='line_1_59' title="bbox 2046 521 3594 606; baseline -0.005 -16"><span class='ocrx_word' id='word_1_393' title='bbox 2046 545 2107 606; x_wconf 91' lang='lat' dir='ltr'>q.</span> <span class='ocrx_word' id='word_1_394' title='bbox 2138 533 2195 602; x_wconf 79' lang='lat'>1,</span> <span class='ocrx_word' id='word_1_395' title='bbox 2236 534 2350 590; x_wconf 84' lang='lat' dir='ltr'>art.</span> <span class='ocrx_word' id='word_1_396' title='bbox 2382 529 2438 600; x_wconf 71' lang='grc'>3,</span> <span class='ocrx_word' id='word_1_397' title='bbox 2474 531 2737 586; x_wconf 81' lang='lat' dir='ltr'>tractata</span> <span class='ocrx_word' id='word_1_398' title='bbox 2768 530 2936 598; x_wconf 84' lang='lat' dir='ltr'>sunt,</span> <span class='ocrx_word' id='word_1_399' title='bbox 2968 523 3155 586; x_wconf 78' lang='lat' dir='ltr'>facile</span> <span class='ocrx_word' id='word_1_400' title='bbox 3186 521 3471 600; x_wconf 77' lang='lat' dir='ltr'>expediri</span> <span class='ocrx_word' id='word_1_401' title='bbox 3501 541 3594 602; x_wconf 82' lang='lat' dir='ltr'>po-</span> 
     </span>
     <span class='ocr_line' id='line_1_60' title="bbox 2046 615 3595 700; baseline -0.003 -16"><span class='ocrx_word' id='word_1_402' title='bbox 2046 625 2204 698; x_wconf 84' lang='lat' dir='ltr'>test3</span> <span class='ocrx_word' id='word_1_403' title='bbox 2236 620 2463 700; x_wconf 83' lang='lat' dir='ltr'>prohat</span> <span class='ocrx_word' id='word_1_404' title='bbox 2502 617 2669 680; x_wconf 83' lang='lat' dir='ltr'>enim</span> <span class='ocrx_word' id='word_1_405' title='bbox 2697 661 2718 692; x_wconf 90' lang='lat'><em>‚</em></span> <span class='ocrx_word' id='word_1_406' title='bbox 2760 617 2987 680; x_wconf 82' lang='lat' dir='ltr'>ordine</span> <span class='ocrx_word' id='word_1_407' title='bbox 3014 615 3419 680; x_wconf 78' lang='lat' dir='ltr'>executionis</span> <span class='ocrx_word' id='word_1_408' title='bbox 3444 615 3595 680; x_wconf 80' lang='lat' dir='ltr'>illam</span> 
     </span>
     <span class='ocr_line' id='line_1_61' title="bbox 2046 709 3599 795; baseline -0.003 -19"><span class='ocrx_word' id='word_1_409' title='bbox 2046 715 2313 795; x_wconf 79' lang='lat' dir='ltr'>gratiam</span> <span class='ocrx_word' id='word_1_410' title='bbox 2342 714 2537 778; x_wconf 83' lang='lat' dir='ltr'>fuisse</span> <span class='ocrx_word' id='word_1_411' title='bbox 2565 711 2839 793; x_wconf 83' lang='lat' dir='ltr'>priorem</span> <span class='ocrx_word' id='word_1_412' title='bbox 2879 729 3073 792; x_wconf 85' lang='lat' dir='ltr'>quam</span> <span class='ocrx_word' id='word_1_413' title='bbox 3108 709 3599 774; x_wconf 79' lang='lat' dir='ltr'>incarnationem</span> 
     </span>
     <span class='ocr_line' id='line_1_62' title="bbox 2044 802 3603 888; baseline -0.004 -18"><span class='ocrx_word' id='word_1_414' title='bbox 2044 809 2282 888; x_wconf 85' lang='lat' dir='ltr'>ipsam;</span> <span class='ocrx_word' id='word_1_415' title='bbox 2308 814 2497 888; x_wconf 85' lang='lat' dir='ltr'>atquo</span> <span class='ocrx_word' id='word_1_416' title='bbox 2526 806 2709 880; x_wconf 86' lang='lat' dir='ltr'>adeo,</span> <span class='ocrx_word' id='word_1_417' title='bbox 2736 805 2789 868; x_wconf 89' lang='lat' dir='ltr'>si</span> <span class='ocrx_word' id='word_1_418' title='bbox 2819 805 3306 869; x_wconf 79' lang='lat' dir='ltr'>consideremus</span> <span class='ocrx_word' id='word_1_419' title='bbox 3334 802 3603 883; x_wconf 76' lang='lat' dir='ltr'>Deiprre-</span> 
     </span>
     <span class='ocr_line' id='line_1_63' title="bbox 2048 898 3604 978; baseline -0.003 -16"><span class='ocrx_word' id='word_1_420' title='bbox 2048 903 2399 978; x_wconf 84' lang='lat' dir='ltr'>scientiam,</span> <span class='ocrx_word' id='word_1_421' title='bbox 2422 905 2667 964; x_wconf 87' lang='lat' dir='ltr'>tantum</span> <span class='ocrx_word' id='word_1_422' title='bbox 2698 903 2766 961; x_wconf 87' lang='lat' dir='ltr'>ut</span> <span class='ocrx_word' id='word_1_423' title='bbox 2792 900 3151 962; x_wconf 84' lang='lat' dir='ltr'>intuentem.</span> <span class='ocrx_word' id='word_1_424' title='bbox 3169 915 3306 971; x_wconf 71' lang='lat' dir='ltr'>ree,</span> <span class='ocrx_word' id='word_1_425' title='bbox 3327 903 3525 977; x_wconf 70' lang='lat' dir='ltr'>prout</span> <span class='ocrx_word' id='word_1_426' title='bbox 3550 898 3604 958; x_wconf 83' lang='lat' dir='ltr'>iu</span> 
     </span>
     <span class='ocr_line' id='line_1_64' title="bbox 2048 989 3605 1068; baseline -0.001 -12"><span class='ocrx_word' id='word_1_427' title='bbox 2048 993 2414 1056; x_wconf 81' lang='lat' dir='ltr'>executione</span> <span class='ocrx_word' id='word_1_428' title='bbox 2438 993 2623 1068; x_wconf 88' lang='lat' dir='ltr'>finnt,</span> <span class='ocrx_word' id='word_1_429' title='bbox 2640 993 2731 1054; x_wconf 80' lang='lat' dir='ltr'>sic</span> <span class='ocrx_word' id='word_1_430' title='bbox 2752 993 2975 1056; x_wconf 78' lang='lat' dir='ltr'>merita</span> <span class='ocrx_word' id='word_1_431' title='bbox 3002 991 3231 1056; x_wconf 77' lang='lat' dir='ltr'>Christi</span> <span class='ocrx_word' id='word_1_432' title='bbox 3262 1008 3403 1054; x_wconf 83' lang='lat' dir='ltr'>non</span> <span class='ocrx_word' id='word_1_433' title='bbox 3429 989 3605 1054; x_wconf 67' lang='lat' dir='ltr'>misse</span> 
     </span>
     <span class='ocr_line' id='line_1_65' title="bbox 2046 1085 3609 1168; baseline -0.003 -18"><span class='ocrx_word' id='word_1_434' title='bbox 2046 1087 2225 1168; x_wconf 86' lang='lat' dir='ltr'>prius</span> <span class='ocrx_word' id='word_1_435' title='bbox 2250 1087 2600 1150; x_wconf 87' lang='lat' dir='ltr'>secundum</span> <span class='ocrx_word' id='word_1_436' title='bbox 2616 1085 2929 1148; x_wconf 85' lang='lat' dir='ltr'>rationem</span> <span class='ocrx_word' id='word_1_437' title='bbox 2950 1085 3463 1166; x_wconf 71' lang='lat' dir='ltr'>praevisa,qnam</span> <span class='ocrx_word' id='word_1_438' title='bbox 3486 1101 3609 1162; x_wconf 83' lang='lat' dir='ltr'>gra-</span> 
     </span>
     <span class='ocr_line' id='line_1_66' title="bbox 2048 1175 3605 1259; baseline -0.003 -15"><span class='ocrx_word' id='word_1_439' title='bbox 2048 1182 2200 1244; x_wconf 87' lang='lat' dir='ltr'>tiam</span> <span class='ocrx_word' id='word_1_440' title='bbox 2228 1181 2631 1259; x_wconf 84' lang='lat' dir='ltr'>antiquorum</span> <span class='ocrx_word' id='word_1_441' title='bbox 2664 1179 2955 1253; x_wconf 81' lang='lat' dir='ltr'>Patrum3</span> <span class='ocrx_word' id='word_1_442' title='bbox 2990 1184 3211 1242; x_wconf 83' lang='lat' dir='ltr'>tamen</span> <span class='ocrx_word' id='word_1_443' title='bbox 3262 1175 3605 1241; x_wconf 78' lang='lat' dir='ltr'>secuudum</span> 
     </span>
     <span class='ocr_line' id='line_1_67' title="bbox 2048 1269 3610 1352; baseline -0.004 -14"><span class='ocrx_word' id='word_1_444' title='bbox 2048 1276 2338 1339; x_wconf 87' lang='lat' dir='ltr'>ordinem</span> <span class='ocrx_word' id='word_1_445' title='bbox 2364 1274 2729 1338; x_wconf 87' lang='lat' dir='ltr'>intentionis</span> <span class='ocrx_word' id='word_1_446' title='bbox 2774 1279 2837 1336; x_wconf 89' lang='lat' dir='ltr'>et</span> <span class='ocrx_word' id='word_1_447' title='bbox 2884 1273 3111 1336; x_wconf 73' lang='lat' dir='ltr'>divinoe</span> <span class='ocrx_word' id='word_1_448' title='bbox 3158 1269 3610 1352; x_wconf 74' lang='lat' dir='ltr'>praedefinitio-</span> 
     </span>
     <span class='ocr_line' id='line_1_68' title="bbox 2048 1364 3610 1448; baseline -0.004 -16"><span class='ocrx_word' id='word_1_449' title='bbox 2048 1370 2183 1446; x_wconf 84' lang='lat' dir='ltr'>nis,</span> <span class='ocrx_word' id='word_1_450' title='bbox 2212 1388 2339 1448; x_wconf 89' lang='lat' dir='ltr'>qua</span> <span class='ocrx_word' id='word_1_451' title='bbox 2384 1369 2557 1432; x_wconf 88' lang='lat' dir='ltr'>Deus</span> <span class='ocrx_word' id='word_1_452' title='bbox 2602 1367 2821 1430; x_wconf 77' lang='lat' dir='ltr'>statuit</span> <span class='ocrx_word' id='word_1_453' title='bbox 2864 1384 3089 1428; x_wconf 86' lang='lat' dir='ltr'>omnes</span> <span class='ocrx_word' id='word_1_454' title='bbox 3120 1364 3433 1428; x_wconf 80' lang='lat' dir='ltr'>homines</span> <span class='ocrx_word' id='word_1_455' title='bbox 3458 1364 3610 1426; x_wconf 86' lang='lat' dir='ltr'>redi-</span> 
     </span>
     <span class='ocr_line' id='line_1_69' title="bbox 2048 1457 3613 1542; baseline -0.001 -17"><span class='ocrx_word' id='word_1_456' title='bbox 2048 1481 2221 1526; x_wconf 87' lang='lat' dir='ltr'>mere</span> <span class='ocrx_word' id='word_1_457' title='bbox 2272 1481 2388 1542; x_wconf 80' lang='lat' dir='ltr'>per</span> <span class='ocrx_word' id='word_1_458' title='bbox 2432 1457 2655 1522; x_wconf 88' lang='lat' dir='ltr'>Christi</span> <span class='ocrx_word' id='word_1_459' title='bbox 2704 1460 3023 1536; x_wconf 81' lang='lat' dir='ltr'>meritum,</span> <span class='ocrx_word' id='word_1_460' title='bbox 3063 1460 3420 1522; x_wconf 68' lang='lat' dir='ltr'>antecessit</span> <span class='ocrx_word' id='word_1_461' title='bbox 3470 1475 3613 1538; x_wconf 70' lang='lat' dir='ltr'><strong>111·ae-</strong></span> 
     </span>
     <span class='ocr_line' id='line_1_70' title="bbox 2048 1552 3613 1633; baseline -0.003 -15"><span class='ocrx_word' id='word_1_462' title='bbox 2048 1556 2311 1620; x_wconf 84' lang='lat' dir='ltr'>scientia</span> <span class='ocrx_word' id='word_1_463' title='bbox 2352 1555 2722 1618; x_wconf 86' lang='lat' dir='ltr'>meritorum</span> <span class='ocrx_word' id='word_1_464' title='bbox 2750 1552 3002 1628; x_wconf 87' lang='lat' dir='ltr'>Christi,</span> <span class='ocrx_word' id='word_1_465' title='bbox 3044 1558 3312 1633; x_wconf 80' lang='lat' dir='ltr'>propter</span> <span class='ocrx_word' id='word_1_466' title='bbox 3337 1570 3491 1631; x_wconf 66' lang='lat' dir='ltr'>quie</span> <span class='ocrx_word' id='word_1_467' title='bbox 3536 1553 3613 1613; x_wconf 80' lang='lat' dir='ltr'>sic</span> 
     </span>
     <span class='ocr_line' id='line_1_71' title="bbox 2048 1646 3616 1730; baseline -0.004 -18"><span class='ocrx_word' id='word_1_468' title='bbox 2048 1650 2313 1730; x_wconf 72' lang='lat' dir='ltr'>praevisa</span> <span class='ocrx_word' id='word_1_469' title='bbox 2342 1649 2559 1713; x_wconf 87' lang='lat' dir='ltr'>statuit</span> <span class='ocrx_word' id='word_1_470' title='bbox 2602 1649 2755 1710; x_wconf 85' lang='lat' dir='ltr'>dare</span> <span class='ocrx_word' id='word_1_471' title='bbox 2801 1647 3073 1726; x_wconf 83' lang='lat' dir='ltr'>gratiam</span> <span class='ocrx_word' id='word_1_472' title='bbox 3108 1646 3397 1724; x_wconf 84' lang='lat' dir='ltr'>antiquis</span> <span class='ocrx_word' id='word_1_473' title='bbox 3426 1647 3616 1708; x_wconf 85' lang='lat' dir='ltr'>Patri-</span> 
     </span>
     <span class='ocr_line' id='line_1_72' title="bbox 2046 1739 3619 1822; baseline -0.004 -16"><span class='ocrx_word' id='word_1_474' title='bbox 2046 1745 2189 1820; x_wconf 89' lang='lat' dir='ltr'>bus,</span> <span class='ocrx_word' id='word_1_475' title='bbox 2220 1750 2284 1806; x_wconf 90' lang='lat' dir='ltr'>et</span> <span class='ocrx_word' id='word_1_476' title='bbox 2320 1743 2545 1806; x_wconf 85' lang='lat' dir='ltr'>merita</span> <span class='ocrx_word' id='word_1_477' title='bbox 2572 1741 3009 1822; x_wconf 78' lang='lat' dir='ltr'>congruentia,</span> <span class='ocrx_word' id='word_1_478' title='bbox 3036 1747 3107 1802; x_wconf 84' lang='lat' dir='ltr'>ut</span> <span class='ocrx_word' id='word_1_479' title='bbox 3152 1758 3301 1804; x_wconf 84' lang='lat' dir='ltr'>sese</span> <span class='ocrx_word' id='word_1_480' title='bbox 3356 1739 3445 1802; x_wconf 84' lang='lat' dir='ltr'>ad</span> <span class='ocrx_word' id='word_1_481' title='bbox 3492 1746 3619 1802; x_wconf 80' lang='lat' dir='ltr'>tau-</span> 
     </span>
     <span class='ocr_line' id='line_1_73' title="bbox 2044 1833 3616 1916; baseline -0.003 -17"><span class='ocrx_word' id='word_1_482' title='bbox 2044 1844 2183 1899; x_wconf 88' lang='lat' dir='ltr'>tum</span> <span class='ocrx_word' id='word_1_483' title='bbox 2226 1834 2620 1916; x_wconf 79' lang='lat' dir='ltr'>mysterium·</span> <span class='ocrx_word' id='word_1_484' title='bbox 2655 1833 3126 1914; x_wconf 82' lang='lat' dir='ltr'>suscipiendum</span> <span class='ocrx_word' id='word_1_485' title='bbox 3174 1833 3616 1913; x_wconf 78' lang='lat' dir='ltr'>disponerent,</span> 
     </span>
     <span class='ocr_line' id='line_1_74' title="bbox 2046 1927 3623 2010; baseline -0.003 -17"><span class='ocrx_word' id='word_1_486' title='bbox 2046 1937 2116 1993; x_wconf 87' lang='lat' dir='ltr'>ut</span> <span class='ocrx_word' id='word_1_487' title='bbox 2137 1936 2355 2010; x_wconf 81' lang='lat' dir='ltr'>quaest.</span> <span class='ocrx_word' id='word_1_488' title='bbox 2380 1931 2573 1992; x_wconf 85' lang='lat' dir='ltr'>etiam</span> <span class='ocrx_word' id='word_1_489' title='bbox 2592 1931 2655 2002; x_wconf 77' lang='lat'>2,</span> <span class='ocrx_word' id='word_1_490' title='bbox 2682 1936 2797 1993; x_wconf 80' lang='lat' dir='ltr'>art.</span> <span class='ocrx_word' id='word_1_491' title='bbox 2830 1932 2859 1990; x_wconf 76' lang='lat'><strong>1</strong></span> <span class='ocrx_word' id='word_1_492' title='bbox 2874 1933 2896 1990; x_wconf 76' lang='lat'><strong>1</strong></span> <span class='ocrx_word' id='word_1_493' title='bbox 2908 1969 2930 2004; x_wconf 89' lang='lat'>,</span> <span class='ocrx_word' id='word_1_494' title='bbox 2946 1927 3337 2009; x_wconf 84' lang='lat' dir='ltr'>explicatum</span> <span class='ocrx_word' id='word_1_495' title='bbox 3356 1927 3623 2007; x_wconf 76' lang='lat' dir='ltr'>reliqui-</span> 
     </span>
     <span class='ocr_line' id='line_1_75' title="bbox 2044 2043 2210 2088; baseline 0 -2"><span class='ocrx_word' id='word_1_496' title='bbox 2044 2043 2210 2088; x_wconf 77' lang='lat' dir='ltr'>mus·</span> 
     </span>
    </p>

    <p class='ocr_par' dir='ltr' id='par_1_7' title="bbox 2045 2114 3651 4332">
     <span class='ocr_line' id='line_1_76' title="bbox 2126 2114 3627 2198; baseline -0.004 -18"><span class='ocrx_word' id='word_1_497' title='bbox 2126 2121 2227 2180; x_wconf 76' lang='lat' dir='ltr'>to.</span> <span class='ocrx_word' id='word_1_498' title='bbox 2248 2116 2515 2198; x_wconf 72' lang='lat' dir='ltr'>objectio</span> <span class='ocrx_word' id='word_1_499' title='bbox 2539 2117 2746 2182; x_wconf 58' lang='lat' dir='ltr'>tatia.</span> <span class='ocrx_word' id='word_1_500' title='bbox 2770 2115 2998 2182; x_wconf 84' lang='lat' dir='ltr'>-Sed</span> <span class='ocrx_word' id='word_1_501' title='bbox 3016 2116 3285 2180; x_wconf 82' lang='lat' dir='ltr'>ulterius</span> <span class='ocrx_word' id='word_1_502' title='bbox 3314 2115 3493 2178; x_wconf 76' lang='lat' dir='ltr'>dicet</span> <span class='ocrx_word' id='word_1_503' title='bbox 3514 2114 3627 2175; x_wconf 84' lang='lat' dir='ltr'>ali-</span> 
     </span>
     <span class='ocr_line' id='line_1_77' title="bbox 2046 2209 3629 2290; baseline -0.002 -17"><span class='ocrx_word' id='word_1_504' title='bbox 2046 2212 2209 2290; x_wconf 87' lang='lat' dir='ltr'>quis,</span> <span class='ocrx_word' id='word_1_505' title='bbox 2238 2212 2289 2272; x_wconf 89' lang='lat' dir='ltr'>si</span> <span class='ocrx_word' id='word_1_506' title='bbox 2316 2210 2518 2290; x_wconf 86' lang='lat' dir='ltr'>gratia</span> <span class='ocrx_word' id='word_1_507' title='bbox 2558 2210 2703 2272; x_wconf 83' lang='lat' dir='ltr'>data</span> <span class='ocrx_word' id='word_1_508' title='bbox 2750 2211 2869 2272; x_wconf 79' lang='lat' dir='ltr'>fuit</span> <span class='ocrx_word' id='word_1_509' title='bbox 2898 2210 3175 2290; x_wconf 85' lang='lat' dir='ltr'>antiquis</span> <span class='ocrx_word' id='word_1_510' title='bbox 3218 2209 3526 2273; x_wconf 69' lang='lat' dir='ltr'>Patribus-</span> <span class='ocrx_word' id='word_1_511' title='bbox 3548 2226 3629 2270; x_wconf 80' lang='lat' dir='ltr'>ex</span> 
     </span>
     <span class='ocr_line' id='line_1_78' title="bbox 2048 2301 3631 2394; baseline -0.003 -25"><span class='ocrx_word' id='word_1_512' title='bbox 2048 2304 2287 2369; x_wconf 77' lang='lat' dir='ltr'>meritis</span> <span class='ocrx_word' id='word_1_513' title='bbox 2326 2303 2553 2366; x_wconf 86' lang='lat' dir='ltr'>Christi</span> <span class='ocrx_word' id='word_1_514' title='bbox 2582 2303 2887 2394; x_wconf 60' lang='lat' dir='ltr'>Rraevisis,</span> <span class='ocrx_word' id='word_1_515' title='bbox 2934 2304 3217 2382; x_wconf 76' lang='lat' dir='ltr'>potuisse</span> <span class='ocrx_word' id='word_1_516' title='bbox 3246 2304 3451 2367; x_wconf 81' lang='lat' dir='ltr'>etiam</span> <span class='ocrx_word' id='word_1_517' title='bbox 3492 2301 3631 2364; x_wconf 78' lang='lat' dir='ltr'>dari</span> 
     </span>
     <span class='ocr_line' id='line_1_79' title="bbox 2047 2397 3633 2480; baseline -0.002 -21"><span class='ocrx_word' id='word_1_518' title='bbox 2047 2399 2344 2480; x_wconf 71' lang='lat' dir='ltr'>gloriarm</span> <span class='ocrx_word' id='word_1_519' title='bbox 2378 2415 2529 2476; x_wconf 80' lang='lat' dir='ltr'>ergo</span> <span class='ocrx_word' id='word_1_520' title='bbox 2571 2397 2747 2459; x_wconf 85' lang='lat' dir='ltr'>nulla</span> <span class='ocrx_word' id='word_1_521' title='bbox 2772 2403 2871 2460; x_wconf 83' lang='lat' dir='ltr'>est</span> <span class='ocrx_word' id='word_1_522' title='bbox 2904 2398 3065 2460; x_wconf 88' lang='lat' dir='ltr'>ratio</span> <span class='ocrx_word' id='word_1_523' title='bbox 3094 2415 3211 2459; x_wconf 87' lang='lat' dir='ltr'>cur</span> <span class='ocrx_word' id='word_1_524' title='bbox 3252 2401 3633 2476; x_wconf 67' lang='lat' dir='ltr'>expectatus</span> 
     </span>
     <span class='ocr_line' id='line_1_80' title="bbox 2045 2489 3639 2566; baseline -0.003 -12"><span class='ocrx_word' id='word_1_525' title='bbox 2045 2491 2234 2554; x_wconf 84' lang='lat' dir='ltr'>fuerit</span> <span class='ocrx_word' id='word_1_526' title='bbox 2262 2491 2481 2554; x_wconf 88' lang='lat' dir='ltr'>Christi</span> <span class='ocrx_word' id='word_1_527' title='bbox 2510 2490 2843 2566; x_wconf 82' lang='lat' dir='ltr'>adventus,</span> <span class='ocrx_word' id='word_1_528' title='bbox 2868 2496 2940 2552; x_wconf 87' lang='lat' dir='ltr'>ut</span> <span class='ocrx_word' id='word_1_529' title='bbox 2988 2490 3113 2552; x_wconf 85' lang='lat' dir='ltr'>illis</span> <span class='ocrx_word' id='word_1_530' title='bbox 3140 2489 3433 2555; x_wconf 86' lang='lat' dir='ltr'>daretur.</span> <span class='ocrx_word' id='word_1_531' title='bbox 3480 2489 3639 2552; x_wconf 81' lang='lat' dir='ltr'>Res·</span> 
     </span>
     <span class='ocr_line' id='line_1_81' title="bbox 2047 2583 3637 2666; baseline -0.004 -17"><span class='ocrx_word' id='word_1_532' title='bbox 2047 2585 2361 2666; x_wconf 82' lang='lat' dir='ltr'>pandetur</span> <span class='ocrx_word' id='word_1_533' title='bbox 2386 2584 2661 2664; x_wconf 87' lang='lat' dir='ltr'>potuisse</span> <span class='ocrx_word' id='word_1_534' title='bbox 2688 2583 2946 2664; x_wconf 86' lang='lat' dir='ltr'>quidem</span> <span class='ocrx_word' id='word_1_535' title='bbox 2972 2583 3037 2646; x_wconf 89' lang='lat' dir='ltr'>id</span> <span class='ocrx_word' id='word_1_536' title='bbox 3063 2583 3226 2657; x_wconf 86' lang='lat' dir='ltr'>fieri,</span> <span class='ocrx_word' id='word_1_537' title='bbox 3255 2584 3511 2646; x_wconf 81' lang='lat' dir='ltr'>factum</span> <span class='ocrx_word' id='word_1_538' title='bbox 3542 2587 3637 2642; x_wconf 83' lang='lat' dir='ltr'>ta·</span> 
     </span>
     <span class='ocr_line' id='line_1_82' title="bbox 2048 2675 3641 2758; baseline -0.004 -18"><span class='ocrx_word' id='word_1_539' title='bbox 2048 2697 2197 2740; x_wconf 88' lang='lat' dir='ltr'>men</span> <span class='ocrx_word' id='word_1_540' title='bbox 2230 2697 2357 2740; x_wconf 89' lang='lat' dir='ltr'>non</span> <span class='ocrx_word' id='word_1_541' title='bbox 2388 2695 2525 2740; x_wconf 86' lang='lat' dir='ltr'>esse</span> <span class='ocrx_word' id='word_1_542' title='bbox 2542 2693 2565 2756; x_wconf 84' lang='lat'>3</span> <span class='ocrx_word' id='word_1_543' title='bbox 2612 2677 2792 2758; x_wconf 86' lang='lat' dir='ltr'>cnjus</span> <span class='ocrx_word' id='word_1_544' title='bbox 2820 2679 3073 2757; x_wconf 84' lang='lat' dir='ltr'>propria</span> <span class='ocrx_word' id='word_1_545' title='bbox 3108 2677 3269 2742; x_wconf 87' lang='lat' dir='ltr'>ratio</span> <span class='ocrx_word' id='word_1_546' title='bbox 3300 2682 3432 2752; x_wconf 77' lang='lat' dir='ltr'>est,</span> <span class='ocrx_word' id='word_1_547' title='bbox 3483 2675 3641 2754; x_wconf 72' lang='lat' dir='ltr'>quia</span> 
     </span>
     <span class='ocr_line' id='line_1_83' title="bbox 2048 2767 3641 2852; baseline -0.004 -18"><span class='ocrx_word' id='word_1_548' title='bbox 2048 2771 2174 2834; x_wconf 88' lang='lat' dir='ltr'>Deo</span> <span class='ocrx_word' id='word_1_549' title='bbox 2204 2790 2333 2834; x_wconf 89' lang='lat' dir='ltr'>non</span> <span class='ocrx_word' id='word_1_550' title='bbox 2358 2771 2623 2852; x_wconf 85' lang='lat' dir='ltr'>placuit3</span> <span class='ocrx_word' id='word_1_551' title='bbox 2670 2770 3082 2850; x_wconf 82' lang='lat' dir='ltr'>congruentia</span> <span class='ocrx_word' id='word_1_552' title='bbox 3118 2787 3271 2832; x_wconf 79' lang='lat' dir='ltr'>vero</span> <span class='ocrx_word' id='word_1_553' title='bbox 3312 2775 3443 2842; x_wconf 80' lang='lat' dir='ltr'>est,</span> <span class='ocrx_word' id='word_1_554' title='bbox 3478 2767 3641 2846; x_wconf 79' lang='lat' dir='ltr'>quia</span> 
     </span>
     <span class='ocr_line' id='line_1_84' title="bbox 2048 2861 3646 2945; baseline -0.003 -19"><span class='ocrx_word' id='word_1_555' title='bbox 2048 2865 2249 2945; x_wconf 82' lang='lat' dir='ltr'>gratia</span> <span class='ocrx_word' id='word_1_556' title='bbox 2301 2871 2395 2926; x_wconf 92' lang='lat' dir='ltr'>est</span> <span class='ocrx_word' id='word_1_557' title='bbox 2444 2863 2812 2942; x_wconf 85' lang='lat' dir='ltr'>simpliciter</span> <span class='ocrx_word' id='word_1_558' title='bbox 2855 2863 3215 2926; x_wconf 82' lang='lat' dir='ltr'>necessaria</span> <span class='ocrx_word' id='word_1_559' title='bbox 3262 2861 3349 2924; x_wconf 85' lang='lat' dir='ltr'>ad</span> <span class='ocrx_word' id='word_1_560' title='bbox 3394 2862 3646 2924; x_wconf 77' lang='lat' dir='ltr'>remis-</span> 
     </span>
     <span class='ocr_line' id='line_1_85' title="bbox 2050 2954 3643 3038; baseline -0.003 -18"><span class='ocrx_word' id='word_1_561' title='bbox 2050 2959 2293 3022; x_wconf 84' lang='lat' dir='ltr'>sionem</span> <span class='ocrx_word' id='word_1_562' title='bbox 2321 2957 2562 3038; x_wconf 86' lang='lat' dir='ltr'>poccati</span> <span class='ocrx_word' id='word_1_563' title='bbox 2598 2962 2663 3020; x_wconf 90' lang='lat' dir='ltr'>et</span> <span class='ocrx_word' id='word_1_564' title='bbox 2713 2956 3051 3018; x_wconf 78' lang='lat' dir='ltr'>amicitiam</span> <span class='ocrx_word' id='word_1_565' title='bbox 3084 2955 3219 3030; x_wconf 87' lang='lat' dir='ltr'>Dei,</span> <span class='ocrx_word' id='word_1_566' title='bbox 3262 2961 3331 3018; x_wconf 86' lang='lat' dir='ltr'>et</span> <span class='ocrx_word' id='word_1_567' title='bbox 3360 2954 3527 3018; x_wconf 78' lang='lat' dir='ltr'>ideo</span> <span class='ocrx_word' id='word_1_568' title='bbox 3558 2973 3643 3016; x_wconf 83' lang='lat' dir='ltr'>nc</span> 
     </span>
     <span class='ocr_line' id='line_1_86' title="bbox 2050 3049 3644 3130; baseline -0.003 -14"><span class='ocrx_word' id='word_1_569' title='bbox 2050 3069 2273 3116; x_wconf 89' lang='lat' dir='ltr'>omnes</span> <span class='ocrx_word' id='word_1_570' title='bbox 2316 3049 2406 3114; x_wconf 81' lang='lat' dir='ltr'>ini</span> <span class='ocrx_word' id='word_1_571' title='bbox 2450 3050 2761 3125; x_wconf 86' lang='lat' dir='ltr'>homines,</span> <span class='ocrx_word' id='word_1_572' title='bbox 2792 3049 2905 3130; x_wconf 86' lang='lat' dir='ltr'>qui</span> <span class='ocrx_word' id='word_1_573' title='bbox 2928 3049 3243 3112; x_wconf 85' lang='lat' dir='ltr'>Christum</span> <span class='ocrx_word' id='word_1_574' title='bbox 3266 3066 3644 3128; x_wconf 77' lang='lat' dir='ltr'>praeeesse-</span> 
     </span>
     <span class='ocr_line' id='line_1_87' title="bbox 2050 3140 3647 3224; baseline -0.004 -18"><span class='ocrx_word' id='word_1_575' title='bbox 2050 3150 2218 3220; x_wconf 87' lang='lat' dir='ltr'>runt,</span> <span class='ocrx_word' id='word_1_576' title='bbox 2254 3149 2560 3224; x_wconf 86' lang='lat' dir='ltr'>perpetuo</span> <span class='ocrx_word' id='word_1_577' title='bbox 2613 3143 2917 3222; x_wconf 85' lang='lat' dir='ltr'>perirent,</span> <span class='ocrx_word' id='word_1_578' title='bbox 2966 3141 3345 3204; x_wconf 81' lang='lat' dir='ltr'>conveniens</span> <span class='ocrx_word' id='word_1_579' title='bbox 3388 3140 3537 3203; x_wconf 76' lang='lat' dir='ltr'>fuit</span> <span class='ocrx_word' id='word_1_580' title='bbox 3578 3147 3647 3201; x_wconf 88' lang='lat' dir='ltr'>ut</span> 
     </span>
     <span class='ocr_line' id='line_1_88' title="bbox 2050 3234 3649 3316; baseline -0.003 -15"><span class='ocrx_word' id='word_1_581' title='bbox 2050 3237 2218 3301; x_wconf 88' lang='lat' dir='ltr'>Deus</span> <span class='ocrx_word' id='word_1_582' title='bbox 2244 3235 2737 3316; x_wconf 83' lang='lat' dir='ltr'>provideretillis</span> <span class='ocrx_word' id='word_1_583' title='bbox 2762 3234 3021 3298; x_wconf 88' lang='lat' dir='ltr'>modum</span> <span class='ocrx_word' id='word_1_584' title='bbox 3044 3252 3169 3314; x_wconf 90' lang='lat' dir='ltr'>quo</span> <span class='ocrx_word' id='word_1_585' title='bbox 3196 3240 3477 3313; x_wconf 82' lang='lat' dir='ltr'>possent.</span> <span class='ocrx_word' id='word_1_586' title='bbox 3500 3252 3649 3314; x_wconf 78' lang='lat' dir='ltr'>gra-</span> 
     </span>
     <span class='ocr_line' id='line_1_89' title="bbox 2053 3330 3649 3413; baseline -0.004 -15"><span class='ocrx_word' id='word_1_587' title='bbox 2053 3334 2204 3398; x_wconf 84' lang='lat' dir='ltr'>tiam</span> <span class='ocrx_word' id='word_1_588' title='bbox 2234 3334 2534 3413; x_wconf 85' lang='lat' dir='ltr'>consequi</span> <span class='ocrx_word' id='word_1_589' title='bbox 2565 3338 2627 3394; x_wconf 89' lang='lat' dir='ltr'>et</span> <span class='ocrx_word' id='word_1_590' title='bbox 2676 3333 3113 3396; x_wconf 85' lang='lat' dir='ltr'>remissionem</span> <span class='ocrx_word' id='word_1_591' title='bbox 3142 3330 3417 3411; x_wconf 75' lang='lat' dir='ltr'>peccati,</span> <span class='ocrx_word' id='word_1_592' title='bbox 3472 3331 3649 3392; x_wconf 76' lang='lat' dir='ltr'>scili·</span> 
     </span>
     <span class='ocr_line' id='line_1_90' title="bbox 2052 3424 3648 3508; baseline -0.003 -17"><span class='ocrx_word' id='word_1_593' title='bbox 2052 3436 2173 3502; x_wconf 88' lang='lat' dir='ltr'>cet,</span> <span class='ocrx_word' id='word_1_594' title='bbox 2206 3447 2321 3508; x_wconf 88' lang='lat' dir='ltr'>per</span> <span class='ocrx_word' id='word_1_595' title='bbox 2362 3426 2549 3488; x_wconf 82' lang='lat' dir='ltr'>fidem</span> <span class='ocrx_word' id='word_1_596' title='bbox 2584 3425 2787 3488; x_wconf 78' lang='lat' dir='ltr'>vivam</span> <span class='ocrx_word' id='word_1_597' title='bbox 2812 3426 2877 3488; x_wconf 90' lang='lat' dir='ltr'>in</span> <span class='ocrx_word' id='word_1_598' title='bbox 2904 3424 3217 3488; x_wconf 86' lang='lat' dir='ltr'>Christum</span> <span class='ocrx_word' id='word_1_599' title='bbox 3252 3429 3648 3498; x_wconf 71' lang='lat' dir='ltr'>venturum,</span> 
     </span>
     <span class='ocr_line' id='line_1_91' title="bbox 2054 3518 3649 3602; baseline -0.005 -18"><span class='ocrx_word' id='word_1_600' title='bbox 2054 3527 2119 3584; x_wconf 88' lang='lat' dir='ltr'>et</span> <span class='ocrx_word' id='word_1_601' title='bbox 2140 3539 2254 3602; x_wconf 89' lang='lat' dir='ltr'>per</span> <span class='ocrx_word' id='word_1_602' title='bbox 2281 3520 2507 3583; x_wconf 87' lang='lat' dir='ltr'>merita</span> <span class='ocrx_word' id='word_1_603' title='bbox 2540 3521 2681 3599; x_wconf 88' lang='lat' dir='ltr'>ejus</span> <span class='ocrx_word' id='word_1_604' title='bbox 2709 3518 2972 3600; x_wconf 73' lang='lat' dir='ltr'>praevisa</span> <span class='ocrx_word' id='word_1_605' title='bbox 2994 3537 3011 3592; x_wconf 90' lang='lat'>;</span> <span class='ocrx_word' id='word_1_606' title='bbox 3036 3523 3100 3580; x_wconf 87' lang='lat' dir='ltr'>at</span> <span class='ocrx_word' id='word_1_607' title='bbox 3124 3534 3272 3579; x_wconf 83' lang='lat' dir='ltr'>vero</span> <span class='ocrx_word' id='word_1_608' title='bbox 3322 3523 3649 3597; x_wconf 85' lang='lat' dir='ltr'>respectu</span> 
     </span>
     <span class='ocr_line' id='line_1_92' title="bbox 2054 3609 3647 3696; baseline -0.005 -18"><span class='ocrx_word' id='word_1_609' title='bbox 2054 3615 2268 3696; x_wconf 83' lang='lat' dir='ltr'>gloriae</span> <span class='ocrx_word' id='word_1_610' title='bbox 2310 3632 2438 3676; x_wconf 87' lang='lat' dir='ltr'>non</span> <span class='ocrx_word' id='word_1_611' title='bbox 2492 3613 2859 3676; x_wconf 81' lang='lat' dir='ltr'>occurrebat</span> <span class='ocrx_word' id='word_1_612' title='bbox 2902 3612 3037 3674; x_wconf 74' lang='lat' dir='ltr'>hoec</span> <span class='ocrx_word' id='word_1_613' title='bbox 3072 3609 3449 3683; x_wconf 86' lang='lat' dir='ltr'>necessitas,</span> <span class='ocrx_word' id='word_1_614' title='bbox 3490 3611 3647 3689; x_wconf 86' lang='lat' dir='ltr'>quia</span> 
     </span>
     <span class='ocr_line' id='line_1_93' title="bbox 2052 3703 3649 3787; baseline -0.006 -16"><span class='ocrx_word' id='word_1_615' title='bbox 2052 3709 2159 3771; x_wconf 89' lang='lat' dir='ltr'>illa</span> <span class='ocrx_word' id='word_1_616' title='bbox 2188 3707 2549 3787; x_wconf 87' lang='lat' dir='ltr'>temporalis</span> <span class='ocrx_word' id='word_1_617' title='bbox 2577 3705 2855 3768; x_wconf 87' lang='lat' dir='ltr'>carentia</span> <span class='ocrx_word' id='word_1_618' title='bbox 2882 3705 2982 3768; x_wconf 78' lang='lat' dir='ltr'>vel</span> <span class='ocrx_word' id='word_1_619' title='bbox 3008 3703 3222 3768; x_wconf 81' lang='lat' dir='ltr'>dilatio</span> <span class='ocrx_word' id='word_1_620' title='bbox 3250 3703 3471 3764; x_wconf 85' lang='lat' dir='ltr'>solum</span> <span class='ocrx_word' id='word_1_621' title='bbox 3510 3710 3649 3764; x_wconf 83' lang='lat' dir='ltr'>erat</span> 
     </span>
     <span class='ocr_line' id='line_1_94' title="bbox 2052 3797 3649 3882; baseline -0.005 -16"><span class='ocrx_word' id='word_1_622' title='bbox 2052 3820 2242 3882; x_wconf 85' lang='lat' dir='ltr'>poena</span> <span class='ocrx_word' id='word_1_623' title='bbox 2269 3799 2584 3880; x_wconf 81' lang='lat' dir='ltr'>quaedam,</span> <span class='ocrx_word' id='word_1_624' title='bbox 2623 3818 2813 3880; x_wconf 87' lang='lat' dir='ltr'>quam</span> <span class='ocrx_word' id='word_1_625' title='bbox 2868 3817 2995 3860; x_wconf 88' lang='lat' dir='ltr'>non</span> <span class='ocrx_word' id='word_1_626' title='bbox 3026 3797 3295 3878; x_wconf 85' lang='lat' dir='ltr'>oportuit</span> <span class='ocrx_word' id='word_1_627' title='bbox 3338 3797 3537 3860; x_wconf 85' lang='lat' dir='ltr'>omni</span> <span class='ocrx_word' id='word_1_628' title='bbox 3574 3817 3649 3860; x_wconf 69' lang='lat' dir='ltr'>ex</span> 
     </span>
     <span class='ocr_line' id='line_1_95' title="bbox 2052 3892 3647 3976; baseline -0.003 -19"><span class='ocrx_word' id='word_1_629' title='bbox 2052 3902 2229 3976; x_wconf 88' lang='lat' dir='ltr'>parte</span> <span class='ocrx_word' id='word_1_630' title='bbox 2264 3894 2514 3968; x_wconf 88' lang='lat' dir='ltr'>remitti,</span> <span class='ocrx_word' id='word_1_631' title='bbox 2573 3911 2718 3955; x_wconf 91' lang='lat' dir='ltr'>cum</span> <span class='ocrx_word' id='word_1_632' title='bbox 2746 3892 3033 3955; x_wconf 87' lang='lat' dir='ltr'>nondum</span> <span class='ocrx_word' id='word_1_633' title='bbox 3062 3898 3231 3954; x_wconf 90' lang='lat' dir='ltr'>esset</span> <span class='ocrx_word' id='word_1_634' title='bbox 3274 3908 3396 3969; x_wconf 87' lang='lat' dir='ltr'>pro</span> <span class='ocrx_word' id='word_1_635' title='bbox 3444 3897 3647 3952; x_wconf 83' lang='lat' dir='ltr'>reatu</span> 
     </span>
     <span class='ocr_line' id='line_1_96' title="bbox 2056 3985 3651 4057; baseline -0.004 -5"><span class='ocrx_word' id='word_1_636' title='bbox 2056 3989 2241 4052; x_wconf 88' lang='lat' dir='ltr'>totius</span> <span class='ocrx_word' id='word_1_637' title='bbox 2282 3994 2521 4050; x_wconf 66' lang='lat' dir='ltr'>naturas</span> <span class='ocrx_word' id='word_1_638' title='bbox 2569 3987 2695 4050; x_wconf 88' lang='lat' dir='ltr'>Deo</span> <span class='ocrx_word' id='word_1_639' title='bbox 2737 3985 3145 4048; x_wconf 77' lang='lat' dir='ltr'>satisfactum.</span> <span class='ocrx_word' id='word_1_640' title='bbox 3174 3985 3377 4057; x_wconf 75' lang='lat' dir='ltr'>Quam</span> <span class='ocrx_word' id='word_1_641' title='bbox 3434 3986 3651 4049; x_wconf 81' lang='lat' dir='ltr'>ratio·</span> 
     </span>
     <span class='ocr_line' id='line_1_97' title="bbox 2052 4079 3643 4157; baseline 0 -15"><span class='ocrx_word' id='word_1_642' title='bbox 2052 4101 2199 4144; x_wconf 88' lang='lat' dir='ltr'>nem</span> <span class='ocrx_word' id='word_1_643' title='bbox 2228 4081 2463 4142; x_wconf 88' lang='lat' dir='ltr'>indicat</span> <span class='ocrx_word' id='word_1_644' title='bbox 2496 4083 2571 4142; x_wconf 90' lang='lat' dir='ltr'>D.</span> <span class='ocrx_word' id='word_1_645' title='bbox 2626 4081 2901 4142; x_wconf 85' lang='lat' dir='ltr'>Thomas</span> <span class='ocrx_word' id='word_1_646' title='bbox 2928 4079 3113 4151; x_wconf 78' lang='lat' dir='ltr'>infra,</span> <span class='ocrx_word' id='word_1_647' title='bbox 3146 4096 3208 4157; x_wconf 89' lang='lat' dir='ltr'>q.</span> <span class='ocrx_word' id='word_1_648' title='bbox 3242 4079 3349 4148; x_wconf 72' lang='lat'>49.</span> <span class='ocrx_word' id='word_1_649' title='bbox 3384 4084 3533 4140; x_wconf 77' lang='lat' dir='ltr'>art.</span> <span class='ocrx_word' id='word_1_650' title='bbox 3582 4083 3643 4152; x_wconf 77' lang='lat'>5,</span> 
     </span>
     <span class='ocr_line' id='line_1_98' title="bbox 2052 4171 3647 4252; baseline -0.003 -14"><span class='ocrx_word' id='word_1_651' title='bbox 2052 4176 2137 4238; x_wconf 91' lang='lat' dir='ltr'>ad</span> <span class='ocrx_word' id='word_1_652' title='bbox 2189 4177 2249 4252; x_wconf 78' lang='lat'>1,</span> <span class='ocrx_word' id='word_1_653' title='bbox 2282 4174 2363 4238; x_wconf 87' lang='lat' dir='ltr'>de</span> <span class='ocrx_word' id='word_1_654' title='bbox 2406 4191 2531 4252; x_wconf 87' lang='lat' dir='ltr'>qua</span> <span class='ocrx_word' id='word_1_655' title='bbox 2558 4191 2629 4236; x_wconf 86' lang='lat' dir='ltr'>re</span> <span class='ocrx_word' id='word_1_656' title='bbox 2657 4173 2766 4247; x_wconf 85' lang='lat' dir='ltr'>ibi,</span> <span class='ocrx_word' id='word_1_657' title='bbox 2810 4180 2875 4236; x_wconf 90' lang='lat' dir='ltr'>et</span> <span class='ocrx_word' id='word_1_658' title='bbox 2914 4172 2975 4234; x_wconf 90' lang='lat' dir='ltr'>in</span> <span class='ocrx_word' id='word_1_659' title='bbox 3011 4190 3078 4252; x_wconf 87' lang='lat' dir='ltr'>q.</span> <span class='ocrx_word' id='word_1_660' title='bbox 3128 4174 3207 4234; x_wconf 71' lang='lat'>52</span> <span class='ocrx_word' id='word_1_661' title='bbox 3232 4171 3419 4251; x_wconf 83' lang='lat' dir='ltr'>plura</span> <span class='ocrx_word' id='word_1_662' title='bbox 3472 4171 3647 4237; x_wconf 74' lang='lat' dir='ltr'>diee-</span> 
     </span>
     <span class='ocr_line' id='line_1_99' title="bbox 2054 4287 2218 4332; baseline -0.012 0"><span class='ocrx_word' id='word_1_663' title='bbox 2054 4287 2218 4332; x_wconf 75' lang='lat' dir='ltr'>mue.</span> 
     </span>
    </p>

    <p class='ocr_par' dir='ltr' id='par_1_8' title="bbox 2053 4357 3646 5564">
     <span class='ocr_line' id='line_1_100' title="bbox 2138 4357 3646 4444; baseline -0.002 -21"><span class='ocrx_word' id='word_1_664' title='bbox 2138 4366 2201 4424; x_wconf 73' lang='lat'>11</span> <span class='ocrx_word' id='word_1_665' title='bbox 2219 4407 2233 4422; x_wconf 94' lang='lat'><strong>.</strong></span> <span class='ocrx_word' id='word_1_666' title='bbox 2280 4364 2369 4426; x_wconf 77' lang='lat' dir='ltr'>De</span> <span class='ocrx_word' id='word_1_667' title='bbox 2391 4362 2600 4444; x_wconf 76' lang='lat' dir='ltr'>prima</span> <span class='ocrx_word' id='word_1_668' title='bbox 2627 4361 2836 4442; x_wconf 73' lang='lat' dir='ltr'>qratia</span> <span class='ocrx_word' id='word_1_669' title='bbox 2878 4361 3023 4424; x_wconf 78' lang='lat' dir='ltr'>daca</span> <span class='ocrx_word' id='word_1_670' title='bbox 3050 4357 3203 4426; x_wconf 76' lang='lat' dir='ltr'>Aaae</span> <span class='ocrx_word' id='word_1_671' title='bbox 3228 4359 3297 4420; x_wconf 65' lang='lat' dir='ltr'>io</span> <span class='ocrx_word' id='word_1_672' title='bbox 3318 4361 3515 4438; x_wconf 51' lang='lat' dir='ltr'>&amp;ctu</span> <span class='ocrx_word' id='word_1_673' title='bbox 3552 4360 3646 4422; x_wconf 66' lang='lat' dir='ltr'>iz-</span> 
     </span>
     <span class='ocr_line' id='line_1_101' title="bbox 2053 4451 3645 4533; baseline -0.003 -15"><span class='ocrx_word' id='word_1_674' title='bbox 2053 4457 2360 4520; x_wconf 73' lang='lat' dir='ltr'>owcentioe.</span> <span class='ocrx_word' id='word_1_675' title='bbox 2380 4455 2721 4529; x_wconf 84' lang='lat' dir='ltr'>-Uttimo,</span> <span class='ocrx_word' id='word_1_676' title='bbox 2762 4459 3001 4533; x_wconf 82' lang='lat' dir='ltr'>quaeret</span> <span class='ocrx_word' id='word_1_677' title='bbox 3046 4451 3268 4529; x_wconf 83' lang='lat' dir='ltr'>aliquis</span> <span class='ocrx_word' id='word_1_678' title='bbox 3302 4467 3390 4510; x_wconf 84' lang='lat' dir='ltr'>an</span> <span class='ocrx_word' id='word_1_679' title='bbox 3445 4451 3645 4531; x_wconf 74' lang='lat' dir='ltr'>quod</span> 
     </span>
     <span class='ocr_line' id='line_1_102' title="bbox 2056 4541 3641 4629; baseline -0.005 -17"><span class='ocrx_word' id='word_1_680' title='bbox 2056 4550 2289 4612; x_wconf 89' lang='lat' dir='ltr'>dictum</span> <span class='ocrx_word' id='word_1_681' title='bbox 2312 4556 2409 4612; x_wconf 88' lang='lat' dir='ltr'>est</span> <span class='ocrx_word' id='word_1_682' title='bbox 2424 4549 2505 4610; x_wconf 88' lang='lat' dir='ltr'>de</span> <span class='ocrx_word' id='word_1_683' title='bbox 2532 4550 2735 4629; x_wconf 81' lang='lat' dir='ltr'>gratia</span> <span class='ocrx_word' id='word_1_684' title='bbox 2754 4547 2905 4610; x_wconf 83' lang='lat' dir='ltr'>data</span> <span class='ocrx_word' id='word_1_685' title='bbox 2925 4545 3202 4625; x_wconf 79' lang='lat' dir='ltr'>antiquis</span> <span class='ocrx_word' id='word_1_686' title='bbox 3228 4541 3543 4612; x_wconf 66' lang='lat' dir='ltr'>Patribus</span> <span class='ocrx_word' id='word_1_687' title='bbox 3564 4562 3641 4604; x_wconf 80' lang='lat' dir='ltr'>ex</span> 
     </span>
     <span class='ocr_line' id='line_1_103' title="bbox 2056 4633 3641 4721; baseline -0.004 -17"><span class='ocrx_word' id='word_1_688' title='bbox 2056 4642 2290 4705; x_wconf 87' lang='lat' dir='ltr'>meritis</span> <span class='ocrx_word' id='word_1_689' title='bbox 2346 4641 2573 4704; x_wconf 88' lang='lat' dir='ltr'>Christi</span> <span class='ocrx_word' id='word_1_690' title='bbox 2624 4641 2903 4721; x_wconf 73' lang='lat' dir='ltr'>praevisis</span> <span class='ocrx_word' id='word_1_691' title='bbox 2927 4685 2947 4715; x_wconf 94' lang='lat'>,</span> <span class='ocrx_word' id='word_1_692' title='bbox 3005 4633 3497 4716; x_wconf 79' lang='lat' dir='ltr'>intelligendum</span> <span class='ocrx_word' id='word_1_693' title='bbox 3562 4634 3641 4697; x_wconf 81' lang='lat' dir='ltr'>sit</span> 
     </span>
     <span class='ocr_line' id='line_1_104' title="bbox 2058 4728 3637 4815; baseline -0.006 -15"><span class='ocrx_word' id='word_1_694' title='bbox 2058 4735 2247 4800; x_wconf 86' lang='lat' dir='ltr'>etiam</span> <span class='ocrx_word' id='word_1_695' title='bbox 2276 4730 2355 4797; x_wconf 89' lang='lat' dir='ltr'>de</span> <span class='ocrx_word' id='word_1_696' title='bbox 2390 4735 2593 4814; x_wconf 84' lang='lat' dir='ltr'>prima</span> <span class='ocrx_word' id='word_1_697' title='bbox 2624 4734 2829 4815; x_wconf 79' lang='lat' dir='ltr'>gratia</span> <span class='ocrx_word' id='word_1_698' title='bbox 2856 4741 2921 4798; x_wconf 89' lang='lat' dir='ltr'>et</span> <span class='ocrx_word' id='word_1_699' title='bbox 2932 4732 3175 4814; x_wconf 84' lang='lat' dir='ltr'>justitia</span> <span class='ocrx_word' id='word_1_700' title='bbox 3197 4731 3343 4792; x_wconf 84' lang='lat' dir='ltr'>data</span> <span class='ocrx_word' id='word_1_701' title='bbox 3374 4728 3553 4794; x_wconf 69' lang='lat' dir='ltr'>Adue</span> <span class='ocrx_word' id='word_1_702' title='bbox 3573 4731 3637 4792; x_wconf 80' lang='lat' dir='ltr'>in</span> 
     </span>
     <span class='ocr_line' id='line_1_105' title="bbox 2058 4821 3639 4904; baseline -0.003 -13"><span class='ocrx_word' id='word_1_703' title='bbox 2058 4835 2221 4891; x_wconf 86' lang='lat' dir='ltr'>statu</span> <span class='ocrx_word' id='word_1_704' title='bbox 2259 4829 2663 4890; x_wconf 65' lang='lat' dir='ltr'>innocentiae.</span> <span class='ocrx_word' id='word_1_705' title='bbox 2714 4827 2981 4900; x_wconf 82' lang='lat' dir='ltr'>Quidam</span> <span class='ocrx_word' id='word_1_706' title='bbox 3032 4824 3199 4886; x_wconf 86' lang='lat' dir='ltr'>enim</span> <span class='ocrx_word' id='word_1_707' title='bbox 3252 4821 3639 4904; x_wconf 73' lang='lat' dir='ltr'>simplicitet</span> 
     </span>
     <span class='ocr_line' id='line_1_106' title="bbox 2058 4919 3634 5004; baseline -0.004 -20"><span class='ocrx_word' id='word_1_708' title='bbox 2058 4929 2316 5004; x_wconf 82' lang='lat' dir='ltr'>negant,</span> <span class='ocrx_word' id='word_1_709' title='bbox 2348 4928 2417 4984; x_wconf 89' lang='lat' dir='ltr'>ut</span> <span class='ocrx_word' id='word_1_710' title='bbox 2444 4923 2617 4997; x_wconf 90' lang='lat' dir='ltr'>Soto,</span> <span class='ocrx_word' id='word_1_711' title='bbox 2649 4921 2759 4982; x_wconf 76' lang='lat' dir='ltr'>lib.</span> <span class='ocrx_word' id='word_1_712' title='bbox 2787 4923 2817 4982; x_wconf 78' lang='lat'><strong>1</strong></span> <span class='ocrx_word' id='word_1_713' title='bbox 2842 4919 2922 4982; x_wconf 90' lang='lat' dir='ltr'>de</span> <span class='ocrx_word' id='word_1_714' title='bbox 2942 4921 3161 4982; x_wconf 85' lang='lat' dir='ltr'>Natur.</span> <span class='ocrx_word' id='word_1_715' title='bbox 3186 4922 3249 4980; x_wconf 85' lang='lat' dir='ltr'>et</span> <span class='ocrx_word' id='word_1_716' title='bbox 3260 4922 3451 4997; x_wconf 73' lang='lat' dir='ltr'>grat„</span> <span class='ocrx_word' id='word_1_717' title='bbox 3472 4935 3634 4996; x_wconf 76' lang='lat' dir='ltr'>cap.</span> 
     </span>
     <span class='ocr_line' id='line_1_107' title="bbox 2056 5009 3637 5092; baseline -0.004 -13"><span class='ocrx_word' id='word_1_718' title='bbox 2056 5020 2116 5080; x_wconf 83' lang='lat'>6.</span> <span class='ocrx_word' id='word_1_719' title='bbox 2152 5019 2304 5080; x_wconf 86' lang='lat' dir='ltr'>Mihi</span> <span class='ocrx_word' id='word_1_720' title='bbox 2326 5023 2539 5080; x_wconf 86' lang='lat' dir='ltr'>tamen</span> <span class='ocrx_word' id='word_1_721' title='bbox 2566 5015 2879 5078; x_wconf 86' lang='lat' dir='ltr'>contraria</span> <span class='ocrx_word' id='word_1_722' title='bbox 2906 5013 3227 5076; x_wconf 74' lang='lat' dir='ltr'>sententia·</span> <span class='ocrx_word' id='word_1_723' title='bbox 3237 5009 3637 5092; x_wconf 69' lang='lat' dir='ltr'>probabilior</span> 
     </span>
     <span class='ocr_line' id='line_1_108' title="bbox 2058 5103 3636 5191; baseline -0.005 -19"><span class='ocrx_word' id='word_1_724' title='bbox 2058 5129 2249 5191; x_wconf 86' lang='lat' dir='ltr'>supra</span> <span class='ocrx_word' id='word_1_725' title='bbox 2272 5112 2399 5174; x_wconf 82' lang='lat' dir='ltr'>visa</span> <span class='ocrx_word' id='word_1_726' title='bbox 2430 5117 2545 5185; x_wconf 84' lang='lat' dir='ltr'>est,</span> <span class='ocrx_word' id='word_1_727' title='bbox 2572 5127 2637 5187; x_wconf 90' lang='lat' dir='ltr'>q.</span> <span class='ocrx_word' id='word_1_728' title='bbox 2684 5111 2745 5181; x_wconf 72' lang='lat'>⁴,</span> <span class='ocrx_word' id='word_1_729' title='bbox 2792 5111 2908 5170; x_wconf 85' lang='lat' dir='ltr'>art.</span> <span class='ocrx_word' id='word_1_730' title='bbox 2940 5109 3005 5184; x_wconf 82' lang='lat'>3,</span> <span class='ocrx_word' id='word_1_731' title='bbox 3038 5103 3409 5186; x_wconf 70' lang='lat' dir='ltr'>explicando</span> <span class='ocrx_word' id='word_1_732' title='bbox 3436 5105 3636 5166; x_wconf 72' lang='lat' dir='ltr'>solu-</span> 
     </span>
     <span class='ocr_line' id='line_1_109' title="bbox 2056 5197 3631 5278; baseline -0.007 -10"><span class='ocrx_word' id='word_1_733' title='bbox 2056 5206 2296 5268; x_wconf 87' lang='lat' dir='ltr'>tionem</span> <span class='ocrx_word' id='word_1_734' title='bbox 2324 5203 2407 5266; x_wconf 88' lang='lat' dir='ltr'>ad</span> <span class='ocrx_word' id='word_1_735' title='bbox 2436 5206 2472 5265; x_wconf 83' lang='lat'>5</span> <span class='ocrx_word' id='word_1_736' title='bbox 2500 5203 2571 5265; x_wconf 92' lang='lat' dir='ltr'>D.</span> <span class='ocrx_word' id='word_1_737' title='bbox 2602 5203 2879 5278; x_wconf 72' lang='lat' dir='ltr'>Thomas,</span> <span class='ocrx_word' id='word_1_738' title='bbox 2905 5199 3012 5262; x_wconf 81' lang='lat' dir='ltr'>ubi</span> <span class='ocrx_word' id='word_1_739' title='bbox 3036 5199 3232 5278; x_wconf 78' lang='lat' dir='ltr'>ipsius</span> <span class='ocrx_word' id='word_1_740' title='bbox 3261 5197 3631 5262; x_wconf 76' lang='lat' dir='ltr'>D.·Th0mae</span> 
     </span>
     <span class='ocr_line' id='line_1_110' title="bbox 2058 5289 3629 5370; baseline -0.005 -11"><span class='ocrx_word' id='word_1_741' title='bbox 2058 5302 2124 5360; x_wconf 93' lang='lat' dir='ltr'>et</span> <span class='ocrx_word' id='word_1_742' title='bbox 2152 5296 2491 5358; x_wconf 89' lang='lat' dir='ltr'>multorum</span> <span class='ocrx_word' id='word_1_743' title='bbox 2521 5298 2775 5358; x_wconf 87' lang='lat' dir='ltr'>Patrum</span> <span class='ocrx_word' id='word_1_744' title='bbox 2796 5293 3168 5356; x_wconf 84' lang='lat' dir='ltr'>auctoritate</span> <span class='ocrx_word' id='word_1_745' title='bbox 3188 5289 3629 5370; x_wconf 75' lang='lat' dir='ltr'>comprobavi,</span> 
     </span>
     <span class='ocr_line' id='line_1_111' title="bbox 2056 5384 3631 5454; baseline -0.004 0"><span class='ocrx_word' id='word_1_746' title='bbox 2056 5389 2255 5454; x_wconf 83' lang='lat' dir='ltr'>Adam</span> <span class='ocrx_word' id='word_1_747' title='bbox 2280 5390 2347 5452; x_wconf 88' lang='lat' dir='ltr'>in</span> <span class='ocrx_word' id='word_1_748' title='bbox 2376 5409 2453 5454; x_wconf 91' lang='lat' dir='ltr'>eo</span> <span class='ocrx_word' id='word_1_749' title='bbox 2484 5395 2645 5454; x_wconf 88' lang='lat' dir='ltr'>statu</span> <span class='ocrx_word' id='word_1_750' title='bbox 2684 5388 2979 5452; x_wconf 86' lang='lat' dir='ltr'>habuisse</span> <span class='ocrx_word' id='word_1_751' title='bbox 3000 5385 3197 5448; x_wconf 86' lang='lat' dir='ltr'>fidem</span> <span class='ocrx_word' id='word_1_752' title='bbox 3222 5384 3451 5448; x_wconf 80' lang='lat' dir='ltr'>Christi</span> <span class='ocrx_word' id='word_1_753' title='bbox 3474 5401 3631 5447; x_wconf 68' lang='lat' dir='ltr'>ven·</span> 
     </span>
     <span class='ocr_line' id='line_1_112' title="bbox 2057 5477 3625 5564; baseline -0.007 -18"><span class='ocrx_word' id='word_1_754' title='bbox 2057 5483 2201 5549; x_wconf 81' lang='lat' dir='ltr'>turi.</span> <span class='ocrx_word' id='word_1_755' title='bbox 2222 5484 2311 5546; x_wconf 80' lang='lat' dir='ltr'>Ex</span> <span class='ocrx_word' id='word_1_756' title='bbox 2326 5501 2451 5564; x_wconf 90' lang='lat' dir='ltr'>quo</span> <span class='ocrx_word' id='word_1_757' title='bbox 2472 5482 2799 5563; x_wconf 85' lang='lat' dir='ltr'>principio,</span> <span class='ocrx_word' id='word_1_758' title='bbox 2810 5481 3035 5562; x_wconf 70' lang='lat' dir='ltr'>juncta.</span> <span class='ocrx_word' id='word_1_759' title='bbox 3044 5477 3232 5544; x_wconf 82' lang='lat' dir='ltr'>etiam</span> <span class='ocrx_word' id='word_1_760' title='bbox 3245 5477 3625 5554; x_wconf 72' lang='lat' dir='ltr'>auctoritato</span> 
     </span>
    </p>
   </div>
   <div class='ocr_carea' id='block_1_5' title="bbox 3740 0 3848 6139">
    <p class='ocr_par' dir='ltr' id='par_1_9' title="bbox 3740 0 3848 6139">
     <span class='ocr_line' id='line_1_113' title="bbox 3740 0 3848 6139; baseline 0 0"><span class='ocrx_word' id='word_1_761' title='bbox 3740 0 3848 6139; x_wconf 95' lang='lat' dir='ltr'> </span> 
     </span>
    </p>
   </div>
  </div>
 </body>
</html>
