3892 6167
1288 332 1612 389 nlsrurm.
1645 332 1822 389 xxxi.
1855 332 2027 387 SBG'I'.
2060 334 2188 389 vui.
3219 340 3339 403 ¹³3

125 434 340 512 aliqua
376 431 672 515 specialis
695 434 1114 515 repugnantia
1143 435 1208 497 in
1270 437 1390 499 hoc
1427 438 1697 498 interce-

121 530 244 599 dit,
277 529 562 591 maxime
587 528 762 606 quod
789 536 1255 609 supponeretur
1281 531 1554 593 existens
1585 548 1696 592 an-

121 632 386 703 tequam
415 632 584 687 esset
627 626 932 705 producta
957 644 976 697 ς
1004 626 1116 689 sed
1156 626 1276 689 hoc
1315 646 1444 689 non
1487 629 1696 706 sequi-

119 726 219 781 tur
243 720 438 797 juxta
469 720 636 780 hano
661 720 1066 797 sententiam,
1091 738 1232 800 quea
1273 722 1540 784 affirmat
1581 740 1694 801 po-

121 814 310 875 tuisse
364 814 828 877 humanitatem
875 814 1098 877 Christi
1163 832 1304 877 esse
1360 816 1691 896 physicum

119 910 647 981 instrumentum,
697 915 1040 989 antequam
1095 909 1428 983 existerem
1475 928 1692 973 conse·

115 1018 316 1079 quens
347 1008 576 1061 antem
603 1006 702 1063 est
726 1002 916 1080 plane
945 1002 1196 1075 falsum,
1225 1010 1289 1065 et
1313 1009 1532 1065 contra
1559 1020 1692 1064 om-

119 1112 251 1169 neS,
283 1100 352 1155 et
411 1112 714 1173 expresse
739 1094 982 1159 eontra
1002 1098 1078 1159 D.
1111 1098 1417 1159 'rhomam
1461 1098 1530 1159 in
1570 1098 1690 1161 hac

125 1194 364 1271 quaest„
405 1196 530 1251 art.
557 1192 618 1251 2.

189 1288 248 1346 2.
291 1284 436 1345 Sed
477 1284 696 1345 dicunt
729 1284 927 1365 aliqui
957 1285 1183 1349 Christi
1231 1285 1690 1349 humanitatem

121 1400 236 1441 non
265 1378 563 1457 potuisse
585 1378 837 1443 efficere
861 1380 1125 1459 gratiam
1145 1380 1550 1460 antiquorum
1579 1382 1693 1443 Pa-

121 1486 274 1537 trum
307 1474 677 1534 secundum
721 1492 908 1535 suum
955 1490 1098 1535 esse
1123 1474 1318 1549 reale,
1353 1476 1500 1557 quia
1534 1474 1692 1537 illud

117 1568 406 1629 nondum
429 1567 727 1642 hahebat,
749 1571 818 1628 ut
838 1567 1002 1629 bene
1022 1568 1292 1647 probant
1317 1574 1691 1649 argumenta

115 1664 312 1738 iacta3
351 1664 648 1725 effecisse
679 1669 896 1725 tamen
939 1663 1110 1724 illam
1157 1663 1507 1725 secundum
1551 1680 1691 1725 esse

119 1757 594 1838 apprehensum
643 1758 814 1835 quod
841 1757 1116 1819 habebat
1169 1758 1234 1817 in
1277 1756 1404 1817 fide
1433 1756 1693 1819 creden-

116 1854 288 1926 tium,
321 1852 502 1913 sicut
529 1850 818 1913 nonnulli
847 1850 1200 1930 Philosophi
1223 1850 1461 1925 dicunt,
1485 1851 1694 1931 objec-

117 1959 240 2007 tum
274 1946 762 2025 apprehensum
803 1962 1058 2007 movere
1085 1944 1433 2006 efficienter
1469 1946 1692 2006 volun-

119 2048 326 2103 tatem.
363 2040 500 2102 Sed
527 2039 664 2102 hoec
689 2040 1020 2110 sententia,
1051 2040 1104 2100 si
1146 2041 1284 2118 ejus
1309 2056 1532 2101 sensus
1559 2045 1694 2101 tan-

129 2138 242 2195 tum
282 2134 402 2209 sit,
443 2134 646 2194 Deum
693 2150 881 2193 usum
911 2132 1110 2193 fuisse
1138 2131 1270 2193 fide
1307 2132 1530 2194 Christi
1557 2138 1691 2193 tan-

123 2246 294 2307 quam
359 2228 787 2288 instrumento
839 2226 1103 2306 physico
1166 2224 1248 2287 ad
1294 2225 1686 2288 efficiendam

121 2322 380 2399 gratiam
407 2320 474 2381 in
499 2320 738 2393 anima,
765 2336 898 2381 non
937 2324 1032 2382 est
1051 2318 1306 2399 quidem
1333 2320 1686 2400 impossibi-

123 2416 211 2482 lis,
235 2422 301 2475 ut
330 2430 456 2495 per
507 2430 576 2475 se
605 2418 886 2488 constat3
917 2430 1045 2475 non
1097 2416 1192 2475 est
1235 2418 1445 2475 tamen
1483 2432 1634 2475 vera
1658 2458 1682 2489 ,

131 2526 320 2587 neque
370 2506 723 2569 admodum
746 2506 1110 2587 probabilis,
1137 2512 1271 2568 tum
1317 2507 1466 2585 qnia
1509 2507 1684 2568 nullo

137 2602 536 2663 fundamento
559 2600 874 2683 probabili
903 2601 1141 2675 nititur,
1165 2600 1278 2661 sed
1303 2617 1560 2680 prorsus
1585 2601 1686 2662 di·-

133 2696 328 2771 rinat3
381 2702 520 2757 tum
549 2696 740 2757 etiam
777 2694 923 2772 quia
966 2712 1160 2764 nunc,
1187 2694 1443 2772 quando
1493 2694 1685 2755 homo

127 2790 494 2869 justificatur
517 2806 636 2871 per
687 2790 1162 2867 dispositionem
1203 2789 1522 2868 propriam
1551 2787 1686 2849 sine

133 2891 536 2955 sacramento,
567 2884 771 2965 gratia
799 2900 928 2945 non
957 2882 1028 2945 fit
1073 2881 1416 2944 efficienter
1441 2882 1524 2943 ab
1541 2887 1688 2943 actu

133 2978 259 3040 fidei
289 2980 393 3039 vel
419 2979 765 3051 charitatis,
795 2983 866 3039 nt
907 2982 1154 3039 constat
1185 2994 1262 3037 ex
1311 2976 1575 3039 materia
1605 2975 1684 3036 de

133 3074 312 3151 gratia
347 3078 412 3133 et
441 3073 526 3134 de
559 3073 864 3134 charitate
895 3085 915 3147 3
945 3077 1010 3133 et
1045 3076 1260 3131 tamen
1291 3071 1484 3131 etiam
1512 3086 1686 3131 nunc

123 3168 490 3245 justificatur
517 3167 714 3229 homo
736 3182 850 3247 per
871 3164 1062 3227 fldem
1089 3162 1336 3238 Christi,
1355 3168 1420 3225 et
1445 3162 1685 3244 perfec-

131 3262 239 3321 tius
269 3278 466 3340 quam
501 3266 710 3321 antea.

197 3356 255 3414 3.
301 3354 488 3425 Quod
517 3370 668 3434 ergo
703 3353 784 3414 ad
809 3354 974 3414 hanc
1001 3350 1273 3431 primam
1306 3356 1549 3431 partem
1567 3350 1687 3413 hu·

127 3448 216 3525 jus
243 3446 628 3509 difficultatis
675 3447 922 3520 attinet,
955 3444 1296 3506 dicendum
1335 3450 1426 3507 est
1457 3444 1686 3507 Christi

137 3540 576 3603 humanitatem
607 3558 736 3602 non
763 3540 958 3601 inisse
1002 3539 1486 3601 instrumentum
1526 3539 1687 3619 phy-

143 3635 320 3695 sicum
377 3634 464 3697 ad
527 3634 785 3713 aliquod
846 3652 1006 3714 opus
1055 3630 1456 3694 efficiendum
1508 3632 1685 3711 prius

151 3742 316 3804 quam
338 3730 653 3803 existeret,
677 3733 736 3789 et
763 3727 938 3788 unita
961 3732 1129 3788 esset
1141 3726 1372 3799 Verb03
1399 3726 1547 3805 quia
1557 3726 1684 3789 hoc

149 3819 396 3899 implicat
423 3828 708 3901 apertam
747 3820 1329 3895 contradictionem,
1370 3827 1442 3880 ut
1479 3826 1685 3881 osten-

145 3932 264 3974 sum
297 3920 409 3976 est.
441 3917 569 3977 Nec
611 3915 840 3975 mirum
863 3920 980 3987 eat,
1011 3910 1204 3993 quod,
1241 3914 1404 3973 sicut
1425 3912 1533 3974 illa
1560 3914 1684 3973 hu-

142 4010 412 4080 manitas,
441 4014 784 4089 antequam
807 4009 1120 4081 existeret,
1143 4022 1274 4067 non
1302 4006 1525 4068 hahuit
1539 4024 1684 4087 gra·

141 4100 275 4161 tiam
311 4102 676 4181 prophetiae,
707 4118 826 4163 nec
855 4102 1120 4182 gratiam
1164 4100 1546 4179 linguarum,
1581 4100 1684 4163 vel

140 4194 312 4254 aliam
345 4211 784 4275 quamcunque
813 4196 1004 4273 gratis
1031 4193 1268 4270 datam,
1305 4200 1414 4255 aut
1435 4200 1684 4272 gratum

139 4284 476 4363 facientem,
505 4290 592 4350 ita
640 4304 760 4349 nec
796 4286 1092 4349 habuerit
1143 4286 1408 4367 gratiam
1451 4286 1684 4347 sanita-

139 4384 266 4438 tum
293 4382 390 4441 vel
413 4383 890 4461 operationum3
923 4381 1148 4441 eadem
1187 4381 1359 4441 enim
1387 4386 1482 4443 est
1525 4380 1682 4442 ratio

141 4473 222 4532 de
249 4476 544 4550 omnibns,
569 4476 719 4555 quia
755 4474 1080 4539 existentia
1111 4480 1206 4537 est
1231 4475 1512 4535 omnium
1541 4474 1684 4535 tun-

141 4566 508 4645 damentum,
541 4568 710 4631 unde
733 4586 862 4631 non
899 4568 1106 4648 magis
1141 4570 1413 4649 pertinet
1440 4569 1520 4629 ad
1538 4569 1682 4631 talis

143 4662 526 4727 humanitatis
553 4664 1007 4745 perfectionem
1058 4662 1296 4724 habere
1321 4663 1512 4725 talem
1543 4681 1684 4743 gra·

150 4754 282 4815 tiam
327 4766 664 4839 antequam
699 4756 927 4832 existit,
959 4772 1154 4837 quam
1203 4755 1474 4819 existere
1500 4761 1682 4817 ante-

151 4862 318 4925 quam
339 4852 580 4914 existat.

223 4946 274 5003 4.
317 4944 490 5017 Quod
516 4961 668 5007 vere
701 4946 884 5008 Sotns
922 4960 1114 5024 supra
1143 4942 1472 5025 significat,
1507 4942 1683 5005 Chri-

157 5036 217 5095 sti
233 5036 671 5101 humanitatem
695 5038 829 5118 jam
857 5038 1226 5100 existentem
1245 5038 1524 5100 effecisse
1553 5054 1682 5098 om-

159 5144 278 5189 nem
329 5135 613 5211 gratiam,
639 5148 782 5211 qum
821 5132 1000 5212 prius
1038 5130 1182 5191 data
1227 5139 1362 5193 erat
1409 5132 1681 5209 antiquis

163 5219 432 5299 Pati-ihus,
462 5224 610 5286 licet
653 5224 864 5304 alique
895 5236 1086 5285 sensu
1123 5222 1422 5304 possibile
1458 5224 1562 5299 sit,
1589 5229 1683 5285 est

163 5316 338 5375 tamen
367 5318 696 5390 incertum,
719 5324 781 5380 et
804 5318 886 5379 ad
913 5322 1290 5397 praesentem
1314 5316 1684 5397 disputatio-

162 5422 280 5467 nem
317 5428 441 5471 non
469 5412 814 5491 pertinens.
859 5409 1040 5485 Quod
1093 5410 1260 5472 enim
1309 5410 1414 5471 illa
1459 5412 1679 5491 gratia,

159 5498 268 5574 iam
288 5502 476 5568 semel
489 5502 678 5583 facta,
699 5517 818 5585 per
837 5502 1060 5568 Christi
1085 5503 1547 5567 humanitatem
1574 5504 1685 5568 de·-

1775 452 1904 497 nno
1941 434 2055 497 fiat
2080 436 2321 499 illamet
2352 437 2600 499 actione
2644 450 2770 517 qua
2800 437 3011 518 primo
3036 440 3341 520 producta

1774 528 1912 605 fuit,
1939 530 2329 610 impossibile
2364 538 2461 593 est
2488 554 2506 607 ς
2536 531 2685 611 quia
2704 532 2811 593 illa
2840 536 3063 612 gratia,
3094 542 3158 597 et
3176 537 3337 603 actio

1773 640 1890 705 per
1919 642 2111 703 quam
2148 626 2269 687 fuit
2291 626 2631 706 producta,
2675 627 3111 707 independens
3138 631 3253 693 fuit
3298 651 3339 695 a

1775 716 1993 779 Christi
2044 720 2434 782 humanitate
2486 726 2621 783 toto
2682 722 2979 784 anteriori
3022 727 3333 805 tempore,

1770 813 2163 894 Impossibile
2194 822 2403 877 autem
2434 823 2531 879 est
2570 822 2639 879 ut
2672 834 2797 893 res,
2848 819 3017 898 prius
3060 822 3337 885 existens

1773 907 1910 969 sine
1940 907 2365 988 dependentia
2394 912 2479 973 ab
2498 912 2709 991 aliqua
2735 930 2953 989 causa,
2980 914 3237 993 incipiat
3254 915 3337 979 ab

1771 1000 1877 1063 illa
1901 1002 2286 1081 dependere,
2312 1006 2449 1066 sine
2477 1006 2687 1083 aliqua
2714 1006 3086 1082 mutatione,
3110 1009 3337 1071 saltem

1771 1094 1838 1155 in
1863 1096 2003 1175 ipsa
2032 1096 2303 1173 actione,
2330 1098 2570 1175 quia,si
2596 1098 2873 1179 pendere
2893 1101 3173 1181 incipiat,
3194 1122 3337 1165 mu·-

1771 1194 1940 1251 tatur
1986 1192 2336 1253 secundum
2386 1192 2900 1273 dependentium,
2933 1212 3073 1272 qum
3106 1203 3205 1257 est
3220 1216 3338 1277 per

1773 1284 2086 1347 actionem
2113 1300 2133 1363 3
2162 1304 2315 1366 ergo
2344 1305 2605 1349 necesse
2642 1294 2739 1349 est
2766 1289 2989 1351 saltem
3019 1291 3335 1353 actionem

1773 1394 1912 1439 esse
1964 1378 2295 1441 diversam.
2358 1380 2661 1459 Denique,
2702 1381 2755 1442 si
2798 1383 2933 1461 jam
2986 1402 3093 1445 res
3136 1384 3336 1447 semel

1771 1472 2077 1552 producta
2102 1480 2221 1547 est,
2260 1478 2328 1533 et
2360 1473 2603 1549 existit,
2639 1474 3003 1555 simpliciter
3049 1478 3337 1557 impossi-

1771 1568 1894 1629 bile
1943 1574 2043 1628 est
2090 1567 2307 1629 denuo
2346 1567 2609 1647 produci
2642 1588 2757 1649 per
2806 1570 2995 1632 aliam
3050 1590 3330 1636 causam.

1772 1659 1907 1724 Non
1957 1672 2053 1723 est
2080 1667 2293 1723 autem
2322 1661 2709 1741 impossihile
2734 1669 2805 1725 ut
2832 1670 2961 1727 tota
2990 1666 3195 1745 gratia
3220 1683 3335 1728 an-

1771 1762 1874 1817 tea
1900 1754 2207 1835 producta
2226 1756 2367 1817 sine
2392 1757 2616 1819 Christi
2644 1756 3054 1832 humanitate,
3085 1760 3335 1839 incepe-

1769 1850 1852 1911 rit
1881 1850 2165 1911 effeetive
2194 1851 2547 1913 conservari
2576 1868 2693 1931 per
2718 1853 3171 1915 humanitatem
3192 1854 3329 1933 jam

1769 1945 2147 2007 existentem
2170 1992 2185 2019 ,
2228 1950 2293 2006 et
2344 1962 2509 2006 nova
2562 1947 2807 2008 actione
2850 1956 3331 2011 conservantem

1775 2038 2140 2119 qualitatem
2158 2038 2281 2099 alia
2296 2039 2543 2101 actione
2574 2040 2747 2119 prius
2772 2040 3163 2121 productam,
3182 2043 3331 2122 quia

1771 2132 1836 2193 in
1865 2133 1989 2193 hoc
2014 2132 2189 2193 nulla
2218 2138 2314 2194 est
2342 2134 2793 2213 repugnantia3
2825 2140 2976 2195 tunc
3004 2136 3177 2197 enim
3202 2154 3331 2197 non

1769 2232 2055 2288 causaret
2084 2227 2443 2289 humanitas
2482 2234 2827 2307 antequam
2870 2230 3188 2300 existeret,
3218 2248 3334 2293 ne·

1767 2338 1892 2401 que
1921 2322 2205 2394 effectus,
2234 2328 2309 2383 ut
2343 2321 2425 2383 ab
2468 2322 2576 2383 illa
2612 2330 2730 2396 est,
2756 2331 3045 2403 tempore
3074 2328 3333 2386 antece-

1765 2416 1971 2489 deret,
2008 2414 2123 2477 sed
2164 2416 2571 2477 comitaretur
2606 2422 2891 2489 tantum3
2924 2422 2988 2478 et
3012 2416 3159 2479 ideo
3200 2416 3330 2477 dixi

1763 2509 2123 2588 hujusmodi
2176 2508 2575 2571 efficientiam
2620 2508 2705 2571 ad
2751 2516 3127 2589 praesentem
3172 2509 3333 2571 diffi-

1765 2602 2065 2665 cultatem
2093 2602 2249 2663 nihil
2286 2603 2623 2682 pertinere.
2664 2604 2775 2665 Est
2822 2610 3037 2666 tamen
3090 2604 3333 2667 incerta

1766 2698 1900 2757 haec
1952 2696 2287 2758 efficientia
2308 2738 2329 2773 ‚
2366 2697 2514 2775 quia
2534 2740 2551 2770 ,
2604 2715 2749 2757 cum
2792 2698 2899 2759 illa
2956 2698 3159 2778 gratia
3197 2697 3333 2778 jam

1767 2797 1936 2851 esset
1974 2789 2276 2869 producta
2306 2834 2323 2863 ,
2382 2797 2447 2853 et
2490 2789 2877 2853 sufficienter
2926 2798 3333 2855 conservetur

1765 2900 1882 2963 per
1931 2882 2221 2944 eamdem
2280 2891 2754 2963 permanentem
2810 2884 3123 2947 actionem
3152 2928 3169 2958 ‚
3218 2901 3332 2965 per

1767 2992 1957 3055 quam
1982 2977 2288 3055 producta
2315 2984 2434 3051 est,
2465 2994 2595 3039 non
2630 2978 2875 3039 videtur
2898 2979 3331 3040 necessarium

1765 3086 2005 3150 ponere
2040 3068 2215 3131 illam
2250 3073 2665 3133 mutationem
2692 3072 2975 3146 actionis,
3004 3078 3072 3133 et
3096 3090 3329 3133 novam

1765 3165 2332 3239 conservationem,
2360 3164 2709 3243 praesertim
2735 3165 2885 3244 quia
2914 3166 3105 3226 etiam
3132 3166 3213 3227 de
3240 3170 3329 3227 to·

1765 3262 1828 3319 ta
1865 3257 2089 3336 gratia,
2124 3274 2265 3336 quae
2294 3258 2361 3317 in
2406 3258 2545 3337 lege
2586 3274 2753 3319 nova
2802 3259 3326 3333 communicatur,

1765 3349 2011 3411 etiamsi
2064 3366 2181 3429 per
2242 3350 2469 3413 Christi
2522 3352 2979 3443 humanitatem
3002 3394 3019 3426 ,
3080 3357 3145 3413 et
3188 3352 3330 3431 ejus

1766 3450 2158 3505 sacramenta
2182 3442 2315 3514 fiat,
2350 3446 2657 3507 incertum
2705 3444 2889 3505 valde
2918 3450 3012 3506 est
3038 3462 3120 3505 an
3150 3462 3320 3505 sem-

1765 3554 1880 3617 per
1907 3536 1975 3596 in
2002 3537 2363 3597 conservari
2388 3536 2665 3616 pendeat
2688 3536 2771 3597 ab
2810 3536 3141 3599 efficientia
3170 3536 3331 3618 phy-

1765 3630 1894 3693 sica
1925 3629 2355 3692 humanitatis.
2391 3632 2469 3691 Et
2494 3630 2759 3693 fortasse
2800 3648 2933 3693 non
2968 3638 3065 3693 est
3116 3648 3331 3694 neees-

1763 3726 2026 3797 sarium,
2048 3726 2197 3803 quia
2222 3742 2349 3787 non
2376 3727 2623 3804 oportet
2647 3723 2913 3803 gratiam
2944 3724 3117 3787 illam
3146 3726 3330 3803 quasi

1763 3817 2143 3881 miraculoso
2170 3817 2363 3881 modo
2392 3834 2641 3897 semper
2670 3819 2959 3894 existere,
2987 3836 3193 3899 neque
3219 3820 3329 3879 ha·

1763 3910 1914 3972 bere
1957 3910 2143 3971 aliam
2168 3909 2677 3991 dependentium,
2710 3917 2937 3991 praeter
2962 3911 3055 3973 illi
3092 3929 3329 3975 conna-

1763 4003 2055 4065 tui-alem.

1844 4100 1904 4160 5.
1954 4096 2313 4159 Secundum
2356 4101 2548 4176 caput
2580 4097 2769 4177 hujus
2798 4098 3181 4162 difficultatis
3232 4108 3329 4165 est

1765 4188 2259 4252 de·humanitate
2284 4190 2507 4251 Christi
2536 4192 2673 4269 jam
2702 4192 2959 4271 quidem
2996 4194 3325 4271 existente,

1766 4290 2068 4363 operante
2116 4288 2333 4343 tamen
2380 4300 2495 4363 per
2538 4284 2841 4360 actiones,
2872 4285 2975 4348 vel
3000 4288 3327 4367 passiones

1763 4395 1906 4457 quse
1945 4378 2013 4438 in
2060 4395 2137 4438 ea
2176 4375 2517 4455 aliquando
2550 4375 2830 4454 inerunt,
2860 4380 2977 4442 sed
3012 4383 3147 4461 jam
3196 4400 3326 4445 non

1765 4479 1934 4547 sunt,
1962 4476 2037 4532 ut
2066 4471 2325 4533 fuerunt
2350 4473 2561 4552 passio
2584 4516 2607 4550 ,
2646 4490 2819 4537 mors
2844 4518 2861 4548 ‚
2904 4478 3281 4539 resurrectio
3301 4520 3324 4556 ‚

1765 4568 2075 4639 ascensio,
2094 4572 2159 4628 et
2188 4566 2441 4629 similes.
2476 4569 2633 4629 Sunt
2650 4569 2821 4631 enim
2842 4569 3099 4649 quidam
3127 4570 3327 4633 Theo·-

1761 4660 1888 4740 logi
1913 4702 1930 4728 ,
1974 4660 2085 4737 qui
2138 4659 2359 4721 volunt
2412 4678 2542 4722 non
2612 4662 2817 4723 solum
2866 4662 3325 4725 humanitatem

1763 4754 1989 4817 Christi
2026 4754 2369 4815 secundum
2400 4772 2469 4817 se
2496 4754 2732 4817 habere
2760 4754 3051 4817 virtutem
3082 4756 3165 4819 ad
3192 4756 3325 4818 effi-

1677 4876 1691 4889 ·
1762 4848 2055 4913 ciendam
2102 4848 2167 4908 in
2212 4848 2395 4909 nohis
2446 4848 2737 4927 gratiam,
2762 4850 3320 4927 resurrectionem,

1760 4944 1860 5005 vel
1885 4942 2125 5005 similes
2154 4942 2439 5015 effectus,
2462 4942 2575 5004 sed
2596 4942 2785 5005 etiam
2808 4960 2995 5023 posse
3014 4946 3104 5007 uti
3136 4948 3327 5009 actio·

1761 5036 1951 5097 nibus
1990 5036 2091 5097 vel
2139 5036 2535 5115 passionibus
2590 5037 2721 5097 suis
2765 5038 2897 5115 jam
2944 5040 3273 5117 praeteritia
3297 5084 3318 5117 ‚

1761 5137 2063 5209 tanquam
2088 5130 2364 5210 physicis
2393 5129 2825 5191 instrumentis
2844 5130 2924 5191 ad
2954 5132 3205 5193 eosdem
3236 5134 3324 5195 ef·-

1763 5222 2005 5301 fectus3
2038 5240 2229 5301 quam
2260 5222 2631 5284 sententiam
2662 5222 3010 5285 defendunt
3034 5222 3318 5303 Capreol.

1765 5316 1955 5379 etiam
1997 5318 2063 5377 in
2092 5318 2153 5393 3,
2189 5316 2335 5378 dist.
2366 5320 2467 5391 u,
2498 5334 2559 5394 q.
2594 5320 2622 5376 1
2658 5333 2675 5389 ς
2714 5322 2776 5377 et
2816 5316 2945 5377 Sot.
2974 5315 3041 5376 in
3076 5320 3139 5391 4,
3172 5316 3317 5380 dist.

1765 5417 1824 5487 l,
1852 5430 1914 5491 q.
1945 5414 2006 5486 5,
2038 5417 2155 5471 art.
2190 5414 2253 5483 4,
2282 5410 2513 5489 quihus
2538 5410 2787 5471 videtur
2808 5410 3017 5471 favere
3046 5412 3118 5472 D.
3146 5412 3322 5473 Tho-

1761 5519 1902 5569 mas
1923 5504 2137 5566 multis
2156 5503 2219 5565 in
2248 5503 2427 5577 locis,
2449 5518 2646 5581 agens
2670 5502 2750 5565 de
2780 5503 3077 5582 passione
3104 5511 3167 5567 et
3184 5504 3324 5567 aliis
