3892 6167
1362 379 1682 433 msl‘u'rA'r.
1715 377 1882 434 xllx.
1915 380 2085 436 SECT.
2122 385 2207 438 1V.

135 483 325 548 tiam
381 481 706 564 probatur.
751 509 832 524 —
867 477 1017 540 Dico
1078 477 1328 560 primo:
1372 478 1731 542 humanitas

131 577 392 640 Christi
423 595 546 638 nec
569 571 846 658 proprie,
875 590 994 636 nec
1018 591 1167 636 vere
1197 571 1317 636 dici
1347 579 1550 654 potest
1579 571 1733 636 ado-

125 677 361 752 ptata.
395 671 486 732 lta
517 670 592 730 D.
620 667 840 732 Thom.
877 667 1002 743 hic,
1047 673 1162 730 art.
1217 668 1280 746 4,
1325 666 1406 729 ad
1439 669 1500 744 1,
1541 673 1602 730 et
1640 672 1731 728 est

129 763 521 826 communis
545 761 878 824 sententia.
895 761 970 822 Et
996 760 1278 842 quidem,
1304 761 1352 823 si
1371 767 1730 841 spectemus

129 858 442 938 primam
491 854 798 936 originem
844 861 906 916 et
968 853 1276 917 rationem
1327 853 1681 936 adoptionis
1707 899 1728 930 ,

131 957 354 1032 prout
381 951 548 1012 inter
573 946 860 1010 homines
897 945 1209 1010 introduci
1237 949 1440 1029 potuit
1486 953 1547 1012 et
1592 964 1730 1014 esse

131 1048 220 1106 in
253 1064 408 1118 usu,
427 1041 838 1106 manifestum
868 1045 964 1104 est
1002 1039 1405 1121 adoptionem
1435 1060 1565 1107 non
1589 1059 1728 1105 ver-

135 1140 290 1202 sari
322 1138 488 1200 circa
511 1144 806 1198 naturam
837 1142 906 1197 ut
927 1137 1240 1213 naturam,
1270 1135 1380 1198 sed
1407 1135 1572 1200 circa
1594 1155 1736 1218 pcr-

135 1249 393 1294 sonam
421 1251 440 1304 ς
474 1248 627 1311 ergo
653 1247 732 1292 ex
755 1229 816 1292 vi
841 1229 1240 1311 proprietatis
1261 1231 1447 1309 hujus
1469 1230 1642 1292 vocis
1671 1227 1735 1293 in

139 1345 278 1386 sua
335 1323 637 1404 primaeva
688 1321 1137 1404 significatione
1185 1343 1314 1386 non
1361 1330 1567 1404 potest
1616 1323 1734 1386 dici

133 1425 396 1482 natura
427 1424 497 1481 ut
549 1417 636 1479 sic
679 1416 988 1498 adoptari,
1021 1417 1134 1479 sed
1173 1417 1536 1498 coadoptari
1589 1436 1734 1480 cum

133 1532 440 1596 persona
449 1529 473 1591 3
493 1510 662 1593 quod
679 1509 761 1574 de
792 1511 1186 1574 humanitate
1211 1509 1433 1576 Christi
1463 1510 1583 1575 dici
1608 1529 1734 1573 non

133 1613 396 1688 potest,
429 1607 577 1686 quia
622 1623 766 1666 cum
810 1622 1082 1684 persona
1120 1623 1238 1668 nec
1270 1605 1620 1668 secundum
1642 1624 1733 1680 se,

133 1719 377 1782 neque
407 1706 481 1765 ut
505 1701 783 1762 humana
813 1697 1005 1760 fuerit
1035 1697 1359 1780 adoptata,
1383 1717 1591 1778 neque
1623 1699 1739 1761 hu-

137 1793 441 1856 manitas
471 1793 605 1874 ipsa
640 1791 1006 1873 coadoptari
1039 1793 1242 1874 potuit
1276 1810 1293 1868 ;
1325 1796 1384 1855 et
1437 1791 1560 1855 hoc
1607 1793 1743 1872 qui·

141 1889 310 1950 dem
341 1887 499 1952 satis
523 1893 618 1948 est
648 1885 860 1968 quoad
887 1885 1056 1948 vocis
1074 1886 1540 1968 proprietatem.
1565 1885 1742 1962 Quod

139 2001 312 2044 vcro
347 1979 434 2044 ad
464 1999 602 2044 rem
639 1981 840 2062 ipsam
871 1983 932 2042 et
975 1981 1057 2042 ad
1087 1977 1418 2042 falsitatem
1444 1980 1740 2061 pertinet,

146 2077 532 2140 declaratur
555 2075 622 2138 in
652 2075 820 2138 hunc
859 2074 1161 2137 modum:
1193 2092 1344 2135 nam
1392 2074 1495 2136 vel
1522 2075 1743 2136 huma·

141 2173 328 2235 nitas
357 2168 582 2233 Christi
605 2167 905 2249 adoptata
935 2174 1032 2230 est
1061 2168 1144 2230 ad
1183 2166 1570 2250 habitualem
1599 2187 1736 2250 gra-

139 2271 340 2341 tiam,
374 2263 476 2329 vel
515 2265 596 2327 ad
649 2263 1078 2328 haereditatem
1123 2238 1458 2337 aeternam,
1506 2263 1606 2326 vel
1657 2265 1736 2326 ad

141 2362 438 2444 gratiam
456 2359 727 2424 unionis,
763 2359 996 2421 Proeter
1017 2359 1151 2420 haec
1181 2358 1350 2419 enim
1375 2357 1534 2420 nihil
1562 2357 1734 2419 aliud

141 2455 506 2536 excogitari
532 2457 760 2534 potest.
797 2451 921 2516 Sed
954 2451 1036 2514 ad
1068 2451 1312 2512 nullum
1329 2451 1556 2513 horum
1583 2451 1732 2514 ado·

142 2555 341 2632 ptata
368 2552 465 2611 est
492 2571 509 2624 3
544 2565 696 2628 ergo
715 2565 845 2610 non
873 2545 988 2608 fuit
1013 2545 1330 2628 adoptata.
1361 2545 1565 2608 Prima
1585 2565 1732 2628 pars

141 2643 450 2718 minoris,
478 2660 615 2722 quae
647 2647 742 2704 est
779 2640 858 2704 de
891 2641 1093 2722 gratia
1141 2639 1474 2717 habituali,
1504 2641 1732 2722 proba·

143 2746 262 2800 tur
291 2737 524 2820 prim0,
555 2736 702 2816 quia
743 2753 952 2816 neque
1009 2752 1124 2796 nos
1164 2731 1538 2813 adoptamur
1587 2751 1736 2814 pro-

141 2833 297 2914 prie
330 2829 412 2892 ad
471 2831 738 2912 gratiam
782 2826 1194 2904 habitualem,
1231 2825 1343 2889 sed
1380 2827 1586 2908 potius
1623 2843 1738 2908 per

141 2925 432 3008 gratiam
459 2922 843 2986 habitualem
867 2921 1245 3001 adoptamur
1269 2921 1352 2984 ad
1373 2921 1589 2996 vltam,
1618 2939 1732 2982 seu

143 3018 602 3082 haereditatem
635 3023 955 3078 aeternam.
987 3015 1122 3077 Non
1153 3013 1323 3076 enim
1369 3012 1594 3076 dicitur
1629 3013 1736 3075 ali-

145 3114 308 3192 quis
336 3109 620 3192 adoptari
647 3109 730 3172 ad
753 3108 947 3185 aliud,
973 3109 1093 3170 nisi
1125 3107 1373 3187 quando
1397 3106 1620 3190 recipit
1627 3109 1735 3188 jus

147 3207 241 3268 ad
269 3205 426 3266 illud
454 3211 754 3284 tanquam
785 3201 866 3263 ad
879 3202 1310 3263 haereditatem
1329 3199 1474 3276 fllii;
1513 3199 1732 3263 etideo

147 3298 668 3380 praedestinatus,
701 3314 777 3357 eo
807 3301 1093 3375 tempore
1119 3312 1244 3376 quo
1275 3295 1450 3357 estin
1475 3299 1732 3375 peccato

149 3393 440 3468 mortali,
467 3391 751 3454 nondum
777 3396 869 3451 est
901 3389 1256 3470 adoptatus,
1283 3389 1453 3469 quia,
1485 3389 1630 3449 licet
1660 3388 1738 3449 sit

151 3485 620 3568 praeordinatus
646 3483 726 3545 ad
754 3484 944 3544 vitam
977 3489 1298 3556 aeternam,
1337 3487 1549 3544 tamen
1580 3499 1736 3543 nou·

153 3579 317 3642 dum
357 3577 686 3660 acquisivit
708 3579 814 3658 jus
853 3575 935 3638 ad
981 3575 1154 3638 illam
1207 3576 1554 3638 secundum
1585 3593 1736 3655 prm·

159 3679 415 3736 sentem
429 3671 736 3753 justitiam
759 3693 776 3747 3
805 3671 951 3747 quia
983 3687 1132 3749 ergo
1159 3687 1274 3732 nos
1297 3688 1426 3730 non
1459 3669 1734 3750 adquiri-

155 3786 312 3830 mus
340 3782 621 3844 unquam
634 3766 740 3844 jus
772 3764 853 3824 ad
875 3765 1169 3844 gratiam,
1201 3760 1314 3824 sed
1341 3763 1510 3824 illam
1539 3762 1732 3842 gratis

157 3859 532 3939 accipimus,
566 3864 628 3920 et
655 3875 768 3938 per
797 3857 964 3918 illam
1007 3856 1320 3918 habemus
1346 3857 1449 3940 jus
1480 3855 1561 3916 ad
1604 3855 1735 3936 glo-

155 3955 351 4030 riam,
386 3951 526 4014 ideo
561 3970 687 4012 non
717 3951 986 4012 dicimur
1023 3951 1276 4030 proprie
1325 3948 1607 4030 adoptari
1655 3949 1734 4009 ad

161 4044 598 4128 gratiam,·sed
647 4063 764 4126 per
789 4045 1054 4126 gratiam
1105 4044 1186 4105 ad
1229 4044 1491 4124 gloriam
1511 4059 1534 4120 3
1569 4041 1736 4103 idem

162 4159 318 4222 ergo
359 4138 477 4202 erit
521 4139 587 4199 in
637 4139 859 4200 Christi
893 4137 1303 4198 humanitate.
1352 4137 1557 4211 Dices,
1605 4153 1736 4197 non

163 4234 512 4316 procedere
547 4232 610 4292 in
640 4230 746 4292 illa
791 4231 1101 4292 rationem
1143 4229 1397 4306 factam,
1431 4229 1576 4308 quia
1629 4229 1735 4290 illa

163 4349 284 4411 per
313 4329 611 4388 unionem
642 4326 1100 4408 hypostaticam
1157 4324 1483 4405 acquisivit
1517 4324 1622 4404 jus
1655 4323 1738 4386 ad

165 4423 460 4506 gratiam.
487 4419 928 4498 Respondetur
974 4435 1090 4479 nos
1131 4417 1304 4497 loqui
1333 4418 1412 4478 de
1439 4417 1738 4478 humani-

170 4523 325 4592 tate,
354 4519 538 4596 prout
560 4513 778 4574 ordine
799 4516 1038 4574 naturae
1060 4511 1389 4573 antecessit
1409 4511 1735 4589 unionem3

165 4629 342 4686 nam,
375 4607 429 4669 si
460 4607 607 4668 unio
640 4613 1054 4686 supponatur,
1081 4607 1212 4685 jus,
1246 4603 1415 4684 quod
1457 4597 1538 4665 ad
1567 4603 1736 4665 illam

170 4703 481 4781 sequitur,
511 4717 640 4762 non
671 4699 942 4779 pertinet
989 4716 1104 4780 per
1145 4715 1214 4760 se
1261 4697 1343 4759 ad
1387 4698 1743 4759 humanita-

171 4805 327 4872 tem,
359 4793 468 4856 sed
498 4794 581 4856 ad
607 4791 946 4868 Christum,
978 4793 1082 4872 qui
1114 4811 1190 4854 ex
1214 4793 1450 4854 unione
1479 4793 1743 4854 resulta-

170 4891 260 4950 vit
285 4909 299 4962 ;
325 4888 520 4963 unde,
553 4887 602 4948 si
625 4893 916 4968 respectu
939 4885 1162 4948 Christi
1183 4885 1339 4946 illud
1353 4885 1460 4966 jus
1489 4903 1619 4948 non
1649 4891 1744 4948 est

170 4981 549 5064 adoptioniS,
583 4979 696 5042 sed
724 4979 1285 5053 connaturalitatiS,
1313 4997 1432 5040 nec
1452 4985 1739 5060 respectu

171 5073 590 5140 humanitatis
620 5075 808 5136 unitae
855 5091 994 5134 esse
1042 5073 1291 5154 poterit.
1343 5071 1524 5133 Unde
1554 5089 1741 5152 argu-

171 5177 426 5234 mentor
449 5166 725 5231 seoundo
755 5167 822 5228 in
851 5165 1018 5230 hunc
1050 5167 1330 5240 modum,
1355 5167 1498 5248 quia
1521 5155 1744 5228 buma-

172 5265 358 5328 nitati
380 5264 555 5343 prius
575 5269 800 5324 natura
826 5261 1325 5324 communicatur
1346 5261 1541 5342 gratia
1561 5261 1745 5323 unio-

173 5363 296 5438 nis,
334 5375 525 5442 quam
577 5359 780 5438 gratia
816 5364 1051 5433 ereata,
1084 5375 1234 5418 nam
1281 5357 1413 5418 haec
1464 5356 1648 5419 datur
1677 5363 1746 5418 ut

173 5453 530 5538 proprietas
550 5469 943 5534 consequens
954 5449 1279 5529 unionem,
1298 5455 1368 5512 ut
1385 5452 1451 5512 in
1465 5447 1747 5532 superio-

177 5549 356 5611 ribus
411 5551 732 5608 ostensum
789 5551 883 5607 est
907 5569 924 5623 3
960 5562 1134 5625 ergo,
1170 5545 1219 5608 si
1272 5544 1420 5607 unio
1471 5561 1600 5606 non
1655 5549 1748 5608 est

3260 377 3377 438 519

1813 481 2088 562 adoptio,
2117 501 2325 566 neque
2354 481 2555 571 gratia
2576 481 2913 545 habitualis
2943 481 3090 545 data
3134 487 3227 545 est
3258 482 3380 544 hu-

1811 576 2101 638 manitati
2124 577 2345 639 Christi
2374 577 2618 642 ratione
2648 575 3002 658 adoptionis
3028 593 3050 656 3
3086 573 3377 638 ostende·

1810 689 1955 734 mus
1982 679 2195 734 autem
2222 673 2431 736 statim
2452 670 2753 732 unionem
2770 690 2898 732 non
2924 691 3063 733 esse
3093 671 3377 751 adoptio-

1811 781 2003 839 nem;
2040 783 2194 846 ergo
2231 765 2405 828 nulla
2446 765 2689 828 ratione
2728 764 2851 826 dici
2892 772 3099 845 potest
3126 765 3233 826 illa
3262 764 3379 826 hu·

1812 857 2085 920 manitas
2108 857 2405 940 adoptata
2430 856 2513 919 ad
2543 857 2809 940 gratiam
2828 858 3237 920 habitualem.

1897 953 1956 1017 t.
1997 953 2171 1017 Idem
2198 953 2539 1018 ostenditur
2556 953 2625 1017 de
2648 955 2963 1036 adoptione
2987 955 3071 1018 ad
3093 958 3377 1018 oeternam

1813 1045 2245 1112 hereditatem.
2268 1078 2349 1094 -
2374 1045 2546 1110 Ide-m
2571 1047 2640 1110 de
2668 1047 2981 1130 adoptione
3008 1047 3091 1111 ad
3106 1047 3375 1128 qratiam

1815 1139 2081 1204 unionis.
2107 1140 2409 1222 -Atque
2460 1139 2701 1202 eisdem
2748 1139 3096 1204 rationibus
3136 1135 3379 1201 ostendi

1813 1237 2022 1318 potest
2049 1252 2177 1295 non
2218 1252 2357 1297 csse
2402 1234 2762 1316 adoptatam
2810 1233 2982 1296 illam
3018 1231 3377 1296 humanita-

1816 1335 1949 1391 tem
1978 1327 2057 1390 ad
2108 1327 2374 1408 gloriam
2420 1346 2533 1390 seu
2579 1327 3010 1391 haereditatem
3052 1333 3373 1401 oeternam,

1818 1440 1967 1484 nam
1986 1467 2007 1498 ,
2053 1421 2153 1483 vel
2187 1421 2271 1483 ad
2296 1421 2473 1484 illam
2514 1421 2919 1502 adoptaretur
2946 1439 3061 1504 per
3110 1419 3378 1502 gratiam

1813 1513 2230 1592 habitualem,
2250 1513 2349 1576 vel
2379 1533 2493 1598 per
2512 1517 2778 1598 gratiam
2802 1514 3071 1578 unionis
3097 1513 3379 1577 Primum

1819 1609 1940 1671 dici
1990 1627 2118 1670 non
2148 1614 2388 1690 potest,
2442 1608 2588 1687 quia
2639 1609 2839 1690 gratia
2881 1607 3217 1669 habitualis
3246 1623 3378 1667 non

1822 1709 1915 1765 est
1947 1701 2094 1767 data
2133 1702 2220 1765 illi
2254 1702 2633 1764 humanitati
2660 1719 2775 1786 per
2812 1702 3067 1764 modum
3102 1701 3381 1783 adoptio·

1823 1797 1944 1872 nis,
1978 1796 2040 1857 id
2071 1803 2185 1872 est,
2220 1813 2293 1858 ex
2328 1796 2627 1879 primaria
2657 1796 2841 1877 quasi
2886 1796 3288 1876 generatione
3319 1802 3380 1857 et

1822 1890 2259 1954 benevolentia
2284 1907 2456 1952 mere
2484 1891 2778 1972 gratuita,
2819 1895 2883 1952 et
2924 1895 3223 1973 tanquam
3264 1905 3383 1952 na-

1825 1991 1983 2048 turae
1999 1985 2254 2046 omnino
2273 1991 2609 2062 extraneae,
2625 1985 2731 2046 sed
2748 2001 2860 2068 per
2878 1985 3193 2048 actionem·
3206 1985 3383 2066 qnasi

1828 2083 2315 2160 consequentem
2338 2079 2663 2152 unionem,
2688 2084 2750 2140 et
2776 2095 2852 2139 ex
2874 2077 3149 2158 quodam
3170 2077 3383 2138 debito

1819 2169 2011 2247 illius,
2064 2177 2126 2234 et
2154 2177 2459 2252 tanquam
2496 2176 2737 2233 naturae
2780 2171 2915 2254 jam
2947 2169 3267 2243 deificatae,
3318 2177 3383 2232 et

1815 2265 1997 2328 factae
2024 2264 2487 2348 quodammodo
2516 2262 2766 2340 divinae,
2800 2270 2863 2328 et
2902 2263 3083 2344 quasi
3120 2263 3386 2344 proprioe

1813 2359 2003 2428 Verbi
2055 2377 2170 2440 per
2198 2359 2497 2420 unionem
2524 2374 2540 2433 ;
2586 2375 2736 2438 ergo
2764 2375 2894 2418 non
2926 2357 3251 2419 ordinatur
3277 2355 3384 2418 illa

1811 2453 2175 2516 humanitas
2206 2451 2287 2514 ad
2336 2451 2790 2514 beatitudinem
2832 2457 3135 2532 tanquam
3182 2449 3265 2512 ad
3310 2449 3383 2511 il·

1814 2547 1942 2610 lam
1976 2547 2272 2630 adoptata
2300 2566 2415 2630 per
2440 2545 2802 2627 hujusmodi
2830 2546 3116 2628 gratiam.
3149 2545 3385 2608 Secun-

1816 2640 1967 2705 dum
2004 2641 2327 2726 probatur,
2372 2641 2518 2721 quia
2562 2640 2758 2722 gratia
2792 2638 3045 2701 unionis
3078 2645 3173 2700 est
3206 2637 3384 2700 altio·

1817 2735 1904 2798 ris
1944 2733 2183 2798 ordinis
2214 2741 2276 2797 et
2305 2734 2563 2798 rationis
2602 2751 2796 2815 quam
2837 2733 2911 2796 sit
2964 2731 3162 2817 gloria
3202 2731 3377 2812 ipsa3

1820 2848 1972 2910 ergo
2011 2848 2142 2890 non
2171 2835 2375 2910 potest
2400 2827 2509 2890 illa
2539 2847 2677 2891 esse
2708 2827 2962 2908 adoptio
2992 2826 3071 2887 ad
3094 2825 3379 2906 gloriam.

1817 2924 1941 2988 Sed
1978 2925 2101 2985 hoc
2141 2921 2506 2984 fortioribus
2535 2921 2879 2984 rationibus
2922 2919 3129 2981 statim
3174 2923 3385 2980 osten-

1817 3017 2024 3081 detur.
2058 3018 2235 3079 Nunc
2270 3015 2678 3078 confirmatur
2705 3013 2907 3097 primo
2950 3013 3087 3074 haec
3127 3029 3274 3094 pars
3304 3012 3385 3073 ad

1815 3113 2141 3178 hominem
2190 3117 2407 3174 contra
2446 3109 2845 3187 Gabrielem,
2897 3107 3069 3189 quod
3117 3123 3246 3169 non
3296 3109 3386 3170 vi·

1819 3205 2041 3269 deatur
2096 3210 2553 3285 consequenter
2582 3203 2797 3284 loqui;
2846 3221 3019 3275 narn,
3072 3203 3123 3263 si
3164 3201 3389 3262 huma-

1815 3300 1980 3360 nitas
2032 3297 2252 3361 Christi
2302 3297 2637 3378 adoptatur
2682 3302 2996 3377 quatenus
3050 3295 3132 3356 ad
3185 3293 3388 3358 beati-

1816 3393 2104 3455 tudinem
2162 3391 2533 3467 ordinatur,
2582 3409 2694 3452 cur
2737 3407 2869 3450 non
2914 3388 3160 3451 dicetur
3199 3387 3389 3450 etiam

1819 3486 1946 3548 filia
1978 3485 2321 3565 adoptiva?
2348 3485 2507 3548 Nam
2533 3499 2663 3545 non
2709 3483 2919 3544 minus
2949 3487 3040 3544 est
3064 3482 3388 3564 proprium

1820 3578 2126 3662 suppositi
2168 3577 2437 3660 operari,
2481 3595 2673 3658 quam
2702 3574 3023 3657 generari3
3062 3591 3211 3656 ergo
3252 3579 3387 3634 tam

1819 3673 1934 3736 erit
1977 3673 2304 3754 proprium
2358 3670 2666 3753 suppositi
2725 3668 3001 3731 ordinari
3054 3667 3136 3730 ad
3194 3667 3385 3730 vitam

1817 3775 2141 3842 aeternam,
2176 3783 2317 3846 quse
2356 3766 2423 3826 in
2458 3763 2824 3845 operatione
2854 3762 3158 3836 consistit,
3192 3779 3383 3840 quam

1817 3881 1957 3924 esse
2000 3859 2225 3935 fllium,
2251 3857 2423 3940 quod
2470 3863 2728 3922 estesse
2760 3855 3089 3936 cujusdam
3122 3873 3386 3934 gencra-

1817 3956 2001 4017 tionis
2047 3953 2388 4015 terminum
2401 3969 2423 4032 3
2456 3969 2606 4034 ergo
2639 3951 2717 4026 si,
2762 3950 2885 4012 hoc
2913 3967 3043 4010 non
3073 3950 3384 4025 obstante,

1819 4049 2181 4109 humanitas
2216 4047 2503 4128 adoptari
2532 4045 2781 4119 dicitur,
2814 4042 3059 4106 dicetur
3089 4042 3276 4103 etiam
3310 4039 3387 4103 fi-

1815 4143 1940 4215 lia;
1973 4139 2099 4216 vel,
2126 4159 2159 4204 e
2192 4157 2518 4216 converso,
2546 4139 2597 4201 si
2627 4156 2757 4200 non
2775 4142 2869 4200 est
2893 4135 3045 4214 fllia,
3072 4143 3141 4198 ut
3164 4153 3387 4198 revera

1818 4253 1949 4296 non
1986 4239 2104 4306 est,
2140 4251 2350 4313 neque
2381 4234 2512 4314 ipsa
2544 4233 2792 4313 proprie
2825 4231 3153 4293 ordinatur
3190 4228 3271 4290 ad
3300 4230 3389 4290 vi-

1817 4337 1972 4405 tam,
2008 4326 2120 4390 sed
2150 4327 2427 4389 Christus
2452 4331 2521 4388 ut
2566 4324 2918 4387 subsistens
2966 4323 3033 4386 in
3061 4324 3230 4404 ipsa;
3284 4321 3391 4385 illa

1818 4439 1969 4483 vero
2002 4421 2179 4502 quasi
2205 4419 2609 4482 coordinatur
2628 4437 2771 4481 cum
2794 4418 3037 4481 Christo
3062 4419 3153 4497 (ut
3184 4415 3272 4478 sic
3302 4415 3393 4478 di-

1823 4515 2012 4596 cam).
2046 4513 2108 4576 Si
2134 4531 2283 4594 ergo
2319 4520 2609 4593 respectu
2636 4513 2831 4593 ipsius
2850 4511 3070 4574 Christi
3090 4514 3160 4573 ut
3188 4509 3395 4570 homi-

1823 4609 1924 4670 nis
1957 4607 2100 4670 talis
2132 4607 2442 4668 ordinatio
2475 4607 2555 4668 ad
2582 4607 2776 4667 vitam
2808 4623 2937 4667 non
2982 4610 3076 4666 est
3115 4603 3386 4682 adopti0,

1827 4703 1975 4782 quia
2016 4705 2111 4763 est
2142 4719 2219 4762 ex
2243 4699 2455 4762 debito
2496 4699 2749 4760 unionis
2799 4705 2861 4761 et
2892 4713 3285 4776 consequens
3324 4695 3395 4756 il-

1823 4795 1978 4872 lam,
2011 4811 2129 4856 nec
2171 4800 2464 4872 respectu
2500 4792 2907 4853 humanitatis
2934 4792 3070 4870 ejus
3100 4805 3235 4850 esse
3280 4806 3396 4868 po-

1825 4889 1996 4951 terit.
2046 4887 2227 4951 Unde
2258 4888 2668 4950 confirmatur
2696 4884 3007 4958 secundO,
3066 4901 3179 4944 cur
3226 4882 3397 4944 enim

1822 4987 2015 5064 negat
2042 4983 2351 5044 Christum
2382 4987 2452 5043 ut
2480 4979 2805 5043 hominem
2832 4995 2971 5039 esse
3000 4975 3391 5057 adoptatum,

1825 5076 1879 5138 si
1908 5075 2266 5138 humanitas
2296 5076 2434 5156 ejus
2476 5075 2772 5154 adoptata
2824 5073 2958 5133 est?
2994 5087 3140 5132 cum
3188 5069 3392 5130 verius

1826 5189 1901 5232 ac
1935 5171 2223 5252 proprius
2270 5170 2549 5232 Christus
2590 5173 2659 5229 ut
2697 5167 2889 5228 homo
2938 5163 3393 5245 praeordinetur

1827 5265 1910 5327 ad
1956 5263 2409 5328 beatitudinem
2442 5277 2632 5342 quam
2682 5260 3041 5321 humanitas
3084 5258 3243 5337 ejus.
3280 5253 3394 5317 Vel

1829 5376 1981 5440 ergo
2025 5358 2092 5420 id
2132 5374 2261 5420 non
2300 5355 2447 5418 satis
2480 5361 2575 5420 est
2616 5353 2699 5416 ad
2738 5352 3164 5436 adoptionem,
3198 5359 3259 5412 et
3304 5348 3389 5410 ita

1825 5471 2036 5534 neque
2062 5451 2419 5515 humanitas
2450 5469 2527 5514 eo
2560 5450 2742 5512 titulo
2769 5448 2885 5510 erit
2912 5446 3248 5526 adoptata;
3288 5440 3387 5504 vel

1829 5547 1880 5608 si
1921 5543 1987 5607 id
2016 5547 2164 5607 satis
2193 5549 2311 5622 est,
2354 5544 2489 5626 ipse
2530 5542 2721 5606 etiam
2751 5539 3024 5606 Christus
3074 5541 3145 5599 ut
3194 5536 3387 5596 homo
