3892 6167
1311 323 1649 387 ,mst’uur
1683 320 1850 377 xux.
1883 323 2055 380 SECT.
2090 327 2152 378 ll.
3227 329 3345 392 493

89 433 320 502 tatem,
353 431 434 492 ut
477 431 594 492 est
645 443 800 490 unus
839 427 1007 490 Deus
1051 425 1135 489 ad
1177 429 1353 488 extra
1399 442 1690 506 operans.

1777 429 1848 485 ut
1873 421 2221 500 hominem,
2252 425 2309 487 ei
2338 425 2619 488 attribuit
2650 426 2819 507 quod
2846 445 3182 498 commune
3236 433 3347 498 ha·

168 521 276 584 25.
295 521 384 584 Et
409 519 850 586 confirmatur
871 538 946 583 ac
964 517 1346 596 declaratur,
1361 519 1510 600 quia
1527 515 1697 581 Chri·
1776 516 1884 580 bet
1930 535 2075 581 cum
2106 517 2350 583 caeteris
2374 517 2685 602 personis»,
2733 523 2804 583 ut
2834 528 2929 584 est
2974 524 3129 588 illud
3154 527 3339 590 Joan.

91 621 254 686 stus,
271 611 626 691 atheum,
649 633 775 678 non
803 619 900 678 est
923 613 1175 694 genitus
1194 611 1279 676 ab
1303 617 1563 688 aeterno,
1585 609 1698 674 sed

87 707 298 771 factus
325 707 400 768 in
429 711 782 790 tempore3
808 724 966 788 ergo
980 752 1003 784 ,
1038 707 1090 769 si
1119 706 1330 786 aliqua
1371 703 1592 768 relatio
1617 704 1697 766 fi-

91 797 376 864 liationis
411 799 486 862 in
519 819 612 862 eo
642 805 709 862 ut
736 799 824 862 sic
853 799 1134 878 resultat,
1170 817 1301 862 non
1329 803 1422 860 est
1443 804 1698 874 aeterna,

95 891 207 956 sed
243 893 680 974 temporalis3
712 893 914 956 omnis
948 899 1164 955 autem
1201 889 1566 972 temporalis
1605 907 1704 952 re-

96 985 244 1049 latio
275 985 366 1048 ad
397 987 658 1065 Deum,
694 985 957 1049 fundata
983 986 1050 1048 in
1081 984 1350 1060 actione,
1379 991 1476 1047 est
1503 983 1584 1046 ad
1609 989 1704 1046 to-

99 1085 226 1142 tam
256 1081 673 1142 Trinitatem
703 1085 774 1142 ut
803 1086 900 1143 est
924 1097 1092 1142 unus
1111 1081 1300 1155 Deus,
1325 1077 1473 1159 quia
1501 1076 1704 1139 omnis

99 1175 262 1240 actio
283 1179 356 1238 et
385 1176 680 1241 effectus
709 1175 790 1238 ad
810 1181 1007 1250 extra,
1034 1173 1386 1238 communis
1407 1177 1518 1235 est.
1541 1171 1706 1234 Tan-

101 1269 247 1332 dem
274 1267 621 1344 Christus,
649 1275 720 1332 ut
741 1267 958 1344 hamc,
982 1267 1174 1331 habet
1189 1266 1642 1330 beatitudinem
1667 1283 1705 1327 a

101 1368 232 1426 tota
257 1359 642 1439 Trinitate3
670 1381 819 1444 ergo
847 1361 928 1424 ab
956 1360 1180 1424 eadem
1205 1359 1398 1440 babet
1414 1359 1517 1440 jus
1536 1357 1619 1420 ad
1635 1357 1708 1418 il-

101 1458 228 1518 lam
245 1455 720 1522 haereditatem
744 1463 927 1538 prout
939 1454 1310 1537 intelligitur
1332 1455 1507 1536 prius
1525 1459 1706 1516 natu·

108 1569 178 1614 ra
207 1569 353 1612 esse
387 1569 607 1638 quam
649 1569 790 1614 esse
815 1549 1043 1612 beatus
1059 1570 1078 1625 3
1110 1549 1220 1611 sed
1248 1547 1492 1610 ratione
1519 1547 1707 1630 hujus

101 1643 261 1724 juris
281 1643 412 1706 dici
421 1651 536 1706 tur
557 1643 727 1706 filius
740 1643 807 1706 in
828 1647 1133 1724 quantum
1147 1640 1468 1716 homo,vel
1486 1641 1708 1703 saltem
1731 1683 1742 1688 -

109 1757 144 1798 a
169 1735 525 1816 posteriori
557 1735 716 1800 inde
737 1739 905 1800 recte
926 1734 1274 1818 colligimus
1305 1751 1443 1796 esse
1471 1730 1701 1810 filium;

113 1849 263 1910 ergo
295 1831 426 1892 sub
457 1849 547 1894 ea
580 1830 824 1893 ratione
858 1829 1083 1891 relatio
1111 1827 1222 1890 filii
1260 1834 1356 1892 est
1402 1827 1484 1890 ad
1528 1827 1706 1890 illum

115 1943 152 1986 a
187 1943 317 2005 quo
366 1924 676 1988 effective
717 1923 910 1986 habet
937 1923 1060 1986 hoc
1083 1923 1225 2002 juS,
1264 1937 1379 1984 seu
1424 1919 1703 1983 radicem

121 2019 280 2096 ejus,
312 2036 466 2100 quae
497 2024 605 2082 est
629 2016 1025 2100 hypostatica
1053 2015 1225 2077 unio.
1273 2014 1556 2098 Denique
1581 2013 1703 2078 hoc

118 2111 302 2174 etiam
343 2111 746 2174 confirmant
789 2114 854 2174 et
899 2105 1316 2192 persuadent,
1352 2123 1492 2187 quae
1519 2125 1704 2190 supe·

124 2203 270 2267 riori
289 2205 592 2269 sectione
621 2203 788 2268 dicta
817 2210 988 2281 sunt,
1012 2204 1078 2266 in
1105 2202 1415 2266 solutione
1441 2200 1523 2263 ad
1549 2203 1604 2264 1.
1679 2215 1686 2220 “

198 2302 299 2360 26.
344 2291 490 2362 Ιιιιο
550 2297 750 2380 aliqui
777 2303 1002 2380 putant
1047 2297 1171 2359 hoc
1199 2312 1337 2358 esse
1371 2293 1704 2358 definitum

129 2391 205 2454 ab
229 2389 517 2456 Adriano
549 2391 726 2471 Papa
749 2437 765 2466 ‚
799 2408 1071 2470 eumque
1109 2387 1232 2452 hoc
1273 2389 1463 2452 modo
1514 2406 1705 2468 expo-

130 2485 464 2578 suissqjlla'
489 2485 692 2548 verba
711 2485 931 2548 Matth.
959 2485 998 2547 3
1023 2489 1084 2546 et
1100 2485 1176 2544 17
1200 2502 1215 2544 ε
1241 2479 1371 2546 Hic
1388 2487 1478 2546 ast
1491 2481 1706 2545 Filius

135 2597 292 2642 meus
339 2577 639 2654 dilectu,
693 2583 839 2654 etc.,
893 2574 1057 2640 dicta
1095 2575 1330 2638 scilicet
1368 2592 1532 2652 esse,
1577 2589 1704 2638 non

131 2675 369 2735 tantum
395 2691 436 2736 a
461 2671 683 2756 prima
705 2690 1001 2753 persona,
1027 2669 1142 2733 sed
1165 2688 1205 2731 a
1231 2675 1362 2730 tota
1383 2668 1705 2743 Trinitate,

135 2765 208 2828 ad
221 2761 555 2830 Christum
575 2771 646 2829 ut
663 2763 1007 2839 hominem3
1029 2762 1167 2839 sed,
1189 2763 1474 2844 quamvis
1493 2760 1710 2824 Adria-

133 2877 244 2920 nus
265 2857 433 2940 Papa
460 2879 558 2922 ex
584 2857 691 2922 illo
719 2859 912 2921 verbo
939 2857 1272 2938 complacui
1310 2853 1584 2937 colligat,
1609 2861 1708 2917 to-

135 2959 254 3016 tam
277 2952 670 3018 Trinitatem
701 2951 1172 3032 comprehendi,
1201 2951 1347 3032 quia
1375 2953 1443 3014 in
1475 2951 1708 3036 homino

140 3044 369 3112 Christo
397 3051 550 3114 tota
579 3045 933 3132 complacuit
965 3043 1272 3120 Trinitas,
1318 3062 1446 3106 non
1492 3049 1707 3106 tamen

139 3137 274 3202 dicit
299 3139 558 3204 dictum
578 3139 732 3202 illud
755 3138 976 3210 reterri
993 3138 1078 3201 ad
1101 3143 1296 3200 totam
1309 3135 1698 3214 Trinitatem,

140 3250 248 3294 uec
274 3233 574 3314 loquitur
602 3233 682 3296 de
713 3231 950 3294 Christo
984 3237 1051 3294 ιιι
1073 3229 1330 3293 homine
1351 3275 1374 3307 ,
1405 3245 1481 3293 eo
1513 3247 1706 3293 sensu

143 3345 256 3406 quo
281 3346 400 3390 nos
427 3329 494 3392 lo
517 3328 788 3410 quimur‚
820 3323 1022 3388 sedin
1050 3325 1170 3387 alio
1201 3341 1390 3408 supra
1427 3324 1707 3387 declara-

145 3425 224 3494 to,
255 3420 492 3485 scilicet
532 3440 607 3484 ex
635 3425 813 3504 parte
841 3417 1188 3501 suppositi,
1241 3417 1413 3479 unde
1457 3435 1584 3479 non
1615 3423 1708 3480 est

143 3510 269 3574 haec
291 3533 475 3578 mens
517 3511 897 3576 definitionis
920 3515 1089 3594 ejus;
1119 3527 1258 3592 quse
1281 3510 1493 3572 omnia
1517 3511 1582 3572 in
1612 3529 1709 3574 se·

147 3613 368 3686 quante
418 3608 711 3672 sectione
766 3605 958 3668 latius
1009 3604 1516 3668 declarabuntur.
1560 3603 1706 3665 Pos-

149 3705 284 3760 sunt
307 3709 540 3764 autem
589 3699 995 3782 probabiliter
1027 3699 1110 3762 ad
1152 3699 1272 3761 hoc
1315 3697 1708 3762 suadendum

152 3789 354 3858 induci
379 3793 586 3858 verba
631 3794 858 3858 Christi
879 3791 1168 3868 Domini,
1199 3793 1384 3856 Joan.
1427 3793 1506 3855 20
1539 3805 1556 3852 ε
1591 3789 1710 3854 Δε-

158 3887 319 3951 undo
363 3889 446 3953 aa
490 3889 748 3953 Patrem
792 3905 1025 3965 mcum,
1056 3895 1112 3952 ct
1139 3887 1391 3951 Patrem
1419 3887 1705 3960 vestrum,

158 3977 338 4043 Deum
367 3999 590 4058 mcum,
622 3986 678 4046 ct
706 3981 898 4044 Deum
932 3985 1222 4057 vestrum,
1254 3982 1434 4062 juxta
1463 3977 1710 4059 exposi-

157 4071 385 4136 tionem
415 4073 805 4138 insinuatam
848 4079 1000 4137 sect.
1051 4073 1322 4155 praeced.
1355 4073 1535 4150 Nam,
1565 4071 1712 4133 licet

159 4165 472 4242 probabile
521 4169 626 4248 sit,
665 4165 975 4230 Christum
1002 4167 1175 4248 loqui
1201 4166 1282 4229 ad
1313 4169 1558 4229 Patrem
1583 4162 1710 4246 pri-

161 4275 320 4320 mam
366 4261 690 4326 Trinitatis
717 4279 1080 4344 personam,
1110 4267 1325 4324 tamen
1359 4266 1600 4323 certum
1625 4258 1710 4320 vi-

163 4349 334 4415 detur
346 4354 528 4437 'loqui
556 4354 636 4418 de
662 4373 730 4418 se
755 4357 889 4436 ipso
919 4355 1286 4434 uthomine3
1317 4353 1552 4433 alioqui
1580 4369 1710 4413 non

163 4453 403 4511 voearet
426 4452 631 4513 Deum
673 4465 880 4512 suum.
925 4447 1094 4513 Sicut
1134 4467 1283 4530 ergo
1329 4465 1464 4510 esse
1509 4447 1713 4509 Deum

167 4533 373 4602 Christi
403 4547 476 4605 ιιι
503 4541 802 4622 hominis,
853 4557 982 4604 non
1033 4541 1324 4604 convenit
1351 4539 1466 4602 soli
1495 4538 1712 4622 primm

163 4647 456 4710 personae,
520 4635 634 4699 sed
681 4629 830 4720 huic
882 4635 1032 4713 De0,
1065 4641 1128 4697 et
1183 4633 1476 4697 omnibus
1511 4631 1712 4694 tribus

167 4728 440 4800 personis
490 4734 805 4808 quatenus
860 4733 1007 4790 sunt
1051 4744 1214 4789 unus
1255 4727 1420 4790 Deus
1443 4771 1460 4802 ,
1491 4726 1579 4789 ita
1605 4723 1713 4787 illa

169 4815 491 4894 appellatio
523 4828 585 4884 ει
611 4819 832 4884 relatio
862 4819 1082 4896 Patris,
1113 4837 1251 4900 quae
1275 4818 1568 4882 tribuitur
1589 4817 1714 4900 pri·

173 4919 279 4968 mae
301 4927 586 4992 personae
611 4919 906 4996 respectu
932 4913 1153 4976 Christi
1177 4919 1247 4976 ut
1262 4913 1554 4988 hominis»,
1585 4927 1714 4974 non

173 4999 258 5061 est
281 5007 532 5090 propria
560 5007 720 5088 ejus,
751 5007 866 5070 sed
907 5005 1291 5070 conveniens
1333 5007 1466 5069 Deo
1500 5011 1570 5067 ut
1598 5003 1708 5081 sic,

169 5085 307 5156 licet
330 5089 676 5178 specialiter
698 5099 758 5163 ei
781 5098 1221 5182 approprietur
1247 5104 1310 5161 ει
1339 5097 1716 5184 attribuatur

175 5193 412 5268 propter
484 5193 817 5276 specialem
892 5193 1330 5256 auctoritatem
1401 5192 1659 5272 originis
1688 5235 1710 5268 ,

181 5293 353 5356 quam
382 5284 573 5352 habet
619 5291 913 5370 respectu
955 5283 1180 5351 Christi
1211 5286 1404 5350 etiam
1443 5291 1512 5349 ut
1547 5287 1715 5350 Deus

182 5377 284 5436 est.
312 5377 406 5443 Sic
432 5382 598 5446 enim
627 5395 794 5465 saepe
821 5379 1103 5446 Christus
1131 5380 1197 5446 in
1227 5379 1589 5464 Evangelio,
1615 5381 1716 5443 lo-

185 5477 366 5544 quens
395 5475 472 5538 ad
500 5477 744 5542 Patrem
787 5492 898 5560 per
942 5482 1297 5560 respectum
1326 5477 1407 5542 ad
1437 5477 1715 5558 seipsum

1779 613 1857 675 ss
1885 628 1900 672 ε
1937 610 2121 678 Sicut
2146 613 2499 678 mandatum
2522 615 2683 678 dedit
2704 615 2859 678 miti
2875 615 3095 692 Pater,
3125 621 3215 684 sic
3238 623 3346 699 fa-

1782 706 1897 782 cio,
1936 711 2000 768 et
2032 723 2194 788 saepe
2222 706 2398 768 alias.
2432 705 2571 770 Scio
2593 752 2610 781 ,
2660 707 3093 786 Ambrosium,
3122 711 3235 774 lib.
3268 717 3345 778 10

1781 797 1848 859 in
1871 797 2047 872 Luc„
2082 803 2146 860 et
2178 797 2285 861 lib.
2322 805 2351 862 1
2388 798 2467 862 de
2496 797 2629 862 Fid.
2670 799 2753 862 ad
2778 801 3169 884 Gratianum,
3200 825 3341 888 cap.

1783 891 1846 968 6,
1879 891 2061 954 aliter
2084 893 2251 955 hunc
2282 893 2494 956 locum
2517 893 2931 970 intellexisse3
2961 895 3110 960 dicit
3150 899 3341 976 enim,

1782 983 1850 1045 in
1874 985 2067 1048 verbo
2114 985 2220 1048 illo
2245 1031 2264 1061 ,
2295 987 2377 1051 ad
2400 985 2653 1052 Patrem
2681 1003 2899 1066 mcum,
2936 990 3106 1072 loqui
3136 988 3343 1056 Chris-

1785 1082 1951 1139 stum
1988 1083 2060 1140 ut
2086 1081 2309 1156 Deum,
2361 1079 2429 1141 in
2480 1079 2589 1141 ill'o
2619 1087 2853 1158 autem,
2886 1083 3077 1148 Deum
3125 1102 3340 1164 mcum,

1781 1168 1956 1252 loqui
1986 1169 2297 1236 Christum
2340 1179 2413 1236 ιιι
2457 1173 2805 1238 hominem.
2844 1175 2992 1250 Quae
3036 1179 3343 1260 expositio

1785 1270 1881 1326 est
1914 1266 2105 1328 etiam
2144 1265 2514 1348 probabilis,
2564 1273 2626 1329 ει
2664 1265 2848 1332 facile
2891 1271 3183 1337 sustineri
3229 1292 3344 1355 po-

1785 1359 1947 1434 test3
1977 1359 2089 1421 sed
2111 1359 2234 1421 alia
2264 1377 2394 1421 non
2424 1366 2519 1423 est
2544 1379 2658 1422 cur
2683 1361 3025 1442 rejiciatur,
3060 1365 3344 1448 quando-

1787 1451 2043 1534 quidem
2068 1459 2335 1534 uterque
2359 1461 2683 1536 respectus
2712 1461 2918 1536 potest
2944 1458 3007 1518 in
3028 1455 3339 1524 Christum

1785 1551 1856 1608 nt-
1881 1545 2200 1610 hominem
2226 1546 2563 1610 convenire
2587 1593 2605 1622 ‚
2639 1553 2701 1611 et
2728 1546 3011 1612 Christus
3057 1569 3133 1614 eo
3174 1552 3339 1628 loce,

1789 1639 2012 1702 eodem
2048 1645 2262 1704 tenore
2288 1641 2624 1704 verborum
2653 1641 2733 1704 de
2768 1644 3002 1726 seipso
3032 1645 3149 1707 sub
3176 1651 3345 1710 utro-

1787 1751 1912 1813 que
1968 1729 2259 1817 respectu
2308 1735 2605 1818 loquitur.
2658 1737 2935 1820 Denique
2960 1784 2977 1816 ,
3030 1748 3343 1822 quatenus

1786 1825 2064 1894 Christus
2094 1839 2165 1896 ιιι
2189 1831 2381 1894 homo
2411 1837 2504 1894 est
2532 1836 2844 1912 creatura,
2869 1840 2931 1898 et
2959 1834 3199 1914 aliquid
3215 1855 3342 1898 non

1785 1923 1866 1986 ab
1893 1927 2129 1987 aeterno
2164 1923 2473 2004 genitum,
2501 1923 2613 1988 se'd
2642 1925 3021 2008 intempore
3048 1927 3283 1992 factum
3306 1947 3344 1990 a

1783 2017 1964 2080 Patre
1987 2062 2004 2094 ‚
2046 2017 2223 2080 illum
2266 2021 2449 2080 vocat
2492 2019 2691 2080 Deum
2719 2037 2926 2096 suum,
2971 2019 3131 2084 sicut
3160 2027 3224 2084 et
3248 2025 3345 2084 est

1781 2111 1951 2174 Deus
1980 2118 2195 2174 noster
2218 2117 2530 2192 quatenus
2556 2130 2674 2174 nos
2696 2111 2964 2187 creavit;
3001 2132 3151 2196 ergo
3177 2114 3345 2178 idem

1783 2203 2063 2270 Christus
2087 2211 2155 2268 ut
2183 2205 2399 2282 hom0‚
2430 2214 2738 2288 quatenus
2760 2225 2798 2269 a
2822 2207 2955 2270 Deo
2985 2213 3081 2270 est
3110 2208 3343 2271 sancti-

1783 2299 2007 2362 ficatus
2036 2317 2150 2381 per
2180 2299 2443 2380 gratiam
2476 2299 2755 2372 unionis,
2793 2305 2858 2363 et
2883 2319 2998 2380 per
3037 2301 3206 2364 illam
3236 2302 3343 2364 ha·

1783 2391 1892 2454 bet
1912 2392 2020 2473 jus
2047 2392 2130 2453 ad
2170 2391 2457 2473 gloriam,
2486 2399 2691 2474 potest
2716 2411 2942 2460 vocare
2968 2395 3164 2457 Deum
3186 2441 3204 2470 ,
3228 2413 3343 2476 pa-

1785 2492 1946 2549 trem
1993 2503 2214 2564 suum,
2244 2487 2442 2549 multo
2483 2484 2693 2549 altiori
2720 2493 2783 2551 et
2824 2486 3220 2552 eminentiori
3248 2508 3346 2552 ra-

1789 2579 1954 2643 tione
1978 2597 2169 2662 quam
2191 2597 2331 2653 n08,
2358 2587 2671 2662 quatenus
2693 2599 2909 2644 sumus
2933 2581 3013 2644 ab
3037 2581 3145 2644 illo
3167 2599 3344 2644 sanc-

1789 2673 2026 2737 tificati.
2060 2673 2207 2736 Haec
2240 2691 2391 2754 ergo
2444 2673 2667 2737 relatio
2716 2693 2847 2736 non
2881 2681 2977 2738 est
3017 2675 3101 2738 ad
3147 2675 3344 2738 solam

1787 2784 2127 2848 personam
2156 2765 2390 2843 Patris,
2422 2765 2535 2829 sed
2562 2767 2644 2828 ad
2677 2767 2876 2830 Deum
2903 2773 2973 2832 ut
3012 2767 3099 2830 sic
3121 2811 3141 2844 ,
3172 2765 3346 2833 etad

1787 2867 1916 2923 tres
1941 2877 2249 2941 personas
2274 2864 2341 2922 ut
2364 2865 2513 2922 sunt
2538 2877 2703 2922 unus
2727 2862 2917 2923 Deus.

1865 2957 1965 3016 27.
2008 2955 2225 3034 Neque
2268 2953 2332 3013 in
2373 2953 2493 3015 hac
2530 2954 2830 3032 veritate,
2863 2951 3037 3033 quod
3085 2954 3168 3017 ad
3208 2973 3345 3020 rem

1787 3049 2044 3127 attinet,
2086 3053 2289 3128 potest
2328 3065 2469 3110 esse
2519 3046 2853 3110 difficultas
2891 3047 3157 3130 alicujus
3205 3067 3345 3112 mo-

1786 3143 2013 3217 menti;
2050 3159 2199 3206 nam
2239 3142 2581 3206 Concilium
2617 3143 2991 3206 Toletanum
3018 3146 3081 3208 et
3106 3143 3179 3206 D.
3222 3146 3347 3206 Au·

1786 3240 1950 3318 gust.
1982 3237 2047 3298 in
2077 3254 2267 3300 sensu
2295 3235 2485 3316 longe
2514 3236 2759 3298 diverso
2790 3236 3168 3318 loquuntur;
3194 3235 3347 3302 con-

1789 3331 2001 3392 cilium
2045 3330 2217 3392 enim
2262 3329 2546 3392 Toletan.
2592 3327 2717 3406 XI,
2750 3327 2814 3390 in
2853 3329 3099 3392 Confes.
3148 3329 3347 3406 Fidei,

1789 3439 2084 3503 expresse
2115 3421 2391 3502 loquitur
2417 3422 2498 3486 de
2540 3421 2781 3484 Christo
2809 3422 3020 3501 quoad
3074 3439 3307 3504 genera
3328 3458 3347 3468 -

1788 3507 2023 3578 tionem
2064 3513 2443 3588 humanam;
2478 3514 2567 3578 sic
2598 3513 2769 3576 enim
2799 3515 2885 3577 ait
2914 3536 2930 3575 z
2964 3515 3115 3581 Non.
3148 3521 3348 3580 tamon

1790 3607 2079 3690 Spiritus
2099 3607 2372 3674 Sanctus
2392 3613 2575 3690 pater
2602 3607 2923 3673 &edendus
2940 3611 3030 3674 cst
3054 3605 3213 3674 Filii
3234 3607 3347 3690 pro'

1789 3719 1851 3765 co
1895 3699 2053 3784 quod
2076 3700 2288 3764 Maria
2307 3745 2323 3775 ,
2366 3701 2559 3765 eodem
2589 3697 2849 3781 Spiritu
2889 3699 3121 3766 Sancto
3151 3699 3352 3766 obum-

1789 3793 2021 3870 brante,
2053 3795 2339 3874 concepit.
2374 3793 2450 3855 Et
2479 3792 2704 3856 eodem
2733 3810 2923 3855 sensu
2964 3791 3209 3856 locutus
3256 3799 3351 3858 est

1792 3887 2081 3968 August„
2099 3886 2441 3968 pracsertim
2462 3887 2527 3948 in
2547 3885 2825 3964 Euchir.,
2849 3903 2905 3950 c.
2930 3887 3045 3962 38;
3070 3888 3159 3950 sic
3181 3888 3349 3950 enim

1791 3980 1916 4042 ait:
1941 3979 2265 4061 Numquid
2304 3979 2431 4042 ideo
2469 3979 2699 4043 dicturi
2724 3995 2957 4055 mmm,
2981 3985 3223 4062 patrem
3252 3981 3351 4042 lco-

1789 4070 1975 4136 minis
1990 4071 2227 4136 Christi
2252 4089 2373 4136 esec
2393 4069 2710 4156 Spiritum
2737 4071 3063 4147 Sanctum,
3088 4076 3161 4136 ut
3186 4073 3350 4137 Deus

1791 4165 1981 4230 Pater
2010 4163 2259 4232 Verbum
2300 4165 2597 4245 ,amuco-it,
2633 4163 2922 4248 Spiritus
2953 4163 3223 4230 Sanctus
3244 4165 3351 4231 ao-

1791 4257 2005 4322 mincm
2024 4303 2042 4334 ‚
2092 4275 2165 4322 cu
2216 4275 2336 4340 qua
2377 4261 2631 4342 utraque
2677 4257 3024 4324 substantia
3068 4257 3353 4324 Christus

1789 4369 1952 4416 unus
1977 4355 2151 4426 essct,
2170 4356 2227 4415 ct
2248 4351 2363 4415 Dei
2389 4349 2614 4416 Patris
2636 4349 2847 4416 Filius
2878 4351 3199 4416 secuudum
3213 4351 3353 4419 Ver·

1793 4446 1954 4525 bum,
1979 4450 2038 4509 ct
2063 4443 2347 4528 Spiritus
2376 4441 2603 4509 Sancti
2626 4441 2799 4522 filius
2822 4443 3145 4510 cccuudum
3166 4445 3354 4509 homi·

1792 4543 1950 4617 nem,
1994 4539 2153 4622 quod
2188 4537 2367 4620 quasi
2401 4553 2532 4601 eum
2575 4535 2864 4620 Spiritus
2908 4537 3178 4605 Sanctus
3216 4545 3352 4606 tau-

1792 4649 1973 4716 quam
2011 4638 2185 4713 pater
2224 4634 2357 4711 ejus
2393 4649 2465 4696 ccc
2492 4636 2687 4696 matra
2740 4629 2989 4714 Vimine
3026 4634 3347 4714 amicisset.

1798 4725 1950 4802 Quis
1976 4728 2084 4791 hoc
2113 4727 2307 4791 dicere
2324 4727 2611 4792 audebit?
2628 4727 2704 4790 Ει
2726 4745 2781 4790 c.
2811 4727 2915 4803 39,
2935 4725 3141 4791 reddit
3158 4727 3352 4791 ratio·

1795 4837 1942 4882 nem
1977 4819 2192 4884 dicens
2227 4819 2413 4888 :Noa
2440 4820 2737 4904 quidquid
2766 4821 2835 4884 dc
2870 4821 3081 4902 aliqua
3104 4837 3171 4884 rc
3213 4837 3354 4888 aas·

1794 4916 1979 4992 citur,
2009 4915 2289 4979 contiuuo
2326 4915 2585 4996 ejusdcm
2610 4915 2703 4978 rei
2726 4913 2905 4992 filius
2940 4921 3347 4998 nuncupatur.

1795 5007 1975 5080 Quod
2006 5008 2192 5070 variis
2230 5007 2533 5090 exemplis
2582 5005 2947 5081 confirmat,
2992 5011 3055 5069 et
3104 5011 3201 5070 est
3239 5024 3353 5088 per

1795 5119 1864 5164 se
1908 5101 2059 5164 satis
2102 5101 2373 5178 clarum,
2417 5099 2564 5179 quia
2592 5117 2722 5162 non
2756 5098 2961 5162 omnis
2990 5117 3181 5164 causa
3220 5103 3353 5164 effi·

1796 5193 1995 5273 ciens,
2023 5199 2200 5276 pater
2240 5194 2492 5276 proprie
2521 5189 2904 5272 appellatur;
2938 5193 3224 5272 quamvis
3257 5213 3353 5256 er·

1795 5307 1875 5372 go
1899 5287 2152 5368 Spiritui
2172 5287 2399 5350 Sancto
2430 5286 2805 5349 attribuatur
2828 5285 3161 5349 efficientia
3187 5283 3354 5350 Chri·-

1797 5381 1874 5446 sti
1901 5389 1973 5444 ut
2010 5381 2281 5444 hominis
2323 5377 2533 5460 quoad
2578 5378 3355 5462 conceptionemmirabi-

1793 5476 1921 5542 lem
1952 5491 2027 5538 ex
2067 5479 2305 5550 matre,
2342 5489 2471 5535 non
2512 5471 2722 5536 tam‘en
2770 5489 2844 5535 ea
2871 5469 3115 5536 ratione
3146 5481 3355 5554 potest
