3892 6167
1363 363 1683 418 mstTA‘r.
1714 362 1938 418 XXXlX.
1973 364 2143 419 SECT.
2180 367 2242 420 ΙΙ.

173 457 326 524 talis
371 463 568 522 actus
613 461 968 524 necessario
1029 459 1328 543 diligitur,
1369 465 1522 545 quia
1576 463 1764 528 simul

177 571 332 617 cum
359 555 502 616 Deo
525 556 894 621 necessario
909 554 1140 618 dilecto
1157 563 1427 619 amatur.
1461 560 1617 621 Item
1643 575 1760 638 per

172 648 380 709 talem
431 653 656 710 actum
702 649 945 712 videtur
971 647 1141 711 Deus
1171 650 1530 729 'perfectiori
1570 651 1760 712 modo

171 741 388 820 diligi,
425 741 656 804 sulcem
699 742 1020 804 extensive
1069 760 1184 804 seu
1227 744 1576 820 entitative,
1611 745 1758 822 quia

170 851 314 896 nun
335 835 552 896 solum
579 836 794 915 quoad
819 837 1184 910 intrinseca,
1205 837 1320 898 sed
1339 837 1531 898 etiam
1549 837 1761 917 quoad

169 930 556 992 extrinseca
575 930 746 992 bona
773 930 1018 1010 ejus‚et
1036 929 1252 1008 quoad
1279 947 1468 992 omne
1495 930 1562 992 id
1587 931 1758 1010 quod

165 1022 267 1082 ad·
293 1022 850 1103 ipsum-pertinet,
883 1029 1176 1100 amatur;
1213 1029 1278 1085 et·
1321 1023 1468 1085 ideo
1513 1025 1760 1086 ratione

163 1116 589 1196 perfectioris
603 1118 836 1180 amoris
859 1117 996 1191 Dei,
1013 1118 1243 1197 poterit
1263 1117 1410 1180 talis
1423 1126 1598 1180 actus
1621 1137 1758 1182 esse

161 1211 616 1286 necessarius,
645 1211 814 1290 quia,
857 1229 1001 1273 cum
1039 1210 1309 1272 charitas
1364 1212 1530 1274 beati
1570 1219 1758 1274 natu-

159 1305 416 1368 raliter
457 1311 766 1384 ²opcretur
810 1306 976 1366 circu
1013 1308 1239 1380 Deum,
1276 1306 1404 1385 agit
1451 1313 1757 1386 quantum

161 1404 426 1476 potest,
461 1405 528 1460 et
565 1398 710 1460 idco
761 1399 1282 1478 perfectissimum
1319 1406 1526 1461 actum
1569 1399 1754 1476 elicit,

165 1503 322 1554 tam
363 1491 676 1553 intensive
707 1509 898 1572 quam
955 1493 1294 1554 entitative.
1325 1497 1528 1571 Atque
1573 1494 1659 1555 ita
1687 1494 1760 1556 fit

163 1591 248 1646 ut
284 1583 441 1646 talis
461 1592 666 1663 actus,
689 1587 880 1648 etiam
919 1593 992 1648 ut
1009 1586 1386 1648 terminatur
1431 1586 1512 1647 ad
1549 1588 1760 1666 proxi·

163 1697 394 1754 mum,
429 1681 788 1742 meritorius
817 1697 946 1742 non
971 1682 1072 1743 sit.

265 1771 374 1832 13.
413 1772 600 1834 Dices
613 1791 644 1835 -:
669 1774 734 1836 in
783 1791 910 1854 quo
945 1791 1098 1854 ergo
1137 1774 1544 1856 distinguitur
1585 1774 1760 1854 prior

170 1883 376 1926 amor
413 1867 722 1944 proximi,
765 1868 848 1930 ab
875 1869 981 1930 illo
1005 1887 1196 1949 quem
1225 1885 1520 1932 exercere
1551 1873 1760 1949 potest

171 1961 408 2022 anima
439 1960 662 2024 Christi
689 1963 936 2028 ratione
965 1964 1239 2026 scientiae
1269 1964 1516 2040 infusae,
1542 1981 1760 2026 aman·

172 2053 266 2113 do
297 2055 660 2133 proximum
687 2062 946 2134 propter
960 2059 1186 2133 Deum,
1207 2063 1390 2138 prout
1411 2077 1528 2137 per
1551 2058 1758 2120 scien-

173 2147 481 2209 tiarnvel
505 2147 902 2226 prudentiam
933 2150 1204 2212 infusam
1232 2152 1575 2213 amandum
1617 2169 1756 2213 esse

169 2239 470 2318 judicat?
496 2241 888 2320 Responderi
911 2250 1116 2322 potest
1141 2245 1491 2324 dupliciter.
1523 2246 1753 2321 Primo,

177 2333 495 2413 negando
521 2334 640 2396 hos
682 2343 858 2398 actus
883 2353 1026 2399 esse
1049 2338 1406 2416 distinctos,
1436 2345 1552 2417 pe'r
1577 2355 1646 2400 se
1665 2339 1756 2400 lo·

181 2427 474 2507 quenda,
503 2428 558 2496 ‚si
577 2428 805 2490 eodem
829 2436 1116 2511 tempore
1142 2437 1207 2492 et
1233 2431 1396 2494 cii-ca
1427 2431 1596 2492 idem
1625 2449 1760 2492 om-

181 2523 344 2583 nino
369 2522 716 2600 objectum,
742 2541 856 2584 seu
883 2525 1050 2586 circa
1076 2525 1373 2587 eumdem
1399 2526 1756 2604 proximum

185 2621 650 2691 exerceantur3
681 2617 828 2697 quia
849 2618 1022 2680 nulla
1051 2624 1148 2682 est
1179 2619 1338 2680 ratio
1367 2618 1754 2698 distinguen-

187 2709 254 2768 di
281 2709 447 2780 illm,
482 2724 632 2772 nam
663 2711 798 2771 sola
819 2709 1136 2774 distinctio
1163 2711 1618 2792 cognitionum,
1645 2729 1760 2792 per

190 2821 352 2883 quas
385 2804 556 2866 idem
593 2805 906 2885 objectum
947 2808 1318 2886 applicatur,
1357 2824 1488 2867 non
1515 2807 1760 2869 videtur

193 2897 508 2971 sufficere,
539 2899 794 2978 quando
821 2899 976 2961 alias
1009 2901 1073 2960 in
1103 2900 1387 2978 objectiS,
1421 2907 1484 2962 et
1527 2900 1592 2960 in
1617 2917 1758 2962 mo-

193 2991 278 3054 do
317 2991 668 3068 tendendi,
713 3001 808 3055 est
849 2994 1212 3056 omnimoda
1251 2993 1592 3056 similitudo
1644 3013 1754 3057 seu

196 3085 662 3148 convenientia.
717 3087 896 3149 Unde
949 3093 1412 3166 consequenter
1469 3087 1542 3149 fit
1563 3134 1578 3158 ,
1629 3105 1757 3150 non

195 3178 318 3240 alia
355 3179 602 3241 ratione
657 3180 800 3241 dici‘
833 3197 1018 3262 posse
1038 3225 1054 3255 ,
1103 3180 1410 3242 meruisse
1447 3180 1758 3242 Christum

192 3289 310 3354 per
343 3279 557 3334 actum
587 3271 936 3336 dilectionis
959 3273 1228 3354 proximi
1268 3279 1756 3354 consequentem

191 3367 526 3427 scientiam
569 3367 848 3442 beatam,
877 3367 997 3427 nisi
1027 3367 1174 3444 quia
1209 3366 1290 3428 ad
1333 3367 1508 3428 illum
1543 3374 1752 3429 actum

192 3459 483 3522 sufficere
501 3465 746 3538 poterat
761 3460 1018 3521 scientia
1030 3460 1214 3522 beata
1225 3506 1240 3529 ,
1255 3459 1541 3540 quamvis
1559 3460 1750 3521 etiam

191 3553 398 3614 infusa
413 3552 574 3627 sat-is
595 3569 736 3614 esse
756 3554 948 3632 possit
965 3573 980 3627 ;
1005 3558 1068 3614 et
1091 3552 1350 3614 fortasse
1379 3553 1604 3614 Scotus
1619 3569 1749 3614 non

195 3647 365 3708 aliud
391 3647 610 3710 sensit.
642 3647 712 3707 ln
747 3647 866 3707 hoc
914 3653 1124 3708 autem
1169 3663 1359 3708 sensu
1417 3645 1607 3708 etiam
1653 3651 1750 3708 est

193 3739 546 3820 probabile,
569 3756 851 3802 amorem
881 3740 994 3801 Dei
1019 3740 1434 3814 meritorium,
1467 3739 1574 3820 qui
1603 3757 1750 3801 con·

193 3834 572 3914 sequebatur
596 3834 925 3896 scientiam
947 3834 1238 3906 infusam,
1267 3833 1548 3912 potuisse
1573 3849 1753 3895 exer·-

195 3928 320 3988 ceri
351 3945 430 3988 ex
454 3930 518 3990 vi
568 3928 758 3990 solius
801 3928 1073 3990 scientim
1110 3929 1336 4001 beatae,
1367 3926 1552 3988 simul
1607 3945 1751 3990 cum

195 4040 410 4084 amore
444 4023 818 4097 necessario,
849 4023 968 4083 sub
993 4023 1238 4082 ratione
1272 4027 1484 4082 tamen
1514 4020 1746 4100 aliqua,

192 4123 300 4178 aut
334 4116 528 4178 modo
583 4117 788 4176 minus
839 4116 1134 4196 perfecto,
1174 4114 1465 4176 Secundo
1493 4131 1752 4194 respon-

193 4210 324 4270 dcri
379 4215 609 4290 potest,
641 4209 778 4272 illos
806 4215 981 4271 actus
1021 4208 1254 4270 amoris
1305 4206 1570 4286 proximi
1609 4225 1748 4272 esse

189 4319 456 4365 numero
485 4303 788 4378 diversoS,
817 4303 966 4383 quia
995 4321 1110 4383 per
1126 4301 1268 4362 illos
1291 4300 1494 4362 tendit
1531 4300 1748 4363 volun-

188 4399 378 4459 tasin
425 4397 741 4476 obiectum
785 4396 1044 4459 diversis
1077 4393 1282 4458 modis
1316 4394 1694 4475 applicatum
1723 4414 1740 4468 3

191 4493 296 4554 sed
331 4493 480 4571 quia
522 4491 642 4552 hoc
687 4490 939 4552 difficile
991 4489 1232 4552 creditu
1265 4494 1382 4566 est,
1419 4487 1592 4568 prior
1617 4507 1748 4552 res—

187 4585 410 4665 ponsio
437 4584 834 4646 verisimilior
853 4583 1120 4646 videtur.

267 4679 366 4740 14.
394 4676 695 4742 Ασεονίίο.
721 4711 806 4726 -
833 4678 979 4740 Dico
999 4678 1208 4753 tertio,
1234 4675 1540 4738 meruisse
1569 4675 1744 4739 Chri-

187 4779 348 4834 stum
381 4789 498 4852 per
537 4778 712 4834 nctus
763 4787 984 4833 omnes
1027 4771 1327 4832 virtutum
1367 4768 1739 4845 infusarum,

189 4885 342 4948 quos
369 4867 566 4929 libere
593 4866 890 4928 exercuit.
923 4866 1032 4926 Est
1063 4864 1424 4938 certissima,
1459 4865 1548 4926 sic
1572 4864 1741 4926 enim

187 4963 415 5023 meruit
463 4977 580 5040 per
629 4965 839 5022 actum
895 4958 1264 5021 obedientia·
1293 5004 1310 5033 ‚
1357 4965 1426 5020 ut
1479 4965 1739 5023 testatur

189 5053 387 5130 Paul„
409 5054 492 5116 ad
521 5054 676 5116 Phil.
713 5057 776 5126 2,
809 5059 872 5115 et
909 5070 1025 5134 per
1051 5058 1263 5115 actum
1289 5053 1635 5132 religionis,
1665 5059 1737 5115 ut

187 5149 502 5224 orationis„
535 5155 681 5222 etc.;
712 5148 876 5210 etad
905 5147 1200 5210 eumdem
1225 5148 1484 5208 modum
1507 5149 1736 5211 meruit

185 5261 292 5322 per
309 5243 668 5322 passionem
697 5257 900 5313 suum,
925 5247 1236 5320 quatenus
1269 5241 1373 5300 illa
1395 5247 1529 5302 erat
1557 5247 1732 5302 actus

189 5337 498 5398 charitatis
529 5335 636 5396 Dei
677 5340 742 5396 et
769 5335 1056 5414 proximi,
1089 5340 1152 5396 et
1199 5335 1514 5414 religionis
1555 5337 1732 5413 (erat

188 5431 348 5491 euim
374 5428 751 5491 sacrificium
777 5426 1134 5512 quoddam)
1169 5434 1237 5489 et
1261 5427 1726 5504 misericordiae,

184 5523 442 5604 justitie,
489 5521 892 5598 obedientias,
923 5539 998 5588 ac
1049 5520 1180 5586 fere
1237 5521 1534 5590 virtutum
1593 5536 1729 5586 om-

3284 367 3405 428 329

1843 463 2043 526 nium.
2071 463 2149 528 Et
2189 465 2272 528 ad
2300 465 2597 529 eumdem
2647 465 2909 530 modum
2955 467 3405 550 philosophan-

1843 556 1997 618 dum
2026 565 2121 620 est
2140 559 2237 621 de·
2251 559 2544 622 omnibus
2564 559 2805 622 actibus
2831 560 3074 624 Christi.

1923 654 2023 712 15.
2060 653 2185 715 Per
2213 670 2411 717 omnes
2454 659 2629 717 actus
2654 655 2891 726 Hiberos
2934 657 3157 720 meruit
3214 659 3403 723 Chri·

1839 749 1997 808 stus.
2022 775 2103 794 --
2122 746 2275 806 Dico
2304 747 2579 825 denique
2610 753 2856 827 quarto,
2894 751 3198 813 meruisse
3230 751 3403 816 Chri-

1841 843 2005 900 stum
2034 855 2149 918 per
2186 845 2361 901 actus
2391 840 2623 901 liberos
2652 857 2783 902 suae
2814 841 3171 918 voluntatis,
3212 845 3402 906 ctiam

1841 930 1894 993 si
1925 931 2016 993 illi
2043 931 2277 996 fuerint
2316 932 2552 994 ordinis
2594 935 2921 1010 naturalis,
2952 941 3023 998 ut
3052 943 3201 998 sunt
3225 955 3404 1000 amor

1839 1025 2145 1086 naturalis
2172 1026 2307 1101 Dei,
2350 1032 2413 1088 et
2440 1030 2615 1089 actus
2644 1028 2908 1089 aliarum
2934 1029 3237 1092 virtutum
3266 1049 3403 1093 mo·-

1837 1119 2067 1180 rulium
2118 1121 2586 1200 acquisitarum.
2620 1121 2945 1198 Probatur,
2978 1124 3127 1204 quia
3180 1142 3402 1187 omnes

1838 1212 1925 1274 illi
1972 1219 2151 1276 actus
2202 1221 2380 1276 erant
2411 1216 2681 1289 honesti,
2716 1220 2778 1278 et
2817 1233 2855 1277 a
2886 1215 3123 1279 Christo
3172 1218 3404 1280 refere-

1837 1305 2067 1368 bantur
2092 1307 2155 1367 in
2186 1309 2736 1387 supernaturalem
2766 1309 2987 1385 finem,
3018 1315 3081 1372 et
3110 1313 3401 1390 quamvis

1839 1417 1970 1460 non
1993 1400 2564 1477 referrentur,·sola
2592 1402 2866 1482 dignitas
2896 1405 3195 1484 suppositi
3224 1405 3403 1466 deifi-

1841 1493 2225 1568 cantisilloS,
2260 1497 2411 1556 satis
2456 1503 2625 1558 esset
2668 1503 2737 1557 ut
2786 1496 3094 1558 haberent
3146 1515 3398 1560 omnem

1841 1588 2313 1668 proportionem
2342 1594 2407 1649 et
2441 1590 2719 1650 valorem
2772 1590 2855 1650 ad
2882 1590 3198 1654 meritum.
3230 1591 3403 1655 Sicut

1842 1681 2011 1742 enim
2038 1679 2259 1744 Christi
2282 1683 2644 1744 humanitas
2688 1701 2803 1763 per
2850 1684 3053 1764 ipsam
3096 1685 3400 1748 unionem

1837 1775 1926 1836 ita
1954 1774 2280 1838 deificatur
2309 1781 2373 1838 et
2394 1775 2836 1850 sanctificatur,
2870 1783 2943 1838 ut
2968 1777 3207 1839 ratione
3235 1777 3401 1840 illius

1839 1868 2193 1931 debeantur
2222 1869 2309 1930 illi
2362 1871 2485 1932 alia
2512 1871 2681 1932 dona
2723 1872 2953 1949 (etiam
2984 1871 3119 1952 ipsa
3159 1872 3399 1952 gloria)

1837 1967 2143 2040 tanquam
2166 1965 2607 2026 connaturales
2638 1965 3049 2044 proprietates
3075 2011 3096 2041 ‚
3114 1983 3121 1992 ·
3138 1967 3225 2026 ita
3256 1985 3395 2028 om-

1837 2057 1936 2117 nis
1962 2065 2138 2118 aetus
2166 2058 2371 2119 bonus
2412 2057 2820 2120 humanitatis
2868 2060 3079 2132 unitae,
3120 2061 3307 2121 etiam
3348 2061 3400 2122 si

1835 2150 2185 2212 secundum
2232 2167 2301 2212 se
2337 2157 2503 2214 esset
2547 2151 2784 2212 ordinis
2828 2152 3154 2226 naturalis,
3186 2159 3401 2216 tamen

1835 2244 2080 2304 ratione
2122 2245 2373 2306 unionis
2426 2249 2561 2308 erat
2586 2245 2717 2306 Deo
2758 2245 3171 2324 gratissimu8‚
3205 2254 3269 2308 et
3302 2247 3403 2308 di-

1839 2355 2003 2417 gnus
2022 2355 2401 2418 quocunque
2431 2337 2692 2417 praemio
2716 2339 3175 2418 supernaturali
3202 2361 3220 2414 3
3248 2340 3399 2420 quia

1839 2431 2109 2510 dignitas
2136 2431 2301 2494 illius
2328 2447 2613 2512 personae
2642 2431 2844 2510 magis
2872 2432 2953 2494 ad
2997 2433 3157 2494 hanc
3190 2432 3401 2512 digni-

1837 2530 2030 2586 tatem
2057 2525 2317 2600 confert,
2350 2543 2544 2604 quam
2575 2526 2809 2605 quaevis
2836 2525 2957 2586 alia
2990 2525 3263 2588 conditio
3294 2543 3399 2587 ac-

1839 2623 1961 2692 ῑιιε,
1998 2623 2060 2680 et
2101 2635 2290 2698 quam
2332 2618 2553 2680 relatio
2604 2618 2921 2697 operantis
2970 2618 3051 2678 ad
3100 2618 3401 2680 extrinse-

1840 2727 1986 2773 cum
2015 2709 2231 2788 finem,
2264 2729 2403 2791 quae
2456 2711 2819 2790 simpliciter
2872 2711 3229 2772 necessaria
3268 2729 3398 2773 non

1841 2803 2043 2866 estad
2080 2805 2223 2864 talis
2257 2811 2433 2866 actus
2459 2803 2737 2866 valorem
2761 2809 2823 2866 et
2849 2803 3237 2884 dignitatem.

1922 2899 2020 2960 16.
2058 2895 2339 2977 objectio.
2364 2897 2583 2959 -Sed
2607 2897 2907 2978 objiciunt
2936 2896 3216 2975 quidam,
3249 2915 3397 2958 nam

1837 2992 2165 3074 praemium
2196 2997 2291 3054 est
2318 2993 2383 3054 in
2416 3009 2529 3052 sua
2575 2991 2927 3052 substantia
2956 2996 3399 3070 supernatura-

1836 3086 1936 3158 le;
1970 3103 2121 3164 ergo
2146 3091 2323 3148 actus
2349 3083 2653 3146 naturalis
2682 3101 2807 3144 non
2831 3090 3035 3163 potest
3076 3101 3213 3144 esse
3243 3101 3399 3145 con-

1837 3179 2099 3259 dignum
2124 3179 2418 3239 meritum
2444 3178 2601 3256 ejus·
2636 3178 3073 3256 Respondetur
3101 3176 3393 3258 negando

1837 3273 2375 3351 consequentiam,
2395 3270 2541 3350 quia
2560 3271 2628 3331 in
2658 3270 2839 3332 nobis
2864 3270 3032 3331 bona
3057 3287 3251 3349 opera
3266 3287 3401 3332 mo-

1833 3367 2011 3442 ralia,
2040 3367 2183 3426 lieet
2204 3363 2519 3425 naturalia
2534 3364 2679 3440 sint,
2706 3368 2853 3424 sunt
2878 3363 3101 3424 merita
3128 3362 3211 3424 de
3249 3380 3399 3424 con-

1833 3461 2024 3540 digno
2046 3456 2539 3538 supernaturalis
2579 3457 2811 3536 gloriis,
2844 3471 2972 3516 non
3008 3455 3262 3534 quidem
3316 3473 3394 3518 ex

1832 3571 1923 3627 se,
1954 3552 2065 3614 sed
2092 3551 2241 3632 quia
2270 3567 2387 3630 per
2414 3549 2681 3630 gratiam
2714 3549 3039 3610 elevantur
3082 3553 3146 3609 ct
3194 3547 3397 3628 digni·

1829 3646 2121 3720 ficantur,
2150 3644 2251 3706 vel
2288 3643 2667 3718 immediate,
2697 3649 2766 3703 ut
2822 3641 3077 3722 quidam
3120 3640 3340 3703 volunt
3372 3685 3390 3716 ,

1830 3740 1931 3801 vel
1982 3739 2205 3800 saltem
2249 3735 2457 3798 media
2491 3737 2701 3816 aliqua
2740 3735 3044 3797 relatione
3092 3751 3395 3813 superna-

1831 3832 2019 3896 turali
2042 3831 2383 3894 charitatis,
2412 3831 2479 3890 ln
2508 3829 2751 3890 Christo
2775 3845 2947 3904 vero,
2979 3827 3124 3890 licet
3138 3828 3271 3890 haec
3295 3844 3392 3890 re·

1833 3927 1985 3988 latio
2010 3925 2089 3986 dc
2119 3924 2283 3986 facto
2306 3941 2435 3985 non
2476 3923 2767 3998 defuerit,
2792 3920 2925 3981 sola
2954 3920 3228 3999 dignitas
3256 3937 3394 4000 per·

1831 4037 2029 4098 sonae,
2054 4024 2117 4082 et
2144 4019 2359 4099 gratiae
2388 4017 2661 4090 unionis,
2690 4016 2775 4076 ob
2798 4012 3228 4076 excellentiam
3252 4014 3390 4094 eJ'us

1830 4116 1913 4176 ad
1941 4116 2061 4176 hoc
2092 4113 2425 4174 sufficeret.
2454 4111 2529 4172 Et
2554 4111 2713 4172 ratio
2744 4117 2841 4170 est
2868 4108 2932 4170 in
2960 4105 3388 4188 superioribus

1829 4214 2015 4280 tacta,
2044 4208 2193 4287 quia
2232 4205 2503 4286 dig-nitas
2547 4203 2754 4266 meriti
2802 4218 2930 4262 non
2978 4199 3272 4262 fundatur
3321 4200 3388 4264 in

1829 4303 2085 4384 physica
2115 4301 2441 4381 dignitate,
2473 4298 2584 4360 sed
2614 4299 2677 4359 in
2698 4297 2911 4359 valore
2934 4295 3177 4372 morali,
3196 4311 3387 4376 quem

1826 4398 2199 4477 participare
2242 4399 2449 4474 potest
2490 4399 2667 4454 actus
2710 4409 2747 4453 a
2788 4391 2987 4472 gratia
3032 4390 3133 4450 vel
3184 4389 3387 4450 forma

1827 4487 2315 4570 supernaturali,
2347 4488 2533 4548 etiam
2568 4485 2617 4546 si
2650 4487 2784 4566 ipse
2812 4481 3119 4546 naturalis
3146 4483 3248 4544 sit.

1907 4587 2007 4644 Π.
2040 4585 2243 4661 Atque
2268 4580 2417 4642 hinc
2457 4578 2765 4659 colligitur
2796 4577 2990 4658 (quod
3030 4593 3225 4656 supra
3260 4577 3386 4639 huc

1825 4676 2207 4755 remisimus)
2230 4673 2407 4749 ‚licet
2442 4672 2505 4733 in
2534 4671 2775 4736 Christo
2803 4672 3048 4732 nullum
3084 4675 3251 4732 esset
3272 4670 3385 4731 do·

1824 4790 1978 4834 num
2009 4771 2225 4850 gratias
2271 4773 2575 4842 creatum,
2610 4785 2728 4829 nec
2756 4765 3253 4846 supernaturalis
3282 4781 3385 4826 co·

1824 4867 2046 4948 gniti0‚
2078 4861 2190 4926 sed
2244 4862 2376 4924 sola
2429 4861 2615 4935 unio,
2648 4860 2927 4941 potuisse
2981 4858 3045 4919 in
3092 4858 3197 4919 illo
3241 4875 3381 4924 esse

1820 4959 2203 5038 condignum
2243 4955 2539 5017 meritum
2570 4955 2839 5034 cujusvis
2883 4952 3381 5033 supernaturalis

1819 5051 2085 5134 praemii,
2116 5049 2547 5112 intercedente
2596 5047 2943 5110 sufficiente
2987 5046 3379 5108 ordinatione

1818 5147 2051 5222 diviua,
2080 5163 2193 5206 seu
2236 5144 2650 5223 promissione
2682 5143 2801 5202 sub
2842 5139 3199 5203 conditione
3234 5139 3377 5200 talis

1815 5240 2041 5321 operis,
2076 5239 2230 5312 Quia
2259 5237 2324 5297 in
2352 5237 2458 5298 illo
2492 5253 2683 5314 opere
2722 5251 2943 5297 revera
2992 5239 3160 5296 esset
3208 5232 3377 5293 suffi-

1813 5334 1984 5396 ciens
2002 5332 2187 5393 ·valor
2212 5337 2274 5392 et
2301 5329 2592 5410 dignitas.
2621 5331 2747 5390 Nec
2766 5332 3009 5408 oportet
3040 5324 3208 5405 quod
3238 5325 3373 5404 ipse

1811 5443 2081 5506 operans
2098 5441 2346 5503 semper
2368 5430 2703 5503 cognoscat
2719 5422 3045 5502 praemium
3062 5416 3232 5496 quod
3256 5433 3371 5479 suo

1810 5525 1953 5586 actu
2000 5525 2299 5592 meretur,
2327 5533 2448 5580 nec
2490 5515 2661 5600 quod
2712 5513 2965 5602 speciali
3006 5529 3079 5572 ac
3118 5511 3371 5598 propriu
