3892 6167
589 489 742 537 vero
769 471 969 536 unitio
1001 475 1096 536 est
1127 470 1288 535 actio
1317 469 1812 552 supernaturalis
1839 467 2150 533 distinctae

593 569 854 632 rationis
881 573 943 629 ct
974 566 1231 629 ordinis.
1259 567 1418 628 Tum
1447 565 1636 627 etiam
1664 566 1837 644 quia,
1860 569 1930 626 ut
1962 581 2149 645 supra

593 659 904 735 dicebam,
933 677 1062 722 non
1093 663 1302 740 potest
1335 658 1600 738 intelligi
1625 659 1902 720 Verbum
1931 656 2150 720 termi-

594 773 750 816 nare
779 755 1078 827 animam,
1118 759 1188 815 ut
1213 759 1350 816 erat
1373 753 1454 814 ab
1479 758 1716 814 aeterno
1747 753 1812 814 in
1841 751 2145 832 potentia,

595 847 708 909 sed
739 853 806 908 ut
853 853 946 908 est
983 845 1220 926 aliquid
1244 847 1376 925 jam
1409 845 1692 918 factum3
1723 863 1874 927 ergo
1905 845 2027 906 alia
2058 849 2151 908 est

595 941 756 1002 actio
791 957 906 1021 per
951 955 1142 1020 quam
1193 940 1404 1000 anima
1431 937 1537 1013 fit,
1567 945 1630 1001 et
1657 939 1780 1000 alia
1807 955 1924 1018 per
1960 953 2150 1017 quam

595 1033 832 1108 unitur,
867 1039 937 1094 ut
965 1034 1336 1095 terminetur
1363 1051 1400 1093 a
1427 1033 1634 1094 Verbo
1663 1055 1682 1108 3
1711 1037 1776 1093 et
1805 1032 1975 1094 idem
2004 1048 2152 1110 pro-

595 1126 1028 1208 portionaliter
1055 1131 1150 1188 est
1189 1125 1270 1189 de
1319 1132 1448 1188 tota
1495 1125 1908 1188 humanitate.
1943 1125 2151 1187 Prima

589 1237 740 1283 vero
767 1227 830 1286 et
851 1221 1129 1283 secunda
1147 1221 1598 1300 consequentia
1609 1220 1979 1300 probantur,
2002 1219 2149 1299 quia

591 1332 708 1394 per
732 1315 902 1376 illam
933 1315 1315 1378 creationem
1341 1314 1412 1377 fit
1440 1313 1694 1394 aliquod
1727 1329 1866 1375 esse
1905 1313 1971 1374 in
2012 1311 2149 1392 ipsa

590 1409 797 1469 anima
814 1431 834 1485 3
867 1413 928 1471 et
952 1425 1084 1470 non
1111 1407 1182 1471 fit
1215 1425 1354 1470 esse
1385 1409 1696 1482 essentiae,
1722 1411 1790 1468 ut
1805 1405 2151 1468 condistin-

590 1503 802 1582 guitur
829 1503 910 1564 ab
939 1519 1078 1566 esse
1105 1503 1476 1578 existentiae,
1497 1502 1645 1581 quia
1674 1505 1740 1562 ut
1769 1499 1858 1562 sic
1885 1515 2016 1560 non
2057 1504 2151 1560 est

589 1613 730 1658 esse
771 1613 1028 1674 norum,
1059 1594 1174 1658 sed
1213 1601 1542 1672 aeternum,
1569 1593 1717 1674 quia
1755 1609 1978 1656 revera
2022 1597 2151 1654 tan-

589 1695 726 1750 tum
762 1695 856 1750 est
887 1707 1028 1751 esse
1056 1691 1120 1750 in
1150 1690 1432 1770 potentia
1459 1707 1476 1762 3
1507 1695 1598 1750 est
1637 1705 1790 1767 ergo
1821 1703 1963 1748 esse
1992 1685 2153 1746 exis-

587 1783 803 1842 tentiae
855 1789 1138 1845 creatum
1172 1829 1188 1858 ,
1239 1799 1387 1845 cum
1427 1799 1545 1862 per
1583 1781 1964 1842 creationem
1998 1776 2147 1851 fiat;

594 1876 766 1954 quod
791 1881 1006 1937 manet
1037 1877 1098 1938 in
1128 1876 1263 1956 ipsa
1298 1876 1508 1938 anima
1543 1873 1742 1936 Verbo
1777 1873 1993 1945 unita;
2025 1889 2153 1932 non

594 1969 762 2031 enim
793 1975 1002 2049 potest
1035 1969 1298 2050 perdere
1333 1987 1448 2048 per
1475 1966 1969 2044 assumptionem
1998 1963 2155 2026 illud

591 2077 756 2130 esse.
785 2061 956 2140 quod
988 2079 1100 2142 per
1126 2063 1509 2124 creationem
1542 2059 1803 2131 habuit3
1832 2059 1991 2120 alias
2024 2075 2155 2118 non

587 2159 848 2234 possent
869 2157 1101 2218 creatio
1123 2163 1186 2218 et
1205 2156 1560 2235 assumptio
1581 2153 1769 2215 simul
1791 2169 1932 2214 esse
1960 2153 2026 2211 in
2050 2169 2153 2212 eo-

583 2247 732 2310 ‘dem
762 2249 1041 2313 instanti.

577 2359 584 2366 ·
670 2345 769 2405 Η.
799 2343 895 2405 Ad
923 2343 1087 2406 hano
1117 2349 1178 2406 et
1207 2343 1672 2424 praecedentem
1701 2341 2038 2414 rationem,
2056 2357 2151 2401 re-

588 2433 855 2520 spondet
911 2437 1168 2516 quidam
1220 2437 1564 2500 modernus
1613 2439 1832 2496 auctor
1854 2479 1873 2509 ,
1928 2449 2151 2495 verum

587 2529 842 2609 quidem
891 2548 1067 2607 esse,
1099 2531 1486 2592 creationem
1543 2535 1606 2591 et
1656 2525 2148 2603 assumptionem

589 2625 814 2685 animae
847 2629 909 2686 et
937 2625 1346 2686 humanitatis
1369 2641 1510 2685 esse
1541 2622 1816 2683 actiones
1847 2635 1963 2682 seu
2004 2637 2151 2679 mu-

587 2717 852 2778 tationes
876 2717 1178 2792 diversas,
1211 2723 1275 2779 et
1303 2717 1688 2778 creationem
1719 2714 1784 2774 iu
1812 2712 1913 2772 via
1941 2729 2054 2772 seu
2084 2712 2147 2772 in

585 2807 725 2871 fleri
755 2810 1274 2890 pra-suppositam
1299 2809 1490 2870 fuisse
1524 2807 1746 2868 ordine
1774 2810 2013 2866 naturae
2042 2821 2148 2864 as-

589 2904 930 2983 sumptioni
974 2922 991 2976 3
1041 2903 1448 2965 nihilominus
1495 2907 1708 2963 tamen
1769 2901 1836 2959 in
1880 2898 2147 2960 termino

589 3011 699 3057 seu
739 2993 802 3058 in
840 2997 1004 3059 facto
1025 2987 1206 3072 csse,
1235 2995 1732 3074 assumptionem
1763 2991 1957 3053 fuisse
1986 2991 2148 3071 prio·

589 3105 722 3151 rem
750 3089 1188 3169 productione,
1217 3090 1304 3150 ita
1332 3092 1402 3149 ut
1438 3087 1586 3148 licet
1629 3087 1759 3149 haec
1805 3083 2145 3166 propositio

587 3199 734 3243 vera
769 3183 869 3254 sit,
897 3183 1278 3246 Humanitas
1311 3181 1492 3264 prius
1517 3185 1742 3242 natura
1768 3179 2146 3260 producitur,

588 3293 768 3357 qnam
800 3275 882 3339 sit
914 3281 1251 3356 assumpta,
1277 3275 1416 3336 haec
1441 3277 1657 3335 tamen
1686 3272 1766 3333 sit
1789 3270 1975 3343 falsa,
2006 3269 2149 3332 Hu-

583 3369 852 3434 manitas
889 3370 1070 3452 prius
1111 3375 1342 3432 natura
1365 3372 1453 3431 eet
1474 3367 1793 3448 producta,
1826 3379 2010 3445 quam
2050 3379 2151 3426 aa·

585 3466 872 3542 sumptcn
901 3462 1013 3524 sed
1041 3479 1078 3523 e
1107 3461 1422 3524 contrario
1453 3476 1670 3520 verum
1715 3458 1814 3530 sit,
1856 3455 2149 3518 humani-

585 3543 778 3617 tatem
807 3555 980 3635 prius
1027 3558 1252 3616 natura
1297 3555 1492 3616 fuisse
1527 3556 1914 3632 assumptam
1954 3566 2146 3629 quam

580 3648 1000 3728 'productam3
1040 3657 1228 3729 atque
1282 3648 1428 3710 hinc
1479 3645 1778 3716 defendit,
1821 3661 1937 3725 per
1974 3641 2148 3705 illam

583 3743 966 3804 creationem
988 3742 1054 3803 in
1077 3740 1214 3804 fleri
1235 3758 1366 3803 non
1387 3740 1582 3802 fuisse
1611 3738 2147 3800 communicatum

583 3834 811 3896 animas
839 3833 1062 3896 Clu-isti
1094 3833 1352 3914 aliquod
1395 3849 1536 3895 esse
1581 3829 1953 3905 existentiae,
1996 3829 2147 3907 quia

582 3945 698 4007 per
719 3929 1218 4008 assumptionem
1242 3927 1358 3990 fuit
1379 3931 1722 4008 praeventa,
1743 3941 1826 3986 ne
1851 3923 1934 3985 ad
1962 3939 2149 3985 suum

584 4021 930 4082 terminum
957 4021 1278 4084 deveniret
1306 4040 1324 4096 ;
1353 4037 1504 4081 nam
1529 4035 1608 4082 ex
1631 4018 1691 4080 vi
1719 4017 2053 4080 creationis
2080 4017 2147 4078 in

581 4111 720 4175 fieri
743 4113 1042 4176 tendehat
1088 4114 1298 4176 anima
1343 4111 1563 4176 Christi
1609 4110 1691 4173 ad
1721 4109 2141 4184 existendum,

581 4221 712 4268 non
764 4211 976 4268 tamen
1029 4207 1300 4269 obtinuit
1349 4205 1744 4268 existentiam
1769 4247 1790 4280 ,
1841 4203 1991 4284 quia
2030 4219 2147 4283 per

581 4297 880 4361 unionem
925 4299 1224 4380 impedita
1263 4306 1384 4376 est,
1415 4317 1529 4362 seu
1569 4304 1913 4380 praeventa.

664 4395 764 4453 ⁴2.
793 4393 1238 4454 Verumtamen
1268 4393 1404 4454 haec
1426 4392 1746 4472 responsio
1773 4398 1839 4453 et
1859 4389 2144 4452 doctrina

583 4487 676 4546 tot
701 4483 964 4545 includit
991 4483 1148 4546 falsa
1177 4491 1244 4547 et
1269 4484 1772 4565 inintelligibilia,
1797 4491 1870 4546 ut
1891 4484 1974 4546 ad
1994 4501 2147 4546 con-

580 4571 956 4637 firmandam
981 4576 1330 4640 doctrinam
1357 4585 1638 4641 nostram
1671 4576 1956 4641 sufficiat.
1988 4579 2145 4640 Nam

583 4669 888 4750 imprimis
915 4671 1312 4734 manifestam
1347 4672 1606 4735 involvit
1630 4673 2139 4753 repugnantiam,

579 4761 754 4841 quod
803 4762 1042 4843 aliquid
1081 4764 1464 4844 intelligatur
1506 4765 1682 4845 prius
1721 4771 2139 4846 assumptum,

581 4871 774 4933 quam
789 4857 1186 4934 productum,
1205 4858 1308 4921 vel
1329 4864 1610 4922 creatum
1632 4877 1648 4932 ;
1673 4859 1956 4939 quamvis
1970 4858 2141 4920 enim

583 4947 839 5010 defendi
891 4951 1127 5028 possit,
1176 4949 1414 5031 aliquid
1465 4967 1594 5012 non
1642 4952 1820 5031 prius
1879 4951 2143 5031 produci

581 5057 773 5120 quam
814 5043 1002 5117 uniri,
1029 5051 1268 5119 tamen,
1293 5045 1468 5125 quod
1495 5045 1748 5107 uniatur
1774 5045 2141 5124 priusquam

577 5133 982 5214 producatur,
1007 5144 1222 5216 aperta
1247 5145 1342 5200 est
1369 5138 1809 5217 repugnantia,
1832 5155 1977 5199 cum
2000 5155 2139 5200 esse

578 5226 825 5288 unitum
875 5229 1288 5292 essentialiter
1335 5237 1650 5311 supponat
1697 5230 1799 5292 vel
1861 5229 2141 5291 includat

579 5335 745 5395 esse,
771 5325 834 5380 et
861 5330 1322 5402 consequenter
1349 5325 1500 5385 unio
1543 5323 1608 5384 in
1653 5317 1866 5384 re'rum
1911 5329 2139 5385 natura

578 5411 853 5474 existens
879 5422 1192 5494 supponat
1229 5417 1328 5478 vel
1355 5415 1640 5478 includat
1665 5415 2141 5497 productionem

573 5503 682 5572 vol
717 5505 1112 5576 existentiam
1161 5508 1493 5581 ambitium
1541 5527 1690 5575 cum
1735 5509 2139 5596 proportione

1823 369 2058 434 QUAEST.
2096 365 2243 420 xvn.
2279 367 2479 422 sarie.
2518 371 2577 422 tt.

2232 466 2465 544 debita,
2496 468 2559 532 id
2580 475 2699 544 est,
2720 468 2771 531 si
2796 469 2945 531 unio
2968 469 3049 533 sit
3075 471 3141 532 iu
3158 469 3331 545 fieri,
3362 483 3647 552 supponat
3666 481 3733 542 ret

2231 561 2513 624 includat
2564 562 3045 642 productionem
3090 565 3155 624 iu
3204 563 3399 636 fieriz
3434 564 3485 626 si
3524 583 3651 630 vero
3692 571 3733 634 in

2228 653 2395 716 facto
2424 671 2585 729 esse,
2616 656 2921 718 similiter.
2944 657 3022 718 Et
3046 655 3416 719 declaratur
3434 658 3499 720 in
3520 677 3735 737 praesen·

2232 748 2300 822 ti,
2334 765 2480 810 uam
2519 748 2657 810 haec
2700 751 2851 812 unio
2898 751 3001 812 vel
3038 751 3347 833 supponit
3386 751 3737 832 existentiam,

2230 846 2295 904 et
2346 847 2441 904 est
2494 842 2575 904 ad
2630 843 3101 906 subsistendum
3134 863 3151 916 ;
3198 851 3271 908 et
3318 845 3412 908 sic
3460 853 3739 912 necassem

2230 937 2527 1016 supponit
2550 954 2688 998 rem
2720 937 3094 1017 productam
3127 937 3355 1016 quoad
3386 939 3739 1014 existentiam,

2228 1034 2301 1092 ut
2328 1047 2445 1090 nos
2472 1029 2739 1091 dicimus
2764 1049 2781 1103 ;
2811 1030 2909 1093 vel
2936 1037 3035 1093 est
3055 1030 3143 1092 ad
3166 1030 3577 1094 existendum
3608 1033 3742 1096 §md

2230 1127 2295 1186 et
2318 1123 2813 1202 subsistendum,
2844 1132 2917 1188 ut
2944 1125 3051 1188 alii
3083 1125 3265 1188 aiunt
3287 1144 3316 1198 ς
3342 1129 3419 1188 el:
3438 1126 3529 1187 sic
3550 1143 3741 1190 neoeaee

2232 1224 2327 1279 εει
2356 1223 2422 1280 ut
2449 1217 2515 1279 iu
2538 1235 2944 1298 quocumque
2972 1220 3151 1300 signo
3180 1217 3561 1298 intelligitur
3578 1221 3743 1284 huma-

2230 1310 2395 1372 nitas
2418 1317 2739 1392 assumpta
2774 1319 2838 1374 et
2862 1313 3038 1375 unita
3062 1313 3131 1374 in
3156 1313 3337 1376 facto
3368 1329 3515 1374 esse
3536 1355 3554 1384 ,
3572 1314 3743 1376 intelli-

2230 1407 2417 1484 gatar
2464 1406 2655 1467 etiam
2694 1406 2969 1469 existens
2994 1452 3013 1483 ,
3054 1413 3119 1469 et
3144 1412 3611 1486 consequenter
3640 1425 3741 1486 pro·

2230 1497 2463 1572 ducta;
2508 1515 2637 1559 non
2680 1515 2833 1580 ergo
2890 1505 3097 1578 potest
3152 1519 3301 1562 esse
3354 1500 3535 1580 prius
3576 1506 3743 1564 natura

2234 1597 2573 1673 assumpta,
2596 1609 2787 1671 quam
2806 1593 3113 1673 producta
3139 1594 3205 1654 in
3230 1592 3411 1656 facto
3441 1611 3597 1656 eme.
3617 1592 3743 1664 Quod

2234 1703 2383 1747 vero
2414 1703 2623 1765 neque
2652 1686 2721 1746 in
2749 1687 3043 1765 prasenti
3087 1686 3365 1749 unates-ia
3394 1685 3505 1748 illa
3530 1685 3641 1746 dno
3660 1688 3743 1746 sint

2236 1779 2493 1841 omnino
2524 1779 2733 1854 simul,
2768 1778 2895 1842 late
2920 1778 3259 1860 probatum
3298 1784 3433 1856 est,
3462 1779 3560 1842 eit.
3590 1777 3683 1840 dis.
3702 1781 3739 1843 8.

2237 1879 2388 1934 sect.
2425 1876 2453 1934 1
2469 1916 2485 1933 .

2320 1969 2417 2029 13.
2446 1967 2687 2028 Deinde
2720 1986 2801 2029 ex
2828 1968 2947 2044 his,
2988 1987 3130 2048 quoe
3158 1969 3225 2030 in
3254 1968 3375 2028 illa
3400 1968 3739 2047 responsione

2237 2059 2692 2136 conceduntur,
2716 2061 3181 2124 demonstratur
3196 2068 3433 2140 aperte
3452 2081 3469 2132 ς
3494 2079 3629 2122 uam
3648 2077 3741 2118 cum

2234 2155 2461 2216 dicitur
2480 2155 2717 2217 creatio
2738 2156 2803 2216 in
2830 2155 2965 2218 fieri
2994 2173 3135 2218 esse
3163 2156 3355 2236 prius
3374 2160 3592 2216 natura
3607 2170 3737 2231 qaam

2234 2249 2601 2327 assumptio,
2630 2249 2949 2330 interrogo
2972 2250 3155 2311 auin
3178 2269 3251 2310 re
3272 2249 3431 2328 ipsa
3458 2249 3589 2308 tatis
3614 2265 3737 2306 crea·

2230 2344 2319 2405 tio
2353 2342 2599 2417 existat,
2628 2349 2699 2405 ut
2726 2351 2821 2405 est
2848 2343 2985 2405 fieri
3010 2343 3339 2423 passivum
3374 2339 3731 2406 humanitatis,

2232 2453 2311 2496 an
2346 2451 2497 2498 non.
2524 2435 2656 2496 Hoc
2684 2437 2999 2515 posterius
3027 2443 3505 2516 consequenter
3528 2433 3629 2494 dici
3652 2449 3735 2492 nau

2230 2531 2455 2607 potest,
2480 2529 2629 2606 quia
2653 2529 2889 2609 alioqui
2916 2547 3045 2591 non
3074 2529 3509 2590 intervenient
3532 2525 3607 2588 ibi
3636 2524 3730 2584 dus

2230 2621 2633 2694 mutationes,
2676 2629 2744 2684 ut
2782 2623 3169 2697 conceditur,
3202 2623 3255 2684 si
3308 2625 3573 2699 utraque
3612 2618 3661 2677 in
3690 2633 3730 2674 re

2228 2713 2367 2791 ipsa
2412 2731 2541 2776 non
2598 2715 2825 2776 existit.
2872 2715 3027 2776 Item
3051 2761 3071 2791 ,
3115 2715 3446 2794 quo-edo
3488 2717 3577 2773 est
3618 2708 3731 2787 pn'or

2230 2805 2465 2868 creatio
2500 2807 2563 2868 in
2595 2807 2758 2882 fieri,
2780 2809 2829 2870 si
2859 2809 3211 2870 secundum
3237 2807 3402 2868 illud
3427 2806 3558 2869 fieri
3590 2803 3641 2862 in
3669 2817 3729 2860 re·

2230 2917 2373 2962 rum
2418 2907 2647 2963 natura
2692 2920 2821 2964 non
2872 2905 3013 2964 est?
3054 2901 3472 2964 Admittenda
3516 2914 3643 2976 ergo
3672 2899 3727 2952 ⁹⁵¹

2226 2994 2405 3073 juxta
2436 2995 2605 3055 illam
2638 2996 3119 3074 responsionem
3144 3013 3293 3056 vera
3327 3000 3397 3056 et
3422 2991 3595 3056 realis
3614 3004 3725 3049 crea·

2230 3086 2317 3148 tio
2346 3087 2412 3148 in
2442 3085 2581 3149 fleri
2610 3088 2673 3148 in
2702 3106 2772 3149 re
2800 3088 2933 3168 ipsa
2961 3089 3257 3150 existens.
3282 3088 3423 3150 Hoc
3452 3089 3635 3146 autem
3656 3095 3726 3158 po·

2230 3179 2371 3255 sito,
2414 3179 2801 3259 impossibile
2848 3187 2943 3245 est
2996 3182 3185 3244 talem
3240 3180 3615 3244 creationem
3654 3188 3723 3232 seu

2228 3274 2411 3353 quasi
2458 3274 2874 3336 mutationem
2921 3275 3247 3355 impediri,
3296 3293 3386 3338 ne
3439 3273 3505 3334 in
3546 3288 3609 3332 re
3636 3267 3725 3345 ip&

2228 3383 2411 3427 suum
2442 3367 2673 3428 habeat
2692 3369 3051 3445 terminum,
3070 3367 3243 3448 quod
3262 3370 3329 3428 in
3356 3359 3722 3430 unix‘ersumin

2228 3459 2401 3522 omni
2424 3460 2771 3530 mutatione
2788 3461 2891 3524 vel
2912 3462 3182 3535 actione,
3206 3481 3323 3524 seu
3341 3463 3411 3524 iu
3436 3455 3597 3522 omui
3616 3450 3722 3523 fieri,

2228 3569 2449 3615 verum
2480 3560 2600 3626 est,
2628 3553 2778 3634 quiu
2806 3555 2969 3617 actio
3014 3573 3126 3617 seu
3152 3553 3291 3618 fieri
3314 3555 3473 3618 dicit
3497 3545 3722 3612 esseutia-

2226 3644 2356 3706 lem
2387 3645 2817 3708 habitudinem
2846 3647 2927 3710 ad
2950 3649 3319 3722 terminum,
3344 3665 3479 3710 non
3504 3635 3722 3724 aptitudi-

2228 3737 2465 3814 nalem,
2504 3745 2576 3801 ut
2608 3739 2701 3802 sic
2744 3740 2974 3817 dicam,
3018 3742 3133 3805 sed
3190 3742 3529 3810 actualem,
3556 3741 3613 3796 ¹¹¹
3642 3735 3717 3795 0⁵¹·

2228 3838 2540 3912 quatenus
2560 3837 2703 3896 actu
2720 3832 2795 3897 fit
2811 3850 2835 3912 ;
2862 3853 3013 3916 ergo
3042 3835 3321 3916 implicat
3350 3823 3719 3897 contradictio·

2226 3941 2399 4000 nem,
2426 3926 2597 4003 quod
2624 3926 2829 4007 ipsum
2862 3927 2997 3990 fieri
3020 3929 3089 3990 iu
3114 3945 3329 3990 rerum
3347 3934 3569 3990 natura
3584 3933 3717 4000 {³0⁰³-

2226 4024 2353 4091 tur,
2394 4025 2456 4080 et
2484 4019 2657 4098 quod
2691 4021 3069 4102 impediatur
3096 4020 3417 4084 terminus·
3438 4021 3599 4098 juxta
3620 4025 3719 4090 gra·

2226 4111 2379 4174 dum
2406 4119 2471 4174 ει
2496 4112 2892 4176 latitudinem
2918 4115 3061 4177 talis
3095 4114 3281 4190 fieri3
3308 4114 3481 4177 unde
3506 4155 3523 4183 ‚
3552 4108 3597 4170 si
3624 4099 3713 4166 fieri

2226 4210 2323 4268 est
2347 4213 2861 4270 momentaneum
2882 4213 2947 4271 et
2964 4209 3153 4272 simul
3176 4214 3411 4284 totum,
3434 4195 3713 4268 necessari⁰

2224 4298 2416 4364 habet
2454 4300 2771 4381 integrum
2810 4303 3171 4366 terminum.
3205 4303 3282 4364 Et
3326 4302 3647 4366 declaratur
3670 4288 3711 4348 in

2224 4393 2536 4473 prasenti,
2578 4411 2753 4472 nam,
2790 4396 2843 4456 si
2894 4395 3112 4460 ordine
3162 4403 3409 4460 naturai
3454 4380 3713 4456 antecessit

2225 4485 2457 4549 creatio
2486 4485 2713 4548 anim-
2758 4488 2825 4550 in
2862 4487 3027 4567 fieri,
3062 4490 3369 4570 quidnam
3396 4491 3607 4554 factum
3628 4479 3705 4544 est,

2224 4585 2334 4642 aut
2374 4579 2677 4659 quidnam
2717 4589 3055 4646 consecuta
3107 4589 3207 4648 est
3258 4584 3369 4646 illa
3420 4581 3603 4646 anima
3636 4583 3709 4651 per

2222 4673 2349 4736 tale
2380 4673 2565 4737 fleri?
2594 4675 3025 4756 Respondent,
3054 4677 3211 4740 nihil
3254 4678 3321 4739 in
3346 4697 3422 4740 re
3448 4691 3571 4739 esse
3604 4681 3706 4728 con-

2224 4771 2502 4828 secutam
2542 4811 2563 4843 ,
2610 4768 2734 4830 nisi
2782 4770 2957 4847 quod
3006 4771 3309 4834 tendebat
3356 4771 3443 4834 ad
3508 4765 3703 4830 existen·

2220 4859 2375 4922 dum
2401 4907 2417 4932 ,
2456 4860 2579 4920 nisi
2625 4861 3057 4941 impediretur.
3106 4864 3234 4927 Sed
3264 4865 3571 4944 quidnam,
3590 4865 3703 4932 ‘1³¹²‘

2223 4969 2317 5026 so,
2352 4961 2447 5014 est
2477 4953 2739 5016 tendere
2769 4955 2853 5018 ad
2878 4956 3313 5018 existendqu
3340 4959 3471 5020 Aut
3494 4947 3614 5033 quid
3638 4957 3700 5002 0⁵·

2222 5063 2289 5107 se
2346 5052 2555 5125 potest
2602 5046 2741 5108 talis
2789 5048 3107 5111 tendentia
3130 5094 3149 5125 ,
3180 5051 3301 5111 uisi
3340 5051 3475 5131 ipsa
3506 5043 3701 5108 existen·

2221 5139 2337 5212 tia,
2370 5146 2558 5218 prout
2602 5139 2667 5200 in
2714 5139 2905 5202 fieri?
2944 5142 3206 5205 tendere
3258 5144 3433 5205 enim
3477 5137 3549 5204 ad
3582 5127 3695 5232 0319·

2218 5249 2353 5293 rem
2386 5231 2541 5292 nihil
2566 5233 2735 5294 aliud
2778 5237 2873 5295 est
2902 5253 3091 5314 quam
3133 5235 3370 5298 habere
3412 5234 3635 5299 calorem
3652 5233 3694 5278 ¹¹¹

2220 5324 2357 5386 fieri
2386 5345 2401 5398 ;
2436 5330 2500 5388 et
2548 5325 2717 5388 idem
2753 5333 2849 5388 est
2882 5328 2947 5388 in
2980 5326 3278 5390 omnibus
3330 5329 3466 5390 aliia
3506 5317 3688 5386 tenden-

2220 5417 2363 5495 tiis;
2392 5418 2553 5481 sicut
2584 5437 2735 5502 ergo
2764 5421 3151 5500 impossibile
3172 5428 3267 5484 est
3294 5437 3437 5485 esse
3458 5408 3689 5482 aemulam

2218 5511 2717 5592 calefactionem,
2754 5531 2871 5576 seu
2916 5513 3303 5584 tendentium
3346 5517 3427 5580 ad
3468 5510 3682 5578 calorem,
