3892 6167
552 300 677 360 7⁴0

1119 456 1302 496 ΝῘΙΙΒ
1336 457 1554 502 annom.

550 557 798 612 Patribus
841 557 1084 624 antiquis
1131 562 1354 626 propter
1403 559 1598 612 merita
1645 557 1840 612 christi
1891 558 2125 628 praevisa

612 633 798 688 datum
831 638 910 687 est
942 634 1212 702 quidquid
1251 633 1437 700 gratiae
1469 641 1524 688 ct
1562 635 1740 688 meriti
1775 637 2035 700 habuere,
2062 635 2116 689 d.

611 711 692 775 10,
713 725 761 764 3.
791 715 840 762 6.

612 789 728 841 Non
776 793 1092 841 meruerunt
1123 788 1192 840 de
1219 788 1494 854 condigno
1529 788 1986 852 incarnationem,
2020 801 2124 844 ncc

615 863 1016 928 executionem
1039 866 1181 918 hanc
1203 875 1334 918 vero
1357 875 1607 918 meruere
1629 865 1699 918 de
1723 876 1988 931 congrue,
2010 865 2124 917 cir·

611 939 1070 1006 cumstantiasque
1094 939 1324 1006 3113333,
1357 940 1431 992 ib.

609 1015 723 1070 imo
751 1021 805 1070 et
823 1015 1016 1068 merita
1040 1015 1255 1075 Christi,
1277 1021 1330 1069 et
1356 1015 1572 1082 aliquos
1597 1015 1818 1070 effectus
1839 1016 2125 1084 generales

614 1091 874 1158 ipsorum,
898 1097 952 1145 31
975 1093 1286 1158 passionem
1320 1093 1458 1158 ejuS,
1483 1097 1538 1145 et
1563 1099 1814 1152 mortem.
1837 1093 1914 1146 ib.

611 1167 726 1228 Quo
753 1179 916 1220 sensu
950 1167 1382 1234 redemptionem
1411 1169 1732 1232 meruerint,
1760 1167 1835 1221 ib.

607 1243 722 1296 Non
757 1247 1052 1309 potuerunt
1081 1243 1278 1299 mereri
1319 1244 1720 1298 incarnationis
1761 1243 2123 1311 praedestina-

609 1317 842 1383 tionem;
863 1323 1158 1386 potuerunt
1174 1325 1354 1372 tamen
1381 1319 1533 1373 illam
1564 1319 1761 1373 mereri
1787 1321 1854 1374 dc
1879 1320 2125 1388 potentia

611 1394 855 1450 absoluta
885 1395 1208 1463 simpliciter
1240 1395 1536 1462 loquendo,
1575 1397 1652 1450 ib.

1197 1525 1471 1566 »mearum

551 1621 758 1676 Peccati
787 1621 997 1676 malitia
1019 1625 1102 1676 est
1122 1620 1308 1676 minor
1332 1621 1575 1678 bonitate
1603 1619 1717 1684 Dei,
1741 1620 1798 1674 d.
1828 1625 1875 1686 ⁴,
1901 1633 1946 1674 s.
1978 1625 2027 1672 3.

551 1699 776 1766 Propria
803 1699 941 1754 ratio
969 1699 1172 1767 peccati
1206 1709 1272 1752 ex
1312 1699 1518 1766 injuria
1545 1697 1688 1752 facta
1721 1699 1832 1752 Deo
1868 1697 2119 1760 sumitur.

621 1789 663 1827 s.
699 1779 746 1828 ti.

553 1851 653 1904 Per
680 1850 818 1904 illud
847 1849 1199 1905 offenduntur
1225 1862 1417 1904 omnes
1439 1853 1547 1904 tres
1568 1861 1834 1916 personae,
1858 1863 1902 1902 s.
1926 1853 1976 1900 6.

616 1930 778 1981 Actus
803 1928 1008 1994 peccati
1037 1926 1312 1993 quomodo
1341 1926 1446 1979 sub
1479 1925 1788 1980 dominium
1817 1923 1912 1978 Dei
1945 1923 2121 1982 cadat.

615 2009 670 2058 et
697 2005 758 2057 in
789 2006 910 2070 ejus
938 2004 1201 2070 injuriam
1235 2003 1411 2064 cedat,
1433 2000 1508 2055 ib.

611 2082 730 2134 Non
760 2081 924 2136 habet
957 2081 1282 2134 intinitatem
1309 2079 1632 2146 simpliciter
1657 2091 1726 2132 ex
1767 2089 2003 2144 persona
2032 2075 2121 2130 of-

611 2155 788 2222 fensa,
825 2155 922 2210 sed
967 2161 1176 2211 tantum
1219 2155 1522 2212 secundum
1559 2153 1715 2220 quid.
1761 2153 1915 2207 Unde
1947 2152 2126 2220 major

611 2232 817 2285 malitia
849 2237 931 2286 est
959 2233 1016 2287 in
1045 2245 1154 2286 uno
1183 2236 1402 2299 peccato
1436 2243 1602 2297 quam
1629 2229 1688 2281 in
1713 2229 1843 2293 alio,
1873 2243 1918 2282 s.
1944 2231 1993 2282 8.

615 2309 742 2372 Quae
781 2309 852 2362 sit
889 2308 1065 2362 forma
1103 2309 1388 2374 proecipua·
1419 2306 1702 2373 expellens
1735 2309 2035 2372 peccatum,
2072 2309 2125 2358 et

615 2383 850 2450 qualiter
874 2385 992 2437 hoec
1015 2385 1261 2451 expulsio
1281 2395 1314 2436 a
1335 2383 1521 2436 favore
1545 2380 1851 2435 extrinseco
1884 2378 1979 2433 Dei
2004 2391 2125 2446 gra-

615 2459 800 2526 tiaque
833 2459 1098 2514 habituali
1131 2460 1386 2526 pendeat,
1415 2457 1492 2510 ib.

549 2536 754 2588 Peccati
789 2536 1023 2603 macula,
1059 2541 1154 2590 aut
1185 2547 1298 2590 non
1332 2535 1692 2602 distinguitur
1713 2545 1746 2586 a
1774 2531 1934 2598 culpa
1964 2531 2125 2585 habi-

619 2612 774 2675 mali,
797 2618 890 2666 aut
911 2617 992 2665 est
1014 2612 1246 2680 privatio
1268 2612 1474 2678 gratiae,
1497 2609 1573 2663 ib.

555 2687 837 2742 Peccatum
861 2687 1070 2742 actuale
1093 2693 1174 2742 est
1200 2689 1378 2753 majus
1405 2686 1676 2740 intensive
1705 2684 1995 2753 originali,
2030 2697 2125 2738 ex-

617 2765 824 2817 tensive
855 2775 1028 2818 secus.
1057 2765 1276 2819 Mortale
1307 2763 1526 2830 gravius
1558 2761 1849 2830 originali,
1882 2762 1980 2816 sed
2013 2773 2125 2816 non

622 2841 856 2906 veniale,
887 2840 941 2893 d.
969 2848 1016 2903 11,
1049 2845 1164 2893 3.1.

557 2915 844 2968 Peccatum
895 2915 1122 2983 aliquod
1167 2913 1376 2968 actuale
1419 2919 1586 2970 totam
1633 2919 1882 2967 naturam
1934 2910 2123 2966 inficit.

622 3003 665 3043 s,
704 2997 751 3042 6.

559 3065 782 3132 Propter
811 3069 1028 3132 peccata
1061 3065 1311 3128 actualia,
1341 3065 1386 3119 si
1419 3065 1636 3119 veniale
1671 3073 1782 3116 non
1819 3063 2127 3130 praecessis-

619 3148 718 3207 set,
749 3155 815 3194 cx
833 3143 884 3196 vi
909 3143 1190 3209 presentis
1211 3141 1414 3195 decreti
1433 3141 1675 3194 Christus
1698 3151 1810 3193 non
1831 3145 2128 3193 assumeret

623 3230 846 3270 carnem
875 3219 1208 3285 passibilem.
1247 3219 1324 3272 ib.

557 3293 778 3348 Peccata
799 3295 1170 3348 membrorum
1191 3295 1388 3348 Christi
1417 3305 1529 3346 non
1555 3299 1783 3360 possunt
1799 3292 1908 3346 dici
1928 3293 2123 3346 Christi

620 3369 802 3434 quoad
829 3369 1295 3434 commissionem,
1325 3370 1378 3423 d.
1407 3375 1486 3435 33,
1512 3381 1556 3422 3.
1578 3372 1624 3419 1.

555 3441 836 3497 Peccatum
862 3445 1172 3509 permittere
1195 3445 1253 3497 in
1278 3445 1406 3511 alio,
1442 3449 1753 3512 potestesse
1777 3445 2005 3510 bonum,
2036 3457 2126 3498 se-

603 3533 719 3573 -cus
751 3522 810 3574 in
844 3523 1044 3590 seipso,
1079 3531 1124 3576 s,
1149 3526 1198 3574 8.

557 3595 717 3649 liulta
749 3597 988 3652 venialia
1021 3609 1134 3652 non
1181 3596 1510 3664 aequivalent
1543 3597 1640 3652 uni
1683 3598 1896 3652 mortali
1925 3639 1940 3662 ,

593 3685 666 3722 .S.
703 3675 748 3722 7.

1982 3599 2127 3663 d.⁴,

1087 3794 1341 3834 accam
1369 3795 1600 3834 vanum.

557 3891 809 3947 Pecatum
826 3893 1041 3948 veniale
1061 3906 1173 3949 non
1195 3899 1276 3948 est
1293 3895 1512 3962 proprie
1530 3901 1717 3948 contra
1735 3897 1921 3956 Deum.
1951 3909 2127 3964 neque

621 3971 692 4023 ab
723 3983 789 4024 eo
821 3971 1016 4026 avertit
1043 3978 1098 4026 et
1126 3972 1406 4038 analogice
1443 3976 1652 4026 tantum
1691 3977 1774 4024 est
1799 3971 2003 4026 offensa
2036 3975 2123 4028 cui

619 4046 936 4114 temporalis
963 4051 1173 4101 tantum
1207 4059 1374 4115 poena
1407 4047 1653 4112 debetur,
1684 4047 1738 4100 d.
1771 4051 1818 4112 ⁴,
1853 4062 1895 4100 s.
1920 4053 1999 4100 11.

557 4121 815 4190 Reparari
861 4127 1036 4189 potest
1071 4121 1140 4176 ab
1177 4121 1400 4176 homine
1443 4124 1587 4204 justo
1634 4135 1734 4189 per
1771 4123 2123 4179 intrinsecam

621 4199 869 4264 gratiam,
899 4197 974 4250 ib.

559 4273 676 4327 Non
720 4277 894 4339 potest
928 4273 1056 4339 quis
1099 4279 1318 4340 propter
1361 4273 1577 4326 veniale
1615 4273 1788 4338 gratia
1827 4271 1920 4327 aut
1952 4275 2123 4342 gloria

623 4348 850 4416 privari,
883 4349 970 4402 vel
1005 4349 1062 4402 in
1096 4361 1262 4416 perpe
1282 4361 1417 4402 uum
1449 4347 1637 4416 puniri
1663 4361 1760 4415 per
1783 4361 1859 4415 se,
1888 4349 1963 4404 ib.

1057 4476 1310 4517 accam
1341 4477 1623 4516 ottonum.

557 4577 841 4630 Peccatum
892 4576 1160 4644 originale
1203 4575 1524 4643 simpliciter
1578 4583 1660 4630 est
1702 4579 1877 4645 majus
1921 4581 2123 4634 malum

621 4665 788 4718 quam
809 4653 1035 4716 actuale,
1065 4652 1118 4706 d.
1141 4658 1191 4716 ὃ,
1225 4667 1270 4706 s.
1297 4656 1346 4704 1.

558 4728 783 4796 Semper
809 4727 1162 4795 consequitur
1193 4740 1260 4781 ex
1286 4725 1472 4793 aliquo
1499 4728 1717 4792 actuali,
1751 4741 1796 4782 3.
1823 4733 1901 4782 16.

557 4803 796 4867 Qualiter
815 4803 1022 4856 inficiat
1044 4809 1207 4857 totam
1237 4808 1507 4865 naturam,
1534 4803 1674 4856 31311
1696 4803 1848 4858 radix
1871 4805 2120 4858 omnium

621 4878 935 4944 actualium,
973 4879 1046 4932 ib.

557 4953 837 5018 Quomodo
871 4967 1090 5022 poenam
1123 4967 1317 5008 sensus
1344 4959 1632 5018 mereatur,
1671 4952 1745 5007 11).

554 5031 752 5084 Anima
775 5031 929 5098 prius
951 5035 1144 5083 natura
1173 5031 1433 5084 informat
1460 5042 1657 5097 corpus
1684 5043 1848 5097 quam
1875 5030 1971 5086 illo
1993 5031 2122 5084 inii-

618 5106 812 5168 ciatur,
846 5106 901 5159 d.
929 5111 1009 5172 33,
1043 5119 1084 5158 3.
1111 5111 1160 5158 2.

555 5182 617 5236 ln
661 5183 870 5236 christo
920 5195 1036 5236 esse
1088 5195 1200 5236 non
1246 5182 1464 5292 potuit,
1507 5195 1610 5236 nec
1652 5185 1870 5252 proprie
1912 5184 2019 5238 fuit
2062 5185 2118 5237 in

619 5259 848 5318 Adamo,
888 5258 963 5313 ih,

555 5333 794 5387 Christus
812 5334 1046 5386 maxime
1072 5332 1224 5385 venit
1249 5339 1468 5404 propter
1491 5333 1759 5402 originale
1793 5333 2117 5400 tollendum,

619 5415 670 5462 et
695 5415 914 5476 propter
949 5409 1126 5477 ipsum
1155 5409 1330 5462 solum
1358 5409 1610 5485 venisset.
1637 5411 1692 5464 d.
1717 5417 1764 5475 6,
1794 5423 1838 5466 3.
1861 5415 1909 5464 6.

556 5473 848 5552 originalis
894 5485 1180 5552 permissio
1229 5491 1280 5540 et
1325 5487 1662 5552 praescientia
1708 5487 1973 5558 posterior
2014 5487 2117 5541 fuit

1933 301 2127 358 mnnx
2158 301 2387 357 RERUM.

2264 401 2535 456 electione
2578 403 2863 458 bominum
2896 404 2967 458 ad
3000 403 3239 472 gloriam,
3270 415 3319 462 et
3339 413 3582 476 voluntate·
3574 443 3625 483 m.

2266 479 2614 544 carnationis,
2651 495 2695 533 s.
2728 485 2777 532 Ω.

2202 555 2579 620 Peccatorem,
2611 561 2878 622 quantum
2908 561 2991 610 est
3036 555 3095 610 in
3134 569 3225 622 33,
3254 561 3379 617 velle
3402 568 3531 626 neum
3552 577 3633 634 des-

2268 637 2465 696 truere,
2499 633 2772 698 quomodo
2806 633 3233 702 intelligendum,
3264 638 3315 692 d.
3333 645 3375 706 ⁴,
3394 657 3432 696 s
3448 651 3486 700 7

2204 709 2467 775 iujuriam
2489 709 2654 763 infert
2672 711 2797 776 Deo,
2832 710 2919 763 et
2905 723 2965 763 m
2994 711 3297 766 extrinsecis
3316 716 3452 774 bonis
3466 735 3559 780 cum
3573 729 3634 786 13-

2268 786 2368 854 dit,
2402 787 2477 840 ib.

2849 911 3109 952 accaron.

2204 1013 2457 1067 Peccator
2490 1023 2600 1066 non
2630 1025 2664 1066 a
2694 1023 2755 1066 se
2786 1012 3088 1067 formaliter
3118 1015 3323 1082 expellit
3344 1029 3556 1085 peccatum
3580 1045 3639 1097 per

2269 1089 2676 1151 contritionem,
2712 1089 2766 1142 d
2790 1092 2837 1150 ⁴,
2864 1104 2907 1142 s.
2939 1095 2986 1143 8

2205 1165 2265 1218 ln
2302 1164 2598 1232 peccatoris
2628 1165 2975 1218 confessione
3006 1177 3117 1219 non
3151 1173 3225 1220 est
3253 1169 3391 1222 valor
3410 1176 3637 1240 aequintens

2269 1241 2339 1294 ad
2362 1240 2807 1302 satisfactionem,
2844 1242 3007 1294 etiam
3036 1255 3099 1294 ex
3126 1243 3287 1308 gratia
3304 1245 3403 1306 bei,
3428 1261 3465 1300 s.
3488 1255 3521 1301 8.

2206 1318 2379 1371 Potest
2398 1321 2583 1386 tamen
2605 1315 2923 1386 imperfecte
2946 1317 3265 1384 satisfacere,
3292 1333 3331 1374 s.
3356 1323 3427 1376 1ο.

2866 1447 3126 1488 ruamus·

2209 1543 2409 1610 Pelagii
2445 1555 2599 1598 error
2626 1546 2743 1612 qui,
2778 1546 2834 1600 d.
2861 1550 2913 1611 4,
2946 1559 2991 1598 3.
3016 1551 3067 1598 8.

2207 1620 2483 1750 Ρ311ὶ38ς11331
2518 1621 2705 1749 ξηιίαι
2730 1622 2822 1678 net
2856 1621 3040 1676 hostes
3069 1623 3209 1675 male
3238 1623 3303 1677 de
3322 1624 3493 1682 christo
3510 1635 3646 1688 sentie-

2342 1709 2379 1749 n
2410 1740 2421 1762 ,
2455 1711 2497 1750 s.
2560 1739 2570 1750 .

2844 1821 3130 1861 Panaetio.

2204 1923 2536 1992 Simpliciter
2562 1923 2810 1992 simplex,
2846 1935 3107 1990 quaenam
3130 1924 3213 1988 sit,
3247 1925 3502 1992 (1.11,3.1.

2205 2001 2295 2053 Est
2316 2001 2385 2054 de
2414 2001 2623 2054 ratione
2649 2000 2793 2055 entis
2818 1999 3025 2054 infiniti
3049 2001 3368 2066 simpliciter,
3391 2005 3451 2058 ι1).

2206 2077 2269 2128 Et
2288 2078 2599 2130 communis
2618 2077 2795 2130 tribus
2818 2077 3073 2144 personis
3093 2075 3305 2142 divinis,
3334 2093 3373 2132 s.
3396 2083 3433 2134 1.

2204 2152 2401 2219 Aliqua
2421 2153 2684 2220 perfectio
2706 2153 2933 2206 relativa
2964 2157 3049 2206 est
3073 2151 3131 2205 in
3152 2165 3261 2205 una
3282 2167 3475 2220 persona
3489 2159 3650 2212 Trinita-

2269 2228 2355 2288 tis,
2398 2239 2519 2294 quse
2540 2239 2653 2281 non
2679 2229 2735 2280 in
2758 2227 2867 2282 alia
2887 2227 3142 2282 absoluta
3172 2241 3335 2294 secus,
3354 2245 3390 2283 s.
3415 2235 3452 2284 ⁴.

2204 2305 2361 2356 Nulla
2388 2303 2649 2369 perfectio
2679 2303 2886 2367 divina,
2924 2309 3089 2369 prout
3124 2303 3178 2355 in
3210 2289 3311 2357 Deo
3338 2313 3420 2368 331,
3446 2315 3571 2373 potest
3588 2324 3650 2375 per

2270 2379 2504 2448 seipsam
2534 2379 2687 2432 uniri
2724 2384 3017 2444 creaturae,
3054 2379 3162 2432 nisi
3198 2379 3515 2445 subsistentia,
3538 2383 3577 2434 d
3596 2388 3645 2447 11,

2270 2467 2313 2506 8.
2344 2459 2394 2507 2.

2208 2530 2471 2585 Perfectio
2506 2531 2861 2586 accidentalis
2888 2571 2905 2594 ‚
2942 2531 3016 2584 ad
3046 2529 3379 2584 substantiale
3406 2533 3643 2587 311331333-

2268 2620 2393 2661 cum
2434 2607 2893 2674 complementum
2936 2607 3221 2674 dispositio
3256 2619 3361 2659 csse
3391 2619 3478 2659 non
3505 2615 3637 2674 potest,

2269 2685 2324 2736 d.
2349 2688 2427 2748 1ο,
2462 2698 2506 2736 3.
2537 2688 2587 2734 2.

2206 2758 2572 2814 perfectiones
2604 2759 2662 2811 in
2686 2771 2913 2826 corpore
2938 2758 3181 2813 humano
3212 2758 3435 2825 duplices
3456 2765 3545 2818 sunt
3567 2761 3611 2812 de

2268 2836 2397 2889 bitae
2430 2837 2571 2902 aliae,
2594 2836 2717 2888 alite
2740 2835 3027 2904 indebitae,
3056 2835 3113 2890 d.
3140 2839 3217 2898 31,
3242 2847 3284 2887 3.
3312 2837 3358 2887 1.

2784 2979 3186 3020 Pntsnvnnm’u
3193 3004 3205 3017 .

2206 3091 2323 3148 Non
2366 3092 2511 3146 cadit
2546 3093 2651 3148 sub
2688 3093 2947 3147 meritum
2979 3094 3048 3148 de
3084 3093 3362 3160 condigno,
3398 3092 3506 3146 benc
3530 3096 3643 3144 tamen

2270 3167 2375 3222 sub
2400 3169 2655 3223 meritum
2678 3170 2749 3224 de
2770 3181 3037 3236 congruo,
3072 3170 3125 3224 d.
3152 3174 3228 3232 1ο,
3252 3183 3293 3222 3.
3312 3173 3355 3219 6.

2208 3246 2622 3300 Perseverantiae
2639 3246 2849 3300 donum
2870 3253 2955 3299 cst
2976 3245 3201 3300 effectus
3222 3245 3493 3298 meritorum
3508 3243 3648 3307 christi,

2206 3323 2521 3452 podisgitrhlss
2538 3328 2765 3528 3eigectus
2790 3403 2886 3464 est,
2922 3401 2978 3452 et
3012 3396 3437 3465 complementum
3461 3395 3654 3462 pradesti-

2272 3475 2527 3540 nationis,
2556 3475 2569 3527 i
2620 3516 2631 3528 .

2394 3637 2625 3686 Ptnsolu,
2663 3637 2876 3676 ransom
2910 3635 3343 3686 nivinA,Pxn01tA
3370 3634 3536 3674 misn-

2208 3745 2441 3800 Persona
2464 3746 2617 3800 addit
2636 3747 2707 3800 ad
2732 3747 3089 3815 hypostasim,
3122 3747 3263 3814 quod
3285 3745 3349 3799 sit
3372 3745 3421 3798 in
3441 3749 3587 3798 natura
3604 3757 3661 3796 ra-

2270 3821 2484 3882 tionali,
2521 3823 2575 3876 d.
2602 3827 2653 3886 6,
2689 3837 2731 3876 3.
2754 3828 2805 3874 2.

2204 3895 2439 3950 Persona
2470 3905 2647 3951 creata
2684 3900 3038 3954 constituitur
3078 3900 3135 3951 in
3160 3899 3357 3952 ratione
3390 3909 3585 3965 personae
3600 3909 3663 3961 por

2270 3973 2325 4024 id
2360 3987 2456 4039 per
2474 3973 2623 4040 quod
2643 3975 2993 4029 constituitur
3024 3976 3082 4027 in
3106 3976 3309 4028 ratione
3332 3987 3479 4042 perse
3496 3973 3663 4026 existen-

2272 4048 2357 4113 tis,
2386 4050 2442 4102 (1.
2465 4053 2545 4114 11,
2568 4065 2611 4103 s.
2636 4055 2685 4102 a.

2208 4122 2334 4185 Quze
2358 4124 2893 4180 incommunicabilis
2920 4128 3225 4181 necessaria
3242 4127 3307 4180 ad
3324 4123 3663 4179 constitutionem

2201 4253 2210 4262 ,
2270 4211 2529 4266 personoe,
2574 4202 2649 4254 ib.
2876 4231 2881 4236 ·

2206 4275 2439 4330 Persona
2484 4283 2565 4330 est
2611 4277 3159 4333 incommunicabilis
3192 4279 3311 4333 aliis
3336 4275 3565 4344 personis,
3590 4286 3663 4325 non

2270 4353 2495 4418 naturis,
2531 4369 2573 4405 3.
2604 4359 2654 4406 5.

2203 4427 2581 4494 Propriissime
2602 4429 2861 4496 competit
2891 4429 2971 4482 illi
2996 4435 3245 4484 naturam
3267 4440 3516 4486 assumere.
3533 4426 3587 4476 ib.

2203 4502 2439 4558 Persona
2468 4509 2662 4570 creata,
2704 4511 2767 4559 ut
2796 4517 3051 4573 persona,
3095 4517 3205 4559 non
3238 4511 3313 4558 est
3346 4498 3659 4568 assumptibilis,

2269 4579 2322 4631 d.
2348 4585 2427 4640 13,
2462 4594 2505 4633 3.
2544 4585 2591 4633 4.

2205 4651 2401 4706 Tribus
2420 4655 2601 4708 modis
2622 4655 2731 4708 dici
2764 4661 2937 4721 potest
2954 4656 3177 4720 assumi,
3207 4656 3277 4708 ib.

2206 4728 2562 4782 Personalitas
2584 4729 2810 4783 relativa
2836 4731 3001 4784 aliam
3032 4731 3305 4784 relativam
3326 4739 3483 4782 secum
3506 4733 3655 4788 compe·

2268 4803 2416 4868 titur,
2444 4818 2555 4859 non
2580 4805 2903 4869 absolutam,
2930 4805 2983 4862 d.
3011 4811 3089 4871 1⁴,
3114 4808 3226 4860 3.1.

2204 4879 2451 4934 Personae
2474 4881 2713 4948 dignitas
2732 4896 2949 4950 semper
2982 4883 3193 4938 confert
3218 4881 3437 4934 valorem
3458 4875 3598 4942 operi,
3620 4875 3647 4920 et

2266 4955 2515 5020 qualiter,
2552 4959 2605 5011 d.
2635 4961 2683 5022 ⁴,
2706 4969 2749 5011 s.
2777 4962 2821 5011 ⁴.

2201 5031 2369 5085 Aliter
2387 5038 2547 5098 auget
2568 5033 2863 5087 bonitatem
2884 5035 3235 5088 intrinsecam
3257 5036 3409 5096 actus,
3427 5021 3653 5081 311131310-

2267 5119 2401 5168 rem,
2436 5107 2508 5161 ib.

2200 5183 2449 5236 Personae
2467 5185 2649 5238 unitas
2669 5186 2844 5250 major
2864 5185 3152 5248 numerali,
3178 5185 3231 5238 d.
3255 5189 3300 5249 5,
3320 5195 3361 5236 s.
3384 5186 3425 5234 1.

2201 5259 2409 5312 Divinoe
2430 5271 2689 5326 personae,
2725 5261 2977 5326 quamvis
3006 5261 3060 5314 13
3088 5273 3199 5315 una
3218 5257 3430 5313 essentia
3450 5253 3650 5307 uniantur.

2264 5335 2405 5388 nihil
2437 5349 2611 5389 unum
2635 5342 2988 5402 componunt,
3013 5338 3064 5390 d.
3088 5341 3135 5399 ’1,
3162 5349 3205 5390 3.
3226 5337 3269 5387 ⁴.

2198 5411 2445 5465 Personas
2478 5409 2681 5464 divina}
2698 5411 2881 5463 unitas
2904 5411 2959 5464 in
2985 5425 3041 5464 se
3061 5413 3231 5481 major
3250 5413 3325 5462 est
3342 5407 3515 5461 unitate
3536 5401 3647 5453 trium

2263 5499 2637 5554 personarum,
2670 5487 2723 5540 d.
2752 5491 2800 5551 8,
2834 5501 2875 5540 s.
2902 5491 2951 5540 ⁴.
