3892 6167
580 487 936 569 cognitione
987 486 1270 558 affectuS,
1319 480 1430 563 qui
1482 480 1812 543 admiratio
1862 480 2137 557 dicitur3

581 582 689 663 qui
708 588 923 643 tamen
949 596 1079 640 non
1105 594 1356 656 semper
1385 580 1483 637 est
1509 574 1792 654 ejusdem
1813 574 2010 651 modi,
2031 572 2143 636 sed

583 674 1094 736 accommodatur
1137 670 1402 751 obJectO.
1439 670 1596 730 Nam
1627 668 1678 729 si
1709 686 1811 730 res
1840 668 1970 744 illa,
2002 686 2141 748 quai

583 788 817 849 magna
864 766 1229 839 aestimatur,
1279 763 1356 825 sit
1407 762 1574 824 bona
1621 768 1684 825 et
1733 764 2137 837 convenienS,

583 864 780 925 oritur
826 862 888 921 in
940 860 1220 939 appetitu
1250 856 1704 937 complacentia
1733 857 2046 937 quasdam,
2080 860 2142 917 et

581 955 962 1019 desiderium
988 952 1285 1015 laudandi
1315 951 1505 1013 illam.
1535 952 1610 1014 Et
1637 950 1714 1013 de
1745 952 1866 1013 hoc
1907 968 2139 1031 genere

584 1046 1013 1111 admirationis
1053 1046 1205 1107 dixit
1239 1044 1603 1108 Aristoteles
1641 1050 1681 1108 4
1725 1046 1957 1123 Ethic.,
1983 1064 2039 1107 c.
2074 1048 2135 1121 3,

581 1142 1058 1223 magnanimum
1087 1158 1214 1202 non
1259 1158 1397 1203 esse
1429 1142 1772 1221 proclivem
1809 1143 1891 1204 ad
1940 1142 2140 1203 admi-

581 1241 915 1315 rationem,
935 1257 1053 1300 nec
1076 1256 1209 1300 esse
1239 1238 1504 1299 nimium
1534 1237 1598 1299 in
1625 1238 1967 1315 laudande,
1991 1238 2140 1318 quia

586 1352 712 1394 non
741 1332 921 1393 facile
955 1333 1224 1393 aestimat
1254 1332 1493 1415 aliquid
1536 1350 1670 1395 csse
1713 1350 2037 1414 magnum.
2076 1332 2140 1393 Si

581 1446 730 1489 vero
779 1446 881 1487 res
933 1426 1064 1503 illa,
1106 1445 1245 1507 quae
1291 1444 1524 1507 magna
1550 1428 1912 1503 (estimatur,
1941 1426 2021 1488 sit
2050 1428 2143 1487 in-

581 1520 935 1598 commoda,
977 1527 1040 1582 et
1080 1522 1318 1583 malum
1369 1520 1629 1599 aliquod
1681 1520 1924 1594 afferat,
1974 1520 2140 1600 quod

581 1614 834 1676 difficile
863 1615 1044 1676 vitari
1076 1616 1310 1695 possit,
1350 1616 1538 1677 infert
1573 1634 1775 1695 genus
1823 1612 2142 1695 quoddam

581 1709 822 1769 timoris
850 1754 866 1782 ,
916 1726 1105 1789 quem
1155 1710 1438 1770 Damasc.
1485 1715 1550 1771 et
1595 1712 1889 1789 Nyssen.‚
1925 1727 2139 1788 supra,

581 1808 890 1864 terrorem
929 1802 1030 1863 vel
1085 1808 1408 1882 stuporem
1458 1810 1804 1877 vocarunt,
1847 1808 1910 1863 et
1960 1802 2023 1861 in
2068 1820 2143 1862 eo

586 1897 869 1957 consistit
894 1903 1044 1957 tunc
1073 1896 1424 1971 admiratiO,
1467 1902 1538 1957 ut
1565 1897 1805 1958 notavit
1823 1898 1890 1957 D.
1915 1895 2139 1956 Thom.

589 1994 647 2052 1.
674 1992 736 2064 2,
763 2008 826 2070 q.
854 1994 956 2067 41,
983 1996 1099 2051 art.
1125 1992 1188 2061 4,
1226 1995 1290 2052 et
1318 2009 1535 2053 omnes
1571 1992 1630 2051 hi
1663 1990 1832 2053 modi
1875 1989 2149 2050 admira-

585 2084 773 2145 tionis
818 2090 1157 2163 potuerunt
1197 2102 1338 2145 esse
1368 2084 1432 2145 in
1464 2085 1726 2145 Christo.
1757 2085 1914 2145 Nam
1946 2082 2009 2141 in
2039 2080 2145 2141 illo

585 2194 722 2237 esse
771 2177 974 2256 potuit
1027 2195 1226 2237 novus
1269 2178 1495 2238 modus
1540 2175 1958 2257 cognoscendi
2011 2192 2147 2235 rem

586 2270 885 2351 aliquam,
923 2290 1060 2351 quae
1097 2276 1159 2332 et
1199 2289 1430 2351 magna
1461 2270 1756 2333 aestimari
1789 2268 2013 2349 potuit,
2046 2268 2147 2328 vel

587 2362 990 2445 simpliciter,
1023 2364 1122 2427 vel
1173 2364 1292 2425 sub
1347 2366 1557 2447 aliquo
1605 2369 1910 2445 respectu.
1946 2361 2150 2423 Potuit

588 2458 774 2519 etiam
817 2475 956 2519 esse
987 2458 1246 2521 affectus
1284 2476 1678 2539 consequens
1725 2457 1889 2517 hanc
1933 2454 2150 2535 cogni·

587 2552 849 2625 tionem,
879 2558 940 2613 et
969 2552 1482 2613 accommodatus
1508 2552 1599 2613 rei
1630 2552 1918 2633 cognitae,
1943 2553 2014 2609 ut
2042 2564 2152 2627 pa-

585 2650 672 2706 tet
700 2662 775 2705 ex
800 2644 872 2705 iis
897 2664 1034 2725 quae
1052 2646 1129 2707 de
1151 2646 1287 2707 aliis
1315 2646 1553 2709 actibus
1585 2644 1897 2724 appetitus
1925 2642 2151 2703 Christi

589 2738 756 2799 dicta
773 2746 952 2813 sunt-3
985 2758 1159 2820 erge.
1184 2741 1420 2815 Tertio,
1444 2738 1586 2799 addi
1605 2742 1811 2819 potest
1835 2738 1996 2798 alius
2018 2754 2153 2797 mo·

593 2832 712 2893 dus
763 2832 1194 2893 admirationis
1248 2852 1326 2894 ex
1368 2834 1436 2895 D.
1471 2834 1733 2908 Thema,
1766 2836 1825 2893 1.
1859 2834 1918 2899 2.
1956 2848 2017 2911 q.
2048 2834 2151 2905 41,

593 2932 712 2987 art.
739 2928 801 3003 4,
827 2926 908 2987 ad
930 2930 970 2987 4
996 2933 1059 2988 et
1088 2930 1146 2987 5.
1173 2927 1334 2989 Fieri
1367 2928 1534 2989 enim
1559 2933 1765 3007 potest
1789 2932 1880 2999 ut,
1905 2926 2051 2986 licet
2073 2924 2155 2986 et'-

592 3019 794 3081 fectus
846 3026 907 3080 et
957 3038 1148 3081 causa
1202 3026 1661 3101 cognoscantur
1695 3066 1710 3094 ‚
1768 3038 1893 3080 non
1943 3026 2156 3080 tamen

596 3112 1234 3193 comprehendantur,
1268 3133 1388 3175 nec
1415 3113 1690 3195 perfecte
1725 3112 1921 3175 videri
1960 3112 2157 3192 possit

595 3208 822 3268 modus
869 3209 1285 3269 emanationis
1328 3226 1366 3269 a
1412 3209 1516 3270 tali
1557 3226 1793 3281 causa;
1832 3214 1894 3269 et
1928 3226 2003 3268 ex
2039 3208 2155 3269 hac

595 3301 951 3383 cognitione
987 3301 1129 3361 oriri
1151 3306 1352 3381 potest
1379 3314 1486 3362 aut
1515 3302 1971 3381 complacentia
1994 3300 2058 3359 in
2086 3318 2152 3361 re
2177 3297 2202 3326 '

597 3395 870 3475 cognita,
897 3395 944 3454 si
967 3394 1251 3473 jucunda
1283 3396 1380 3467 sit,
1418 3402 1526 3456 aut
1556 3396 1744 3456 timor
1774 3394 2029 3475 quidam
2066 3393 2154 3455 fe·

595 3486 776 3548 rendi
794 3487 1126 3566 judicium,
1146 3492 1253 3549 aut
1273 3489 1542 3569 amplius
1567 3486 2001 3569 perscrutandi
2020 3504 2157 3548 rem

597 3580 788 3643 illam.
817 3580 892 3641 Et
915 3578 1018 3641 hic
1043 3581 1290 3655 moduS,
1318 3600 1458 3643 cum
1483 3600 1610 3643 non
1641 3586 1957 3662 supponat
1985 3581 2157 3659 igno-

599 3676 908 3749 rantiam,
943 3676 1054 3737 sed
1097 3676 1300 3737 solum
1344 3676 1683 3757 quamdam
1731 3675 2157 3757 cognitionem

600 3768 907 3830 inferioris
935 3769 1198 3847 ordiniS,
1225 3790 1338 3832 seu
1371 3772 1574 3831 minus
1603 3769 1981 3850 perfectam,
2012 3786 2161 3827 con-

601 3870 722 3925 stat
752 3864 940 3925 etiam
974 3865 1252 3943 potuisse
1295 3864 1530 3925 habere
1581 3865 1787 3924 locum
1835 3863 1898 3922 in
1949 3860 2161 3922 anima

602 3956 847 4032 Christi,
883 3958 1226 4019 secundum
1260 3958 1535 4037 aliquam
1562 3959 1892 4027 rationem,
1924 3974 2038 4017 seu
2066 3956 2161 4015 in-

601 4049 896 4113 feriorem
926 4052 1270 4112 scientiam.
1315 4054 1390 4112 Et
1433 4070 1508 4113 ex
1537 4050 1634 4111 his
1675 4052 1823 4111 satis
1871 4048 2162 4127 expedi'ta

603 4150 697 4204 est
725 4144 927 4225 prima
959 4144 1293 4207 difficultas
1322 4146 1670 4227 proposita.

681 4239 740 4299 t.
789 4237 885 4299 Ad
915 4238 1255 4299 secundam
1293 4237 1480 4299 etiam
1525 4256 1600 4298 ex
1630 4236 1808 4299 dictis
1853 4236 2035 4299 facile
2062 4254 2161 4298 re-

602 4331 966 4411 spondetur,
996 4330 1164 4391 hunc
1195 4331 1488 4391 affectum
1518 4330 1943 4391 admirationis
1976 4348 2161 4411 posse

602 4422 857 4501 quidem
882 4424 964 4484 ad
987 4424 1372 4485 voluntatem
1395 4424 1732 4505 pertinere,
1759 4432 1970 4487 tamen
2001 4426 2164 4485 circa

604 4514 919 4593 objectum
955 4518 1495 4597 proportionatum
1529 4519 1716 4577 etiam
1748 4536 1930 4597 posse
1962 4518 2027 4577 in
2059 4534 2165 4596 ap-

601 4610 798 4689 petitu
843 4610 1135 4670 sensitivo
1177 4610 1460 4690 reperiri,
1490 4612 1636 4690 quia
1663 4610 2008 4673 formaliter
2034 4627 2165 4670 non

603 4702 884 4764 consistit
911 4703 1030 4764 nisi
1058 4705 1124 4764 in
1153 4705 1364 4785 aliquo
1389 4706 1618 4767 affectu
1651 4706 1886 4766 timoris
1927 4704 2028 4766 vel
2056 4704 2167 4766 de-

604 4794 840 4868 siderii,
886 4803 956 4857 ut
1003 4797 1378 4878 explicatum
1427 4806 1544 4861 est.
1592 4800 1898 4879 Supponit
1950 4806 2164 4861 autem

602 4890 1048 4967 cognitionem,
1082 4908 1222 4971 quae
1266 4912 1394 4953 non
1443 4892 1686 4954 excedit
1729 4892 2013 4954 ordinem
2063 4912 2163 4954 co-

600 4981 895 5061 gnitionis
923 4984 1234 5047 sensibilis
1254 5036 1268 5060 ,
1303 5004 1451 5048 nam
1483 4988 1673 5047 etiam
1701 4990 1907 5065 potest
1932 4987 2164 5067 cogita·

601 5074 724 5139 tiva
770 5076 1042 5159 aliquem
1085 5079 1447 5141 sensibilem
1489 5082 1782 5143 effectum
1815 5080 2027 5141 denuo
2058 5100 2162 5162 ap-

595 5169 991 5249 prehendere
1034 5178 1330 5253 tanquam
1378 5190 1680 5255 magnum
1714 5180 1776 5237 et
1813 5174 2157 5253 insolitum,

597 5262 662 5416 {ln
696 5280 822 5345 qua
868 5265 1224 5345 cognitione
1265 5268 1525 5331 affectus
1567 5262 1995 5331 admirationis
2022 5268 2159 5329 fun·

643 5362 802 5417 atur.

1816 378 2052 444 QUAEST.
2080 378 2189 435 XV.
2219 378 2417 434 Alme.
2452 382 2535 434 lx.

2718 642 3143 709 ARTICULUS
3178 644 3281 707 IX.

2504 832 2568 895 U
2568 835 2733 894 trum
2757 832 2826 895 in
2853 831 3097 899 Cho-isto
3125 834 3316 913 suevit
3340 835 3437 899 ira
3464 842 3503 901 ¹.

2304 1046 2358 1107 1.
2405 1044 2515 1108 Ad
2552 1064 2773 1109 nomem
2796 1048 2885 1112 sio
2912 1050 3285 1131 proceditur.
3346 1050 3573 1117 Videtur
3592 1063 3693 1134 quod

2220 1138 2290 1201 in
2321 1136 2564 1201 Chmto
2591 1158 2711 1203 non
2731 1142 2927 1220 suerit
2950 1144 3072 1207 ira.
3112 1143 3363 1207 Dicitur
3389 1146 3531 1206 enim
3553 1148 3689 1219 Jacob,

2226 1232 2249 1293 1
2290 1248 2307 1293 :
2340 1230 2456 1295 Ira
2492 1235 2619 1295 viri
2648 1235 2967 1315 ,iusticiam
3000 1236 3121 1299 Dei
3163 1254 3283 1298 non
3318 1244 3592 1319 operatur.
3617 1246 3695 1313 Sea

2223 1324 2515 1403 quicquid
2558 1329 2687 1405 fuit
2729 1331 2798 1391 in
2848 1328 3093 1393 Christo
3120 1377 3136 1403 ,
3194 1331 3279 1393 ad
3306 1330 3595 1409 justitiam
3624 1340 3695 1404 Da·

2211 1421 2521 1499 pertinuit
2541 1445 2569 1492 ,·
2597 1422 2723 1502 ipse
2756 1425 2915 1486 enim
2937 1426 3144 1503 factus
3171 1429 3263 1487 est
3286 1425 3456 1489 nobis
3465 1426 3661 1505 justit&
3674 1456 3695 1496 a
3781 1454 3783 1459 ·

2223 1512 2369 1586 Dee,
2426 1519 2497 1576 ut
2550 1517 2780 1580 dicitnr
2818 1522 2847 1579 1
2904 1516 3138 1581 Coow.
3196 1524 3251 1581 1.
3304 1517 3478 1601 Ergo
3514 1521 3697 1599 tidem,
3781 1522 3783 1549 ¹

2222 1610 2383 1685 quod.
2407 1611 2477 1670 in
2508 1610 2755 1673 Christo
2782 1630 2901 1673 non
2922 1613 3117 1691 fuerit
3146 1613 3267 1676 ira.

2306 1708 2362 1767 2.
2413 1704 2753 1780 Proeterea,
2798 1709 2901 1771 ira
2945 1708 3405 1771 mansuetudini
3444 1714 3699 1791 oppetatur,

2226 1802 2293 1858 zet
2314 1802 2493 1877 patet
2520 1800 2588 1861 in
2608 1804 2647 1861 4
2666 1800 2879 1866 Ennio.
2910 1804 2937 1842 ²
2974 1801 3107 1865 Sed
3138 1802 3426 1865 Christus
3442 1806 3703 1882 fuitum-i-

2227 1908 2320 1953 me
2340 1899 2705 1958 mansuetus.
2739 1896 2918 1977 Eryo
2940 1897 3008 1958 in
3032 1914 3093 1959 eo
3120 1914 3240 1957 non
3265 1898 3397 1975 fuit
3426 1898 3538 1960 ira.

2308 1986 2365 2049 3.
2412 1985 2748 2063 Proeterea,
2784 1988 3115 2071 Greyorius
3133 1991 3307 2065 dicit,
3340 1991 3464 2054 inti
3486 1990 3702 2065 Horat),

2230 2080 2387 2157 quod
2429 2082 2531 2143 ira
2556 2098 2677 2161 per
2704 2083 2924 2145 vitium
2956 2090 3213 2148 excoecat
3261 2084 3497 2148 oculum
3526 2090 3705 2154 mentis:
3781 2102 3783 2117 ·

2229 2173 2329 2236 ira
2378 2194 2515 2237 vero
2554 2194 2673 2257 per
2727 2176 2941 2252 zelum,
2996 2178 3199 2261 ipsum
3254 2180 3481 2243 tua-bat.
3540 2180 3641 2243 Sed
3670 2187 3705 2245 in
3781 2198 3783 2213 ·

2234 2265 2481 2331 Christo
2510 2272 2731 2333 mentis
2756 2270 2963 2335 oculus
2996 2290 3116 2333 non
3154 2274 3283 2353 fuit
3313 2279 3627 2347 eaecaecatus,
3650 2294 3707 2341 nee

2232 2365 2529 2427 tuo-batus,
2568 2364 2746 2447 Erqo
2773 2367 2841 2427 in
2874 2366 3119 2430 Christo
3142 2384 3261 2430 non
3285 2368 3418 2449 ficit
3440 2386 3537 2431 nec
3554 2370 3631 2431 ira
3641 2390 3707 2450 per

2230 2456 2471 2530 vitium,
2502 2476 2608 2522 nec
2632 2460 2733 2522 ira
2752 2478 2871 2540 per
2891 2460 3103 2526 zelum.

2316 2549 2449 2613 Sed
2492 2558 2701 2616 contra
2754 2558 2863 2628 est,
2908 2556 3071 2635 quod
3096 2556 3274 2619 Joan.
3310 2558 3353 2617 2
3383 2558 3454 2619 de
3479 2576 3535 2619 eo
3559 2559 3709 2621 dicitvr

2234 2662 2354 2706 esse
2400 2644 2740 2725 impletum,
2781 2650 2945 2729 qnod
2983 2649 3052 2711 in
3098 2648 3343 2715 Psalm.
3390 2652 3471 2714 68
3518 2650 3707 2732 ὶερὲτεν·

2234 2738 2293 2799 Z
2296 2738 2425 2801 elus
2452 2742 2659 2803 domus
2683 2747 2807 2805 tuoe
2833 2746 3084 2807 comedit
3108 2762 3220 2809 me.

2316 2832 2665 2915 Respondeo
2693 2837 3007 2900 dicendum
3034 2838 3194 2917 qnod
3212 2886 3229 2911 ,
3265 2840 3427 2902 siout
3452 2840 3516 2901 in
3538 2844 3707 2903 scema

2228 2928 2416 3004 parte
2438 2928 2667 2990 dietum
2692 2931 2847 3005 est-⁴,
2872 2931 2973 2993 ira
2994 2936 3081 2993 est
3108 2933 3357 3013 effectu-5
3374 2934 3711 2997 tristitia&
3781 2938 3783 2941 ’

2238 3019 2504 3083 tristitia
2541 3023 2699 3083 enim
2739 3024 2933 3088 alicui
2960 3024 3150 3089 illata
3185 3028 3567 3106 consequitur
3586 3028 3638 3089 in
3664 3046 3709 3091 ec.
3781 3030 3783 3069 ²

2237 3110 2401 3175 circa
2439 3116 2788 3179 sensitivam
2819 3122 3083 3199 partem,
3123 3122 3712 3202 appetitasrepellenii
3781 3150 3783 3161 ·

2235 3206 2487 3269 illatam
2516 3210 2835 3289 injuriam,
2866 3214 2963 3275 vel
2988 3214 3123 3289 sibi,
3154 3216 3251 3277 vel
3273 3214 3444 3278 aliis.
3476 3214 3563 3277 Et
3576 3218 3711 3278 sicin
3781 3224 3783 3245 ³

2238 3305 2321 3361 est
2333 3304 2543 3381 passio
2568 3306 2891 3385 composita
2917 3326 2989 3370 ex
3008 3310 3273 3373 tristitia
3296 3315 3355 3371 et
3372 3311 3623 3391 appetitu
3640 3312 3715 3371 rin·

2239 3396 2436 3459 dictoe.
2494 3398 2745 3460 Dictum
2790 3404 2875 3462 est
2924 3408 3127 3463 autem
3166 3402 3189 3443 ⁸
3239 3405 3400 3482 quod
3441 3405 3509 3465 in
3552 3403 3715 3465 Christi

2238 3489 2502 3552 tristitia
2534 3509 2653 3555 esse
2670 3494 2895 3573 potuit.
2931 3494 3264 3577 Appetitas
3290 3497 3476 3558 etiam
3494 3497 3715 3571 vindicte,

2237 3584 2590 3663 q'emndoque
2636 3591 2723 3647 est
2768 3604 2900 3650 cum
2933 3592 3203 3669 peccam,
3248 3592 3509 3669 qnando,
3543 3591 3715 3656 scilicet.

2240 3674 2472 3753 aliquis
2518 3678 2854 3742 vindictam
2898 3683 3122 3761 quoerit
3174 3684 3294 3747 sibi
3336 3686 3545 3764 ahs-qm
3582 3686 3719 3745 ordis

2240 3772 2522 3845 rationis,
2570 3778 2623 3835 et
2653 3776 2741 3838 sic
2778 3776 2879 3838 ira
2910 3776 2978 3837 in
3012 3775 3259 3839 Christo
3286 3794 3405 3841 esse
3440 3796 3552 3839 non
3564 3780 3717 3859 potnit.

2242 3862 2585 3942 hujusmodi
2612 3868 2770 3930 enim
2795 3871 3023 3934 dicitur
3044 3871 3148 3934 ira
3170 3888 3293 3951 per
3318 3873 3547 3935 vitium.
3578 3872 3719 3945 Θεαῖ-

2244 3958 2429 4037 doque
2452 3980 2587 4023 vero
2616 3962 2768 4026 talis
2795 3966 3103 4045 appetitus
3129 3970 3217 4028 est
3243 3966 3377 4029 sine
3388 3971 3627 4049 peccato,
3648 3966 3717 4025 {aa

2244 4058 2327 4114 est
2359 4054 2738 4127 laudabilis;
2758 4062 2947 4138 puta,
2988 4076 3120 4121 cum
3148 4058 3385 4139 aliqui-5
3407 4060 3615 4141 appetit
3634 4060 3719 4120 rit-

2245 4146 2471 4208 dictam
2496 4152 2816 4212 secundum
2840 4152 3108 4213 ordinem
3118 4151 3395 4233 justitiet.
3416 4201 3431 4226 ,
3470 4156 3522 4214 et
3544 4154 3645 4214 ἧσε
3660 4168 3719 4212 vc-

2243 4246 2420 4303 cm‘m·
2437 4241 2535 4304 ira.
2554 4262 2675 4323 per
2688 4244 2899 4308 selum.
2918 4244 3089 4309 Dicit
3112 4246 3721 4331 enimAuyminus‚sa-

2233 4354 2353 4415 per
2368 4336 2545 4401 Joan.
2572 4340 2620 4415 ⁶,
2642 4340 2801 4419 quod
2820 4338 2943 4402 selo
2960 4340 3167 4403 domus
3188 4340 3309 4402 ‘Dei
3334 4342 3645 4409 comeditur,
3660 4338 3721 4415 qvi

2245 4430 2469 4505 omn-io,
2520 4450 2653 4511 quae
2680 4434 2767 4496 ibi
2780 4452 3073 4515 perv-ersa
3103 4434 3288 4506 videt,
3337 4436 3559 4515 satayit
3591 4448 3723 4493 emei-

2247 4526 2412 4596 dare,
2448 4530 2526 4598 et,
2556 4528 2613 4589 si
2642 4529 2953 4589 emendare
2974 4546 3095 4589 non
3110 4530 3337 4609 potest,
3372 4528 3577 4591 tolerat
3597 4530 3640 4587 et
3658 4542 3723 4605 ye-

2245 4619 2381 4681 mit.
2423 4616 2517 4680 Et
2545 4618 2695 4682 talis
2721 4620 2823 4683 ira
2850 4620 2975 4701 fuit
3006 4620 3273 4684 Christe.

2325 4713 2431 4777 Ad
2448 4714 2721 4797 primum
2745 4732 2885 4797 erqo
2916 4714 3231 4781 dicendum
3256 4716 3436 4797 quod,
3464 4714 3603 4781 sicut
3622 4711 3723 4773 Gr?-

2326 4894 2345 4933 ¹
2388 4898 2448 4967 3,
2490 4896 2549 4958 d.
2584 4900 2683 4974 15,
2718 4914 2781 4976 q.
2808 4900 2871 4972 2,
2904 4902 3018 4959 art.
3054 4898 3116 4973 Ξ,
3136 4910 3203 4974 q.
3234 4896 3295 4957 Ξ.

2323 4988 2351 5027 ²
2388 4988 2452 5051 C.
2488 4994 2547 5063 5,
2579 4997 2733 5052 tom.
2764 4994 2825 5051 5.

2324 5080 2351 5120 ³
2390 5083 2453 5144 G.
2490 5086 2589 5160 30,
2620 5100 2749 5145 non
2778 5084 2997 5163 procul
3026 5100 3063 5144 a
3090 5083 3293 5163 princ.

2322 5172 2347 5214 ⁴
2392 5178 2448 5237 1.
2474 5178 2535 5247 2,
2570 5196 2631 5257 q.
2666 5179 2771 5254 46,
2798 5182 2917 5238 art.
2966 5179 3026 5253 3,
3058 5176 3141 5239 ad
3168 5178 3229 5238 3.
3276 5176 3357 5239 Et
3378 5180 3437 5239 Ξ.
3462 5178 3515 5253 9,
3550 5172 3719 5255 4158,

2243 5283 2303 5329 a.
2340 5271 2397 5345 ’1,
2430 5274 2467 5331 2
2498 5274 2561 5331 et
2598 5274 2660 5333 3.

2320 5364 2347 5401 ⁵
2388 5364 2515 5425 Art.
2549 5368 2583 5427 6
2612 5364 2803 5444 hujus
2824 5368 3043 5443 quaest.

2320 5456 2345 5495 ⁶
2386 5458 2587 5519 'tract
2620 5464 2693 5522 10
2721 5506 2736 5534 ,
2775 5478 2965 5540 super
2990 5458 3145 5522 illud
3178 5478 3197 5524 ε
3226 5458 3289 5523 Z
3290 5457 3413 5523 elus
3439 5458 3713 5521 dommum

2239 5550 2490 5612 comedit
2516 5568 2629 5627 me,
2662 5559 2815 5614 tom.
2848 5556 2908 5615 9.
