3892 6167
1350 398 1672 457 msrurn.
1705 398 1884 453 XXXI.
1917 396 2089 453 SECT.
2124 400 2208 453 Vl.

131 520 284 572 esse
313 502 662 584 positivam
694 501 1031 576 etrealem,
1061 506 1126 563 et
1156 500 1392 563 habere
1417 502 1482 563 in
1511 506 1722 580 potes-

127 602 266 665 tate
299 602 534 659 actum
557 596 668 675 qui
695 612 774 657 ex
809 613 886 656 ea
923 595 1104 657 educi
1133 600 1358 675 potest,
1389 595 1452 655 in
1489 611 1616 673 quo
1643 612 1722 656 ex

127 698 320 778 parte
353 690 660 753 convenit
689 706 834 753 cum
861 689 1143 771 potentia
1172 688 1481 763 naturali;
1515 688 1724 751 differt

133 798 390 861 tamen,
425 786 580 865 quia
614 783 896 863 potentia
941 784 1244 845 naturalis
1274 792 1368 846 est
1395 802 1510 863 per
1537 800 1606 845 se
1631 784 1726 844 in·

137 879 363 945 stituta
393 884 464 941 et
495 878 784 940 ordinata
832 876 914 939 ad
953 880 1166 939 actum
1213 878 1333 939 sibi
1376 878 1726 957 proportio-

137 975 392 1047 natum,
451 978 520 1035 et
573 970 948 1033 naturaliter
993 969 1298 1044 debitum,
1346 970 1444 1031 vel
1499 970 1724 1031 saltem

145 1064 530 1129 naturaliter
554 1062 920 1144 possibilem
942 1062 1170 1125 virtute
1199 1063 1448 1143 agentis
1471 1068 1724 1125 natura-

151 1161 250 1231 lis;
285 1159 586 1239 potentia
617 1164 832 1221 autem
881 1156 1322 1223 obedientialis
1355 1162 1450 1220 est
1485 1156 1569 1219 ad
1619 1175 1726 1219 ao·

153 1262 276 1315 tum
303 1270 446 1315 non
496 1250 804 1325 debitum,
837 1268 950 1313 seu
981 1251 1392 1315 excedentem
1437 1250 1724 1313 ordinem

153 1354 418 1419 naturai,
457 1360 656 1425 qnam
685 1350 894 1423 potest
917 1344 1200 1423 recipere
1225 1362 1305 1406 ex
1331 1344 1389 1405 vi
1421 1362 1726 1425 superua-

151 1440 372 1503 tui-alis
393 1438 672 1519 agentis,
703 1436 826 1501 hoc
880 1438 1018 1518 ipso
1075 1438 1246 1517 quod
1293 1438 1546 1501 aliunde
1595 1456 1726 1499 non

153 1534 420 1595 involvit
443 1532 962 1613 repugnantiam,
987 1550 1116 1595 non
1147 1531 1320 1612 quod
1345 1532 1486 1612 ipsa
1508 1534 1728 1612 poten·-

153 1629 224 1689 tia
251 1628 348 1689 ait
373 1627 584 1691 solum
611 1642 744 1689 non
790 1626 1234 1705 repugnantia,
1253 1625 1368 1687 sed
1395 1624 1566 1705 quod
1588 1624 1730 1685 talis

151 1721 388 1783 entitas
419 1720 520 1785 rei
559 1736 678 1781 een
703 1719 990 1799 subjecti,
1029 1722 1392 1799 comparata
1417 1719 1500 1781 ad
1537 1717 1728 1781 talem

147 1821 370 1877 actum
395 1814 648 1895 absque
681 1813 1100 1893 repugnantia
1121 1812 1462 1893 recipiendi
1491 1812 1666 1874 illum
1691 1829 1732 1874 a

146 1910 246 1973 lali
281 1916 556 1988 agente,
591 1908 859 1969 sufficiat
897 1908 980 1969 ad
1015 1908 1328 1972 rationem
1369 1906 1732 1987 huJusmodi

143 2002 611 2065 obedientialis
651 2002 972 2081 potentiae.
1023 2002 1220 2081 Igitur
1255 2018 1336 2063 ex
1369 2000 1490 2061 hoc
1539 2016 1730 2079 gene·

143 2098 258 2159 rali
305 2096 534 2177 eapite
574 2114 704 2157 non
735 2094 1088 2163 excluditur
1113 2093 1398 2174 potentia
1433 2092 1730 2155 obedien·

141 2190 314 2253 tialis
355 2208 393 2251 a
415 2190 664 2253 ratione
693 2188 988 2269 potentiue
1008 2187 1198 2251 realis
1225 2193 1292 2249 et
1318 2186 1633 2267 positivam
1667 2189 1732 2247 et

137 2303 250 2365 per
309 2300 726 2363 consequens
755 2300 878 2345 nec
903 2282 1274 2348 excludetur
1299 2282 1420 2343 hoc
1467 2279 1648 2343 titulo
1689 2298 1732 2341 a

135 2380 408 2441 ratione
441 2378 742 2459 potentiae
773 2376 1014 2441 activae.

141 2529 352 2593 Circa
373 2530 704 2593 :mudum
718 2532 1136 2609 aryumentum
1154 2530 1434 2591 versatur
1451 2526 1728 2609 quaestio,

233 2642 328 2687 aa
353 2622 486 2687 loeo
511 2620 788 2705 potentia
827 2620 1142 2687 naturalis
1181 2621 1269 2685 sit
1311 2620 1404 2683 vel
1433 2635 1731 2705 superna-

227 2718 508 2783 taralis.

221 2851 344 2909 61.
389 2849 468 2909 In
497 2845 778 2909 secundo
807 2850 1182 2927 argumento
1219 2842 1450 2925 petitur
1490 2860 1574 2905 an
1600 2844 1734 2905 hoec

139 2942 452 3021 potentia
483 2941 791 3003 naturalis
819 2940 918 3003 vel
939 2938 1433 3021 supernaturalis
1467 2936 1732 3001 dicenda

137 3038 244 3097 sit.
287 3036 571 3109 Quidam
601 3034 770 3099 enim
797 3035 1186 3099 contendunt
1213 3050 1352 3097 esse
1377 3030 1730 3096 naturalem

137 3130 522 3209 potentiam
537 3152 558 3205 ς
587 3130 692 3191 alii
719 3146 872 3190 vero
909 3128 1168 3193 omnino
1215 3144 1354 3191 esse
1403 3124 1734 3190 dicendam

152 3223 739 3303 supernaturalem.
783 3220 907 3285 Sed
937 3221 1244 3301 imprimis
1281 3220 1545 3299 quaetio
1575 3218 1734 3296 lunc,

163 3320 222 3379 et
243 3322 377 3381 tota
407 3316 752 3379 difficultas
779 3316 846 3377 in
867 3314 976 3376 illo
999 3320 1372 3396 argumento
1391 3313 1736 3395 proposita,

153 3411 370 3475 locum
399 3410 604 3473 habet
625 3415 756 3471 tam
789 3409 856 3469 in
875 3409 1156 3487 potentia
1183 3408 1434 3487 passiva
1457 3424 1649 3487 quam
1667 3406 1738 3469 in

141 3506 406 3581 activa3
439 3522 596 3567 nam
625 3504 820 3565 etiam
855 3502 936 3565 de
966 3502 1244 3583 potentia
1267 3502 1516 3582 passiva
1543 3500 1738 3580 quatri

143 3607 394 3679 potest,
425 3598 752 3676 quomodo
785 3596 1280 3677 supernaturalis
1323 3612 1464 3659 esse
1504 3595 1732 3671 valeat,

153 3712 310 3755 cum
331 3694 414 3755 sit
461 3710 610 3754 cnm
647 3695 874 3752 natura
921 3691 1060 3770 ipsa
1101 3690 1476 3769 congenita
1517 3694 1648 3764 aut,
1681 3687 1735 3751 ai

165 3786 473 3848 naturalis
507 3790 630 3861 est,
663 3784 980 3864 quemodo
1007 3784 1205 3863 possit
1239 3783 1322 3845 ad
1365 3787 1736 3863 supernatu-

173 3880 334 3943 rales
355 3880 617 3943 effectus
635 3877 986 3951 deservire3
1017 3894 1170 3956 ergo
1193 3877 1295 3937 vel
1322 3876 1618 3955 neganda
1637 3880 1736 3941 est

173 3976 358 4035 etiam
411 3972 698 4054 potentia
739 3970 1179 4033 obedientialis
1223 3969 1512 4053 passiva,
1559 3969 1732 4049 quod

167 4066 302 4129 fieri
329 4068 509 4131 nullo
539 4065 732 4129 modo
769 4070 998 4145 potest,
1031 4066 1130 4127 vel
1157 4063 1329 4143 quod
1355 4062 1438 4125 de
1480 4064 1732 4143 passiva

173 4162 406 4225 dictum
435 4160 650 4233 fuerit,
677 4158 800 4221 dici
825 4160 1014 4221 etiam
1041 4158 1270 4237 poterit
1295 4155 1376 4219 de
1407 4157 1627 4219 activa.

249 4260 350 4319 ΒΞ.
396 4255 782 4335 Aryumenta
807 4254 876 4315 in
919 4260 1240 4333 utramque
1257 4254 1496 4332 partem
1515 4268 1734 4331 propo·

181 4356 422 4414 numur-
451 4380 537 4399 -—-
567 4350 636 4411 In
669 4353 934 4427 utraque
959 4352 1110 4426 ergo
1140 4346 1354 4407 locum
1383 4344 1577 4406 habet
1625 4362 1732 4405 ea-

187 4444 314 4505 dem
337 4442 699 4517 difficultas,
725 4440 834 4521 qui
860 4440 930 4501 in
957 4439 1080 4501 hoc
1105 4437 1388 4500 consistit
1405 4436 1574 4517 quod
1593 4436 1732 4499 hoec

189 4539 451 4617 potentia
502 4536 752 4597 videtur
803 4531 1268 4613 quodammodo
1305 4529 1518 4593 media
1567 4529 1732 4592 inter

191 4631 526 4693 naturalem
549 4636 612 4691 et
639 4625 1206 4709 supernaturalem,
1229 4622 1400 4687 unde
1426 4622 1492 4683 in
1521 4640 1730 4702 quan-

195 4730 304 4787 tum
329 4732 424 4787 est
451 4722 788 4803 congenita
817 4726 1080 4793 naturae,
1108 4718 1358 4781 videtur
1383 4732 1524 4779 esse
1549 4722 1732 4779 natu·-

199 4820 342 4881 raliS.
389 4818 548 4881 item
603 4816 836 4881 entitas
875 4814 1042 4877 illius
1091 4810 1394 4875 naturalis
1433 4817 1553 4889 est,
1585 4826 1732 4875 cum

199 4912 328 4973 nihil
355 4906 548 4977 addat
571 4914 808 4975 naturus
831 4907 1032 4988 ipsius
1063 4905 1182 4981 rei,
1213 4922 1332 4971 nec
1359 4905 1558 4985 possit
1577 4920 1734 4965 una·

197 5014 306 5067 met
333 5004 561 5069 entitas
587 5002 774 5065 simul
804 5018 948 5067 esse
980 4998 1290 5061 naturalis
1319 5004 1382 5061 et
1429 5014 1734 5077 superna·

201 5098 410 5163 tui-alis.
439 5096 753 5163 Praeterea
773 5094 906 5157 haec
929 5092 1210 5175 potentia
1247 5090 1317 5153 fit
1361 5091 1429 5153 in
1457 5106 1526 5155 re
1553 5096 1732 5153 natu·

201 5192 294 5253 rali
325 5208 400 5255 ex
422 5192 487 5255 vi
518 5188 900 5253 causalitatis
929 5185 1252 5253 naturalis.
1289 5190 1354 5249 et
1379 5182 1466 5247 ab
1505 5190 1736 5265 agente

201 5286 468 5358 naturali,
501 5299 814 5349 concursu
857 5278 1135 5345 naturali
1173 5284 1502 5359 operante,
1536 5293 1574 5340 a
1607 5292 1734 5357 quo

198 5381 334 5442 nihil
357 5378 478 5441 nisi
503 5377 794 5441 naturale
823 5374 959 5438 fieri
1001 5377 1226 5453 potest.
1269 5372 1598 5447 Praeterea,
1637 5370 1738 5433 vel

199 5476 316 5537 haec
337 5470 618 5555 potentia
643 5476 745 5535 est
785 5488 865 5535 ex
913 5475 1140 5533 natura
1178 5465 1270 5533 rei
1317 5464 1610 5531 distincta
1653 5466 1738 5529 ab

197 5571 436 5631 entitate
487 5565 760 5630 naturali
827 5564 946 5640 rei,
998 5560 1102 5625 vel
1135 5574 1306 5636 nem
1359 5558 1414 5624 oi
1447 5570 1588 5621 'uon
1643 5566 1738 5623 est

1801 500 2093 563 distincta
2114 549 2131 576 ,
2192 498 2511 580 quomodo
2568 514 2705 565 esse
2750 510 2957 583 potest
2998 510 3204 587 magis
3262 532 3371 575 su·

1801 594 2221 673 pernaturalis
2258 612 2450 675 quam
2488 592 2629 657 inat
2657 596 2882 661 sivero
2924 608 3019 663 est
3052 603 3365 682 distincta,

1805 688 1922 750 erit
1970 706 2123 769 ergo
2154 706 2259 751 res
2294 688 2393 751 vel
2436 689 2663 751 modus
2692 698 3191 771 supernaturalis
3226 701 3369 763 talis

1803 787 2079 862 naturae3
2120 800 2269 863 ergo
2310 788 2541 845 natura
2582 786 2929 849 secundum
2972 806 3039 851 se
3084 792 3371 855 conside-

1803 880 1938 937 rata
1992 882 2089 939 est
2136 876 2205 939 in
2250 877 2531 955 potentia
2580 879 2831 958 passiva
2878 882 2957 943 ad
3006 883 3199 945 talem
3252 904 3370 947 en·-

1803 969 2045 1031 titatem
2072 970 2175 1031 vel
2214 969 2497 1033 modum.
2540 972 2669 1035 Imo
2718 974 2906 1035 etiam
2960 977 3079 1039 erit
3128 977 3197 1041 in
3250 996 3369 1059 po·-

1804 1064 2003 1125 tentia
2032 1064 2255 1139 activa,
2298 1080 2335 1127 a
2362 1082 2489 1145 qua
2528 1068 2792 1131 resultet
2830 1070 2973 1131 talis
3000 1072 3229 1135 entitas
3268 1073 3369 1136 vel

1805 1156 2055 1233 modus,
2084 1174 2229 1221 cum
2260 1158 2339 1221 sit
2378 1158 2464 1219 illi
2516 1160 2857 1225 intrinsece
2900 1182 2974 1225 ac
3006 1168 3367 1229 necessario

1806 1252 2181 1330 conjunctus
2205 1270 2283 1313 ex
2310 1259 2538 1315 natura
2568 1254 2663 1316 rei
2678 1270 2699 1331 ;
2728 1273 2879 1336 ergo
2914 1258 3075 1321 redit
3106 1262 3369 1340 quaestio

1805 1345 1888 1407 de
1914 1346 2193 1425 potentia
2222 1346 2305 1409 ad
2346 1347 2523 1409 illum
2566 1348 2849 1426 modum,
2880 1368 2963 1413 an
2992 1353 3075 1415 sit
3114 1362 3373 1417 natura·-

1807 1438 1906 1516 lis‚
1939 1458 2019 1499 an
2070 1442 2586 1519 supernaturalis.
2623 1442 2805 1520 Nam,
2838 1446 2889 1505 si
2918 1452 3373 1526 supernatura-

1807 1531 1886 1593 lis
1917 1531 2187 1608 dicatur,
2216 1532 2443 1597 redibit
2470 1534 2551 1596 de
2590 1534 2698 1597 illa
2734 1536 2959 1599 eadem
2996 1542 3281 1619 quaestio,
3306 1548 3373 1605 et

1809 1624 1895 1687 sic
1929 1626 2307 1705 procedetur
2344 1628 2411 1689 in
2454 1628 2801 1707 infinitum;
2850 1631 2905 1693 si
2942 1650 3091 1695 vero
3128 1634 3374 1697 dicatur

1810 1720 2139 1796 naturalis,
2165 1721 2352 1785 etiam
2376 1722 2431 1783 si
2456 1729 2635 1785 actus
2654 1742 2768 1787 seu
2798 1726 3101 1788 terminus
3126 1730 3263 1808 eJ'us
3294 1730 3375 1793 sit

1812 1814 2331 1893 supernaturalis,
2362 1816 2531 1879 idem
2560 1817 2683 1881 dici
2731 1822 2977 1899 poterat
3005 1821 3085 1883 de
3125 1823 3232 1883 illa
3260 1840 3373 1903 po·

1808 1909 2029 1984 tentia,
2066 1908 2147 1971 de
2186 1926 2315 1987 qua
2366 1928 2539 1973 nunc
2570 1911 3004 1991 disputamus3
3052 1918 3373 1999 superflue

1811 2018 1967 2081 ergo
2020 2002 2281 2081 ponitur
2338 2002 2480 2065 talis
2544 2007 2823 2083 potentia
2878 2010 3373 2088 supernaturalis

1811 2096 2019 2157 media
2044 2094 2211 2158 inter
2243 2102 2537 2159 naturam
2566 2105 2631 2161 et
2658 2106 2869 2161 actum
2916 2110 3373 2183 supernatura-

1810 2187 1960 2252 lem.
1974 2188 2243 2251 Aliunde
2266 2196 2477 2253 autem
2498 2198 2761 2273 apparet
2776 2194 2951 2255 nullo
2970 2194 3161 2257 modo
3184 2214 3373 2277 posse

1811 2282 1979 2343 hanc
2000 2282 2346 2363 potentiam
2366 2286 2723 2348 naturalem
2748 2304 2888 2349 esse
2908 2292 3017 2350 aut
3044 2290 3369 2369 appellari.

1813 2375 2043 2450 Primo,
2074 2376 2225 2456 quia
2278 2376 2605 2441 ordinatur
2654 2379 2733 2441 ad
2772 2387 2950 2441 actus
2980 2382 3083 2442 vel
3110 2382 3371 2446 effectus

1813 2468 2327 2549 supernaturales
2346 2489 2363 2544 ;
2394 2472 2601 2533 omnis
2624 2477 2839 2535 antem
2865 2473 3129 2537 facultas
3148 2479 3375 2559 accipit

1813 2562 2091 2641 speciem
2126 2580 2309 2625 suam
2336 2566 2415 2627 e'x
2440 2564 2710 2644 objecto,
2740 2584 2853 2629 seu
2898 2573 3045 2629 actu
3072 2568 3154 2629 ad
3182 2586 3375 2646 quem

1813 2656 2159 2719 ordinatur.
2208 2657 2523 2735 Secundo,
2572 2659 2741 2738 quia,
2800 2662 2959 2723 teste
3016 2660 3369 2737 Aristotele,

1815 2752 2193 2831 cuicumque
2222 2752 2519 2832 potentioe
2548 2752 2819 2815 naturali
2861 2754 3077 2817 activae
3107 2774 3374 2837 respon-

1815 2844 1922 2907 det
1950 2846 2197 2925 passiva
2216 2890 2231 2919 ,
2257 2852 2319 2909 et
2348 2864 2383 2907 e
2412 2846 2751 2921 contrario,
2776 2850 2817 2909 3
2838 2848 2919 2910 de
2948 2848 3199 2923 Anima,
3228 2868 3369 2931 cap.

1815 2940 1876 3013 5,
1899 2944 1961 3001 et
1984 2942 2025 3001 5
2052 2938 2513 3021 Metaph.,cap.
2550 2943 2647 3015 ¹2,
2678 2941 2788 3002 lib.
2810 2944 2871 3015 9,
2902 2960 3040 3023 cap.
3072 2946 3129 3003 1.
3163 2945 3285 3006 Sed
3308 2944 3374 3006 in

1812 3038 2123 3113 praesente
2180 3050 2309 3095 non
2377 3034 2829 3115 correspondet
2879 3026 3029 3099 huic
3080 3038 3375 3117 potentiss

1813 3126 2225 3189 obedientiali
2270 3126 2486 3207 aliqua
2540 3128 2821 3208 potentia
2850 3131 3185 3205 naturalis3
3220 3148 3375 3211 ergo

1815 3236 2027 3299 neque
2066 3221 2207 3301 ipsa
2233 3226 2443 3301 potest
2470 3221 2775 3285 naturalis
2794 3222 3122 3303 appellari.
3140 3225 3371 3298 Tertio,

1818 3314 1969 3395 quia
1997 3332 2113 3394 per
2138 3315 2305 3377 hanc
2332 3316 2679 3395 potentiam
2714 3315 2999 3379 elevatur
3024 3334 3131 3379 res
3155 3316 3237 3379 ad
3266 3334 3379 3379 su·

1816 3409 2285 3491 pernaturalem
2314 3408 2625 3484 ordinem,
2661 3416 2725 3473 et
2770 3410 3237 3489 quodammodo
3264 3428 3377 3491 per

1817 3503 1989 3565 illam
2056 3504 2393 3565 inchoatur
2444 3503 2941 3583 supernaturalis
2992 3505 3178 3580 ordo;
3224 3522 3377 3585 ergo

1817 3614 1946 3659 non
1974 3602 2182 3676 potest
2206 3598 2341 3676 ipsa
2366 3612 2506 3658 esse
2552 3612 2729 3659 mere
2762 3598 3092 3659 naturalis.
3116 3599 3373 3673 Quarto,

1817 3690 1967 3768 quia
1996 3690 2129 3751 hoec
2166 3689 2445 3769 potentia
2467 3696 2691 3752 natura
2720 3708 2835 3751 sua
2886 3697 2985 3753 est
3026 3690 3377 3771 proportio-

1815 3789 1965 3845 nata
1988 3800 2105 3844 suo
2132 3782 2323 3858 actui,
2350 3782 2506 3845 alias
2530 3784 2849 3861 superflue
2878 3790 3251 3864 poneretur;
3278 3802 3379 3846 er·

1815 3894 1896 3957 go
1925 3882 2021 3937 est
2058 3875 2551 3955 supernaturalis
2582 3876 2743 3938 sicut
2764 3876 2909 3950 ille;
2954 3882 3124 3955 patet
3152 3894 3375 3939 conse·-

1813 3969 2093 4049 quentia,
2112 3968 2259 4049 quia
2280 3970 2399 4030 bac
2418 3968 2553 4031 sola
2570 3970 2813 4031 ratione
2838 3970 3103 4031 dicimus
3126 3970 3375 4034 habitus

1814 4064 2055 4125 infusos
2084 4080 2225 4125 esse
2254 4062 2794 4142 supernaturales,
2812 4064 2962 4143 quia
2988 4064 3225 4127 habent
3247 4065 3375 4125 vim

1814 4159 2078 4221 activam
2096 4156 2633 4237 proportionatam
2674 4156 2755 4221 ad
2784 4158 3151 4221 efficiendos
3196 4164 3375 4221 actus

1814 4250 2348 4331 supernaturales.

1893 4348 1994 4407 63.
2052 4340 2225 4411 Varii
2248 4345 2483 4409 dicenda·
2522 4345 2705 4408 modi.
2735 4380 2811 4393 --
2846 4346 3109 4426 Propter
3134 4346 3251 4409 has
3276 4364 3375 4408 cr-

1811 4458 1892 4521 go
1911 4439 2191 4501 rationes
2244 4445 2527 4503 auctores
2554 4438 2971 4501 diversimode
3002 4439 3369 4519 loquuntur,

1811 4538 2075 4615 agentes
2102 4534 2451 4615 proesertim
2480 4532 2561 4594 de
2588 4532 2868 4613 potentia
2897 4534 3144 4613 passiva
3175 4550 3191 4605 ς
3221 4550 3371 4595 nam

1812 4630 2149 4707 Seotns,q.
2186 4631 2217 4691 1
2242 4628 2513 4708 Ρτοίος.,
2544 4634 2607 4689 et
2630 4628 2695 4688 in
2714 4627 2859 4701 4,(1.
2883 4630 2986 4702 49,
3016 4646 3081 4708 q.
3108 4630 3151 4689 9
3178 4632 3242 4689 et
3267 4630 3366 4701 ¹0,

1813 4718 2095 4783 absolute
2140 4726 2325 4783 vocat
2364 4720 2529 4782 hanc
2574 4720 2922 4801 potentiam
2968 4720 3365 4793 naturalem3

1812 4814 1985 4894 quod
2024 4814 2215 4876 etiam
2252 4830 2475 4875 omnes
2518 4813 2751 4875 sentire
2778 4813 3094 4886 videntur,
3122 4813 3229 4891 qui
3260 4830 3375 4893 po-

1815 4912 1973 4969 nunt
1996 4909 2063 4969 in
2090 4907 2349 4969 homine
2391 4905 2735 4986 appetitum
2780 4904 3137 4967 naturalem
3166 4905 3249 4969 ad
3287 4906 3373 4966 vi-

1811 5000 2091 5063 dendum
2116 5002 2339 5063 Deum.
2372 4998 2494 5061 Alii
2524 5014 2673 5061 vero
2711 4998 3033 5078 appellant
3068 5015 3375 5079 superna-

1813 5093 2103 5167 turalem,
2134 5091 2303 5172 quod
2352 5092 2585 5157 sentire
2636 5090 2933 5153 videntur
2982 5092 3091 5171 qui
3140 5098 3377 5171 negant

1815 5186 1987 5249 iliam
2002 5204 2143 5251 esse
2155 5184 2531 5261 naturalem,
2558 5182 2999 5264 utCapreolus,
3014 5186 3167 5246 locis
3186 5183 3377 5263 paulo

1818 5286 1965 5341 ante
1998 5280 2203 5343 citatis
2215 5294 2235 5356 ;
2268 5277 2497 5358 quibus
2554 5275 2726 5338 iavet
2771 5276 3165 5357 Augustinus
3188 5322 3203 5351 ,
3236 5272 3378 5337 loco

1819 5390 2011 5453 supra
2052 5372 2267 5448 citato,
2294 5370 2582 5433 indicans
2618 5371 2783 5432 hane
2832 5371 3180 5450 potentiam
3232 5382 3377 5431 esse

1819 5482 2011 5547 supra
2049 5466 2225 5547 leges
2272 5469 2533 5527 naturai.
2567 5462 2687 5527 Alii
2728 5463 2956 5543 partim
2984 5460 3337 5525 naturalem
3356 5504 3373 5533 ‚

1817 5559 2068 5638 portim‘
2090 5574 2217 5621 non
2266 5556 2619 5619 naturalem
2648 5562 2893 5628 vacant,
2924 5561 3001 5617 ut
3034 5554 3307 5630 ferrar„
3338 5554 3379 5615 3
