3892 6167
567 434 726 516 quod
770 436 825 495 et
872 444 981 493 nos
1006 426 1326 492 reverenda
1376 423 1711 507 acceptione
1730 430 1925 504 facere
1970 426 2134 491 debc-

572 545 731 591 mus.

652 624 755 685 23.
788 618 969 681 Unde
994 616 1184 679 etiam
1210 614 1412 675 obiter
1438 619 1701 689 constat,
1734 612 1962 675 falsum
1995 631 2131 675 om-

571 715 725 778 nino
756 731 895 777 esse
926 712 1143 774 Patres
1167 708 1275 771 vn
1301 707 1536 788 Synodi
1559 726 1686 769 non
1714 707 1983 769 multum
2021 724 2132 768 cu·

573 826 747 871 rasse
778 827 859 871 an
908 805 1135 877 cultae,
1161 800 1555 865 exhibendus
1590 801 1992 883 imaginibus,
2022 818 2133 863 no·

574 904 746 966 mine
772 898 1153 964 adorationis
1180 896 1280 958 vel
1310 895 1433 957 alio
1474 896 1895 975 significetur3
1926 914 2134 977 quan-

576 1015 768 1079 quam
811 994 980 1057 enim
1020 993 1106 1053 illi
1134 990 1343 1053 Patres
1371 1007 1500 1051 non
1526 990 1881 1052 curaverint
1916 1008 1998 1051 an
2027 990 2133 1051 illa

577 1094 739 1155 actio
767 1088 966 1170 possit
991 1084 1128 1147 aliis
1161 1084 1519 1146 nominibus
1550 1082 1880 1159 declarari,
1919 1084 1987 1145 id
2013 1088 2132 1157 est,

576 1204 707 1248 non
734 1186 858 1246 hoc
903 1178 1299 1253 excluserint,
1332 1179 1445 1241 sed
1496 1178 1864 1241 admiserint
1900 1178 2134 1259 potius,

578 1279 835 1352 scilicet,
861 1275 1117 1337 nomine
1142 1272 1556 1347 salutationiS,
1574 1272 1852 1346 honoris,
1874 1288 2139 1333 venera-

576 1372 789 1443 tionis‘,
823 1377 888 1433 et
927 1367 1256 1443 similibus,
1300 1374 1370 1429 ut
1406 1366 1619 1429 videre
1656 1365 1803 1428 licet
1838 1366 1907 1426 in
1933 1365 2138 1426 citatis

581 1466 758 1541 locis,
805 1470 867 1526 et
906 1462 971 1524 in
1000 1461 1180 1523 Brevi
1213 1460 1623 1522 demonstrat.
1666 1459 1747 1521 de
1779 1457 2136 1538 imaginib.,

580 1577 721 1641 quae
752 1576 830 1621 ex
873 1554 1225 1636 Epiphanio
1254 1554 1522 1616 habetur
1548 1559 1667 1616 act.
1702 1557 1763 1629 6,
1792 1552 1864 1612 in
1892 1550 2045 1625 fine,
2079 1557 2141 1613 et

578 1654 645 1716 in
675 1672 775 1735 ep.
804 1650 1091 1714 Tharasii
1118 1648 1202 1710 ad
1232 1648 1672 1729 ImperatoreS,
1706 1664 1843 1727 quae
1876 1646 2143 1707 habetur

582 1755 706 1811 act.
734 1750 797 1823 ·1,
830 1753 1037 1808 tamen
1066 1743 1336 1805 multum
1372 1742 1611 1803 curavit
1638 1746 1706 1802 ut
1738 1757 1972 1803 nomen
1998 1738 2146 1800 ado-

585 1840 847 1903 rationis
890 1838 1039 1900 huic
1062 1836 1259 1899 cultui
1300 1852 1435 1897 non
1473 1840 1763 1914 negetur,
1796 1832 1907 1895 sed
1936 1833 2145 1913 potius

581 1952 734 1999 vere
761 1952 837 1997 ac
860 1932 1108 2013 proprie
1131 1929 1323 1993 tribui
1349 1928 1663 1991 credatur.

664 2032 767 2093 26.
798 2028 976 2091 Unde
1006 2026 1124 2087 sub
1149 2024 1271 2087 hac
1300 2042 1454 2086 voce
1488 2025 1713 2105 saepius
1741 2022 1859 2084 sub
1884 2022 2148 2085 anathe-

580 2130 749 2187 mate
780 2120 1098 2196 definitur,
1140 2118 1451 2199 imagines
1490 2136 1627 2179 esse
1657 2116 2014 2179 adorandas
2033 2131 2053 2193 ;
2086 2119 2150 2176 et

582 2216 720 2280 aliae
743 2233 929 2277 voces
953 2214 1042 2277 ita
1066 2210 1480 2292 explicantur,
1506 2216 1575 2272 ut
1603 2211 1740 2273 voci
1765 2209 2147 2272 adorationis

582 2309 1031 2391 inquirebant,
1065 2312 1127 2367 et
1162 2306 1353 2366 illam·
1380 2304 1728 2380 includant,
1766 2310 1837 2365 ut
1883 2303 2148 2383 apertis·

582 2404 737 2465 sime
767 2404 1013 2463 constat
1036 2415 1113 2461 ex
1148 2403 1268 2461 act.
1296 2400 1360 2475 7,
1394 2397 1456 2458 in
1496 2396 1859 2459 definitione
1882 2394 2056 2475 fidei,
2085 2398 2149 2457 et

580 2496 649 2558 in
688 2494 964 2577 epistolis
994 2492 1077 2555 ad
1117 2492 1535 2573 imperatores
1570 2494 1637 2553 et
1673 2490 1757 2553 ad
1804 2508 2026 2553 omnes
2053 2508 2148 2551 sa·

582 2592 893 2655 cerdotes.
925 2590 1316 2669 Quapropter
1341 2584 1725 2660 Thesaurus,
1758 2590 1879 2647 act.
1911 2588 1975 2661 4,
2005 2589 2148 2666 post

581 2682 1008 2747 testimonium
1044 2679 1353 2743 Anastasii
1374 2724 1395 2755 ,
1438 2680 1645 2759 Episc.
1712 2678 2104 2759 Theopoleos
2127 2722 2146 2754 ,

583 2778 757 2861 quod
804 2776 1086 2839 adoratio
1134 2776 1219 2837 sit
1264 2774 1580 2853 emphasis
1630 2790 1743 2835 seu
1790 2772 2146 2853 symbolum

584 2872 841 2934 honoris
864 2868 1097 2944 subdit,
1114 2874 1401 2950 tanquam
1422 2868 1769 2947 hypocritas
1788 2866 2149 2945 redarguen-

582 2968 688 3029 dos
715 2982 837 3029 csse
865 2980 1062 3026 omncs
1098 2962 1205 3045 qui
1240 2960 1537 3043 imaqiacs
1573 2976 1634 3023 sc
1660 2960 1937 3023 venerari
1964 2961 2150 3039 confi-

585 3065 826 3134 tentur,
869 3056 1280 3123 adorationem
1309 3060 1511 3118 autem
1550 3058 1856 3117 recusant.
1894 3054 1970 3114 Et
2011 3052 2149 3132 Epi·

580 3152 879 3234 phanias,
910 3152 979 3211 in
1006 3148 1135 3210 fine
1160 3155 1281 3210 act.
1308 3148 1372 3224 6,
1404 3147 1468 3208 in
1500 3146 1820 3208 Demonst.
1848 3163 1963 3226 pro
1993 3146 2150 3206 ima-

584 3248 711 3327 gin.
720 3292 741 3323 ,
792 3242 1155 3325 semim-obas
1200 3248 1259 3306 ct
1297 3241 1464 3319 falso
1493 3258 1665 3305 veros
1710 3239 1988 3320 appellat
2015 3256 2144 3317 eos,

583 3340 694 3419 qui
726 3338 1033 3417 imagines
1063 3335 1145 3397 ob
1170 3333 1673 3397 recordationem
1705 3332 2062 3409 admittunt,
2087 3340 2150 3395 et

583 3432 1024 3495 salutationem
1054 3446 1273 3491 earum
1318 3434 1655 3501 recusant,
1696 3434 1758 3489 et
1800 3428 2009 3489 statim
2039 3428 2150 3488 de-

583 3528 800 3599 clarat,
841 3543 958 3605 per
999 3522 1449 3595 salutationem,
1493 3520 1923 3582 adorationem
1973 3520 2152 3583 intel-

581 3620 717 3701 ligi.
766 3620 843 3681 Et
895 3615 977 3679 ad
1018 3617 1139 3677 hoc
1183 3612 1684 3676 confirmandum
1710 3659 1726 3687 ,
1756 3615 2045 3687 Tharas.‚
2084 3615 2148 3675 in

587 3732 688 3795 ep.
721 3712 803 3774 ad
834 3712 1091 3791 Impar„
1118 3712 1246 3770 act..
1268 3708 1329 3783 7,
1350 3708 1518 3769 inter
1546 3708 1667 3768 alia
1697 3706 1951 3769 adducit
1977 3708 2150 3788 quod

586 3808 663 3871 de
682 3804 1007 3870 Pharisaeis
1024 3803 1330 3865 Dominus
1350 3800 1527 3875 dixit,
1542 3800 1759 3863 Matth.
1787 3804 1863 3865 23
1882 3821 1897 3861 ι
1917 3802 2150 3865 Amant

578 3902 815 3983 primos
846 3897 1153 3963 accubitus
1191 3898 1261 3958 in
1284 3895 1531 3971 mensis,
1572 3898 1627 3957 ct
1656 3894 2150 3959 salutationum

582 3998 742 4073 foro,
777 3997 839 4055 et
864 3990 1141 4052 declarat
1170 3988 1611 4050 salutationem
1638 3987 1923 4049 hocloco
1955 4007 1992 4049 a
2025 3988 2147 4049 Do·

583 4088 755 4149 mino
782 4083 1084 4167 appellari
1114 4082 1586 4153 adorationem3
1622 4087 1683 4143 et
1717 4080 1927 4143 subdit
1951 4082 2146 4143 verba

582 4179 863 4242 notanda
912 4178 978 4238 in
1024 4176 1304 4239 favorem
1341 4174 1577 4236 ultimae
1624 4174 2028 4250 assertionis,
2086 4181 2148 4238 et

585 4279 804 4335 contra
844 4270 1197 4351 oppositam
1237 4268 1613 4329 sententiam
1644 4283 1661 4327 ε
1689 4266 2002 4332 Pharisaei
2029 4268 2149 4345 (in-

586 4364 739 4448 quit)
766 4366 1024 4448 yzorioso
1064 4365 1264 4427 animo
1292 4362 1565 4441 proediti,
1598 4366 1655 4425 et
1682 4362 1905 4441 scipsos
1936 4362 2151 4441 justos

586 4460 1029 4533 caiatimantcs,
1074 4457 1147 4520 ab
1192 4453 1461 4517 omnibus
1499 4453 1747 4517 adorari
1791 4455 2104 4519 studebant
2123 4480 2150 4527 ,-

582 4570 705 4615 nou
738 4552 898 4615 enim
944 4566 1044 4613 ονε
1090 4547 1355 4612 osculari
1394 4546 1706 4629 petebant,
1737 4548 1964 4623 fuisset
1995 4549 2150 4611 cuim

584 4646 693 4710 Ῑιοσ
716 4642 1091 4708 hamilitatis
1117 4642 1385 4724 simiam,
1407 4644 1466 4704 et
1494 4639 1954 4721 haudquaquam
1982 4641 2149 4705 Pha-

580 4738 801 4803 risaici
852 4734 1190 4819 supercilii.
1251 4732 1445 4813 Igitur
1498 4733 1811 4806 salutatio,
1862 4751 2002 4813 quse
2055 4742 2150 4797 est

586 4832 893 4908 adoratio,
920 4848 1051 4892 non
1078 4828 1361 4891 consistit
1388 4829 1454 4889 in
1483 4828 1613 4889 solo
1642 4832 1807 4904 actu,
1832 4828 1935 4890 vel
1965 4828 2146 4909 signo

584 4931 872 5001 externo,
912 4923 1102 4985 etiam
1130 4921 1485 4983 voluntarie
1514 4920 1789 4983 exhibito
1812 4964 1828 4989 ,
1856 4922 1976 4983 nisi
2001 4940 2146 5003 pro-

582 5020 767 5083 cedat
792 5036 869 5081 ex
884 5034 1034 5079 vera
1052 5015 1399 5077 intentione
1422 5014 1626 5076 cultus
1652 5019 1716 5075 et
1733 5017 2140 5094 reverentiae3

582 5122 646 5177 et
676 5114 814 5175 haec
855 5116 949 5175 est
979 5110 1260 5173 adoratio
1294 5100 1556 5189 'propria
1592 5126 1732 5188 quse
1760 5109 2141 5191 imaginibus

582 5208 769 5271 etiam
801 5202 1154 5268 exhibenda
1184 5202 1565 5265 decernitur.

660 5304 762 5364 27.
810 5294 1069 5380 objectio
1116 5295 1526 5360 laceo-eticorum
1582 5301 1794 5361 contra
1844 5302 2140 5378 proefatas

581 5395 959 5461 assertiones.
990 5424 1070 5437 --
1107 5388 1379 5465 Qualiter
1407 5388 1694 5471 satisfieri
1716 5393 1912 5471 possit
1953 5392 2142 5472 obJec-

578 5488 755 5565 ciani.
778 5518 861 5536 —·
882 5484 1109 5551 Contra
1148 5482 1494 5547 doctrinam
1534 5500 1681 5553 vero
1720 5482 1819 5547 his
1850 5486 2140 5548 assertio·

1784 330 2018 392 QUAEST.
2049 330 2198 385 XXV.
2224 330 2424 385 Anne.
2463 330 2544 383 ul.

2211 426 2402 489 nibus
2445 424 2819 507 explicatam
2865 422 3062 484 multa
3105 420 3484 502 objiciuntur,
3522 435 3674 497 tuma

2211 519 2543 583 Catholicis
2566 563 2589 594 ,
2636 521 2775 580 tum
2807 517 3000 580 etiam
3041 514 3124 577 ab
3153 516 3460 594 haereticis,
3489 539 3602 600 quae
3629 530 3677 591 in

2213 614 2624 695 sequentibus
2651 611 3052 687 sectionibuS,
3083 610 3414 691 praesertim
3433 617 3486 688 4,
3513 620 3546 678 5
3569 626 3618 683 et
3633 626 3678 699 8,

2213 727 2253 769 a
2279 708 2462 771 nobis
2485 704 2812 769 tractanda
2843 711 3008 767 sunt.
3027 706 3200 765 Nunc
3229 704 3422 769 solum
3437 708 3564 773 libet
3580 732 3680 791 pro.

2211 819 2448 882 ponere
2503 805 2946 881 argumentum
2969 844 2988 873 ,
3035 798 3206 878 quod
3251 798 3500 863 haeretici
3544 804 3682 886 hujus

2211 896 2512 977 temporis
2537 892 3010 977 magnifaciunt,
3033 910 3112 955 ex
3135 891 3482 957 definitione
3493 894 3682 963 Coneilii

2213 988 2788 1051 Francot'ordiensis
2819 1032 2838 1063 ‚
2887 985 2956 1048 ia
3007 1004 3134 1065 quo
3165 984 3378 1049 dicunt
3417 988 3466 1051 11
3506 990 3682 1071 Synod.

2215 1083 2536 1145 Nicaenam
2561 1082 2925 1144 damnatam
2955 1098 3030 1141 ac
3067 1079 3453 1159 reprobatam
3483 1100 3612 1157 esse,
3633 1105 3684 1149 eo

2217 1177 2386 1255 quod
2437 1178 2788 1257 imaginum
2837 1174 3270 1237 adorationem
3315 1176 3684 1255 approbasset3

2217 1274 2421 1353 ipsum
2441 1290 2662 1335 verum
2685 1268 3240 1333 Francofordiense
3257 1267 3566 1333 Concilium
3581 1274 3688 1337 ima·

2221 1366 2400 1447 gines
2439 1364 2804 1430 retinendas
2831 1364 3088 1445 quidem
3112 1409 3130 1438 ‚
3161 1381 3292 1426 non
3329 1380 3466 1425 vero
3493 1366 3689 1429 adoran-

2221 1460 2357 1536 das,
2389 1460 2740 1537 indicasse..
2759 1460 2932 1521 Hanc
2951 1464 3166 1521 autem
3191 1456 3354 1518 illius
3380 1455 3598 1521 Concilii
3615 1462 3688 1523 de-

2219 1552 2566 1617 finitionem
2592 1554 2884 1635 probant,
2915 1552 3140 1633 primo,
3173 1569 3250 1613 ex
3275 1550 3424 1613 actis
3439 1552 3570 1629 ejus,
3593 1572 3689 1632 qua

2223 1664 2427 1727 nuper
2460 1648 2575 1728 ipsi
2607 1648 2670 1709 in
2707 1648 2913 1709 lucem
2945 1644 3300 1707 ediderunt.
3339 1644 3609 1716 Secundo,
3641 1668 3692 1709 ex

2223 1740 2498 1801 historiis
2519 1758 2658 1820 quai
2683 1738 3108 1801 definitionem
3127 1739 3296 1799 banc
3315 1735 3544 1801 Concilii
3561 1738 3696 1801 Fran·

2226 1833 2464 1896 coford.
2494 1834 2796 1907 referunt,
2833 1839 2898 1894 ut
2923 1838 3096 1913 patet
3117 1850 3198 1893 ex
3225 1832 3517 1906 Annonio,
3543 1834 3594 1891 in
3611 1834 3699 1893 An·

2225 1927 2419 1988 nalib.
2449 1928 2774 1997 Francor„
2807 1945 2958 1989 ann.
2979 1928 3131 1998 79&
3153 1931 3220 1987 et
3239 1924 3454 1987 Abbat.
3479 1925 3698 2005 Usperg.,

2229 2022 2294 2084 in
2321 2020 2506 2085 Chro.
2537 2040 2687 2084 ann.
2717 2022 2863 2097 793,
2899 2027 2965 2083 et
2989 2020 3148 2083 aliis.
3175 2018 3400 2092 Tertio,
3427 2036 3496 2081 ex
3515 2018 3602 2081 lib.
3625 2021 3702 2081 Ca·

2227 2116 2410 2178 rolin.
2443 2122 2658 2178 contra
2687 2114 2946 2196 imagin.
2953 2158 2976 2191 ,
2997 2114 3061 2175 in
3083 2111 3320 2193 quibus
3338 2110 3584 2187 docetur,
3596 2112 3700 2173 imn-

2229 2208 2432 2289 gines,
2481 2208 2766 2289 quamvis
2819 2206 3164 2269 retinendas
3207 2205 3377 2281 sint,
3416 2223 3528 2267 non
3554 2212 3700 2267 tamen

2227 2309 2486 2383 propter
2505 2302 2936 2365 adorationem
2956 2316 2980 2379 3
3001 2302 3142 2362 illos
3161 2306 3379 2361 autem
3396 2298 3561 2361 libros
3579 2301 3701 2361 aiunt

2229 2397 2430 2459 editos
2463 2416 2502 2459 a
2530 2395 2752 2461 Carolo
2791 2396 3044 2476 Magno,
3093 2398 3160 2457 et
3189 2393 3463 2457 Patribus
3487 2394 3694 2455 Francos.
3785 2384 3787 2447 ἑ

2228 2490 2476 2552 Concilii
2502 2490 2764 2565 oblatos,
2799 2496 2862 2553 et
2890 2488 2972 2551 ab
3001 2489 3094 2551 eis
3119 2494 3440 2569 susceptos
3465 2493 3520 2549 et
3541 2505 3698 2568 appm·
3786 2564 3787 2569 ἵ

2227 2585 2432 2648 batoS.
2461 2587 2550 2649 De
2575 2586 2700 2649 hoc
2721 2592 3098 2667 argumento
3127 2584 3332 2647 multa
3367 2584 3458 2645 his
3481 2584 3700 2663 tempori-

2228 2678 2348 2741 bus
2379 2679 2607 2760 scripta
2635 2686 2783 2742 suut
2820 2699 2859 2742 a
2891 2676 3252 2751 Catholicis,
3283 2694 3410 2739 non
3447 2678 3570 2757 quia
3587 2676 3698 2739 diffi-

2229 2772 2346 2833 cile
2375 2772 2475 2848 sit,
2497 2773 2668 2853 quod
2705 2772 2790 2835 ad
2816 2772 3170 2835 doctrinam
3199 2771 3346 2834 fidei
3383 2777 3604 2851 spectat,
3623 2772 3694 2833 sed

2229 2866 2374 2947 quia
2397 2867 2628 2930 veritas
2657 2867 2951 2943 historiae,
2981 2884 3122 2947 quae
3147 2868 3222 2929 in
3251 2884 3326 2929 eo
3351 2866 3637 2946 attingitur,
3659 2871 3698 2926 et

2231 2960 2480 3023 difficile
2509 2968 2716 3042 potest
2745 2980 2824 3025 ex
2865 2962 3140 3041 antiquis
3183 2960 3573 3041 scriptoribus
3589 2961 3696 3028 erui,

2231 3060 2292 3115 et
2323 3054 2503 3115 novis
2549 3054 2993 3117 haereticorum
3037 3054 3314 3116 inventis
3357 3058 3418 3115 et
3441 3051 3699 3115 mendaciis

2228 3147 2533 3224 involuta,
2553 3147 2756 3229 magis
2781 3154 2844 3211 et
2863 3148 3196 3210 obscurior
3215 3146 3428 3209 effecta
3445 3152 3542 3207 est.
3555 3145 3697 3205 Primo

2230 3240 2424 3319 igitur
2461 3241 2735 3305 breviter
2772 3241 3162 3322 respondere
3205 3256 3534 3321 possemus,
3569 3238 3696 3316 quid·

2231 3332 2381 3411 quid
2411 3334 2491 3395 sit
2529 3333 2610 3396 de
2651 3335 2726 3397 iis
2755 3352 2897 3415 quae
2925 3337 2993 3397 in
3021 3338 3400 3415 argumento
3425 3338 3694 3405 sumuntur,

2230 3442 2358 3485 non
2385 3444 2524 3489 esse
2553 3430 2987 3490 auctoritatem
3030 3426 3294 3492 Concilii
3318 3424 3572 3488 Francos.
3603 3442 3697 3485 cum

2233 3520 2606 3583 auctoritate
2653 3522 2762 3583 Vll
2809 3520 3070 3603 Synodi,
3105 3538 3316 3601 neque
3363 3517 3698 3581 testimonium
3784 3566 3785 3585 ,

2231 3612 2432 3675 Caroli
2463 3632 2609 3675 cum
2637 3616 2997 3677 testimonio
3035 3614 3300 3675 Adriani
3325 3614 3492 3692 Papoe
3517 3628 3702 3689 compa·

2230 3706 2450 3769 randa.
2499 3708 2636 3771 Fuit
2673 3710 2842 3771 enim
2869 3708 3164 3789 Synodus
3209 3708 3456 3770 Nicaena
3477 3706 3700 3767 OEcume-

2231 3801 2397 3876 nica,
2431 3808 2496 3863 et
2522 3820 2559 3863 a
2599 3804 2858 3865 Summo
2898 3799 3200 3864 Pontifice
3242 3800 3518 3881 probam
3545 3796 3698 3861 Conci·

2229 3894 2383 3957 lium
2413 3902 2624 3958 autem
2654 3896 2940 3961 Francos.
2967 3896 3281 3959 Generale
3301 3912 3426 3957 non
3458 3892 3576 3967 fuit,
3599 3891 3697 3953 etsi

2229 3990 2564 4069 quicquam
2595 3996 2810 4053 contra
2861 3990 3172 4071 imagines
3217 3988 3450 4062 docuit,
3489 3984 3702 4047 nonfuit

2227 4082 2290 4143 in
2345 4084 2463 4144 hac
2509 4089 2687 4162 parte
2735 4084 2817 4145 ab
2845 4084 3124 4146 Ecclesia
3157 4081 3566 4163 approbatum,
3601 4094 3702 4139 cum

2227 4175 2544 4237 Adrianus
2563 4176 2732 4258 Papa
2755 4177 3088 4257 septimam
3115 4174 3438 4257 Synodum
3455 4172 3704 4234 confirma·

2229 4270 2410 4345 verit,
2439 4278 2504 4333 et
2532 4278 2748 4333 contra
2774 4272 3122 4352 imaginum
3143 4271 3578 4351 impugnatores
3595 4264 3701 4326 seri-

2229 4364 2444 4444 pserit.
2499 4365 2576 4427 Et
2615 4364 2798 4427 simili
2841 4365 3112 4439 ratione,
3143 4363 3426 4444 quamvis
3465 4362 3700 4423 constaret
3781 4428 3783 4437 Ι

2231 4457 2678 4537 imperatorem
2707 4458 3000 4521 Carolum
3045 4462 3270 4521 contra
3298 4454 3570 4537 imagines
3595 4450 3699 4513 scri·
3781 4466 3783 4531 j

2230 4551 2452 4628 psisse,
2512 4551 2670 4613 nihil
2723 4552 2968 4615 veritati
3021 4552 3346 4613 catholica
3393 4549 3688 4627 derogaret,
3781 4556 3783 4613 ῤ

2229 4644 2378 4723 quia
2414 4645 2818 4725 imperatoria
2865 4644 3206 4708 auctoritas
3229 4662 3358 4706 non
3391 4641 3614 4705 multum
3629 4654 3692 4697 re·
3782 4662 3783 4667 ¹

2227 4736 2347 4797 fert
2373 4738 2454 4801 ad
2493 4738 2842 4801 doctrinam
2869 4738 3019 4801 fidei
3047 4736 3490 4809 stabiliendam,
3515 4730 3604 4795 sed
3619 4728 3689 4789 de·
3782 4736 3783 4819 }

2227 4828 2428 4894 finitio
2457 4832 2606 4895 fidei
2648 4832 2732 4895 ad
2762 4834 3094 4896 Summum
3121 4829 3470 4894 Pontificem
3501 4828 3688 4905 spectat·
3781 4828 3783 4911 J

2307 4926 2407 4986 28.
2458 4924 2620 5001 Quid
2641 4927 2809 4991 circa
2837 4925 3136 5005 imayim
3161 4922 3480 4988 Concilium
3499 4917 3694 4981 Franco-
3782 4912 3783 4929 ¹

2220 5018 2518 5098 sardiana
2559 5023 2834 5085 sanam-it
2853 5064 2870 5095 ,
2905 5020 3300 5099 Scriptorum
3325 5015 3486 5081 varia
3503 5010 3688 5096 paam.

2222 5142 2303 5157 -
2345 5112 2757 5193 Improbatur.
2785 5146 2868 5163 —
2905 5112 3040 5175 Hoc
3065 5128 3216 5189 ergo
3247 5107 3558 5191 supposito,
3579 5102 3690 5163 circa

2219 5204 2549 5268 historiam
2611 5205 2864 5271 Concilii
2935 5200 3489 5269 Francofordiensis
3543 5190 3690 5277 quoad

2219 5298 2384 5361 banc
2405 5318 2479 5381 pa
2487 5307 2648 5363 rtem
2673 5303 2862 5365 etiam
2883 5303 3046 5363 inter
3071 5298 3412 5365 Catholicos
3427 5293 3690 5373 Scriptores

2219 5393 2410 5471 hujus
2427 5396 2726 5476 temporis
2747 5395 3056 5458 dissensio
3075 5399 3192 5457 est.
3213 5390 3546 5457 Concedunt
3565 5380 3687 5445 enim

2218 5486 2352 5549 fere
2403 5504 2624 5552 omnes
2677 5488 3027 5553 Concilium
3081 5482 3586 5550 Francofordiense
3628 5471 3684 5533 de
