3892 6167
583 314 704 379 402

583 1542 710 1597 ‘ur'
1019 1622 1476 1689 msro'rA‘no
1515 1622 1721 1699 xuv,

938 1768 998 1821 ln
1035 1768 1174 1823 duas
1203 1765 1470 1821 sectiones
1494 1763 1804 1819 distributa.

991 1898 1070 1947 DE
1111 1896 1435 1947 stavrru'rn
1477 1894 1734 1941 CHRISTI.

668 2056 1038 2134 Quanquam
1061 2050 1330 2114 servitus
1349 2048 1808 2129 subjectionem
1821 2044 2149 2110 includere

587 2146 898 2222 videatur,
932 2143 1166 2225 aliquid
1196 2149 1410 2206 tamen
1441 2140 1740 2221 importat
1757 2146 1985 2221 praeter
2004 2136 2151 2202 sub-

545 2288 563 2307 .
584 2242 957 2323 jectionem3
1008 2255 1225 2300 servus
1253 2235 1425 2299 enim
1469 2234 1844 2298 relationem
1891 2234 2042 2297 dicit
2066 2232 2150 2295 ad

588 2336 935 2411 dominum,
969 2332 1138 2394 uude
1173 2330 1254 2393 de
1297 2330 1540 2392 ratione
1569 2328 1735 2391 servi
1771 2332 1892 2405 est,
1923 2333 2151 2390 utnon

559 2421 792 2493 'solum
825 2430 904 2492 sit
951 2426 1240 2489 subditus
1267 2422 1470 2499 alteri,
1519 2422 1634 2486 sed
1673 2418 1860 2487 etiam
1891 2422 2150 2485 omnino

586 2522 665 2587 sit
695 2522 814 2585 sub
842 2520 1120 2593 dominio
1156 2518 1437 2582 alterins.
1469 2516 1730 2597 Propter
1783 2516 1949 2579 hanc
2001 2531 2151 2595 ergo

583 2616 920 2689 rationem,
951 2612 1442 2693 disputationem
1502 2608 1819 2673 diversam
1845 2628 1884 2671 a
1914 2626 2147 2690 praece-

587 2708 764 2772 denti
801 2723 1113 2789 propono,
1146 2711 1210 2767 et
1255 2702 1404 2783 quia
1459 2720 1540 2766 ex
1577 2702 1844 2767 div-ersis
1899 2704 2153 2765 Petrum

584 2800 1012 2866 locutionibus
1059 2796 1394 2879 singularis
1430 2803 1493 2861 et
1521 2798 1776 2879 propria
1815 2796 2152 2859 difficultas

585 2898 652 2959 in
692 2896 814 2957 hac
845 2894 1109 2956 materia
1130 2898 1268 2955 orta
1295 2898 1420 2965 est;
1443 2892 1650 2971 primo
1694 2909 1848 2973 ergo
1882 2908 2020 2953 rem
2060 2890 2153 2971 ip-

587 3006 746 3067 sam,
777 2984 1007 3051 deinde
1030 2985 1292 3048 modum
1321 2982 1624 3065 loquendi
1661 2982 2135 3067 explicabimus.

1206 3152 1434 3207 sssc'rto
1467 3150 1510 3205 1.

591 3268 779 3327 Utrum
819 3265 1082 3337 Christus,
1119 3270 1180 3323 ut
1223 3264 1405 3337 homo,
1447 3278 1574 3321 vere
1611 3279 1679 3321 ac
1715 3264 1946 3339 proprie
1980 3264 2054 3323 sit
2092 3273 2145 3324 et

1019 3350 1138 3409 dici
1157 3350 1340 3425 possit
1367 3364 1555 3407 sev-vus
1585 3346 1710 3407 Dei.

665 3509 724 3569 1.
769 3501 996 3569 Prima
1047 3504 1365 3569 sententia.
1410 3534 1492 3551 —
1531 3500 2019 3569 Fundamentum
2079 3520 2153 3569 σω

587 3598 995 3666 Consiliorum
1022 3596 1678 3663 testimonia—Prima
1701 3596 2011 3659 sententia
2040 3614 2153 3659 ne-

586 3697 697 3774 gat
733 3690 1070 3764 Christum,
1105 3690 1296 3753 etiam
1339 3708 1484 3777 cum
1526 3688 1634 3752 illo
1671 3687 1915 3764 addite,
1945 3694 2016 3754 ut
2056 3690 2155 3753 1ιο·

583 3804 718 3863 mo,
749 3802 899 3849 vere
937 3802 1128 3867 posse
1173 3784 1298 3849 dici
1343 3802 1594 3847 servum
1642 3782 1756 3846 Dei
1805 3783 2152 3847 secundum

587 3879 906 3961 propriam
938 3896 1010 3941 ac
1037 3876 1386 3959 legitimam
1415 3874 1941 3957 significationem
1966 3878 2155 3957 hujus

583 3972 754 4035 vocis
787 3988 1014 4045 servm,
1049 3975 1113 4033 et
1158 3968 1566 4033 consideratis
1597 3970 1892 4039 omnibus
1937 3970 2155 4031 condi-

584 4064 860 4129 tionibus
915 4069 979 4127 et
1032 4061 1609 4146 imperfectionibus
1662 4080 1823 4145 quas
1877 4081 2029 4126 vera
2076 4082 2152 4127 ac

582 4156 837 4239 propria
887 4156 1156 4221 servitus
1204 4157 1468 4221 includit
1519 4174 1594 4219 ac
1643 4156 1928 4237 requirit.
1974 4158 2151 4221 Hanc

585 4252 965 4315 sententiam
1007 4250 1096 4313 sic
1137 4252 1482 4333 expositam
1512 4249 1683 4332 apud
1713 4250 1959 4313 nullum
1996 4252 2153 4316 anti-

583 4362 855 4427 quorum
891 4343 1418 4407 scholasticorum
1459 4342 1732 4407 invenie.
1765 4344 1902 4407 Non
1937 4350 2149 4410 tamen

582 4436 814 4499 desunt
836 4436 980 4499 novi
1006 4436 1331 4518 Theologi,
1357 4436 1466 4517 qui
1493 4454 1623 4499 non
1654 4436 1860 4499 solum
1885 4442 2149 4502 censent

581 4531 749 4593 hanc
797 4530 1176 4592 sententiam
1216 4548 1354 4595 esse
1395 4546 1636 4607 veram,
1661 4530 1776 4593 sed
1825 4530 2017 4594 etiam
2067 4533 2145 4595 de

581 4623 708 4686 fide
754 4622 1098 4686 definitam.
1141 4624 1535 4705 Praecipuum
1579 4642 1654 4687 ac
1687 4624 1822 4689 fere
1887 4626 2147 4689 unicum

577 4718 1060 4780 fundamentum
1089 4717 1280 4799 hujus
1309 4718 1634 4782 sententiae
1661 4718 1926 4783 sumitur
1947 4738 2025 4783 ex
2039 4720 2146 4785 de-

577 4812 862 4874 finitione
885 4812 1142 4875 Concilii
1161 4810 1758 4893 Francofordiensis,
1779 4822 1999 4879 contra
2024 4814 2145 4879 Eli-

577 4904 884 4987 pandum‚
916 4904 1026 4987 qui
1065 4904 1400 4984 Christum,
1433 4906 1596 4969 sieut
1641 4900 2025 4988 adoptivum,
2058 4910 2143 4971 ita

579 5002 644 5061 et
692 5016 942 5061 servum
979 5000 1296 5081 appellare
1331 5018 1524 5063 ausus
1559 5008 1652 5063 est
1671 5016 1692 5081 3
1741 5020 1934 5083 quem
1963 5020 2141 5085 aeque

577 5099 848 5173 utroque
869 5090 1046 5153 titulo
1075 5092 1418 5156 Concilium
1439 5094 1842 5175 reprehendit
1869 5114 1942 5159 ac
1964 5098 2143 5160 dam-

574 5188 707 5250 nat.
737 5183 918 5249 Unde
960 5185 1271 5249 Adrianus
1299 5186 1469 5267 Papa
1497 5186 1562 5249 in
1609 5207 1724 5251 sua
1757 5190 2021 5273 epistola
2052 5190 2139 5253 sic

573 5280 708 5341 ait:
741 5280 948 5345 Tanta
973 5278 1266 5345 nimir-mn
1292 5299 1395 5346 vos
1444 5282 1804 5349 temeritatis
1840 5286 2139 5353 dementia

570 5372 822 5451 deludit,
841 5378 914 5439 at
937 5374 1284 5455 adoptivum
1307 5392 1437 5441 eum
1459 5376 1691 5455 filium,
1709 5380 1893 5462 quasi
1907 5398 2138 5463 purum

569 5466 894 5547 hominem,
945 5468 1292 5535 calamitati
1343 5468 1619 5537 leumanoe
1663 5470 2033 5554 subjectam,
2080 5478 2138 5543 et

1833 304 2073 369 Quam.
2106 304 2215 361 ΧΧ.
2248 307 2452 373 Anne.
2484 307 2547 362 ll.

582 435 722 483 esse
749 413 1098 479 secundum
1125 412 1408 474 diversas
1430 415 1718 481 naturas;
1744 406 1917 471 etita
1954 403 2143 467 tradi-

581 518 685 575 tur
713 512 780 573 in
807 508 970 571 dicta
989 503 1180 585 Epist.
1215 506 1292 569 to
1315 503 1552 584 cyrill„
1583 520 1659 563 ex
1687 500 1961 563 Concilio
1997 496 2144 560 Ale-

580 600 914 665 xandrino.
951 600 1028 661 At
1051 616 1232 673 vero,
1259 598 1308 659 si
1351 596 1582 659 locutio
1612 594 1724 655 fiat
1768 610 1884 673 per
1935 590 2145 653 relati-

580 714 732 759 vum
759 694 1173 773 reciprocum,
1195 690 1462 753 dicendo
1484 688 1796 752 Christum
1827 702 1966 747 esse
1995 681 2145 745 sub-

573 790 817 873 jectum
865 785 1126 866 sibiipsi,
1164 784 1373 847 minus
1403 780 1762 845 necessaria
1789 778 1987 841 videri
2024 793 2144 857 po-

584 887 706 945 test
755 878 1226 954 determinatio,
1275 878 1424 959 quia
1469 876 1758 937 illudmet
1806 872 2143 937 relativum

581 974 842 1039 includit
887 971 1186 1054 suppositi
1253 971 1677 1043 identitatem;
1734 964 2144 1027 nihilominus

581 1074 793 1131 tamen
821 1066 930 1128 illa
960 1065 1190 1126 locutio
1216 1064 1556 1143 rejicienda
1586 1066 1701 1139 est,
1729 1060 1872 1141 quia
1901 1057 2146 1139 simpli-

586 1162 741 1225 citer
764 1159 1029 1239 prolata,
1070 1158 1412 1236 quamdam
1453 1156 1520 1217 in
1556 1172 1624 1217 se
1654 1152 2143 1234 repugnantiam

583 1253 870 1328 involvit3
894 1269 1081 1313 nemo
1119 1250 1288 1313 enim
1320 1248 1439 1311 sibi
1469 1248 1587 1330 ipsi
1616 1245 1963 1327 subjicitur,
1987 1242 2147 1305 sicut

586 1362 704 1411 nec
734 1350 825 1409 est
865 1342 1122 1406 inferior
1151 1354 1259 1407 aut
1296 1342 1502 1404 minor
1531 1358 1598 1405 se
1633 1342 1804 1421 ips03
1838 1342 1900 1401 et
1947 1336 2035 1399 ita
2080 1336 2146 1397 in

585 1441 752 1503 dicto
801 1436 1074 1502 Concilio
1131 1434 1552 1501 Alexandrino
1605 1432 1894 1497 absolute
1940 1427 2147 1511 rejici-

2225 406 2399 489 (qaod
2411 409 2600 491 pudet
2623 407 2831 489 dicere)
2852 424 3089 473 smum
3112 424 3245 473 enm
3270 409 3433 490 impii
3450 420 3495 479 ot
3510 416 3673 501 ingrata

2223 499 2415 565 tantis
2442 501 2737 581 beneficiis
2752 545 2774 577 ,
2806 499 3185 565 liberatorem
3207 506 3460 569 nostrum
3484 527 3571 573 m
3586 534 3675 594 pff.

2224 592 2537 658 timescitis
2582 611 2871 659 venenosa
2900 596 3075 675 fauce
3106 612 3441 661 susurrare.
3480 601 3578 665 Cur
3604 626 3677 672 m

2222 686 2534 763 veremini,
2583 686 2825 769 quamdi
2870 688 3311 765 obtrectatores,
3351 690 3463 757 Deo
3496 697 3675 768 odibiles,

2222 776 2403 841 illam
2431 796 2671 843 servum
2700 780 3085 861 nuaeuparo?
3116 784 3187 843 In
3218 781 3435 865 quibus
3456 788 3611 853 verbis
3629 796 3681 866 (εἰ

2224 872 2365 951 quis
2388 877 2561 935 recte
2588 873 2939 954 perpendat
2966 876 3393 955 parenthesim
3414 877 3571 957 illam,
3586 891 3686 963 quoa

2220 966 2401 1045 pudet
2464 968 2679 1048 dicero)
2736 968 2939 1048 magis
2991 967 3255 1031 damnat
3302 968 3549 1035 Pontifex
3584 983 3687 1041 seni

2225 1076 2419 1139 quam
2474 1060 2585 1122 filii
2630 1060 2905 1142 adoptivi
2954 1062 3456 1142 appellationem.
3494 1068 3554 1129 Et
3584 1072 3685 1133 infra

2227 1152 2552 1235 subjungit
2575 1170 2591 1215 ε
2618 1154 2770 1239 Etsi
2796 1155 2863 1218 in
2886 1156 3099 1221 ambra
3123 1156 3463 1237 Prophetioe
3482 1158 3689 1229 &arsat

2226 1264 2475 1325 servus,
2526 1255 2777 1331 propter
2828 1250 3077 1314 servilis
3126 1252 3351 1328 formoe
3401 1254 3689 1320 conditiones

2226 1358 2411 1423 quam
2441 1342 2702 1425 sumpsit
2729 1359 2802 1407 σω
2846 1342 3123 1423 Vimine,
3156 1350 3310 1422 etc.,
3341 1348 3591 1426 nmquid
3606 1368 3691 1429 pro·

2222 1436 2432 1515 pterea
2454 1452 2664 1499 nomen
2688 1434 2847 1499 servi
2876 1437 2931 1499 ei
2954 1436 3260 1519 imponere
3280 1436 3564 1503 debemus?
3582 1444 3691 1505 [nde

2226 1528 2575 1607 concludit,
2608 1536 2942 1612 postquam
2985 1532 3257 1593 cessavit
3298 1530 3525 1607 umbra,
3551 1540 3597 1596 et
3616 1556 3695 1599 ma-

2226 1622 2519 1687 nifestata
2562 1630 2659 1687 est
2685 1624 2915 1687 veritas
2958 1644 3099 1707 quse
3137 1626 3261 1689 sub
3306 1626 3575 1708 allegoria
3602 1632 3697 1695 late·

2230 1716 2363 1795 bat,
2387 1736 2516 1781 non
2547 1737 2687 1781 esse
2714 1726 3007 1783 vocatum
3034 1720 3357 1785 Christum
3380 1720 3458 1784 ab
3480 1722 3697 1803 Apostoli:

2230 1816 2297 1873 et
2340 1812 2752 1895 Evangelistis
2804 1832 3055 1877 servum
3076 1858 3093 1889 ,
3148 1816 3267 1879 sed
3315 1812 3618 1881 dominum.
3648 1826 3703 1883 Ae

2230 1904 2485 1969 tandem
2516 1924 2529 1968 :
2563 1906 2863 1975 Nostrum
2894 1908 3175 1989 (inquit)
3204 1926 3358 1991 opus
3388 1914 3477 1977 est
3496 1916 3555 1975 ut
3582 1915 3703 1979 sinu

2230 2000 2391 2063 servi
2416 2018 2531 2083 per
2558 2000 2949 2066 conditionem
2973 2047 2992 2078 ,
3026 2009 3083 2067 et
3104 2002 3235 2082 filii
3259 2020 3373 2087 per
3402 2002 3625 2086 qratiam
3644 2008 3707 2069 ad·

2230 2094 2494 2173 optionis
2500 2118 2527 2169 ;
2556 2111 2706 2177 opus
2734 2094 2869 2176 ejus
2894 2101 3005 2167 ut,
3032 2101 3105 2160 at
3133 2096 3225 2163 sit
3247 2098 3493 2173 unicus,
3506 2098 3707 2179 propriu

2230 2191 2288 2250 et
2312 2186 2565 2252 dilectas
2578 2188 2794 2253 Filius
2826 2188 2963 2253 Dei.
2998 2189 3237 2254 Similia
3265 2190 3467 2253 multa
3487 2190 3709 2255 habenta.-

2230 2276 2298 2340 in
2324 2280 2507 2360 epist.
2526 2280 2783 2343 Concilii
2809 2282 2889 2343 ad
2912 2281 3255 2365 Episcopos
3276 2284 3710 2365 Hispaniae3nan

2234 2371 2460 2437 eodem
2488 2374 2677 2437 modo
2707 2375 2967 2457 damnat
2992 2376 3277 2441 dicentes
3306 2377 3599 2443 Christum
3627 2398 3711 2443 eisc

2235 2484 2510 2543 servum,
2534 2472 2597 2531 et
2624 2468 2908 2533 dicentes
2930 2488 3071 2535 esse
3094 2472 3297 2536 filium
3332 2473 3713 2553 adoptivum‚rt

2234 2560 2443 2623 videre
2490 2560 2642 2624 licet
2679 2565 3025 2643 praesertim
3069 2566 3135 2629 in
3182 2566 3303 2629 fine
3354 2567 3623 2649 epistolae.
3644 2568 3715 2629 mai

2234 2654 2393 2717 ratio
2439 2654 2743 2734 redditur,
2774 2658 2920 2739 qaia
2964 2658 3096 2724 alia
3138 2666 3228 2725 ost
3268 2678 3527 2742 persona
3558 2662 3717 2743 propri·

2226 2746 2373 2829 filii,
2414 2748 2540 2812 alia
2582 2750 2769 2828 servi,
2820 2768 2947 2830 qua
2992 2750 3413 2833 significatur,
3446 2755 3732 2832 servitutem,

2232 2858 2362 2904 non
2418 2841 2627 2904 minus
2660 2888 2677 2918 ,
2738 2842 2867 2908 imo
2926 2846 3130 2927 magis
3182 2848 3513 2929 requirere
3562 2866 3719 2927 perso-

2232 2951 2382 2997 nam
2430 2934 2700 2999 alienam
2756 2944 2820 3001 et
2870 2945 3261 3015 extraneam,
3292 2960 3489 3021 quam
3524 2940 3728 3022 adoptio-

2223 3046 2392 3093 nem.
2427 3029 2516 3091 Ac
2546 3030 2815 3113 denique
2844 3040 3246 3115 exponuntur
3272 3036 3661 3117 Scripturae‚q

2223 3122 2541 3186 interdum
2608 3122 2919 3189 Christum
2978 3128 3299 3209 appellant
3374 3147 3603 3191 servum
3626 3175 3641 3205 ‚
3682 3133 3730 3190 ὠ

2227 3218 2657 3299 intelligantur
2677 3238 2806 3281 non
2831 3219 2911 3283 de
2937 3221 3299 3285 conditione
3324 3225 3634 3297 servitutis,
3652 3242 3697 3283 se

2233 3309 2313 3374 de
2344 3310 2710 3377 humilitatis
2740 3314 3119 3393 obedientia,
3146 3334 3271 3397 qua
3298 3317 3507 3381 factus
3532 3326 3611 3381 est
3630 3318 3726 3379 ohe·

2232 3404 2415 3469 diens
2462 3424 2659 3489 usque
2706 3408 2787 3470 ad
2836 3416 3131 3471 mortem.
3167 3411 3333 3473 Huic
3371 3412 3621 3475 Concilio
3656 3410 3728 3471 ad·

2227 3498 2409 3581 jungi
2459 3501 2620 3563 solet
2665 3500 2838 3565 aliud
2886 3502 3227 3583 antiquius,
3273 3504 3728 3579 Alexandrinum,

2238 3592 2497 3667 scilicet,
2543 3593 2714 3673 quod
2770 3595 3041 3658 habetur
3085 3597 3151 3657 in
3198 3599 3389 3678 epist.
3444 3603 3519 3662 io
3562 3596 3726 3679 cyrilli.

2236 3687 2358 3749 Sed
2390 3684 2733 3751 Concilium
2762 3688 2917 3752 illud
2956 3690 3113 3751 nihil
3154 3692 3237 3755 ad
3266 3710 3405 3757 rem
3434 3698 3730 3775 presentem

2234 3778 2405 3853 facit,
2438 3784 2506 3841 ut
2533 3779 2793 3843 inferius
2821 3782 3194 3847 videbimus.

2316 3878 2377 3935 2.
2421 3873 2780 3941 Auctoritas
2816 3878 3097 3941 Patrum.
3125 3910 3207 3925 —
3230 3881 3543 3959 Secundo,
3570 3878 3732 3941 funda·

2232 3972 2337 4033 tur
2362 3966 2498 4029 heec
2542 3970 2853 4031 sententia
2884 3970 2952 4031 in
2996 3970 3375 4035 Sanctorum
3425 3974 3611 4035 dictis.
3644 3970 3730 4032 Pii*

2232 4079 2410 4125 mum
2452 4060 2531 4123 sit
2558 4060 3005 4142 chrysostomi,
3048 4066 3222 4129 hom.
3272 4070 3353 4129 13
3394 4068 3461 4129 in
3502 4067 3653 4147 epist.
3674 4060 3730 4126 ad

2230 4153 2555 4231 HebroeoS,
2583 4154 2694 4219 ubi
2723 4156 2809 4221 ait
2834 4156 3169 4235 Christum,
3210 4178 3385 4225 nunc
3418 4178 3639 4224 sursum
3664 4176 3728 4221 se·

2232 4248 2487 4311 dentem
2518 4247 2601 4312 ad
2628 4248 2951 4313 dexteram
2980 4252 3203 4333 Patris,
3232 4272 3362 4317 non
3405 4274 3541 4319 esse
3574 4252 3728 4315 minis·

2230 4348 2399 4405 trum
2423 4360 2543 4405 nec
2574 4361 2857 4422 servum,
2892 4345 3003 4407 sed
3034 4348 3154 4409 hoc
3182 4349 3517 4431 enjusdam
3538 4364 3730 4411 conces

2230 4434 2419 4499 sionis
2444 4434 2641 4499 fuisse
2678 4455 2791 4519 pro
2820 4445 2987 4502 statu
3018 4440 3155 4505 viae.
3188 4442 3371 4507 Unde
3400 4442 3631 4505 subdit:
3654 4438 3725 4503 Si·
3766 4496 3772 4523 1

2230 4533 2333 4593 out
2370 4532 2575 4609 factus
2617 4547 2851 4608 smus,
2894 4550 3015 4597 noa
3056 4538 3289 4601 mansit
3328 4554 3565 4613 smus,
3596 4534 3663 4599 sio
3686 4545 3721 4594 et

2228 4621 2507 4687 minister
2528 4626 2757 4703 faetus,
2779 4645 2898 4691 non
2920 4629 3147 4694 mansit
3165 4628 3469 4711 meister,
3492 4645 3597 4693 noa
3612 4626 3717 4689 mi!

2226 4714 2501 4780 ministri
2526 4724 2617 4783 est
2643 4718 2841 4786 sedere
2851 4764 2875 4797 ,
2904 4720 3010 4785 sed
3030 4726 3223 4789 stare.
3256 4724 3531 4797 Quorum
3554 4720 3717 4783 verho-

2222 4828 2365 4873 rum
2397 4830 2619 4875 sensus
2646 4814 2817 4877 idem
2841 4834 2981 4879 esse
3008 4818 3281 4897 videtur,
3299 4820 3411 4901 qui
3429 4814 3717 4881 inconeiiio

2226 4904 2765 4971 Francofordiensi
2802 4909 3193 4989 insinuatur,
3232 4911 3529 4975 nimirum
3568 4908 3719 4973 Chris·

2223 5006 2357 5063 tum
2389 5000 2453 5063 in
2482 5006 2646 5064 statu
2687 5003 2803 5067 viae
2832 5008 3247 5087 assumpsisse
3274 5008 3651 5072 ministeaum
3676 5006 3717 5059 et

2221 5096 2637 5163 humilitatem
2670 5100 2859 5179 servi,
2884 5120 3030 5163 cum
3058 5109 3277 5167 tamen
3302 5100 3625 5167 secundum
3646 5112 3719 5155 τε·

2220 5192 2467 5255 ritatem
2500 5200 2563 5255 et
2595 5196 2912 5276 propriam
2954 5198 3373 5261 conditionem
3404 5212 3603 5261 servus
3624 5206 3713 5250 non

2220 5286 2333 5361 sit;
2368 5286 2601 5367 alioqui
2632 5289 2825 5351 etiam
2854 5291 2919 5353 in
2947 5289 3147 5373 gloria
3176 5310 3389 5356 servus
3416 5286 3712 5355 mansisset,

2218 5398 2364 5443 cum
2408 5382 2699 5445 eamdem
2734 5390 2977 5449 naturae
3014 5386 3435 5449 conditionem
3480 5381 3707 5445 retineat.

2218 5476 2578 5541 Secundum
2606 5476 3031 5545 testimonium
3060 5481 3139 5545 sit
3162 5478 3496 5557 Athanasii,
3518 5491 3665 5541 serm·
3685 5472 3711 5529 3
