3892 6167
1338 371 1655 424 mst’tiru.
1692 369 1909 422 xxxiii.
1946 370 2116 426 SEGT.
2153 372 2213 424 ll.

146 459 365 522 Verbo
398 461 599 526 veluti
620 465 851 530 eodem
878 467 1059 546 signo
1080 473 1321 532 naturae
1348 490 1477 552 quo
1502 471 1731 532 subsis-

142 557 317 616 teret
346 554 421 618 in
463 557 725 638 proprio
768 560 1115 640 supposito,
1158 569 1347 642 atque
1390 565 1551 626 adeo
1599 563 1731 626 ani-

140 663 323 708 mam
354 649 541 728 prius
558 657 793 714 natura
820 653 983 716 uniri
996 653 1201 718 Verbo
1228 674 1417 735 quam
1446 657 1725 738 corpori:

139 758 329 820 ergo,
374 743 579 808 etiam
616 745 687 806 in
738 765 891 810 casu
924 746 989 808 in
1016 765 1146 827 quo
1174 749 1529 830 loquimur,
1556 750 1731 832 prius

140 839 383 896 natura
416 844 585 900 esset
613 840 827 902 anima
854 847 1213 922 assumpta,
1250 861 1443 923 quam
1472 853 1731 926 peccato

139 929 453 1010 originali
482 933 835 1007 maculata;
868 953 1024 1016 ergo
1056 937 1390 1016 postillam
1430 940 1731 1002 unionem

142 1039 286 1082 nori
308 1031 539 1101 posset
564 1043 639 1089 ex
668 1027 727 1087 vi
756 1027 1183 1108 conceptionis
1210 1034 1579 1096 contrahere
1608 1033 1731 1094 ori-

144 1114 369 1194 ginale
394 1125 755 1196 peccatum,
776 1122 925 1200 quia
953 1123 1285 1201 pertatem
1312 1125 1615 1190 unionem
1636 1126 1731 1188 in·

148 1208 469 1288 telligitur
492 1211 781 1276 ablatum
800 1232 989 1278 omne
1008 1214 1291 1280 debitum
1315 1219 1729 1282 contrahendi

148 1302 279 1362 tale
306 1311 673 1382 peccatum.

230 1398 341 1458 13.
366 1396 501 1460 Sed
523 1399 661 1478 jam
686 1401 1025 1466 afferamus
1056 1404 1479 1468 universalem
1506 1411 1571 1468 et
1598 1407 1731 1468 effi-

146 1506 383 1552 cacem
404 1490 747 1569 rationem,
766 1511 907 1573 quse
927 1495 1155 1574 probet
1174 1497 1257 1560 de
1284 1498 1457 1560 omni
1482 1499 1731 1562 macula

142 1583 431 1662 peccati,
450 1585 645 1649 etiam
669 1588 1109 1667 praesistente
1128 1590 1192 1652 in
1212 1589 1321 1653 tali
1344 1597 1569 1654 natura
1590 1610 1731 1671 quae

140 1691 227 1736 ex
256 1692 427 1738 casu
450 1680 829 1758 supponitur
862 1682 1033 1761 prius
1074 1687 1357 1764 tempore
1385 1686 1449 1746 in
1476 1685 1729 1766 proprio

144 1769 489 1848 supposito
522 1772 897 1838 substitisse.
916 1775 1095 1838 Ratio
1122 1795 1273 1840 vero
1300 1783 1419 1846 est.
1436 1778 1589 1857 quia
1614 1797 1727 1844 ne*

144 1879 337 1924 cesse
374 1870 501 1939 est,
530 1865 905 1931 adveniente
948 1869 1149 1948 gratia
1174 1870 1467 1948 unionis,
1508 1889 1729 1953 quam-

148 1976 439 2039 cumque
464 1961 719 2042 culpam
756 1963 987 2044 expelli
1012 1983 1051 2026 a
1076 1965 1185 2028 tali
1210 1972 1471 2043 natura3
1500 1969 1731 2048 proba-

156 2056 283 2124 tur,
312 2053 475 2131 quia
496 2073 617 2134 per
642 2055 819 2118 illam
842 2058 1143 2122 unionem
1170 2060 1309 2122 talis
1336 2067 1563 2122 natura
1588 2079 1731 2142 por-

158 2143 508 2210 fectissime
532 2149 959 2214 sanctificatur
978 2158 1041 2214 et
1063 2151 1417 2226 deificatur-3
1442 2173 1595 2234 ergo
1616 2156 1732 2216 im-

154 2239 463 2317 possibile
512 2247 611 2304 est
656 2249 727 2306 ut
772 2244 959 2306 simul
1010 2247 1147 2308 haec
1194 2251 1419 2310 natura
1472 2253 1729 2327 peccato

150 2339 423 2396 maneat
476 2335 815 2400 maculata.
871 2337 1051 2410 Quod
1100 2340 1281 2404 aliter
1330 2341 1677 2421 explicatur
1707 2362 1723 2401 :

148 2443 305 2488 nam
332 2445 417 2490 ex
446 2428 511 2489 vi
540 2429 811 2504 unionis,
836 2431 939 2493 hic
964 2432 1153 2494 homo
1178 2441 1275 2496 est
1300 2436 1429 2498 Deo
1454 2434 1731 2514 gratissi-

148 2537 323 2594 mus,
368 2520 595 2602 illique
632 2522 901 2586 debetur
940 2525 1141 2604 gratia
1188 2532 1253 2589 et
1292 2527 1523 2607 gloria;
1574 2545 1725 2605 ergo

150 2613 551 2693 impossibile
578 2623 676 2680 est
702 2623 773 2680 ut
796 2619 929 2680 Deo
954 2619 1143 2682 simul
1176 2618 1417 2682 invisus
1448 2627 1723 2698 maneat,

154 2714 217 2768 et
242 2709 485 2790 dignus
516 2717 745 2774 interna
778 2730 991 2792 poena.

236 2805 339 2864 14.
376 2803 665 2884 objectio.
686 2806 991 2882 -Dices,
1012 2825 1143 2870 non
1170 2809 1517 2890 implicare,
1554 2826 1729 2872 eam-

152 2897 305 2960 dem
332 2905 635 2962 naturam
664 2901 851 2962 simul
877 2919 1017 2964 esse
1044 2903 1341 2966 dilectam
1370 2923 1417 2972 a
1442 2907 1571 2967 Deo
1599 2922 1725 2966 uno

155 2992 341 3054 titulo
360 3037 381 3066 ,
424 2993 663 3056 scilicet
680 3039 699 3070 ,
730 3002 1043 3075 quatenus
1070 2997 1151 3058 ab
1176 2998 1285 3058 illo
1314 2998 1727 3077 recipit-sum·

154 3105 333 3148 mum
358 3085 751 3150 beneficium
791 3091 1041 3152 unionis
1070 3093 1505 3172 hypostaticae,
1535 3095 1599 3152 et
1626 3090 1726 3152 ni-

152 3178 507 3243 hilominus
546 3183 669 3243 alio
698 3183 905 3259 titulo,
944 3185 1205 3261 scilicet,
1236 3191 1547 3265 quatenus
1574 3185 1725 3246 sub-

146 3274 315 3352 jacet
339 3281 609 3354 peccato
628 3320 645 3348 ,
678 3294 821 3338 esse
846 3277 1111 3340 invisam
1142 3285 1205 3340 et
1246 3278 1391 3340 odio
1434 3279 1721 3358 dignam3

154 3369 311 3430 sicut
341 3368 519 3430 enim
536 3387 669 3432 non
693 3387 883 3432 omne
914 3371 1157 3432 malum
1196 3378 1292 3434 est
1345 3373 1727 3436 contrarium

152 3461 321 3524 omni
346 3462 543 3540 hono,
572 3470 638 3525 et
676 3463 819 3526 ideo
842 3471 1051 3544 potest
1086 3466 1299 3546 aliqua
1335 3485 1439 3527 res
1488 3465 1725 3544 aliquid

150 3553 301 3616 honi
329 3561 397 3616 et
416 3557 571 3618 mali
591 3557 775 3618 simul
806 3557 1069 3635 habere,
1092 3559 1176 3621 ita
1196 3559 1387 3622 etiam
1411 3565 1617 3638 potest
1638 3557 1727 3620 di-

152 3649 353 3710 versis
380 3649 735 3710 rationibus
756 3651 953 3712 amari
982 3658 1045 3714 et
1064 3652 1209 3714 odio
1236 3651 1457 3714 haberi
1480 3674 1499 3727 ;
1526 3652 1727 3732 gratia

162 3747 373 3802 autem
400 3740 663 3804 unionis
692 3748 755 3804 et
778 3744 963 3822 culpa
986 3761 1117 3805 non
1138 3743 1433 3806 videntur
1456 3743 1729 3806 formali-

168 3839 265 3894 ter
290 3835 627 3908 contraria,
668 3835 767 3897 vel
802 3837 1107 3916 privative
1142 3837 1451 3917 opposita,
1484 3843 1548 3898 et
1586 3836 1729 3898 ideo

168 3945 287 3986 non
310 3927 561 3990 videtur
588 3929 1147 3992 contradictionem
1183 3929 1530 4010 implicare,
1554 3935 1627 3991 ut
1652 3929 1731 3990 si-

160 4021 291 4082 mul
308 4023 461 4096 sint,
486 4029 556 4084 et
570 4022 845 4087 habeant
868 4023 1131 4086 effectus
1146 4023 1425 4086 diversos
1446 4024 1725 4105 quidem,

154 4133 283 4176 non
312 4121 533 4178 tamen
560 4123 1013 4195 repugnantes.
1039 4117 1223 4192 Nam,
1251 4117 1397 4178 licet
1422 4118 1489 4178 in
1516 4134 1593 4178 eo
1624 4135 1733 4178 ca-

158 4230 229 4271 su
254 4210 363 4272 ille
384 4211 581 4272 homo
602 4212 779 4273 titulo
796 4212 1055 4275 unionis
1072 4216 1241 4274 esset
1257 4211 1485 4292 dignus
1508 4213 1727 4293 gloria,

158 4311 375 4365 tamen
422 4305 671 4366 ratione
710 4306 953 4385 peccati
994 4312 1211 4386 posset
1238 4323 1377 4368 esse
1408 4306 1726 4385 indignus,

158 4397 323 4459 sicut
345 4397 517 4458 inter
558 4399 845 4462 homines
886 4399 1195 4479 contingit
1238 4398 1441 4460 filium
1484 4399 1731 4460 ratione

156 4489 486 4552 filiationis
511 4509 657 4552 esse
678 4491 937 4572 dignum
964 4497 1229 4572 paterna
1250 4491 1639 4567 haereditate,
1668 4497 1732 4554 et

160 4589 379 4646 tamen
420 4585 665 4646 ratione
694 4585 895 4665 culpae
937 4585 1171 4647 factum
1198 4603 1337 4647 esse
1380 4585 1727 4664 indignum.

160 4679 235 4739 Et
254 4676 437 4739 idem
464 4677 683 4740 dicunt
708 4678 775 4740 in
804 4678 1105 4740 habituali
1134 4679 1355 4756 gratia,
1386 4679 1497 4758 qui
1520 4679 1736 4740 dicunt

165 4789 293 4832 non
320 4769 657 4850 implicare
686 4772 1267 4844 contradictionem,
1300 4791 1439 4833 eam
1478 4789 1735 4834 conser-

163 4865 295 4926 vari
316 4865 381 4924 in
404 4865 667 4926 homine
686 4866 991 4928 existente
1013 4865 1077 4925 in
1098 4872 1381 4945 peccato,
1404 4865 1728 4939 Quocirca,

165 4976 309 5018 cum
334 4957 573 5018 dicitur
598 4958 799 5036 gratia
822 4959 1076 5020 unionis
1101 4977 1217 5038 per
1259 4976 1327 5020 se
1360 4965 1425 5020 et
1458 4957 1733 5020 formali-

164 5056 258 5112 ter
284 5057 591 5112 naturam
610 5051 1027 5128 sanctificare,
1048 5071 1163 5114 seu
1192 5053 1361 5114 hunc
1390 5053 1732 5126 hominem,

168 5145 219 5204 si
242 5162 361 5223 per
388 5144 659 5205 verbum
684 5144 1113 5207 sanctificandi
1142 5146 1547 5225 intelligatur,
1572 5143 1737 5204 face·

170 5254 235 5297 re
292 5239 647 5298 immunem
707 5239 911 5299 omnis
964 5241 1203 5318 peccati
1236 5285 1253 5313 ,
1310 5239 1555 5300 videtur
1606 5236 1735 5316 peti

170 5330 551 5410 principium
576 5345 601 5407 ;
654 5329 724 5392 id
776 5332 947 5392 enim
1004 5332 1364 5410 quaerimuS,
1398 5349 1481 5391 an
1537 5327 1736 5408 gratia

174 5424 423 5486 unionis
450 5423 515 5484 id
540 5441 657 5503 per
681 5441 747 5485 se
778 5442 847 5485 se
880 5423 1127 5499 haheat,
1154 5433 1263 5488 aut
1292 5424 1455 5485 unde
1485 5422 1732 5484 habeat.

1812 469 1998 548 quasi
2043 470 2420 532 constituere
2445 469 2766 550 objectum
2809 469 3142 549 singularis
3187 472 3377 538 dilec-

1810 562 2002 624 tionis
2029 563 2162 637 Dei,
2193 565 2312 625 hoc
2349 564 2745 626 verissimum
2765 568 2894 638 est3
2915 569 3153 638 tamen,
3179 573 3250 630 ut
3267 585 3376 630 ar-

1812 657 2364 735 gumentabamur,
2389 657 2536 718 hinc
2577 676 2706 720 non
2731 656 2978 720 videtur
3017 660 3376 722 necessario

1812 751 1990 830 sequi
2019 756 2092 812 ut
2119 756 2345 812 natura
2382 749 2492 812 illa
2519 751 2692 812 omni
2717 757 2898 830 culpa
2927 751 3128 814 libera
3156 753 3378 816 redda-

1810 848 1937 904 tur.
1983 845 2058 906 Et
2099 843 2438 924 prasertim
2483 849 2670 922 urget
2701 842 3030 906 difficultas
3079 846 3138 904 in
3189 847 3376 926 culpa

1810 936 2074 1011 veniali,
2115 955 2256 1016 quae
2295 955 2426 998 non
2457 935 2664 998 reddit
2693 937 3012 1000 bominem
3051 938 3378 1002 inimicum

1810 1031 1962 1104 Deo,
1992 1047 2114 1092 nec
2139 1029 2506 1108 simpliciter
2535 1029 2682 1091 odio
2709 1029 2993 1110 dignum.

1893 1126 1994 1184 15.
2039 1124 2396 1202 Responsio.
2437 1157 2520 1168 —-
2547 1122 2861 1196 Quomodo
2898 1125 3108 1204 qratia
3136 1124 3379 1190 unionis

1808 1222 2102 1300 repugnat
2127 1216 2456 1298 cuicunque
2475 1217 2708 1298 peccati
2743 1217 2996 1280 macula!
3015 1263 3036 1293 ‚
3067 1221 3251 1280 otiam
3277 1239 3375 1282 vc-

1810 1309 1991 1374 niati.
2031 1341 2114 1358 -
2153 1309 2594 1387 Respondetnr
2627 1307 3036 1370 nihilominus
3063 1312 3372 1374 rationem

1814 1421 1960 1466 esse
1985 1403 2308 1482 optimam,
2337 1403 2510 1481 qnia,
2539 1403 2684 1464 licet
2711 1402 2876 1464 inter
2899 1403 3162 1482 gratiam
3191 1406 3375 1468 unio-

1812 1496 1935 1572 nis,
1965 1505 2030 1558 et
2055 1500 2412 1574 peccatum,
2455 1514 2586 1558 non
2629 1495 2712 1556 sit
2734 1496 2988 1576 propria
3016 1503 3078 1559 et
3097 1497 3376 1562 formalis

1813 1589 2144 1671 oppositio,
2191 1588 2554 1650 immediata
2591 1595 2656 1652 et
2699 1588 2982 1669 physica,
3029 1591 3230 1670 qualis
3279 1597 3376 1654 est

1812 1684 1978 1746 iuter
2003 1683 2128 1744 duo
2167 1683 2478 1744 contraria
2497 1727 2518 1758 ‚
2547 1682 2650 1744 vel
2677 1683 2843 1746 inter
2869 1683 3284 1762 privationem
3313 1689 3377 1748 et

1810 1778 2096 1841 habitum
2125 1778 2282 1855 (tum
2321 1776 2474 1856 quia
2505 1783 2834 1855 peccatum
2860 1776 3203 1840 formaliter
3243 1796 3375 1840 non

1810 1871 2090 1934 consistit
2139 1871 2206 1934 in
2261 1870 2608 1951 privatione
2647 1871 2862 1950 gratim
2907 1871 3190 1948 unionis;
3238 1878 3376 1934 tum

1810 1965 2004 2029 etiam
2033 1964 2180 2044 quia
2205 1969 2538 2044 peccatum
2565 1963 2846 2026 consistit
2873 1963 2940 2024 in
2973 1965 3196 2027 morali
3221 1983 3373 2045 qua-

1810 2061 1958 2122 dam
1998 2059 2472 2122 deordinatione
2513 2076 2626 2120 seu
2657 2058 2938 2134 macula,
2979 2060 3177 2138 gratia
3219 2078 3370 2122 vero

1808 2154 2062 2216 unionis
2088 2159 2184 2214 est
2207 2169 2310 2214 res
2339 2171 2453 2213 suo
2483 2151 2672 2213 modo
2699 2151 2962 2232 physica
2985 2159 3048 2214 et
3083 2153 3376 2216 snbstan-

1808 2246 2028 2324 tialis),
2057 2245 2466 2308 nihilominus
2503 2248 2716 2308 tamen
2757 2245 2862 2306 illa
2892 2246 3092 2324 gratia
3123 2245 3340 2308 unioni

1808 2341 1952 2404 talis
1997 2357 2075 2402 ac
2119 2345 2294 2401 tanta
2334 2341 2454 2414 est,
2501 2343 2576 2400 nt
2613 2339 3096 2420 repugnantiam
3143 2338 3378 2402 habeat

1806 2453 1954 2498 cum
1981 2434 2118 2514 ipsa
2141 2431 2386 2494 formali
2413 2431 2802 2494 deformitate
2826 2432 3096 2510 peccati3
3125 2437 3188 2492 et
3213 2431 3370 2494 ratio

1808 2547 2002 2608 supra
2029 2527 2302 2588 iudicata
2332 2529 2450 2600 est,
2483 2525 2634 2604 quia
2669 2522 2808 2584 haec
2835 2524 3043 2604 gratia
3069 2523 3374 2600 quodam-

1804 2621 1996 2684 modo
2025 2619 2276 2681 deificat
2307 2622 2597 2680 naturam
2628 2618 2728 2677 cui
2755 2615 2850 2690 fit,
2881 2622 2946 2678 et
2973 2615 3278 2696 quidquid
3307 2617 3372 2678 in

1808 2733 1885 2777 ea
1912 2717 2029 2789 est,
2057 2719 2127 2774 ut
2152 2711 2517 2790 frequenter
2557 2710 2774 2772 Patres
2806 2708 3182 2788 loquuntur,
3211 2729 3374 2790 prae-

1808 2807 2022 2870 sertim
2045 2807 2364 2878 Damaso„
2385 2803 2492 2864 lib.
2515 2805 2580 2880 3,
2607 2821 2662 2864 c.
2689 2806 2762 2864 17
2775 2818 2795 2879 ;
2819 2809 3132 2882 repugnat
3160 2811 3372 2864 autem

1808 2900 2110 2962 malitiam
2143 2898 2342 2978 ipsius
2381 2897 2620 2976 peccati
2648 2913 2763 2975 per
2787 2896 3088 2958 unionem
3117 2895 3196 2958 ad
3225 2897 3376 2958 Ver-

1806 2993 1962 3056 bum
2011 2993 2102 3054 ita
2157 2989 2368 3052 extolli
2413 3006 2486 3052 ac
2537 2987 2840 3050 deificari.
2897 2987 3134 3050 Deinde
3157 3033 3175 3064 ‚
3225 2989 3374 3066 quia

1810 3085 2296 3148 communicatio
2325 3082 2518 3161 hujus
2548 3081 2760 3162 gratiae
2783 3087 2880 3143 est
2901 3099 3150 3142 summa
3183 3083 3375 3146 dilec-

1814 3181 1897 3242 tio
1924 3180 2036 3241 Dei
2060 3178 2142 3240 ad
2169 3184 2462 3238 naturam
2507 3180 2779 3236 creatam
2797 3219 2820 3249 ‚
2851 3180 2913 3236 et
2939 3193 3054 3255 per
3077 3175 3250 3236 illam
3277 3174 3376 3237 in-

1808 3275 2080 3334 trinsece
2125 3270 2198 3331 fit
2261 3269 2348 3330 .la
2383 3273 2610 3330 natura
2651 3267 2848 3346 digua
2889 3267 3060 3330 omni
3101 3268 3270 3331 bono
3309 3273 3375 3333 et

1808 3365 1980 3428 omni
2023 3361 2422 3426 rectitudine.
2455 3361 2544 3422 Ac
2591 3361 2866 3439 denique
2905 3361 3011 3422 ille
3045 3361 3238 3424 homo
3281 3371 3377 3424 est

1808 3457 2172 3538 simpliciter
2203 3455 2394 3518 Filius
2423 3455 2532 3516 Dei
2559 3453 2896 3531 naturalis;
2917 3461 3230 3533 repugnat
3257 3473 3374 3516 au-

1804 3559 1941 3616 tem
1975 3568 2117 3611 cnm
2151 3554 2322 3612 tanto
2351 3547 2462 3608 Dei
2495 3563 2734 3620 amore,
2761 3553 2994 3608 etcum
3032 3546 3140 3608 tali
3173 3546 3376 3623 gratia

1809 3653 1872 3708 et
1912 3643 2218 3724 dignitate
2264 3657 2642 3721 permanere
2683 3643 2982 3702 naturam
3031 3638 3230 3712 illam,
3261 3657 3377 3701 scu

1808 3755 2144 3820 personam
2177 3734 2420 3796 ratione
2465 3733 2634 3794 illius
2663 3749 2800 3794 esse
2837 3734 3093 3811 propter
3125 3730 3376 3812 culpam

1810 3833 2068 3912 dignam
2098 3828 2263 3900 odio,
2294 3833 2361 3890 et
2401 3828 2530 3888 Deo
2561 3823 2880 3886 inimicam
2898 3839 2919 3902 ;
2953 3842 3068 3904 per
3109 3842 3176 3886 se
3208 3826 3381 3886 enim

1810 3925 2020 3990 statim
2049 3926 2314 4002 apparet
2341 3920 2464 3982 hoc
2490 3918 2792 3980 indecens
2819 3922 2884 3978 et
2913 3917 3242 3997 indignum
3273 3917 3380 3982 tali

1810 4036 2108 4102 persona.
2135 4014 2416 4092 Denique
2441 4013 2602 4074 ratio
2625 4011 2692 4072 in
2715 4010 3096 4091 proecedenti
3121 4011 3382 4074 conclu·

1812 4113 1990 4174 sione
2016 4111 2182 4172 facta
2212 4108 2312 4170 hic
2343 4107 2528 4168 etiam
2573 4105 2784 4184 aliquo
2809 4104 3000 4168 modo
3029 4108 3234 4186 potest
3269 4123 3383 4186 ap-

1812 4206 2064 4287 plicari;
2098 4202 2250 4282 quia
2279 4201 2364 4262 ad
2390 4198 2732 4280 perfectam
2765 4197 3156 4278 sanctitatem
3189 4199 3384 4262 alicu-

1805 4305 1913 4380 jus
1942 4295 2249 4378 suppositi
2279 4293 2380 4356 vel
2407 4309 2694 4373 personae
2721 4297 2987 4371 spectat,
3009 4311 3136 4356 non
3161 4292 3384 4356 admit·

1810 4401 1947 4456 tere
1975 4392 2042 4453 in
2072 4388 2324 4470 propria
2354 4393 2580 4448 natura
2609 4385 2884 4464 aliquam
2915 4385 3228 4448 maculam
3257 4386 3384 4448 cul-

1812 4504 1935 4565 pae,
1959 4483 2073 4546 sed
2099 4500 2240 4546 eam
2283 4481 2490 4544 statim
2525 4479 2862 4558 expellere,
2883 4479 2936 4540 si
2969 4484 3207 4558 potest3
3239 4479 3378 4544 talis

1814 4581 1983 4642 enim
2013 4575 2260 4640 macula
2291 4593 2408 4638 nec
2437 4593 2550 4654 per
2577 4591 2646 4636 se
2675 4572 2963 4636 amabilis
2993 4578 3124 4647 est,
3157 4593 3276 4636 nec
3299 4573 3384 4634 ad

1813 4673 2150 4735 honestum
2179 4669 2372 4732 finem
2401 4666 2617 4730 referri
2650 4672 2877 4746 potest,
2897 4685 3042 4726 cum
3063 4666 3141 4728 sit
3167 4665 3382 4728 intrin-

1814 4784 1959 4829 sece
2001 4764 2191 4826 mala.
2225 4763 2302 4824 Et
2343 4763 2476 4824 hrec
2505 4760 2663 4822 ratio
2693 4761 2786 4822 sic
2815 4759 3094 4839 exposita
3123 4759 3347 4839 prohat
3362 4803 3385 4836 ,

1814 4878 1943 4922 non
1969 4859 2174 4920 solum
2202 4856 2281 4918 de
2315 4854 2498 4934 culpa
2525 4853 2795 4928 mortali,
2819 4852 2931 4914 sed
2959 4853 3148 4914 etiam
3171 4851 3252 4914 de
3288 4871 3388 4916 ve·

1814 4955 1966 5015 niali
1983 4997 2000 5025 ,
2021 4969 2216 5030 quam
2239 4951 2430 5010 etiam
2457 4952 2766 5027 repugnat
2793 4945 3074 5008 deificari
3101 4952 3164 5008 et
3191 4946 3388 5010 hono·

1814 5049 1939 5110 rari
1959 5066 1998 5107 a
2017 5048 2149 5107 Deo
2163 5061 2182 5122 ;
2205 5048 2269 5106 et
2292 5043 2376 5106 ad
2403 5041 2710 5104 infinitam
2735 5040 3128 5102 sanctitatem
3157 5039 3382 5102 divinae

1814 5155 2104 5218 personat
2137 5136 2438 5215 pertinet,
2472 5151 2726 5195 omnem
2767 5131 2869 5193 vel
2896 5131 3220 5194 minimam
3255 5151 3387 5193 ma-

1818 5231 2024 5292 culam
2075 5235 2316 5289 naturae
2336 5271 2356 5300 ,
2415 5243 2606 5302 quam
2648 5225 2934 5300 assumit,
2987 5241 3382 5298 consumere,

1818 5324 2008 5386 etiam
2041 5321 2094 5382 si
2123 5321 2190 5382 in
2217 5319 2322 5378 illa
2351 5324 2538 5379 antea
2561 5318 3012 5396 praeextitisset.

1902 5416 2002 5478 16.
2042 5411 2170 5478 Cur
2197 5411 2410 5491 ,qratia
2438 5410 2682 5471 unionis
2702 5427 2812 5488 per
2835 5413 3140 5488 peccatum
3165 5407 3390 5488 ampelli

174 5517 237 5578 si
278 5537 427 5580 vero
480 5517 689 5578 solam
730 5517 1039 5598 significet
1074 5517 1321 5582 efficere
1364 5522 1647 5598 gratum,
1678 5515 1741 5576 et
1818 5527 1937 5574 non
1968 5495 2348 5590 possicJ--Et
2373 5521 2451 5564 ex
2486 5502 2604 5563 1180
2628 5501 3030 5564 conclusione
3055 5506 3116 5562 Θῐ
3140 5501 3386 5566 rationo

494 5635 575 5682 XV
584 5637 679 5683 111.

2986 5606 3064 5669 1³
