3892 6167
559 353 675 414 3:31

556 452 734 514 sione
763 449 1226 530 quodammodo
1254 449 1554 512 fundatur
1593 455 1656 512 et
1691 449 1930 520 nititur,
1956 457 2021 512 et
2046 455 2115 511 ut

553 548 640 608 sic
667 545 957 608 conferre
999 544 1264 606 multum
1289 549 1494 622 potest
1525 543 1610 604 ad
1627 543 1934 606 moralem
1955 541 2111 606 sesti·

554 640 898 701 mationem
951 644 1015 698 et
1069 637 1410 698 efficaciam
1455 635 1682 716 operis,
1747 635 2115 714 Exemplum

555 731 764 796 6116111
793 736 995 812 potest
1025 747 1104 794 ex
1127 729 1275 794 Adae
1299 735 1598 810 peceato;
1629 747 1800 800 nam.
1828 729 1884 790 si
1929 746 2117 790 omne

553 833 812 906 pactum
841 832 906 888 et
936 825 1146 904 legem
1175 823 1286 886 Dei
1303 823 1732 898 excludamus,
1759 822 1866 886 illa
1913 829 2119 886 trans-

555 919 798 1000 gressio
838 918 952 980 soli
1002 918 1245 980 Adumo
1275 935 1508 982 nocere
1543 917 1889 998 potuisset3
1947 920 2117 996 post-

555 1031 748 1094 quam
761 1019 972 1076 autem
999 1012 1238 1094 exlege
1269 1013 1374 1074 Dei
1405 1013 1780 1076 constitutus
1801 1017 1896 1076 est
1912 1011 2115 1074 Adam

555 1107 750 1168 veluti
781 1112 970 1187 caput
997 1105 1170 1185 quod
1211 1124 1324 1186 pro
1379 1123 1450 1168 se
1503 1113 1566 1170 et
1605 1106 1967 1186 posteritate
1998 1123 2115 1166 sua

553 1200 762 1282 legem
793 1200 1058 1277 accepit,
1103 1200 1334 1279 cuique
1365 1200 1588 1262 eodem
1635 1200 1824 1262 modo
1854 1197 2115 1280 promis·

555 1293 648 1356 sio
665 1291 926 1372 justitiae
961 1292 1064 1354 vel
1113 1293 1518 1356 comminatio
1547 1293 1766 1356 mortis
1797 1293 1965 1354 facta
1994 1297 2111 1365 est,

553 1405 670 1467 per
701 1385 1266 1465 transgressionem
1311 1386 1504 1448 divini
1543 1387 1708 1468 pacti
1737 1393 1800 1448 et
1849 1386 2011 1464 legis
2034 1385 2113 1446 de

553 1480 872 1558 condigno
921 1478 1151 1542 meruit
1187 1497 1318 1540 non
1359 1479 1562 1540 solum
1591 1479 1728 1552 sibi,
1775 1477 1887 1540 sed
1925 1478 2117 1540 etiam

553 1572 822 1654 posteris
849 1573 977 1634 suis
1007 1572 1221 1634 odium
1252 1577 1318 1634 et
1355 1571 1746 1634 inimicitiam
1776 1571 1906 1632 Dei.
1943 1571 2017 1631 Et
2037 1569 2116 1632 si-

553 1666 684 1729 mili
705 1667 896 1729 modo
911 1665 1184 1728 diximus
1195 1667 1690 1746 supra,potuisse
1711 1668 1908 1728 Deum
1935 1682 2113 1726 cons·

553 1761 782 1823 tituere
813 1760 1088 1840 aliquem
1123 1777 1353 1840 purum
1373 1760 1718 1834 hominem,
1749 1759 1856 1839 qui
1909 1759 1975 1819 in
2006 1776 2113 1838 ge-

553 1873 708 1918 nere
737 1855 952 1936 gratim
981 1857 1150 1916 esset
1171 1859 1360 1934 caput
1375 1854 1640 1916 aliorum
1671 1853 2025 1925 hominum,
2050 1858 2113 1914 et

555 1949 748 2010 talem
763 1947 1246 2028 promissionem
1264 1947 1362 2007 vel
1383 1953 1636 2026 pactum
1655 1965 1796 2008 cum
1823 1945 1930 2008 illo
1964 1963 2114 2008 con-

555 2041 838 2113 stituere,
861 2046 930 2101 ut
959 2046 1172 2119 posset
1196 2040 1386 2102 homo
1413 2042 1480 2102 in
1509 2040 1616 2102 tali
1636 2039 1935 2119 dignitate
1967 2057 2113 2100 con-

555 2135 825 2210 stitutus,
847 2151 994 2196 vere
1019 2133 1156 2196 aliis
1183 2133 1414 2196 mereri
1443 2134 1801 2212 exjustitia,
1829 2134 1979 2210 quia
2004 2132 2115 2194 illa

553 2228 828 2292 conditio
857 2245 1166 2307 personas,
1199 2232 1261 2288 61
1289 2227 1570 2290 divinum
1601 2230 1874 2306 pactum,
1909 2243 2115 2289 mora-

552 2324 697 2386 liter
719 2321 1060 2400 loquendo,
1089 2321 1357 2384 multum
1401 2321 1764 2384 conferrent
1795 2320 1878 2383 ad
1903 2338 2113 2382 mora·

552 2417 680 2480 lem
719 2416 1194 2478 aestimationem
1235 2423 1296 2478 ct
1325 2414 1669 2478 efficaciam
1703 2431 1989 2494 operum.
2010 2413 2112 2478 Sic

557 2510 1001 2591 ergo,qnando
1017 2509 1343 2589 promissio
1371 2511 1494 2572 sub
1527 2509 1884 2572 conditione
1905 2509 2111 2587 operis

557 2605 896 2678 antecedit,
925 2611 994 2666 et
1021 2606 1184 2666 actio
1213 2604 1528 2666 meritoria
1554 2605 1618 2666 in
1645 2603 1758 2664 1116
1782 2602 2106 2678 fundatur,

553 2699 748 2760 habet
760 2698 887 2758 vim
903 2696 1240 2760 inducendi
1253 2697 1536 2760 debitum
1551 2696 1897 2775 exjustitia,
1915 2713 2111 2774 quam

555 2792 708 2854 alias
737 2809 865 2853 non
894 2791 1178 2854 haberet.
1209 2792 1287 2854 Et
1323 2791 1486 2852 ratio
1509 2789 1690 2854 reddi
1719 2795 1942 2868 potest,
1964 2790 2113 2867 quia

552 2885 824 2948 morales
860 2891 1042 2947 actus
1077 2903 1114 2946 a
1145 2882 1622 2946 circumstantiis
1663 2883 1979 2962 accipiunt
2004 2902 2112 2944 va-

553 2981 754 3042 lorem
787 2986 850 3042 et
889 2978 1232 3041 efficaciam
1290 2978 1596 3040 moralem
1625 2996 1640 3050 ;
1675 2977 1850 3056 quod
1899 2983 2110 3038 autem

555 3091 712 3153 opus
737 3072 848 3134 fiat
871 3090 948 3134 ex
978 3071 1142 3134 dicta
1187 3071 1628 3151 promissione,
1671 3073 1768 3132 est
1817 3069 2112 3148 quaedam

553 3165 1046 3240 circumstantia,
1071 3165 1312 3228 ratione
1341 3165 1522 3245 cnjus
1550 3164 1676 3226 1616
1702 3181 1861 3244 opus
1881 3163 1965 3226 ad
1979 3163 2115 3241 jus-

553 3262 756 3323 titiam
785 3261 1075 3340 pertinet,
1109 3265 1172 3321 et
1193 3259 1340 3321 ideo
1365 3258 1664 3320 inducere
1709 3262 1913 3338 potest
1962 3256 2115 3317 obli·

555 3354 874 3435 gatiouem
899 3352 1174 3433 justitise.
1219 3353 1366 3425 Quoe
1392 3352 1526 3416 fere
1552 3352 1762 3414 omnia
1785 3369 2003 3430 supra,
2024 3350 2113 3412 ci-

557 3455 690 3510 tato
721 3454 842 3512 art.
873 3450 936 3523 2,
979 3447 1271 3521 indicavi,
1299 3447 1408 3508 ubi
1437 3447 1624 3508 etiam
1657 3446 1922 3526 explicui
1968 3462 2113 3523 quse

555 3541 908 3606 differentia
937 3540 1020 3602 sit
1039 3541 1206 3604 inter
1233 3539 1716 3620 promissionem
1763 3538 2116 3618 simplicem

552 3653 666 3700 seu
695 3635 1072 3707 absolutam,
1103 3641 1168 3696 et
1197 3651 1553 3710 onerosam,
1591 3652 1704 3695 sen
1731 3650 1872 3712 quae
1893 3633 1967 3694 fit
1996 3632 2115 3694 sub

553 3728 912 3792 conditione
945 3727 1193 3808 operis;
1247 3727 1352 3788 illa
1385 3727 1556 3789 enim
1597 3745 1710 3807 per
1745 3745 1814 3788 se
1859 3745 1985 3788 non
2014 3727 2113 3786 in-

552 3822 726 3888 ducit
743 3824 946 3902 obliga
957 3822 1468 3901 tionemjustitiae,
1491 3820 1602 3882 sed
1617 3820 1932 3882 fidelitatis
1939 3843 1961 3894 3
1982 3820 2115 3880 11666

552 3937 722 3994 vero,
751 3917 954 3996 posita
981 3915 1340 3980 conditione
1363 3933 1478 3978 seu
1501 3915 1748 3994 expleto
1783 3931 1997 3993 opere,
2020 3914 2115 3973 in-

553 4013 679 4074 fert
697 4011 951 4092 justitias
979 4009 1449 4090 obligationem.
1475 4007 1758 4088 Explicui
1797 4008 1985 4068 etiam
2036 4025 2113 4066 eo

552 4106 717 4178 loce,
745 4103 1060 4183 quomodo
1073 4101 1444 4194 ,hujusmodi
1473 4101 1802 4182 promissio
1831 4099 1991 4164 nihil
2024 4100 2115 4162 di·

557 4199 804 4262 minuat
823 4197 902 4258 de
927 4196 1306 4276 perfectione
1327 4196 1628 4276 justitiae,
1661 4194 1819 4257 sicut
1847 4194 1910 4254 in
1939 4192 2111 4256 omni

557 4296 902 4362 contractu,
925 4288 1096 4368 quod
1123 4289 1563 4351 contrahentes
1577 4287 1776 4350 libere
1792 4286 2113 4366 paciscan-

559 4389 682 4458 tur,
727 4401 856 4446 non
900 4382 1060 4444 tollit
1105 4382 1260 4461 quin
1306 4381 1602 4460 obligatio
1643 4379 1793 4442 inde
1839 4385 1979 4442 orta
2034 4378 2117 4440 ad

557 4477 910 4558 perfectam
943 4474 1253 4554 justitiam
1296 4475 1631 4554 pertineat,
1661 4471 1933 4534 maxime
1970 4489 2111 4534 cum

562 4587 722 4650 opus
753 4570 962 4647 ipsum
1011 4567 1554 4651 proportionatum
1597 4577 1694 4628 est
1733 4565 2013 4628 mercedi
2052 4569 2118 4626 et

559 4663 818 4744 proemio
867 4660 1038 4741 quod
1083 4661 1204 4724 sub
1247 4661 1414 4722 illius
1461 4659 1820 4724 conditione
1857 4659 2116 4740 promit-

560 4757 735 4820 titur.

643 4853 742 4914 12.
787 4852 878 4914 Ex
903 4850 998 4914 his
1027 4867 1177 4931 ergo
1204 4849 1497 4914 omnihus
1539 4849 1921 4914 sufficienter
1966 4869 2119 4914 con·

561 4944 872 5022 cluditur,
932 4963 1151 5008 omnes
1206 4943 1598 5006 conditiones
1635 4943 1718 5005 ad
1765 4943 2119 5023 perfectum

561 5038 859 5100 meritum
887 5039 1236 5118 requisitas,
1269 5038 1334 5098 in
1352 5037 1592 5100 Christo
1621 5038 1884 5099 Domino
1903 5038 2117 5100 inven-

562 5138 658 5196 tas
687 5151 848 5206 esse,
879 5139 1072 5211 atque
1099 5131 1258 5194 adeo
1283 5131 1562 5212 potuisse
1590 5131 1838 5204 mereri,
1857 5149 1930 5192 ac
1947 5131 2120 5192 deni·

561 5243 686 5306 que
715 5227 793 5288 de
818 5225 982 5289 facto
1009 5225 1340 5288 meruisse.
1366 5224 1515 5297 Quae
1554 5224 1816 5286 assertio
1859 5223 1938 5286 de
1988 5224 2115 5288 fide

505 5371 514 5380 .
561 5327 732 5384 certa
759 5327 873 5399 est,
891 5339 1084 5402 quam
1104 5340 1182 5384 ex
1203 5319 1536 5401 scripturis
1561 5317 1786 5380 melius
1813 5318 1975 5380 infra
2004 5319 2117 5382 de-

559 5416 1072 5492 monstrabimuS,
1104 5414 1494 5480 ostendendo
1519 5411 1672 5494 quid
1691 5412 1833 5489 sibi,
1865 5419 1926 5475 et
1962 5413 2113 5492 quid

559 5509 698 5572 aliis
717 5510 1033 5574 meruerit.
1069 5511 1246 5576 Nunc
1291 5508 1562 5574 sufficiat
1587 5505 1870 5571 delinitio
1900 5503 2114 5570 Conci·

1775 353 2009 415 00:351.
2046 353 2174 404 xix.
2210 353 2414 406 Amic.
2452 353 2535 406 111.

2192 449 2263 512 111
2288 450 2590 522 Trident.‚
2626 465 2783 512 sese.
2814 450 2879 524 6,
2902 466 2957 510 o.
2990 453 3055 521 7,
3101 449 3383 512 docentis
3434 453 3695 522 Christum

2196 561 2335 606 esso
2365 561 2625 608 causam
2660 543 3045 606 meritoriam
3096 551 3328 605 mstrae
3362 545 3698 624 justificatio·

2195 638 2317 699 nie.
2344 637 2605 700 Ratione
2634 637 2827 700 etiam
2854 642 3121 714 patetex
3144 637 3349 710 dictis,
3370 640 3510 716 quia
3538 646 3699 706 omnis

2198 731 2398 792 viator
2418 736 2635 810 gratus
2675 731 2829 802 Dee,
2858 729 2945 792 iili
2998 730 3324 804 obedienS,
3368 737 3430 792 et
3470 735 3699 799 studiose
3804 741 3806 754 '

2198 842 2467 904 operans
2489 829 2743 904 propter
2766 823 2999 901 ipsum,
3020 829 3088 886 et
3110 841 3187 884 ex
3212 824 3412 904 gratia
3438 826 3584 904 ejus,
3598 849 3701 892 me·

2196 924 2369 979 retur
2420 935 2631 980 coram
2680 916 2836 998 ipso,
2892 921 2959 978 et
3012 917 3143 980 haeo
3196 923 3291 979 est
3342 937 3465 980 6116
3514 939 3584 982 ex·
3600 940 3702 984 ma·

2198 1012 2339 1092 gnis
2396 1011 2889 1091 perfectionibus
2952 1009 3209 1072 viatoris
3242 1029 3258 1083 ;
3318 1010 3431 1073 sed
3476 1013 3703 1076 Christus

2197 1104 2531 1184 assumpsit
2560 1108 2792 1167 statum
2822 1101 3098 1178 viatoriS,
3122 1109 3185 1165 et
3214 1109 3349 1165 erat
3364 1106 3703 1184 gratissimus

2196 1199 2347 1274 Deo,
2384 1205 2445 1260 et
2470 1198 2703 1278 optime
2733 1197 3134 1278 operabatur,
3164 1204 3320 1271 etc.;
3356 1216 3499 1280 ergo
3520 1203 3704 1264 meruit

2196 1311 2411 1354 coram
2450 1292 2581 1353 Deo
2610 1310 2626 1365 ;
2661 1291 2797 1353 sine
2852 1309 3045 1353 causa
3092 1292 3263 1354 enim
3321 1273 3705 1370 assumpsisset

2194 1386 2451 1448 viatoris
2506 1391 2765 1460 statum,
2788 1387 2855 1446 et
2882 1384 3001 1448 1166
3056 1383 3439 1464 perfectione
3476 1386 3703 1466 seipsum

2196 1480 2527 1560 privasset.

2278 1573 2375 1634 13.
2400 1569 2682 1638 Christus
2704 1573 2773 1637 do
2792 1573 3061 1653 potentia
3082 1572 3403 1640 ordinaria
3428 1590 3539 1638 m
3548 1573 3705 1654 potuit

2194 1683 2313 1730 non
2336 1667 2571 1742 mereri,
2606 1669 2675 1730 de
2700 1667 2978 1731 absoluta
2988 1669 3215 1750 potuit.
3245 1699 3333 1714 -
3360 1669 3445 1730 Ex
3462 1668 3571 1729 hoc
3592 1687 3705 1730 vero

2194 1759 2453 1822 ulterius
2492 1759 2683 1822 infert
2730 1760 3034 1824 Alexand.
3084 1761 3331 1836 Ateus„
3362 1763 3401 1824 3
3427 1778 3513 1840 p.,
3546 1778 3605 1839 q.
3632 1765 3701 1838 16,

2194 1871 2383 1914 mem.
2418 1854 2480 1928 2,
2508 1871 2635 1914 non
2665 1853 2869 1916 solum
2892 1855 3171 1933 potuisse
3192 1855 3507 1918 Christum
3524 1857 3706 1918 mereri

2197 1951 2261 2008 et
2287 1945 2615 2020 meruisse,
2646 1946 2760 2009 sod
2788 1947 2980 2010 etiam
3010 1966 3139 2010 non
3168 1949 3449 2027 potuisse
3470 1965 3586 2010 non
3607 1965 3706 2012 me-
3808 1947 3810 1952 ’

2194 2038 2317 2102 reri
2344 2085 2367 2115 ,
2410 2040 2559 2118 quia
2600 2057 2729 2102 non
2770 2045 3112 2120 potuerunt
3156 2042 3421 2104 virtutes
3452 2042 3577 2120 ejus
3598 2060 3704 2104 esse

2194 2132 2427 2196 otiosae.
2462 2135 2611 2208 Qum
2642 2135 2975 2209 sententia,
3008 2136 3061 2198 si
3088 2135 3171 2197 de
3199 2135 3485 2215 potentia
3510 2135 3705 2196 ordina·

2194 2225 2287 2288 ria
2332 2227 2739 2308 intelligatur,
2792 2235 2856 2290 et
2902 2229 3223 2309 supposito
3270 2235 3437 2292 statu
3470 2233 3531 2290 et
3560 2228 3706 2288 modo

2195 2320 2496 2399 operandi
2518 2338 2709 2398 quem
2729 2321 3007 2384 Christus
3030 2323 3273 2398 habuit,
3298 2321 3606 2384 verissima
3620 2327 3704 2398 es13

2192 2417 2342 2494 quia
2374 2418 2789 2496 supponimus
2820 2417 3133 2480 Christum
3161 2418 3461 2480 habuisse
3488 2418 3706 2480 liberum

2192 2509 2545 2586 arbitrium,
2574 2510 2749 2589 quod
2770 2529 2899 2574 1166
2922 2511 3129 2590 potuit
3156 2529 3411 2592 semper
3435 2529 3571 2574 esse
3592 2511 3709 2572 otio-

2192 2609 2427 2678 sum,et
2440 2602 2635 2666 libera
2652 2604 2897 2666 actione
2911 2604 3247 2684 privatum3
3267 2611 3433 2668 esset
3447 2604 3599 2666 enim
3610 2605 3708 2664 haec

2194 2714 2427 2777 magna
2458 2697 2837 2760 inordinatio
2866 2744 2889 2774 ,
2926 2700 3273 2778 praesertim
3300 2717 3447 2760 66111
3472 2695 3709 2760 hahuerit

2192 2791 2471 2856 Christus
2480 2806 2861 2872 praeceptum
2876 2792 3195 2856 interdum
3210 2794 3417 2856 libere
3433 2791 3703 2872 operandi.

2192 2885 2429 2946 Rursus
2450 2884 2652 2948 libera
2681 2886 2905 2948 Christi
2930 2887 3217 2967 operatio
3248 2906 3383 2948 666
3406 2886 3593 2966 potuit
3614 2902 3707 2944 non

2197 2994 2335 3038 esse
2351 2977 2638 3054 honesta,
2654 2997 2799 3040 cum
2815 2997 3008 3059 prava
3030 2998 3167 3042 esse
3182 2999 3317 3042 non
3330 2979 3707 3060 potuerit‚nee

2196 3069 2459 3132 honesto
2488 3071 2613 3134 fine
2642 3074 2908 3150 privata.
2934 3072 3175 3136 Deinde
3210 3074 3361 3136 talis
3386 3072 3639 3154 operatio
3660 3071 3709 3130 in

2193 3162 2433 3226 Christo
2464 3183 2589 3226 non
2618 3166 2821 3244 potnit
2846 3185 2975 3228 non
3006 3186 3145 3230 esse
3174 3171 3628 3249 proportionata
3650 3163 3708 3228 ad

2194 3258 2595 3334 merendum,
2632 3266 2889 3340 propter
2929 3261 3302 3342 dignitatem
3350 3279 3629 3341 personae,
3660 3263 3709 3318 ut

2192 3351 2397 3432 magis
2425 3370 2503 3414 ex
2524 3354 2811 3432 sequenti
2841 3355 3118 3418 sectione
3142 3356 3385 3435 patebit
3408 3374 3425 3428 ;
3456 3372 3573 3416 666
3589 3369 3707 3430 ergo

2194 3452 2531 3525 potuerunt
2562 3465 2755 3526 opera
2792 3447 3013 3510 Christi
3040 3467 3171 3512 non
3200 3449 3457 3529 placere
3488 3450 3639 3518 Deo,
3664 3449 3709 3503 et

2195 3538 2490 3600 oestimari
2524 3538 2715 3618 digna
2754 3540 3036 3620 praemio.
3084 3543 3180 3604 Ac
3200 3541 3481 3622 denique
3506 3555 3629 3601 cum
3652 3552 3707 3596 ex

2196 3632 2333 3711 lege
2362 3632 2677 3695 ordinaria
2708 3639 3145 3714 supponantur
3171 3634 3498 3715 promissio
3518 3639 3577 3694 61
3594 3646 3707 3709 pac-

2195 3733 2353 3800 tum,
2384 3735 2849 3806 consequenter
2880 3729 3237 3791 habuerunt
3268 3727 3609 3794 necessario
3630 3724 3707 3786 illa
3814 3763 3816 3768 -

2196 3841 2389 3902 opera
2414 3823 2537 3884 vim
2564 3824 2645 3886 ad
2677 3823 3089 3887 obtinendum
3120 3827 3447 3904 praemium
3476 3841 3547 3885 ex
3564 3821 3709 3900 justi-

2192 3916 2307 3990 tia,
2338 3920 2527 3996 atque
2556 3916 2643 3978 ita
2668 3935 2797 3978 non
2826 3918 3033 3997 potuit
3056 3918 3123 3979 in
3152 3917 3247 3980 eis
3270 3936 3400 3980 non
3424 3935 3557 3980 esse
3579 3929 3709 3976 com·

2194 4009 2361 4089 plata
2392 4010 2549 4072 ratio
2580 4010 2808 4072 meriti.
2862 4011 2939 4074 At
2965 4029 3115 4072 vero
3141 4010 3195 4072 si
3226 4011 3309 4073 de
3345 4008 3603 4092 potentia
3628 4005 3708 4066 ab·

2196 4104 2397 4166 soluta
2422 4104 2779 4181 loquamur,
2818 4104 3126 4182 potuisset
3151 4104 3437 4168 Christus
3462 4111 3527 4166 ut
3556 4103 3706 4164 homo

2193 4195 2426 4277 privari
2452 4197 2785 4273 ,libertatffi
2830 4204 2895 4258 et
2940 4204 3407 4276 consequenter
3448 4197 3707 4276 potestate

2196 4290 2477 4352 merendi
2506 4313 2526 4367 3
2565 4291 2871 4371 potuisset
2904 4292 3097 4354 611616
3126 4293 3297 4354 Deus
3328 4291 3563 4355 nullum
3588 4303 3707 4366 pra:-

2196 4383 2391 4444 mium
2420 4384 2785 4463 promittere
2816 4385 3115 4463 operibus
3138 4383 3361 4446 Christi
3387 4383 3561 4446 etiam
3589 4378 3708 4438 libe-

2194 4476 2307 4550 ris,
2338 4483 2402 4538 et
2426 4482 2887 4554 consequenter
2914 4475 2995 4538 ad
3022 4478 3266 4538 nullum
3294 4476 3603 4557 praemium
3626 4469 3705 4532 illa

2198 4569 2487 4630 ordinare
2514 4571 2613 4632 vel
2642 4574 2994 4649 acceptare,
3040 4571 3191 4650 quia
3218 4573 3339 4632 hoc
3368 4575 3567 4633 contra
3590 4563 3704 4626 nul·

2195 4661 2321 4724 lam
2346 4668 2439 4726 est
2468 4663 2781 4736 virtutem,
2802 4682 3011 4743 neque
3034 4664 3293 4726 aliunde
3310 4663 3571 4744 implicat
3592 4674 3705 4720 con·

2194 4755 2665 4830 tradictionem;
2692 4763 2754 4819 61
2775 4764 2945 4834 1666,
2970 4757 3115 4820 licet
3134 4775 3325 4836 opera
3348 4757 3429 4818 de
3447 4773 3515 4818 se
3536 4753 3703 4816 essent

2198 4847 2415 4927 digna,
2444 4855 2505 4912 61
2530 4851 2744 4930 magni
2772 4851 3023 4928 valoris,
3046 4869 3181 4912 non
3208 4857 3420 4914 tamen
3448 4844 3703 4910 haherent

2199 4942 2573 5022 completam
2601 4943 2909 5008 rationem
2935 4944 3163 5006 meriti.
3197 4941 3323 5006 Sed
3352 4942 3469 5006 hoc
3492 4941 3611 5002 loco
3634 4936 3703 4996 in·

2200 5036 2489 5098 sinuabat
2506 5055 2573 5098 se
2600 5037 2855 5116 quaestio
2878 5039 3023 5114 alia,
3050 5057 3133 5100 an
3152 5037 3425 5118 potuerit
3442 5037 3586 5098 Deus
3604 5043 3701 5092 non

2200 5136 2527 5210 acceptare
2546 5129 2767 5194 Christi
2792 5150 2985 5213 opera
3010 5133 3091 5196 ad
3119 5131 3459 5211 praemium.
3492 5129 3612 5190 Haec
3631 5127 3703 5182 ta·

2198 5241 2347 5286 men
2375 5221 2681 5286 dubitatio
2714 5231 2777 5288 et
2806 5243 2883 5288 ex
2912 5226 3091 5290 dietis
3120 5225 3303 5288 facile
3328 5219 3585 5306 expediri
3606 5231 3701 5296 ΡΟ·

2194 5321 2339 5393 test,
2366 5325 2429 5382 et
2452 5337 2591 5380 eam
2616 5320 2994 5382 sufficienter
3016 5320 3275 5382 tractavi
3292 5335 3503 5398 supra,
3523 5313 3695 5392 quaest.

2198 5414 2259 5488 1,
2294 5418 2410 5474 art.
2440 5417 2504 5487 2,
2538 5413 2646 5475 ubi
2670 5412 2865 5478 videri
2892 5420 3101 5494 potest
3122 5432 3267 5476 cum
3292 5413 3449 5488 aliis,
3480 5424 3601 5488 qum
3620 5399 3698 5503 hit}

2192 5513 2451 5588 possent
2478 5507 2825 5572 desiderari
2840 5530 2865 5586 3
2900 5509 3189 5572 videlicet
3211 5551 3229 5586 ,
3258 5527 3339 5572 611
3371 5507 3483 5568 1166
3522 5495 3693 5563 Christi
