3892 6167
1288 349 1606 408 Disputat.
1642 348 1808 406 aux.
1846 353 2018 408 SEGT.
2051 355 2092 410 Ι.

143 457 297 520 solum
338 452 577 536 respicit
594 467 937 532 personam,
962 452 1068 515 sed
1115 451 1300 514 etiam
1326 455 1641 524 noemam,

143 551 269 630 quod
290 566 396 610 non
424 550 624 630 potest
652 544 773 610 dici
794 545 867 609 dc
892 543 1216 622 filiatione.
1252 543 1346 608 Ec
1364 546 1499 610 ideo
1524 559 1645 608 non

143 650 205 706 est
226 641 428 706 similis
450 640 636 704 ratio.

554 839 1175 906 COMMENTARIUS.

202 1016 517 1098 Responsio
542 1016 613 1078 D.
656 1015 881 1078 Thom.
922 1023 1039 1090 est,
1086 1031 1230 1079 cum
1258 1017 1535 1080 Christus
1562 1017 1639 1080 sit

142 1115 291 1176 Filius
306 1112 411 1172 Dei
436 1109 763 1182 naturalis,
789 1109 965 1172 nullo
990 1111 1179 1174 modo
1204 1111 1327 1174 dici
1354 1129 1535 1192 posse
1560 1109 1639 1172 fl·

141 1211 253 1270 lium
282 1204 655 1284 adoptivum.
690 1203 837 1275 Ouae
861 1203 1123 1266 assertio
1144 1249 1164 1280 ‚
1216 1211 1279 1268 et
1319 1205 1479 1268 ratio
1514 1221 1639 1286 qua

141 1303 187 1362 υ.
215 1299 409 1360 Thom.
439 1297 610 1360 illam
640 1297 885 1378 probat,
921 1297 1351 1362 difficultatem
1380 1300 1635 1372 habent,

139 1413 245 1474 ηοω
264 1391 563 1473 prolixiori
594 1393 985 1472 expositione
1026 1393 1285 1475 indiget,
1318 1409 1510 1474 quam
1543 1411 1638 1456 se·-

138 1487 313 1568 quenti
332 1485 743 1565 disputatione
774 1485 1110 1550 trademus.

500 1685 957 1755 DISPUTATIO
1012 1691 1216 1764 XLIX,

421 1823 476 1874 ln
511 1819 649 1876 duas
693 1821 959 1876 sectiones
987 1821 1288 1876 distributa.

178 1987 239 2032 m:
270 1982 593 2032 rannone:
628 1981 863 2031 annisu
904 1983 969 2032 m
1007 1983 1223 2033 eumn!
1264 1983 1349 2030 An
1387 1983 1573 2032 ntum.

196 2144 342 2219 Quod
370 2143 643 2208 Christus
668 2143 992 2220 Dominus,
1018 2149 1089 2206 ut
1108 2151 1203 2208 est
1228 2146 1500 2208 Verbum
1522 2147 1637 2208 Pa·

138 2242 237 2312 tris,
260 2239 327 2300 sit
352 2238 535 2300 Filius
564 2238 675 2300 Dei
706 2237 1025 2308 naturalis,
1044 2243 1115 2298 nt
1130 2239 1463 2302 articulum
1486 2237 1638 2301 fidei

137 2332 508 2414 supponimuS,
534 2337 759 2394 contra
784 2331 1048 2394 Arianos
1078 2331 1421 2394 haereticos.
1458 2331 1635 2395 Unde

138 2427 361 2506 sequitur
388 2431 603 2488 contra
630 2427 872 2488 Nestor.
898 2431 961 2486 et
982 2423 1160 2497 alios,
1180 2426 1287 2506 qui
1308 2427 1466 2488 duas
1494 2444 1635 2506 per·

138 2537 285 2582 sonas
306 2520 364 2580 in
392 2517 635 2582 Christo
676 2523 1045 2599 posuerunt,
1076 2517 1363 2582 absolute
1402 2525 1467 2582 et
1492 2520 1635 2582 sim·

138 2615 331 2694 pliciter
368 2612 683 2675 Christum
729 2613 1055 2674 hominem
1095 2629 1234 2676 esse
1259 2613 1482 2676 Filium
1522 2613 1637 2676 Dei

136 2706 423 2768 naturalem
448 2723 561 2786 per
578 2704 1217 2770 communicationem
1238 2707 1631 2782 idiomatum,

135 2799 267 2878 juxta
287 2800 424 2862 illud
452 2803 479 2860 l
506 2800 701 2864 Joan.
723 2802 805 2862 5:
842 2800 1095 2864 Scimus
1124 2802 1406 2882 quoniam
1428 2801 1635 2864 Feliue

136 2893 222 2954 Dei
245 2893 405 2968 venit,
430 2899 485 2956 ee
506 2893 677 2958 dedic
703 2893 873 2957 nobis
898 2911 1137 2958 smum
1162 2939 1181 2968 ‚
1224 2899 1297 2958 ut
1324 2911 1633 2976 cayno-sca·

137 3003 237 3048 »nur
252 3003 435 3048 verum
450 2986 669 3059 Dmm.
700 2991 757 3050 a
786 2989 981 3050 simus
1010 2989 1078 3050 in
1103 3005 1239 3052 voro
1268 2987 1445 3052 Filio
1473 2987 1629 3067 ejus,

136 3077 205 3140 iic
239 3084 311 3142 est
340 3095 505 3142 ome
533 3081 726 3142 Dm.
758 3080 833 3142 Et
859 3079 1029 3142 idem
1062 3079 1295 3162 colligit
1320 3080 1633 3144 Adrianus

138 3171 283 3252 Papa,
309 3173 367 3233 in
398 3173 589 3253 Epist.
622 3173 707 3236 ad
746 3173 1033 3254 Episcop.
1068 3175 1355 3254 Hispan„
1388 3181 1449 3238 et
1472 3175 1633 3238 Gon·

138 3265 305 3326 cilium
330 3267 640 3344 Fauoni„
674 3285 753 3330 ex
778 3264 969 3330 variis
994 3267 1149 3330 locis
1174 3269 1533 3348 Scriptum,
1564 3267 1633 3330 iu

138 3359 316 3436 quibus
344 3359 613 3424 Christus
652 3361 879 3424 dicitur
926 3362 1219 3441 proprius
1260 3361 1449 3424 Filius
1494 3359 1629 3436 Dei,

134 3451 301 3516 Matth.
332 3456 401 3516 16
444 3471 461 3518 ε
494 3455 593 3520 Tu
626 3473 689 3518 es
728 3453 1013 3520 christu
1054 3455 1265 3520 Filius
1300 3456 1421 3520 Dei
1458 3456 1631 3528 oioi;

138 3545 247 3608 Lae.
274 3549 301 3608 l
333 3548 501 3612 zHic
530 3550 657 3616 erit
680 3565 963 3630 mamm,
985 3553 1043 3612 et
1068 3547 1277 3612 Filiae
1312 3545 1637 3613 Auiuimi

133 3641 402 3702 tacebitur.
427 3641 685 3722 Ideoque
711 3649 767 3706 et
790 3644 946 3724 quod
968 3647 1249 3706 nascetur
1270 3657 1347 3706 cat
1375 3645 1431 3708 te
1456 3659 1625 3706 sano-

134 3737 249 3808 tum,
272 3735 557 3804 vocabitur
574 3735 789 3800 Filius
808 3736 923 3800 Dei
934 3759 964 3808 ,·
986 3741 1049 3798 et
1072 3736 1346 3800 adRom.
1366 3741 1445 3802 8:
1468 3735 1625 3800 Pro·

132 3827 233 3906 prio
264 3825 410 3890 mio
447 3847 555 3894 mo
608 3847 731 3892 non
768 3833 1053 3910 pepercit.
1094 3831 1169 3892 Et
1214 3831 1353 3893 ideo
1379 3835 1619 3904 notant,

134 3919 385 3986 Christum
432 3924 839 4005 singulariter
888 3917 1061 4006 l'equi
1108 3925 1189 3988 dc
1242 3926 1423 3988 Patre
1472 3943 1621 4002 suo,

133 4013 273 4078 ioan.
310 4019 347 4080 5
376 4037 389 4079 :
424 4019 620 4086 Pater
666 4033 831 4084 mene
855 4037 1041 4102 usque
1082 4021 1250 4084 modo
1297 4027 1631 4102 oporatur,-

133 4107 272 4170 Joan.
296 4113 363 4175 10
392 4113 621 4178 :Pater
649 4131 833 4190 metes,
868 4117 1023 4196 quod
1046 4114 1203 4180 aedit
1229 4113 1407 4190 milii,
1428 4115 1633 4196 mnjne

134 4206 347 4270 omibus
366 4213 471 4270 est.
502 4207 693 4270 Joan.
730 4211 799 4272 17
822 4229 839 4268 ε
864 4209 1077 4283 Pater,
1102 4209 1376 4290 clarifica
1389 4208 1633 4274 Filium

133 4299 281 4358 tunna.
306 4299 477 4362 Joan.
504 4305 589 4368 20
618 4318 639 4363 ε
664 4301 935 4368 Ascendo
959 4303 1309 4368 adPatrem
1340 4319 1555 4377 meum,
1576 4306 1635 4366 et

138 4389 334 4454 Patrem
380 4399 645 4460 vabrum
674 4441 691 4472 ,
725 4397 841 4460 hac
880 4395 1275 4460 distinctione
1322 4395 1629 4472 indicans,

134 4481 273 4544 aliter
299 4501 425 4550 esse
454 4487 701 4554 Patrem
736 4509 943 4567 suum,
970 4490 1155 4554 aliter
1182 4493 1485 4554 nostrum.
1510 4491 1635 4553 Un-

136 4573 193 4636 de
216 4577 378 4642 etiam
406 4582 738 4646 advertunt
756 4601 1084 4664 nunquam
1109 4583 1429 4647 communi
1450 4581 1633 4646 affec·

136 4673 179 4726 tu
198 4667 395 4735 dixisse
422 4675 749 4740 nobiscum
772 4693 789 4738 ε
814 4679 1008 4742 Pater
1032 4681 1255 4751 noster,
1280 4677 1415 4753 sed,
1442 4677 1637 4740 Pater

134 4767 304 4839 tester,
329 4767 420 4828 vei
442 4767 634 4834 Pater
661 4787 851 4843 meus,
872 4776 943 4831 ut
968 4775 1143 4850 patet
1168 4769 1387 4832 Matth.
1420 4771 1481 4844 ὅ,
1504 4769 1543 4830 6
1574 4775 1635 4831 ct

134 4855 175 4914 ῖ.
198 4855 449 4939 Denique
470 4861 553 4926 sd
578 4863 701 4926 hoo
723 4864 1123 4944 probandum
1152 4868 1507 4944 congerunt
1524 4875 1633 4924 ra·

134 4945 201 5008 ria
224 4949 571 5020 Sanctorum
598 4957 978 5032 testimonia,
1029 4975 1171 5038 qum
1222 4973 1353 5022 non
1382 4959 1633 5036 oportet

134 5041 343 5122 reterre,
362 5049 529 5128 quia,
553 5052 901 5132 cuppositie
930 5061 1071 5131 quas
1099 5049 1179 5114 de
1208 5065 1337 5114 unu
1361 5061 1633 5131 persona

134 5126 331 5216 Christi,
354 5149 419 5204 ct
440 5143 517 5211 de
534 5141 1101 5208 communicatione
1118 5141 1487 5208 idiomatum
1508 5139 1635 5204 dic·

136 5235 181 5288 ta
204 5241 351 5311 sunt,
375 5237 541 5300 nulla
584 5239 647 5300 in
684 5237 806 5301 hoc
836 5245 927 5301 est
956 5235 1307 5301 difficultas,
1338 5237 1446 5299 His
1480 5253 1631 5317 ergo

138 5331 441 5420 suppositis,
480 5332 605 5396 duo
647 5333 712 5396 iu
760 5333 880 5396 hac
932 5331 1352 5415 disputatione
1401 5329 1635 5394 exami-

142 5423 303 5484 nanda
340 5433 681 5508 supersunt.
718 5427 989 5490 Primum
1014 5445 1145 5505 ‚an
1174 5423 1393 5492 filiano
1422 5423 1633 5490 divina

142 5517 418 5581 conveniat
468 5515 703 5584 Christo
756 5519 995 5584 homini
1014 5567 1035 5599 ,
1090 5535 1215 5584 non
1264 5519 1469 5585 solum
1518 5533 1632 5598 per

3163 358 3282 420 479

1726 452 2362 517 communicationem
2387 455 2786 533 idiomatum,
2807 457 2920 520 sed
2950 460 3138 522 etiam
3160 461 3283 526 ior-

1722 546 1972 610 maliter
1999 549 2062 610 in
2095 553 2402 629 quantam
2425 552 2615 614 homo
2631 559 2728 614 est
2739 567 2761 631 3
2785 558 2852 616 et
2875 551 3106 618 deinde
3129 570 3281 637 qua·

1722 639 1801 700 lis
1826 640 1905 704 sit
1932 641 2052 704 ista
2079 643 2319 706 filiatio.

2343 835 2564 890 sceno
2599 838 2636 889 1.

1722 945 1802 1003 :ln
1837 946 2120 1018 Christus,
2169 951 2229 1006 in
2273 957 2535 1026 quantum
2574 953 2753 1024 homo,
2787 969 2916 1012 vere
2962 971 3028 1013 ac
3053 955 3278 1030 proprie

2154 1037 2332 1110 possit
2355 1037 2474 1095 dici
2503 1037 2679 1097 Filius
2699 1039 2820 1098 Dei.

1802 1208 1861 1268 1.
1906 1207 2084 1269 Ratio
2123 1207 2296 1270 dubii
2325 1215 2418 1271 est
2445 1210 2669 1289 primo,
2700 1213 2848 1292 qnia
2879 1213 3181 1292 Christus,
3217 1217 3278 1279 in

1718 1305 2026 1379 quantum
2055 1303 2282 1379 homo,
2313 1321 2440 1364 non
2485 1311 2578 1367 cst
2611 1307 2815 1384 Deae,
2856 1317 2924 1371 ut
2953 1327 3142 1391 supra
3164 1357 3178 1384 ,
3211 1329 3274 1392 q.

1720 1395 1821 1468 ⁴6,
1852 1393 2087 1456 dictum
2129 1403 2260 1472 θεὶς
2306 1415 2454 1476 ergo
2485 1399 2546 1458 in
2594 1408 2898 1478 quantum
2931 1403 3120 1466 homo
3149 1421 3278 1467 non

1720 1491 1817 1550 est
1836 1487 2030 1550 Filius
2050 1491 2185 1565 Dei,
2213 1490 2354 1570 quia
2380 1489 2572 1552 Filius
2601 1493 2710 1556 Dei
2729 1501 2820 1556 est
2840 1497 3028 1558 Deus.
3049 1497 3278 1560 Secun-

1716 1579 1825 1656 de,
1846 1581 2016 1660 quia,
2044 1581 2094 1642 si
2125 1582 2188 1642 in
2217 1588 2523 1661 quantum
2552 1583 2766 1661 homo,
2797 1593 2892 1650 est
2920 1589 3110 1650 Filius
3139 1589 3274 1666 Dei,

1720 1691 1872 1753 ergo
1900 1673 1968 1734 in
2013 1681 2318 1754 quantum
2355 1676 2546 1738 homo
2577 1677 2766 1742 habet
2809 1679 3175 1744 relationem
3205 1683 3279 1744 fi-

1718 1765 1996 1828 liationis
2029 1767 2110 1829 ad
2145 1769 2345 1830 Deum
2363 1783 2384 1846 ;
2417 1768 2530 1831 sed
2573 1771 2776 1832 omnis
2803 1773 3060 1849 relatio,
3088 1790 3278 1853 quam

1718 1861 1998 1925 Christus
2047 1863 2110 1924 in
2155 1869 2463 1940 quantum
2495 1863 2682 1927 homo
2711 1865 2903 1928 habet
2945 1867 3025 1928 ad
3053 1867 3275 1945 Deum,

1720 1951 1992 2018 refertur
2023 1956 2108 2017 ad
2139 1962 2332 2018 totam
2363 1957 2768 2033 Trinitatem3
2822 1977 2972 2040 ergo
2999 1961 3279 2024 Christus

1719 2048 1785 2110 in
1820 2053 2124 2128 quantum
2169 2050 2362 2111 homo
2407 2052 2525 2112 erit
2570 2051 2760 2114 Filius
2791 2053 2982 2116 totius
3009 2057 3280 2117 Trinita-

1716 2143 1827 2217 tis;
1860 2149 2054 2224 atque
2081 2141 2242 2206 adeo
2272 2144 2536 2225 Spiritus
2556 2147 2763 2209 Sancti
2787 2151 2849 2209 et
2871 2149 3084 2226 Verbi,
3109 2149 3278 2230 quod

1718 2243 1813 2300 est
1862 2235 2394 2301 absurdissimum.
2451 2239 2654 2301 Minor
2721 2242 3022 2321 probatur
3054 2289 3067 2316 ‚
3127 2243 3275 2322 quia

1716 2329 1996 2394 Christus
2023 2331 2084 2391 in
2123 2337 2427 2411 quantum
2453 2331 2644 2396 homo
2675 2341 2769 2396 est
2797 2333 3055 2397 effectus
3083 2338 3274 2399 totius

1718 2423 2060 2487 Trinitatis.
2094 2427 2326 2498 Tertio,
2358 2427 2507 2506 quia
2533 2425 2811 2490 Christus
2865 2429 2928 2489 in
2968 2434 3276 2508 quantum

1718 2517 1907 2580 homo
1946 2536 2077 2581 non
2121 2525 2214 2581 est
2243 2517 2434 2581 Filius
2461 2519 2571 2581 Dei
2612 2521 2934 2596 naturalis,
2967 2522 3114 2602 quia
3143 2539 3272 2586 non

1716 2611 2000 2691 procedit
2026 2629 2062 2672 a
2107 2613 2290 2676 Patre
2321 2628 2435 2692 per
2471 2619 2770 2676 aeternam
2801 2616 3274 2696 generationem

1716 2705 1781 2766 ln
1810 2713 2119 2785 quantum
2170 2707 2382 2768 home.
2435 2709 2652 2786 Neque
2695 2713 2786 2770 est
2819 2707 2986 2770 filius
3035 2709 3276 2791 adopti-

1714 2815 1861 2874 vus,
1910 2799 2060 2878 qnia
2108 2815 2238 2861 non
2287 2807 2382 2862 est
2431 2817 2700 2880 persona
2751 2807 3084 2878 extranea;
3122 2819 3272 2884 ergo

1714 2909 1841 2954 non
1870 2899 1968 2955 ost
1999 2891 2210 2955 Filius.

1792 2989 1853 3048 2.
1902 2988 2162 3067 Propter
2189 2986 2322 3048 haec
2353 2993 2722 3070 argumenta
2751 2990 3036 3051 nonnulli
3065 2990 3274 3053 existi-

1711 3085 1909 3154 mant,
1932 3080 2078 3142 licet
2109 3087 2350 3142 certum
2379 3099 2452 3142 ac
2477 3081 2553 3143 de
2580 3082 2704 3143 fide
2735 3082 2835 3157 sit,
2863 3083 3071 3146 dicere
3097 3083 3272 3148 Chri-

1714 3180 1901 3246 stum,
1936 3175 2299 3254 simpliciter
2333 3181 2396 3238 et
2441 3170 2724 3238 obsolute
2751 3173 3102 3257 loquend0‚
3135 3197 3271 3242 csse

1712 3267 1937 3330 Filium
1981 3269 2114 3338 Dei,
2155 3273 2368 3330 tamen
2407 3287 2552 3332 cum
2579 3270 2686 3330 illa
2721 3271 3266 3344 determinatione,

1714 3361 1783 3423 in
1806 3366 2096 3442 quantum
2119 3361 2310 3436 homo,
2337 3362 2400 3423 id
2419 3381 2548 3424 non
2569 3377 2754 3442 posse
2779 3359 2926 3425 ‘vere
2947 3365 3266 3426 affirmari.

1716 3453 1839 3516 Sed
1867 3455 2000 3516 haec
2029 3454 2338 3516 sententia
2365 3462 2462 3518 est
2489 3455 2623 3516 sine
2659 3455 2854 3517 dubio
2879 3456 3060 3518 falsa.
3089 3457 3268 3520 Undc

1716 3547 1797 3610 nd
1825 3545 2257 3628 explicandam
2303 3549 2650 3622 veritatem,
2691 3549 3145 3611 advertendum
3175 3557 3270 3612 est

1714 3641 2012 3722 primum,
2053 3639 2422 3704 filiationem
2465 3642 2548 3704 ad
2593 3643 2792 3704 Deum
2831 3641 3018 3704 variis
3065 3643 3270 3705 modis

1706 3734 1903 3814 accipi
1932 3750 2153 3814 posset
2185 3734 2386 3814 primo
2418 3735 2842 3815 propriissime
2881 3751 2994 3815 pro
3027 3735 3274 3798 filiatio-

1704 3845 1785 3892 ne
1818 3829 2091 3892 naturali
2121 3847 2194 3892 ac
2223 3830 2560 3910 personali,
2595 3849 2719 3911 qua
2745 3831 3144 3893 constituitur
3171 3849 3272 3894 se*

1712 3923 1917 3986 cunda
1945 3941 2218 4005 persona
2245 3923 2594 3999 Trinitatis;
2623 3930 2861 3986 certum
2910 3927 3119 3988 autem
3153 3931 3265 4002 est,

1713 4015 2049 4092 Christum,
2082 4025 2148 4080 ut
2177 4017 2522 4094 hominem,
2547 4035 2676 4080 non
2709 4019 2930 4080 referri
2961 4018 3042 4080 ad
3071 4021 3268 4082 Deum

1712 4111 1831 4174 hac
1876 4109 2199 4174 filiatione.
2255 4111 2543 4174 Secundo
2574 4161 2587 4186 ,
2639 4111 3153 4193 impropriissime
3207 4119 3274 4175 et

1714 4205 1896 4268 valde
1951 4203 2278 4285 analogice
2323 4223 2436 4286 pro
2485 4205 2787 4267 relatione
2841 4212 3142 4270 creaturoe
3191 4206 3272 4269 ad

1715 4299 1938 4373 Deum,
1969 4305 2154 4380 prout
2181 4295 2410 4361 dicitur
2430 4300 2599 4361 Deus
2618 4297 2844 4380 pluviae
2871 4305 3078 4382 patei-3
3108 4307 3168 4363 et
3191 4299 3272 4363 dc

1714 4393 1831 4455 hac
1862 4393 2050 4454 etlam
2078 4409 2208 4455 non
2233 4393 2522 4474 agimus;
2549 4393 2868 4474 quomodo
2901 4391 3070 4455 enlm
3100 4393 3274 4456 Chri-

1716 4493 1849 4549 stus
1879 4493 1947 4548 ut
1971 4485 2166 4549 homo
2207 4486 2286 4548 sit
2327 4494 2638 4564 creatura,
2671 4502 2860 4567 supra
2895 4485 3271 4568 explicatum

1716 4587 1833 4642 est.
1878 4581 2112 4655 Tertia,
2165 4597 2278 4662 pro
2333 4579 2632 4642 filiatione
2661 4577 2924 4643 fundata
2969 4579 3034 4641 in
3075 4583 3276 4661 gratia

1714 4672 2040 4748 habituali,
2077 4688 2216 4752 quae
2247 4673 2310 4733 in
2337 4674 2512 4753 puris
2544 4673 2904 4735 hominihus
2935 4679 3028 4735 est
3057 4673 3272 4735 filiatio

1717 4765 2031 4846 adoptiva.
2067 4765 2330 4840 Quarto,
2362 4781 2475 4847 pro
2503 4765 2828 4842 filiatione,
2871 4767 2922 4827 si
2953 4778 3096 4845 qum
3133 4781 3272 4826 esec.

1715 4863 1944 4940 potest,
1969 4857 2228 4920 fundata
2283 4859 2348 4920 in
2405 4859 2606 4940 gratia
2652 4859 2932 4933 unionis,
2967 4865 3032 4920 et
3065 4857 3152 4921 de
3175 4857 3276 4920 bis

1714 4953 1962 5016 duabus
1987 4953 2270 5016 hocloco
2297 4951 2712 5033 disputamus,
2735 4957 2800 5014 et
2820 4951 3166 5032 praesertim
3192 4951 3272 5014 de

1711 5047 1953 5108 ultima.
1990 5043 2281 5108 Secundo
2309 5047 2404 5108 est
2429 5039 2903 5119 advertendum,
2935 5045 3106 5107 illam
3134 5059 3273 5126 par-

1712 5140 1996 5217 ticulam,
2025 5143 2094 5204 in
2119 5147 2450 5222 quantum,
2503 5149 2690 5220 posse
2727 5135 3173 5220 reduplicatirc
3213 5145 3273 5202 ct

1716 5233 2132 5316 specificative
2157 5235 2377 5309 teneri,
2405 5233 2505 5296 hic
2531 5239 2743 5295 autem
2769 5247 2894 5296 non
2923 5231 3083 5296 sumi
3109 5229 3274 5313 prio-

1714 5331 1765 5392 ri
1794 5327 2022 5407 modo,
2067 5335 2200 5391 tum
2236 5329 2383 5410 quia
2413 5333 2654 5394 certum
2687 5334 2786 5391 est
2813 5325 3271 5390 humanitatem

1716 5441 1843 5488 non
1872 5441 2014 5488 esse
2042 5423 2352 5487 rationem
2375 5429 2440 5485 et
2465 5435 2724 5486 causam
2751 5419 2830 5485 ob
2875 5431 3072 5502 quam
3095 5417 3272 5485 Chri-

1716 5525 1845 5582 stus
1876 5523 1970 5581 est
1994 5513 2180 5579 Filius
2205 5511 2339 5592 Dei,
2376 5513 2514 5596 quia
2543 5528 2620 5577 ex
2647 5503 3096 5596 reduplicativn
3127 5521 3274 5596 pro·
