3892 6167
558 301 681 362 450

556 409 891 468 tractatum
931 407 1048 464 est.
1094 402 1168 462 Et
1210 406 1543 480 propterea
1582 399 1881 480 peculiari
1924 398 2113 460 modo

554 497 785 560 dicitur
813 494 1098 576 posuisse
1142 493 1416 556 animam
1454 513 1633 556 suam
1656 539 1671 568 ,
1704 501 1766 555 et
1792 495 2114 556 neminem

556 610 696 654 eam
732 591 847 652 sibi
887 587 1218 650 abstulisse
1241 633 1257 660 ,
1291 589 1473 650 Joan.
1512 591 1627 651 10:
1664 589 2001 668 Propterea
2025 606 2118 650 me

556 685 763 766 diliqit
804 686 995 748 Pater
1018 729 1033 756 ‚
1078 682 1223 764 quia
1255 699 1356 764 eqo
1392 699 1545 760 pono
1582 683 1854 746 animam
1888 698 2116 750 meam,-

554 797 719 844 mmo
756 779 917 843 tollit
940 793 1067 841 eam
1096 793 1135 839 a
1166 793 1283 850 me,
1326 776 1434 838 sed
1468 793 1571 852 eqo
1595 795 1749 856 pono
1777 794 1906 840 eam
1936 794 1975 839 a
2001 793 2116 838 me-

552 875 708 953 ipso.
758 875 1014 951 Propter
1050 871 1213 930 hanc
1250 886 1400 948 ergo
1433 868 1851 930 differentiam
1881 869 2112 930 oblatio

554 967 773 1028 mortis
795 964 1021 1026 Christi
1054 963 1245 1024 hahet
1270 963 1581 1024 rationem
1612 963 1893 1026 sacrificii
1916 1009 1937 1040 ,
1983 981 2112 1024 non

552 1075 703 1120 vero
748 1059 1013 1121 aliorum
1065 1061 1432 1136 martyrum.
1480 1059 1555 1119 Et
1592 1062 1919 1138 proeterea,
1963 1057 2114 1136 quia

554 1151 657 1214 alii
685 1157 995 1234 martyres
1026 1169 1156 1212 nou
1186 1155 1332 1210 suut
1368 1169 1407 1210 a
1436 1151 1566 1213 Deo
1594 1153 1913 1214 constituti
1949 1157 2018 1212 ut
2047 1167 2112 1212 se

550 1245 679 1308 Deo
714 1246 1009 1308 offerrent
1038 1245 1102 1306 in
1134 1243 1623 1306 satisfactionem
1644 1265 1757 1326 pro
1792 1247 2110 1320 omnibus,

550 1341 710 1404 sicut
752 1343 872 1404 fuit
912 1340 1215 1414 Christus,
1266 1357 1385 1405 nec
1428 1342 1687 1421 sanguis
1736 1361 1957 1406 eorum
1994 1343 2114 1404 fuit

546 1435 818 1515 pretium
877 1436 1329 1516 redemptionis
1361 1484 1382 1514 ,
1448 1437 1609 1497 sicut
1676 1435 1795 1498 fuit
1857 1437 2116 1517 sanguis

546 1528 793 1591 Christi.
824 1530 1005 1594 Unde
1034 1531 1359 1612 eleganter
1385 1532 1509 1593 Leo
1539 1531 1707 1610 Papa
1733 1575 1749 1600 ,
1791 1530 1974 1610 epist.
2009 1533 2111 1607 83,

548 1641 605 1688 c.
636 1630 677 1688 4
709 1645 723 1687 :
760 1627 1027 1700 Dicant,
1060 1627 1305 1707 inquit,
1347 1645 1461 1709 quo
1502 1627 1793 1710 sanquine
1832 1633 1978 1689 suat
2021 1643 2113 1690 re·

546 1717 773 1799 dempti
789 1741 814 1789 ;
843 1722 1048 1784 dicant
1066 1739 1178 1802 qao
1202 1719 1505 1798 sacrificio
1528 1719 1905 1784 reconciliati
1920 1743 1945 1789 ‚·
1975 1719 2114 1802 quis

446 1817 469 1838 ⁶
547 1817 635 1877 est
670 1813 776 1894 qai
812 1814 1067 1877 tradidit
1094 1818 1474 1894 semetipsum
1500 1830 1615 1896 pro
1646 1814 1819 1876 nobis
1852 1814 2108 1876 oblatio-

546 1923 699 1978 nem,
732 1912 789 1969 ec
814 1907 1071 1972 hostiam
1100 1909 1223 1970 Deo
1254 1909 1320 1968 in
1348 1907 1579 1969 odorem
1602 1907 1932 1970 suavitatis
1951 1951 1972 1984 ,
1999 1912 2108 1970 aut

544 2001 704 2081 quod
718 2018 985 2082 unquam
1010 2001 1388 2078 sacrificium
1414 1999 1719 2064 sacratius
1739 2001 1894 2076 fuit,
1926 2019 2104 2081 quam

546 2093 702 2172 quod
732 2111 909 2156 oms
940 2095 1233 2173 Pontifeze
1260 2092 1453 2158 altari
1475 2097 1673 2158 crucis
1696 2111 1806 2173 per
1830 2093 2108 2156 immola·-

542 2183 763 2249 tionem
814 2203 941 2250 saue
990 2189 1192 2252 carnis
1239 2189 1549 2269 imposuit.
1608 2187 1898 2262 Quamvis
1946 2185 2108 2250 euim

539 2277 867 2342 multorum
930 2280 1300 2346 Sanctorum
1356 2283 1429 2344 in
1490 2287 1800 2362 conspectu
1859 2281 2108 2343 Domini

532 2373 806 2454 pretiosa
826 2391 989 2438 mors
1010 2375 1155 2454 fait,
1184 2375 1421 2440 nullius
1444 2381 1643 2442 tamen
1665 2375 1924 2440 insontis
1953 2376 2106 2439 oeci·

536 2465 628 2529 eie
643 2469 1011 2548 propitiatio
1034 2471 1165 2546 suit
1190 2471 1422 2534 mundi.

1156 2659 1373 2712 813ch
1402 2661 1462 2714 ll.

547 2789 735 2846 Utrum
758 2789 1025 2858 Christus,
1056 2787 1201 2844 Deus
1230 2788 1413 2858 homo,
1449 2789 1521 2846 sit
1549 2787 1807 2845 sacerdos
1836 2787 1894 2844 iu
1926 2801 2099 2862 quau-

612 2881 729 2930 tum
755 2871 921 2944 Deus,
951 2873 1039 2930 vel
1066 2873 1123 2929 in
1154 2881 1417 2948 quantum
1447 2871 1627 2944 homa,
1670 2880 1829 2946 atque
1858 2873 1994 2930 adeo
2025 2889 2098 2930 cm

608 2957 759 3016 idem
786 2959 861 3015 sit
882 2957 1137 3014 sacerdos
1167 2965 1221 3014 et
1252 2959 1496 3016 victima.

623 3115 677 3176 1.
724 3110 997 3174 Dubium
1026 3112 1143 3176 hoc
1168 3129 1451 3192 propono
1475 3117 1733 3192 propter
1756 3112 2096 3174 nonnullos

540 3223 619 3266 ex
662 3204 970 3266 haereticis
1016 3206 1205 3285 hujus
1242 3206 1565 3286 temporie,
1620 3204 1730 3285 qui
1776 3205 1871 3284 (ut
1906 3205 2098 3268 refert

538 3298 845 3362 Robertus
872 3299 1285 3362 Bellarminus
1316 3345 1331 3374 ,
1370 3299 1483 3362 lib.
1516 3302 1554 3362 5
1582 3300 1663 3362 de
1692 3299 1937 3362 Christo
1965 3317 2096 3362 me·-

538 3393 805 3469 diatore‚
848 3412 903 3456 o.
942 3396 1003 3472 3)
1046 3395 1132 3456 ita
1170 3393 1563 3474 distinguunt
1594 3393 1757 3456 inter
1784 3394 2098 3455 Christum

540 3488 927 3551 sacerdotem
947 3491 1009 3550 et
1026 3489 1365 3558 victimam.
1386 3495 1455 3551 ut
1474 3488 1868 3550 sacerdotem
1886 3487 2098 3550 dicant

540 3600 682 3644 esse
718 3583 941 3657 Deum,
984 3581 1087 3643 vel
1118 3581 1545 3654 divinitatemz
1584 3581 1907 3644 victimam
1945 3597 2098 3644 vero

535 3675 859 3738 hominem
890 3695 1002 3738 seu
1026 3675 1371 3736 humanam
1396 3681 1707 3736 naturam.
1744 3673 1919 3736 Unde
1944 3674 2096 3736 infe-

532 3775 681 3831 runt
704 3768 1017 3832 Christum
1044 3787 1171 3830 non
1200 3787 1339 3830 esse
1368 3768 1778 3830 mediatorem
1803 3774 1871 3828 ut
1897 3767 2101 3830 homi-

534 3880 714 3937 nem,
762 3862 875 3924 sed
903 3868 973 3924 ut
1000 3863 1219 3924 Deum.
1270 3862 1389 3936 Qui
1430 3879 1605 3924 error
1635 3859 1952 3940 antiquior
1977 3867 2093 3936 est,

532 3973 707 4033 nam,
728 3961 801 4018 ut
818 3954 1011 4018 refert
1028 3954 1285 4031 Euseh.‚
1309 3955 1419 4016 lib.
1452 3956 1529 4018 10
1547 3953 1626 4016 de
1646 3956 2093 4030 Demonstrat.,

534 4067 591 4112 o.
624 4053 649 4112 1
694 4097 711 4124 ,
755 4056 819 4112 et
846 4069 923 4112 ex
953 4049 1057 4110 illo
1084 4049 1370 4110 Turrian.
1401 4093 1417 4121 ,
1460 4047 1523 4109 in
1553 4047 1817 4110 Scholiis
1844 4047 1929 4110 ad
1965 4048 2098 4111 Cle-

533 4151 835 4217 mentem,
870 4143 979 4204 lib.
1012 4145 1053 4204 8
1092 4145 1330 4219 Const.,
1371 4161 1509 4222 cap.
1551 4143 1653 4215 46,
1684 4141 1871 4202 Arius
1914 4141 2092 4216 dixit,

534 4237 809 4300 Verbum
858 4243 929 4299 ut
953 4237 1315 4300 Pontificem
1350 4253 1576 4316 corpus
1616 4237 1966 4298 humanum
2001 4236 2099 4296 in-

536 4335 665 4392 star
692 4331 855 4410 Agni
895 4331 975 4394 de
1008 4337 1223 4393 nostro
1256 4349 1451 4411 grege
1496 4328 1861 4409 sumpsisse.
1898 4331 2100 4410 Hujus

535 4425 764 4488 erroris
790 4425 1035 4486 nullum
1068 4424 1407 4486 verisimile
1438 4424 1698 4486 affertur
1722 4422 2098 4488 fundamen·

534 4524 666 4582 tum
693 4563 709 4594 ,
756 4519 927 4599 quod
964 4519 1115 4582 mihi
1152 4520 1273 4580 hoc
1308 4519 1447 4580 loco
1487 4518 1970 4598 proponendum
2005 4519 2097 4579 vi-

532 4611 777 4676 deutur.

610 4709 670 4769 2.
707 4705 1059 4768 Dicendum
1124 4706 1313 4785 igitur
1366 4705 1641 4768 breviter
1690 4713 1785 4768 est
1818 4751 1833 4780 ,
1888 4707 2093 4786 ipsum

530 4801 733 4862 Deum
759 4799 1035 4861 verbum
1054 4817 1127 4860 ac
1158 4798 1380 4860 Filium
1402 4798 1635 4862 factum
1666 4817 1807 4862 esse
1837 4817 1952 4878 pro
1981 4818 2096 4861 no·-

530 4891 629 4954 his
682 4893 1071 4956 sacerdotem
1114 4899 1179 4956 et
1214 4893 1601 4969 Pontificem,
1630 4899 1691 4954 et
1747 4911 1863 4973 pro
1912 4892 2098 4954 nobis

532 4985 833 5050 obtulisse
856 4986 1254 5049 sacrificium.
1288 4987 1421 5048 Hoc
1457 4993 1552 5050 est
1572 4991 1811 5050 certum
1833 4987 1914 5050 de
1944 4987 2094 5062 fide,

528 5078 861 5142 definitum
894 5081 959 5142 in
984 5081 1255 5142 Concilio
1280 5077 1538 5160 Ephes„
1570 5100 1711 5144 can.
1746 5084 1845 5156 10,
1881 5081 2100 5142 effun-

528 5172 715 5236 datur
763 5172 831 5234 in
886 5191 1036 5236 vera
1070 5174 1439 5236 idiomatum
1502 5175 2093 5236 communicatione.

526 5268 707 5332 Unde
733 5269 870 5331 Act.
904 5268 987 5331 ΞΟ
1034 5267 1263 5330 dicitur
1304 5268 1493 5342 Deua,
1514 5285 1626 5332 suo
1662 5270 1958 5351 sanquine
1985 5270 2098 5332 ad-

522 5362 842 5442 quisivisse
866 5361 1242 5438 Ecclesiam,
1262 5366 1325 5424 et
1350 5364 1390 5426 2
1422 5361 1503 5426 ad
1532 5363 1671 5424 Cor.
1694 5363 1754 5437 s,
1771 5362 1861 5424 ait
1891 5363 2090 5425 Paul.:

526 5451 687 5520 Dum
748 5457 810 5520 in
856 5453 1124 5532 christo,
1178 5455 1457 5520 mamm
1500 5455 1903 5522 reconcilians
1951 5457 2091 5522 sibi.

1772 299 2010 363 QUAEST.
2041 297 2196 354 xxu.
2227 298 2430 351 Antio.
2469 300 2550 351 vt.

2196 397 2336 478 lpse
2381 415 2534 477 ergo
2563 399 2728 460 Deus
2779 399 3049 464 Verbum
3083 419 3194 464 nos
3235 403 3502 482 redemit,
3532 417 3684 492 cipro

2198 491 2378 554 nohis
2407 493 2780 572 sanguinem
2801 494 2990 566 fuditz
3025 496 3160 576 ipse
3179 515 3332 576 ergo
3351 507 3442 562 est
3458 506 3690 568 sacerdes

2198 591 2430 648 noster.
2481 587 2598 648 Res
2645 594 2736 648 est
2785 588 2958 652 clara
2984 633 3004 664 ,
3047 589 3128 652 de
3197 609 3326 670 qua
3383 593 3498 672 legi
3535 605 3690 674 potest

2199 679 2414 759 cyril..
2443 682 2626 760 epist.
2659 682 2742 744 ad
2777 684 3048 758 Nestor„
3083 690 3150 746 et
3185 685 3256 746 in
3299 686 3610 750 defension.
3639 698 3688 754 10

2197 775 2700 838 anathematismi
2717 793 2740 853 3
2771 783 2832 838 et
2870 778 3196 854 Athanas„
3229 778 3338 840 lib.
3371 780 3446 842 de
3477 783 3686 848 numan.

2199 867 2408 930 Verbi.

2275 965 2336 1024 3.
2410 963 2656 1026 Verbum
2727 963 2962 1028 ratione
3015 967 3420 1031 humanitatis
3479 974 3696 1036 sacerdos

2189 1055 2770 1132 faia—Dicendum
2799 1059 3076 1120 secundo
3105 1067 3222 1134 est,
3256 1063 3454 1123 Deum
3465 1081 3566 1125 seu
3585 1066 3696 1126 Ver-

2193 1149 2348 1212 bum
2369 1169 2496 1212 non
2541 1151 2658 1212 nisi
2691 1153 2752 1214 in
2813 1153 3200 1217 humanitate
3231 1173 3348 1218 seu
3379 1159 3594 1220 ratione
3613 1160 3698 1220 hu·

2195 1245 2510 1307 inanitatis
2537 1246 2812 1325 potuisse
2851 1266 2990 1310 esse
3017 1249 3436 1324 sacerdotem,
3459 1259 3518 1312 et
3539 1271 3628 1330 per
3648 1256 3698 1314 ii·

2197 1338 2324 1400 lam
2349 1358 2580 1402 munus
2609 1341 2765 1402 illud
2808 1345 3182 1418 exercuisse,
3213 1362 3564 1425 quanquam
3605 1350 3698 1410 effi·
3794 1387 3795 1415 1

2197 1433 2368 1494 cacia
2389 1439 2452 1496 et
2479 1435 2848 1496 excellentia
2879 1435 3044 1498 illius
3075 1438 3410 1500 sacerdotii
3439 1457 3510 1502 ex
3546 1441 3700 1521 digni-
3794 1431 3795 1438 '

2195 1530 2322 1588 tate
2349 1526 2540 1588 divini
2565 1529 2868 1608 suppositi
2897 1532 3266 1594 manaverit.
3284 1535 3436 1594 Tota
3457 1535 3576 1595 haec
3593 1553 3699 1596 con·

2195 1619 2390 1681 clusio
2421 1627 2516 1682 est
2545 1621 2736 1700 clara,
2783 1641 2858 1685 ac
2883 1623 3014 1686 fere
3043 1643 3158 1703 per
3183 1643 3254 1687 se
3285 1626 3552 1699 evidens,
3591 1631 3698 1705 quia

2192 1713 2360 1776 Deus
2389 1720 2458 1776 ut
2483 1717 2651 1776 Deus
2691 1733 2822 1778 non
2867 1717 3061 1779 habet
3105 1722 3494 1798 superiorem
3521 1724 3608 1782 eui
3629 1741 3700 1784 sa·

2193 1806 2492 1869 crificium
2520 1809 2764 1883 offerat,
2795 1816 2904 1872 aut
2949 1811 3118 1892 apud
3141 1831 3338 1892 quem
3367 1814 3694 1880 intercedat:

2192 1919 2342 1978 ergo
2363 1907 2429 1961 ut
2453 1901 2622 1964 Deus
2650 1921 2776 1964 non
2805 1911 3172 1982 potestesse
3199 1907 3512 1984 sacerdos,
3539 1927 3698 1988 neque

2188 2012 2303 2074 per
2327 1997 2525 2074 ipsam
2571 1996 2846 2058 divinam
2895 2006 3188 2062 naturam
3215 2019 3332 2062 seu
3371 2001 3698 2064 voluntatem

2187 2094 2394 2168 potest
2418 2107 2622 2164 orare,
2658 2098 2768 2152 aut
2811 2092 3184 2154 sacrificium
3229 2096 3458 2157 offerre
3475 2112 3494 2172 ;
3519 2097 3589 2156 ad
3611 2096 3698 2158 hoc

2189 2199 2338 2262 ergo
2370 2183 2724 2244 necessaria
2768 2185 2858 2246 illi
2891 2185 3011 2247 fuit
3051 2193 3282 2249 natura
3331 2188 3608 2250 lfomana.
3645 2191 3696 2251 Et

2189 2275 2270 2336 ad
2299 2275 2418 2337 boc
2457 2277 2962 2342 confirmandum
2999 2280 3212 2344 valent
3261 2283 3496 2358 omnia,
3519 2284 3696 2362 quibus
3795 2311 3797 2334 i

2190 2385 2402 2446 supra,
2431 2386 2492 2448 q.
2525 2373 2582 2442 1,
2611 2377 2730 2432 art.
2761 2374 2823 2444 2,
2861 2378 2925 2434 et
2961 2378 3096 2434 tota
3121 2389 3186 2451 q.
3220 2377 3324 2448 19,
3355 2374 3694 2454 probavimus
3796 2399 3797 2460 }

2187 2463 2452 2525 formale
2511 2463 2887 2544 principium
2943 2468 3174 2544 meriti,
3203 2475 3272 2530 et
3322 2469 3694 2530 satisfactionis

2188 2575 2327 2618 csse
2375 2558 2854 2635 humanitatem,
2885 2560 3057 2622 etad
3087 2561 3208 2624 hoc
3241 2561 3437 2624 fuisse
3463 2582 3694 2625 necessa-

2179 2648 2340 2712 riam
2369 2651 2903 2729 incarnationem,
2937 2661 3006 2716 ut
3047 2655 3216 2718 Deus
3262 2655 3522 2720 haberet
3559 2665 3692 2719 natu·

2175 2761 2339 2819 ram,
2359 2763 2473 2824 per
2491 2765 2682 2826 quam
2699 2754 2914 2826 posset
2937 2751 3167 2812 mereri
3191 2757 3258 2812 et
3283 2752 3634 2829 satisfacere,
3649 2757 3690 2814 ei
3795 2777 3797 2804 ε

2179 2837 2260 2898 ad
2288 2839 2408 2900 hoc
2437 2839 2939 2904 confirmandum
2967 2843 3163 2906 multa
3195 2863 3278 2907 ex
3321 2847 3584 2908 Patribus
3611 2846 3692 2905 ad-

2179 2931 2495 3009 duximuS,
2527 2934 2754 3014 quihus
2783 2935 2970 2998 simul
3011 2939 3440 3018 probavimus,
3463 2959 3692 3002 necessa·

2178 3026 2342 3086 rium
2387 3027 2574 3087 etiam
2630 3025 2826 3090 fuisse
2879 3029 3160 3092 divinum
3213 3035 3608 3114 suppositum,
3645 3040 3692 3092 ut

2177 3119 2457 3182 valorem
2501 3127 2564 3182 et
2597 3121 2938 3184 efficaciam
2977 3125 3200 3188 merito
3231 3133 3298 3189 et
3339 3125 3688 3189 satisfactioni

2178 3213 2511 3286 tribueret;
2547 3213 2702 3274 illud
2735 3234 2890 3296 ergo
2915 3215 3082 3280 idem
3111 3222 3500 3300 suppositum
3527 3238 3692 3282 necm-

2178 3307 2410 3366 sarium
2433 3307 2570 3382 fuit,
2609 3313 2674 3368 ut
2703 3309 2803 3370 hic
2849 3312 3144 3374 sacerdos
3191 3321 3366 3376 esset
3413 3321 3610 3394 potens
3647 3320 3690 3374 et
3798 3313 3799 3318 ’

2181 3399 2400 3461 efficax
2420 3401 2502 3462 ad
2525 3402 2918 3464 offerendum
2947 3407 3352 3485 sacrificium,
3377 3409 3536 3489 quod
3559 3408 3688 3469 omni

2181 3511 2258 3554 ex
2279 3501 2454 3572 parte
2479 3495 2606 3556 Deo
2635 3496 3045 3560 satisfaceret.

2261 3588 2320 3648 4.
2353 3589 2428 3650 Et
2453 3587 2600 3650 hine
2627 3589 2962 3669 colligitur,
2993 3593 3166 3656 nullo
3199 3595 3390 3656 modo
3418 3596 3528 3658 dici
3545 3613 3686 3674 pesse

2179 3680 2492 3742 Christum
2529 3686 2602 3742 ut
2647 3683 2844 3744 Deum
2889 3701 3026 3746 esse
3077 3689 3490 3754 sacerdotem.
3515 3689 3608 3750 sed
3643 3693 3690 3748 ui

2179 3775 2518 3848 homiuem,
2551 3775 2648 3836 vel
2685 3784 2752 3838 ut
2779 3778 2982 3840 Deum
3033 3778 3377 3846 hominem.
3425 3783 3542 3844 Hoc
3579 3799 3690 3843 eon-

2182 3873 2303 3931 stat
2349 3887 2424 3930 ex
2455 3868 2530 3932 iis
2582 3887 2720 3950 quae
2757 3870 2836 3932 de
2884 3875 3454 3938 communicatione
3479 3876 3690 3936 idi-oma-

2181 3969 2314 4024 tum
2348 3962 2512 4024 dicta
2551 3969 2716 4036 sunt,
2751 3983 2900 4026 nam
2940 3967 3376 4045 praedicatum,
3397 3970 3552 4050 quod
3591 3985 3687 4029 non

2180 4057 2468 4118 convenit
2511 4057 2752 4120 Christo
2803 4060 3046 4124 ratione
3099 4061 3456 4138 divinitatiS,
3502 4081 3598 4125 seu
3641 4065 3688 4120 ut

2179 4149 2540 4212 subsistenti
2565 4152 2632 4211 in
2659 4151 2790 4214 sola
2829 4152 3044 4216 divina
3091 4162 3342 4234 natura,
3373 4177 3494 4220 non
3529 4160 3686 4236 potest

2179 4243 2302 4304 dici
2324 4243 2402 4306 de
2433 4241 2674 4306 Christo
2701 4265 2844 4308 cum
2871 4246 3368 4328 reduplicatione
3401 4267 3506 4314 scu
3531 4249 3686 4312 deter-

2179 4337 2522 4398 minatione
2563 4339 2930 4414 divinitatis,
2977 4342 3092 4404 sed
3127 4345 3544 4413 humanitatis,
3575 4341 3682 4421 quia

2177 4430 2284 4492 illa
2311 4430 2718 4510 reduplicatio
2745 4432 3036 4514 designat
3063 4443 3374 4512 naturam,
3389 4439 3454 4500 in
3473 4455 3580 4517 qua
3601 4451 3683 4496 seu

2177 4541 2292 4604 per
2309 4539 2498 4602 quam
2529 4524 2652 4586 tale
2679 4526 3086 4605 praedicatum
3115 4529 3202 4591 illi
3227 4531 3524 4594 convenit.
3549 4527 3682 4592 Unde

2177 4622 2345 4678 recte
2377 4617 2766 4690 Ambrosius,
2798 4620 2908 4682 lib.
2937 4623 2978 4684 3
3027 4622 3106 4684 de
3137 4623 3307 4698 Fide,
3343 4644 3396 4688 c.
3429 4627 3470 4686 5
3491 4641 3508 4681 ε
3533 4623 3678 4686 [dom.

2175 4709 2400 4789 inquit,
2439 4714 2742 4784 sacerdos,
2771 4714 2928 4776 idem
2972 4721 3030 4778 ec
3078 4717 3301 4792 hostia,
3343 4715 3679 4782 sacerdotium

2177 4810 2374 4868 tamen
2401 4809 2460 4867 et
2497 4807 2865 4885 sacrificium
2887 4807 3166 4874 bamanoe
3201 4812 3548 4876 conditionis
3581 4803 3680 4885 offi-

2179 4901 2338 4962 cium
2356 4905 2444 4962 esc
2467 4924 2495 4972 ,·
2533 4907 2596 4962 et
2615 4901 2823 4962 subdit
2846 4908 3070 4981 postea
3102 4923 3118 4964 ε
3164 4903 3360 4970 Nemo
3381 4903 3574 4988 igitur,
3603 4897 3680 4961 sbi

2179 4993 2444 5053 ordinem
2473 4994 2664 5056 cernit
2685 4995 2966 5058 hamam
3005 4999 3386 5070 conditionis,
3403 4997 3594 5075 ibij&
3611 4990 3682 5054 df·

2177 5084 2461 5148 vinitatis
2515 5087 2842 5153 adeor-ibat.
2873 5088 2952 5149 Et
2981 5091 3266 5170 August„
3307 5092 3354 5154 l.
3388 5092 3418 5154 t
3457 5089 3530 5154 de
3557 5087 3678 5151 Con·

2181 5194 2316 5240 sen.
2363 5178 2630 5259 Evang.,
2663 5199 2718 5242 c.
2751 5181 2829 5242 3:
2881 5180 3230 5248 Secundam
3281 5184 3576 5252 homnium,
3607 5176 3676 5238 3¹¹·

2179 5272 2315 5350 quit
2337 5317 2355 5347 ,
2395 5269 2674 5338 Christus
2700 5281 2756 5338 ec
2779 5293 2889 5338 rese
2918 5283 2974 5340 et
3015 5280 3291 5344 sacerdos
3331 5280 3556 5358 effeetus
3589 5273 3670 5336 ed,

2178 5370 2249 5430 ut
2285 5371 2438 5430 esset
2479 5368 2564 5431 ad
2583 5367 3088 5450 tutor-pellandum
3107 5389 3223 5450 pro
3257 5373 3420 5438 nobis
3437 5367 3676 5430 maetam

2179 5457 2290 5522 oei
2317 5464 2376 5522 et
2405 5460 2727 5537 nominum,
2750 5462 2916 5526 nm
2953 5459 3230 5530 cinctas
3261 5466 3456 5533 lm.
3477 5461 3540 5522 tt
3558 5451 3670 5520 Μ·
