3892 6167
1250 399 1567 454 DISPUTAT.
1600 397 1799 454 XXXII.
1835 397 2004 453 SECT.
2041 401 2124 452 lv.

122 503 191 568 ad
206 519 323 564 eum
346 498 449 581 qui
470 497 649 560 misit
672 513 760 558 me
780 523 803 558 .·
827 497 990 574 Ibat,
1017 490 1241 578 inquit,
1266 499 1469 580 perid
1488 499 1645 580 quod

117 601 173 658 in
194 613 299 656 aaa
326 595 442 655 loco
468 595 605 654 erat
624 636 640 664 ,
673 591 945 654 manebat
985 608 1101 673 per
1136 593 1207 654 id
1242 593 1397 674 quod
1430 591 1641 672 ubique

118 694 257 760 επὶ,-
289 693 346 747 et
370 691 617 746 tractat.
672 687 753 746 50
780 685 843 745 in
872 685 1055 747 Joan.
1079 729 1098 759 ,
1133 683 1281 746 dicit
1322 684 1637 746 Christum

118 802 257 845 nunc
282 779 457 841 nobis
476 795 615 840 esse
636 779 963 840 absentem
988 785 1047 840 et
1068 785 1467 859 praesentem,
1492 779 1639 860 quia

116 893 275 948 saum,
303 872 517 950 inquit,
548 887 769 950 corpus
792 869 1011 936 intulit
1056 874 1123 934 in
1153 871 1385 947 coelum,
1420 873 1637 952 majes-

118 974 269 1032 tatem
292 983 406 1028 non
429 963 697 1029 abstulit
720 967 959 1028 mundo.
998 965 1207 1040 Idem,
1238 965 1418 1044 epist.
1450 967 1527 1026 57
1558 963 1639 1026 ad

116 1062 473 1131 Dardanum3
512 1065 577 1119 et
603 1057 917 1135 Ambros„
949 1057 1057 1120 lib.
1094 1061 1137 1120 2
1166 1059 1247 1120 de
1276 1059 1451 1132 Fide,
1478 1077 1534 1120 c.
1570 1061 1635 1133 4,

120 1159 169 1217 in
210 1154 429 1234 princ.;
474 1153 741 1214 Hieron.
766 1199 781 1226 ,
817 1153 855 1214 3
894 1159 1077 1229 tom„
1122 1153 1304 1234 epist.
1356 1157 1505 1228 148,
1554 1151 1637 1214 ad

122 1247 451 1322 Marcellam,
485 1263 632 1325 quae
658 1243 910 1326 incipit:
935 1247 1187 1327 Maym‘s
1216 1267 1323 1311 noa
1347 1263 1639 1329 provocas

120 1339 501 1424 quaestiouibus
518 1363 545 1410 ;
564 1345 632 1401 et
648 1339 863 1418 Greg.,
882 1341 1054 1402 bom.
1086 1343 1165 1404 28
1189 1341 1252 1402 in
1272 1339 1631 1422 Evangelia,

117 1441 345 1496 tractans
384 1431 548 1493 illud
594 1433 781 1497 Joan.
828 1435 867 1495 4
910 1455 926 1493 2
960 1435 1133 1498 Erat
1170 1437 1417 1518 quidam
1465 1449 1638 1512 requ-

122 1531 213 1603 lus,
236 1534 339 1589 etc.
364 1543 383 1588 z
411 1525 823 1608 corporalem,
851 1525 1076 1604 inquit,
1104 1529 1492 1607 prce-rentiam
1515 1529 1639 1590 Do·

116 1623 239 1684 mim·
260 1621 571 1703 quaerebat,
601 1619 713 1700 qm‘
735 1637 845 1703 per
870 1621 1155 1700 spiritum
1183 1639 1481 1702 nusquam
1512 1622 1638 1685 dee-

118 1721 201 1778 rat
211 1739 234 1786 ;
258 1713 445 1776 minus
472 1714 691 1794 itaq-ue
717 1715 787 1776 in
814 1714 991 1777 illum
1019 1715 1297 1788 credidit,
1327 1732 1495 1796 quem
1518 1731 1639 1776 non

116 1810 315 1890 pacavit
334 1825 506 1890 posse
534 1807 801 1872 salutem
839 1809 985 1870 dare
999 1854 1019 1885 ‚
1045 1807 1169 1871 πίει·
1192 1825 1457 1888 praecona
1486 1813 1636 1871 esset

122 1909 165 1964 et
190 1919 419 1980 corpore.
474 1899 659 1962 Idem
710 1901 895 1963 docet
942 1901 1230 1981 Fulgent.
1257 1947 1277 1975 ,
1327 1900 1435 1962 lib.
1481 1905 1519 1962 2
1554 1899 1635 1962 ad

121 1993 573 2068 Trasimundum,
602 2012 660 2056 c.
700 1995 807 2068 173
840 2005 904 2056 et
928 1995 1225 2073 vigilius,
1252 1993 1361 2057 lib.
1400 1997 1429 2056 1
1474 2000 1536 2056 et
1567 1995 1629 2068 4,

126 2095 293 2150 contra
314 2089 757 2169 Eutychetem‚
782 2094 846 2151 et
872 2087 977 2148 alii
1006 2089 1215 2149 Patres
1242 2087 1627 2168 frequenter,

127 2189 403 2244 tractantes
446 2181 529 2244 de
574 2175 952 2244 ascensione
980 2181 1205 2246 Christi
1236 2182 1521 2256 Domini,
1570 2187 1635 2244 et

124 2275 371 2337 descensu
396 2275 477 2338 ad
507 2275 777 2352 infame,
806 2283 869 2338 et
897 2275 1035 2338 aliis
1064 2275 1369 2338 similibus
1398 2279 1634 2356 myste-

120 2387 221 2430 rus,

184 2468 233 2525 4.
280 2464 621 2545 Πόἰῃιίταε,
641 2470 719 2529 ut
750 2464 821 2527 ab
844 2464 1139 2528 hoereticis
1157 2464 1429 2544 ponitur,
1467 2479 1642 2543 repu-

124 2563 239 2634 gnat
270 2559 352 2620 rei
391 2563 641 2622 create.
674 2591 755 2604 —
782 2555 1011 2621 Ultimo
1050 2557 1332 2638 arguitur
1369 2557 1633 2632 ratione,

128 2650 260 2727 quia,
287 2651 377 2711 vel
402 2649 535 2712 haec
580 2650 945 2731 proprietas
994 2651 1453 2713 communicata
1478 2653 1637 2711 esset

130 2741 442 2806 humanitati
462 2746 832 2806 necessario
864 2763 941 2806 ex
964 2745 1029 2807 vi
1072 2745 1343 2818 unionis,
1376 2745 1477 2806 vel
1530 2762 1638 2806 vo-

126 2834 339 2899 luntarie
360 2857 375 2911 ;
406 2845 710 2902 neutrum
725 2839 845 2900 dici
868 2843 1092 2918 potest.
1118 2839 1393 2900 Primum
1412 2837 1639 2919 proba-

132 2936 207 2988 tur
224 2932 421 3009 primo,
452 2934 614 3012 quia
640 2932 792 2994 unio
821 2933 1215 3013 hypostatIca
1250 2949 1376 2992 non
1427 2931 1639 3010 requi-

131 3024 187 3082 rit
208 3030 265 3083 ut
296 3028 709 3105 proprietates
761 3027 951 3087 unius
1002 3030 1243 3088 naturae
1287 3025 1637 3087 communi-

132 3121 295 3178 centur
317 3119 503 3196 alteri,
536 3137 699 3181 nam
743 3120 868 3182 hoc
911 3126 1075 3183 esset
1112 3119 1495 3182 confundere
1528 3138 1638 3180 na·

132 3216 279 3283 taras,
304 3217 361 3272 et
388 3214 449 3273 in
493 3231 783 3275 errorem
831 3215 1195 3294 Eutychetis
1235 3213 1534 3287 incidere,
1568 3219 1642 3274 ut

132 3309 266 3380 patet
284 3323 351 3366 ex
376 3305 551 3368 distis
600 3311 821 3386 quaest.
852 3310 913 3381 2,
944 3307 1103 3388 disp.
1140 3309 1199 3383 7,
1233 3311 1295 3368 et
1344 3308 1409 3367 in
1442 3325 1641 3386 quaes·

137 3397 263 3458 tione
313 3400 707 3478 praecedenti,
742 3401 907 3479 disp.
959 3403 1061 3476 31,
1098 3401 1165 3461 in
1213 3400 1535 3482 principio.
1566 3401 1642 3462 Et

138 3489 383 3566 probatur
406 3497 655 3574 aperte,
683 3493 831 3572 quia
856 3493 1012 3555 alias
1034 3513 1111 3555 ex
1138 3493 1197 3554 vi
1224 3493 1495 3568 unioni3‚
1522 3493 1641 3554 hu-

137 3584 349 3646 manitas
368 3588 561 3648 etiam
592 3593 756 3648 esset
776 3593 1033 3660 aeterna,
1063 3588 1222 3648 sicut
1251 3587 1475 3648 dicitur
1500 3605 1638 3649 esse

142 3672 406 3756 immensa,
438 3689 500 3742 et
534 3681 897 3742 necessario
926 3681 1217 3742 existeret
1244 3682 1308 3742 in
1349 3679 1639 3742 omnibus

146 3770 480 3848 tempor-ibae,
524 3773 866 3854 praeteritis
912 3779 974 3834 et
998 3772 1246 3849 futuriS,
1296 3773 1454 3834 sicut
1487 3773 1639 3835 dici·

153 3863 231 3918 tur
268 3879 374 3926 esse
416 3867 485 3928 in
534 3865 835 3928 omnibus
893 3865 1045 3927 locis
1070 3881 1093 3943 ς
1142 3865 1425 3927 similiter
1476 3871 1641 3928 esset

152 3955 491 4034 omnipotens,
524 3966 593 4022 et
622 3960 767 4028 alia.
808 3977 947 4039 quae
974 3960 1161 4040 plane
1188 3965 1333 4020 sunt
1358 3961 1641 4040 impossi-

148 4043 271 4110 bilia.
298 4052 595 4128 SecnndO,
628 4055 775 4133 quia
798 4053 953 4114 alias
979 4055 1305 4116 fatendum
1328 4061 1495 4115 esset
1514 4053 1641 4114 hae-

146 4143 319 4217 reticita,
338 4147 785 4210 humanitatem
813 4167 849 4209 a
872 4149 1181 4228 principio
1215 4148 1639 4228 conceptionis

146 4249 247 4295 esse
268 4239 501 4320 ubique,
536 4259 669 4304 nou
703 4247 949 4303 tantum
992 4239 1365 4321 aptitudine,
1400 4241 1513 4302 sed
1543 4261 1641 4302 ac·

146 4331 210 4398 ¹11,
236 4335 377 4408 quod
396 4335 575 4396 multi
602 4351 823 4396 eorum
851 4352 979 4396 non
1010 4334 1241 4396 audent
1266 4333 1635 4410 concedere,

148 4421 256 4496 quia
274 4435 563 4508 repugnat
590 4428 829 4490 veritati
850 4428 1287 4508 mysteriorum
1312 4427 1391 4488 ad
1414 4427 1638 4488 huma-

150 4513 350 4578 nitatem
374 4521 817 4599 pertinentium
843 4540 859 4594 ;
907 4519 1221 4600 quomodo
1272 4521 1441 4582 enim
1490 4539 1637 4583 vere

150 4617 374 4674 mortuus
410 4621 588 4689 esset,
635 4619 699 4676 et
742 4615 1166 4676 descendisset
1213 4614 1294 4676 ad
1322 4613 1637 4676 infernum

153 4705 433 4799 secundum
456 4709 756 4782 animam,
782 4713 845 4770 et
870 4725 996 4769 non
1016 4707 1363 4770 secundum
1388 4725 1636 4788 corpus,

150 4795 385 4863 Jacuisset
408 4819 553 4861 vero
578 4801 645 4860 in
688 4799 979 4880 sepulcro
1026 4799 1369 4861 secundum
1390 4817 1639 4880 corpus,

158 4889 200 4940 et
218 4905 319 4948 non
336 4893 665 4954 secundum
698 4893 997 4968 animam,
1014 4893 1133 4953 nisi
1168 4893 1511 4954 secundum
1532 4909 1641 4953 eas

158 4985 313 5077 partes
327 4985 925 5048 circumscriberetur
949 4993 1057 5048 aut
1085 4985 1449 5048 definiretur
1474 4986 1636 5061 loco,

162 5075 223 5128 12³
242 5080 294 5132 ut
316 5087 505 5154 partes
518 5079 641 5140 illae
669 5081 837 5142 inter
862 5099 928 5141 se
949 5080 1087 5141 loco
1118 5079 1465 5141 distarent?
1490 5079 1642 5140 Ter-

163 5159 241 5235 Ῑῗθ,
264 5165 583 5234 declaratur
614 5171 901 5252 exemplo
928 5172 1218 5248 naturali,
1274 5189 1446 5248 nam,
1498 5171 1644 5234 licet

166 5263 364 5324 materia
388 5267 619 5348 capitiS,
649 5267 820 5328 verbi
851 5267 1072 5347 gratia,
1104 5268 1185 5328 sit
1224 5266 1644 5329 substantiali-

169 5349 235 5450 ttfr
254 5357 543 5437 conjuncta
570 5362 687 5423 toti
716 5361 962 5436 animae,
994 5381 1120 5424 non
1166 5361 1311 5422 inde
1356 5379 1643 5422 necessa-

174 5456 237 5501 1'10
260 5451 500 5528 sequitur
528 5455 701 5517 illam
730 5473 867 5517 esse
888 5456 1267 5534 ubicumque
1286 5461 1379 5516 est
1405 5455 1636 5518 anima.

174 5529 457 5608 Secundum
484 5548 565 5612 de
592 5548 936 5612 voluntaria
958 5547 1519 5612 communicatione
1548 5547 1643 5612 fa-

3170 397 3282 458 179

1722 499 1839 561 cile
1893 499 2268 572 excluditur,
2317 497 2557 577 primo,
2610 497 2758 574 quia
2795 498 3280 563 communicatio

1718 593 1909 672 hujus
1933 591 2319 671 ubiquitatiS,
2347 596 2538 670 prout
2569 589 2649 650 ab
2676 590 2826 669 ipsis
2855 589 3162 652 haereticis
3189 592 3282 652 in-

1718 685 1911 767 telligi
1934 685 2209 760 videtur,
2241 691 2302 746 et
2326 683 2882 745 contradictionem
2907 683 3186 758 involvit,
3217 689 3281 746 et

1717 780 1836 861 ipsi
1892 781 2190 859 mysterio
2219 777 2666 840 incarnationis
2693 783 3036 857 repugnat3
3059 777 3280 839 volunt

1718 873 1883 936 enim
1910 874 2247 954 ipsammet
2265 871 2748 933 immensitatem
2788 869 3124 932 divinitatis
3149 870 3280 933 for-

1718 967 1970 1030 maliter
2007 965 2452 1030 communicari
2499 965 2895 1038 humanitati,
2951 971 3012 1026 et
3051 984 3166 1047 per
3209 982 3279 1025 se

1718 1061 1919 1141 ipsam
1951 1061 2041 1122 ita
2062 1059 2230 1120 illam
2259 1057 2584 1139 perficere,
2616 1064 2685 1119 ut
2710 1057 2895 1118 faciat
2921 1057 3093 1119 illam
3145 1057 3280 1118 ubi-

1718 1172 1841 1234 que
1882 1154 2148 1215 existere
2165 1169 2184 1230 3
2220 1151 2392 1232 quod
2415 1149 2601 1230 plane
2630 1149 2890 1232 intelligi
2919 1169 3048 1212 non
3072 1156 3281 1231 potest

1717 1248 1849 1309 sine
1871 1253 2244 1310 naturarum
2273 1245 2664 1320 confusione,
2694 1243 2932 1323 talique
2957 1244 3190 1304 unione
3207 1247 3279 1304 ut

1719 1359 1796 1402 ex
1820 1342 1911 1402 eis
1934 1359 2063 1401 una
2096 1347 2321 1401 natura
2347 1339 2624 1402 resultet.
2649 1337 2826 1412 Quod
2851 1337 2902 1398 si
2927 1337 3280 1416 intelligant

1720 1435 2181 1495 humanitatem
2205 1433 2497 1494 constitui
2526 1431 2758 1512 ubique
2788 1448 2905 1511 per
2937 1431 3280 1508 quamdam

1717 1527 2264 1608 participationem
2305 1533 2582 1589 creatam
2631 1524 3070 1585 immensitatis
3123 1522 3274 1598 Dei,

1718 1623 1803 1684 ita
1842 1629 2055 1682 tamen
2089 1628 2155 1682 ut
2206 1638 2386 1700 aeque
2415 1619 2495 1682 sit
2525 1620 2758 1698 ubique
2797 1637 2870 1678 ac
2908 1619 3044 1697 ipse
3090 1617 3275 1693 Deus,

1718 1715 1924 1776 adhuc
1952 1713 2108 1775 mihi
2138 1715 2386 1776 videtur
2412 1713 2668 1774 omnino
2695 1710 3080 1791 impossihile
3109 1707 3280 1789 quod

1716 1809 2060 1880 affirmant;
2094 1825 2244 1869 nam
2271 1809 2440 1869 Deus
2468 1808 2552 1868 ita
2575 1810 2670 1868 est
2705 1805 2942 1883 ubique
2966 1850 2981 1878 ‚
3013 1809 3083 1865 ut
3127 1803 3276 1864 sub-

1716 1904 1941 1966 stantia
1969 1903 2107 1982 eius
2157 1903 2238 1963 sit
2262 1901 2442 1980 quasi
2468 1899 2710 1961 infinite
2753 1899 3002 1970 diffusa,
3033 1896 3208 1977 quod
3237 1913 3277 1958 a

1714 1997 1896 2059 nobis
1917 1997 2282 2078 explicatur,
2313 1995 2414 2056 vel
2436 1996 2502 2055 in
2525 1993 2739 2057 ordine
2769 1993 2852 2054 ad
2881 1992 3085 2072 spatia
3117 1992 3278 2052 ima-

1715 2091 1981 2173 ginaria,
2009 2088 2107 2151 vel
2136 2089 2217 2149 ad
2232 2106 2494 2167 corpora
2527 2105 2665 2166 quae
2691 2087 2756 2146 in
2787 2086 3010 2165 majori
3053 2091 3116 2144 et
3145 2102 3278 2145 ma-

1707 2185 1830 2265 jori
1862 2183 2209 2262 quantitate
2238 2181 2308 2241 in
2334 2179 2648 2242 infinitum
2675 2179 2870 2240 creari
2903 2183 3183 2258 possunt,
3205 2178 3276 2236 in

1713 2277 1943 2358 quibus
1973 2275 2265 2336 omnihus
2289 2275 2457 2336 Deus
2474 2291 2610 2334 esse
2639 2277 2843 2352 potest
2867 2272 3002 2332 sine
3021 2270 3150 2330 ulla
3178 2267 3276 2329 sui

1720 2371 2107 2443 mutatione;
2141 2369 2289 2429 hinc
2311 2367 2477 2428 enim
2525 2372 2738 2446 aperte
2781 2369 3024 2426 constat
3070 2364 3277 2442 ipsam

1720 2465 1996 2526 divinam
2026 2461 2437 2524 substantiam
2473 2461 2557 2520 ita
2578 2461 2640 2521 in
2670 2477 2735 2520 se
2757 2475 2918 2532 esse,
2951 2463 3024 2518 ut
3065 2457 3150 2518 ita
3175 2456 3278 2518 di·

1719 2575 1880 2632 cam,
1908 2557 2273 2636 dispositam
2299 2571 2413 2614 seu
2460 2553 2858 2627 immensam,
2892 2550 3087 2612 ut‘sit
3133 2557 3278 2611 actu

1716 2651 1909 2714 veluti
1938 2649 2178 2712 infinite
2205 2649 2470 2720 diffusa3
2502 2645 2604 2708 hic
2647 2650 2860 2707 autem
2887 2644 3113 2706 modus
3163 2644 3279 2704 im·-

1717 2743 2063 2807 mensitatis
2093 2748 2155 2804 et
2197 2739 2504 2804 existendi
2548 2739 2799 2819 ubique,
2849 2755 2995 2798 cum
3047 2739 3116 2798 in
3160 2754 3274 2798 suo

1720 2837 1937 2900 ordine
1963 2837 2040 2898 sit
2067 2841 2206 2896 actu
2229 2833 2539 2909 infinitus,
2567 2851 2693 2894 non
2729 2832 2936 2893 minus
2963 2834 3278 2912 repugnat

1717 2932 1962 3012 corpori
1981 2949 2170 3011 quam
2195 2927 2445 2990 infinita
2479 2927 2791 3007 quantitas
2819 2925 2920 2987 vel
2967 2925 3272 2986 extensio.

1800 3029 1861 3090 5.
1916 3025 2345 3107 Ubiquicanm,
2373 3029 2555 3104 prout
2580 3021 2727 3085 dicit
2755 3038 2877 3085 ease
2915 3021 2985 3083 in
3006 3020 3280 3083 omnibus

1719 3121 2038 3195 creaturis,
2061 3120 2436 3182 humanitati
2463 3117 2702 3181 Christi
2742 3115 3007 3179 tribuere
3033 3115 3279 3177 haereti·

1720 3233 1853 3280 cum
1872 3221 1982 3278 eat.
2010 3247 2090 3262 —
2113 3211 2290 3284 Quod
2316 3211 2371 3273 si
2386 3212 2642 3273 tandem
2671 3209 3025 3290 intelligant
3053 3207 3279 3269 huma-

1724 3309 1982 3370 nitatem
2009 3306 2234 3368 Christi
2261 3324 2336 3367 ex
2362 3303 2620 3386 speciali
2645 3309 2706 3365 et
2729 3301 3081 3364 voluntario
3111 3299 3280 3363 dono

1722 3403 1833 3464 Dei
1860 3419 1999 3464 esse
2029 3401 2285 3479 ubique,
2309 3397 2376 3459 id
2397 3399 2570 3460 estin
2593 3397 2886 3458 omnibus
2901 3395 3092 3456 rebus
3115 3412 3282 3456 crea·

1720 3495 1802 3556 tis
1826 3513 1966 3576 quae
2004 3495 2170 3555 intra
2209 3491 2458 3554 finitum
2505 3491 2774 3570 spatium
2823 3489 3279 3564 terminantur,

1723 3608 1848 3650 non
1877 3587 2156 3666 intelligo
2189 3585 2305 3647 hoc
2334 3603 2471 3646 esse
2501 3583 2908 3664 impossibile,
2941 3587 3049 3642 aut
3072 3581 3282 3660 impli-

1724 3701 1865 3743 care
1903 3678 2480 3750 contradictionem,
2507 3683 2576 3738 ut
2601 3681 2813 3756 aperte
2847 3675 3118 3736 ostendit
3165 3675 3285 3736 Eu-

1723 3775 2028 3837 charistiae
2047 3773 2459 3854 mysterium,
2492 3771 2647 3833 sicut
2677 3771 2843 3832 euim
2865 3788 3032 3830 nunc
3059 3767 3284 3832 Christi

1722 3867 2080 3930 humanitas
2106 3865 2358 3927 realiter
2391 3871 2485 3926 est
2522 3881 2804 3945 praesens
2849 3863 3060 3924 multis
3098 3859 3276 3937 lociS,

1722 3963 1806 4022 ita
1829 3962 2134 4042 potuisset
2156 3959 2268 4020 toti
2299 3959 2592 4019 universo
2621 3956 2757 4018 fieri
2786 3973 3060 4035 proesens
3089 3973 3106 4028 ς
3141 3955 3283 4016 nul-

1720 4055 1848 4115 lam
1888 4055 2059 4116 enim
2111 4053 2414 4132 maiorem
2459 4051 2944 4131 repugnantiam
2973 4049 3230 4110 involvit
3262 4071 3282 4126 ς

1721 4149 1846 4208 imo
1880 4165 1958 4208 ex
1985 4145 2155 4207 illius
2181 4145 2463 4225 mysterii
2509 4143 2569 4204 vi
2609 4151 2822 4225 posset
2865 4143 2930 4204 in
2983 4145 3276 4205 universo

1722 4241 1871 4302 orbe
1904 4241 2194 4314 existere,
2221 4239 2273 4302 si
2302 4238 2367 4298 in
2393 4237 2684 4299 omnihus
2711 4237 2993 4319 partibus
3021 4237 3278 4298 univer-

1720 4332 1773 4394 si
1798 4339 1962 4394 esset
1986 4331 2250 4394 materia
2281 4351 2357 4393 ex
2394 4349 2516 4411 qua
2547 4331 2700 4393 illud
2728 4331 3097 4412 mysterium
3128 4351 3279 4393 con-

1720 4426 1946 4496 ficitur,
1983 4431 2045 4487 et
2087 4443 2124 4486 a
2151 4425 2362 4487 debito
2419 4425 2702 4486 ministro
2737 4424 3132 4486 convenienti
3181 4425 3277 4486 iu-

1720 4518 1998 4582 tentione
2025 4517 2230 4579 forma
2260 4517 2698 4598 applicaretur.
2718 4518 2935 4580 Dicere
2959 4523 3171 4580 autem
3195 4519 3275 4580 de

1718 4612 1881 4674 facto
1900 4613 1986 4674 ita
2013 4629 2172 4687 esse,
2201 4629 2332 4673 non
2357 4611 2558 4673 solum
2582 4611 3110 4688 esttemerarium,
3131 4611 3282 4693 quia

1724 4711 1818 4769 est
1846 4711 2060 4767 contra
2089 4705 2346 4767 Patrum
2376 4705 2810 4766 auctoritatem
2843 4711 2906 4766 et
2931 4705 3284 4783 Theologo-

1722 4817 1863 4860 rum
1892 4798 2201 4874 omnium,
2228 4803 2289 4860 et
2318 4799 2454 4860 sine
2479 4797 2927 4870 fundamento;
2959 4796 3071 4859 sed
3093 4799 3283 4858 etiam

1723 4894 2107 4965 haereticum,
2164 4893 2311 4972 quia
2349 4898 2443 4954 est
2499 4897 2716 4953 contra
2765 4892 3186 4972 Scripturam,
3223 4899 3286 4953 et

1722 4993 1938 5049 contra
1969 4985 2092 5047 alia
2131 4986 2430 5066 mysteria
2460 4985 2629 5061 fidei,
2664 4990 2732 5045 ut
2757 4983 3132 5064 explicatum
3163 4990 3280 5058 est,

1724 5087 1786 5143 et
1824 5079 2182 5160 specialiter
2207 5085 2424 5141 contra
2451 5077 2816 5158 mysterium
2851 5077 3280 5155 Eucharistiae,

1722 5179 1909 5257 prout
1936 5173 2018 5236 ab
2041 5172 2336 5234 universa
2357 5171 2631 5234 Ecclesia
2678 5169 3066 5252 intelligitur,
3107 5171 3279 5250 quia,

1725 5267 1925 5348 posita
1955 5265 2060 5328 illa
2098 5266 2467 5344 ubiquitate,
2499 5281 2628 5326 non
2657 5265 2864 5344 magis
2913 5270 3077 5326 esset
3125 5282 3286 5344 prie-

1724 5379 1867 5423 sens
1900 5377 2128 5440 corpus
2156 5359 2377 5421 Christi
2408 5358 2471 5419 in
2504 5357 2833 5438 speciebus
2875 5356 3054 5436 panis
3092 5373 3282 5436 quam

1723 5457 1787 5518 in
1816 5454 1954 5517 aliis
1979 5453 2168 5515 rebus
2192 5473 2207 5528 ;
2234 5471 2442 5532 neque
2488 5452 2701 5532 quoad
2729 5451 2964 5514 realem
3005 5467 3282 5532 praesen-

1724 5549 1873 5613 tiam
1900 5547 2103 5629 magis
2131 5551 2484 5610 sumeretur
2513 5563 2548 5606 a
2586 5543 2769 5606 nobis
2797 5545 2862 5606 in
2891 5541 3284 5607 Eucharistia
