3892 6167
1374 336 1694 396 msPuTA‘r.
1727 338 1827 393 LV.
1862 340 2031 393 seur.
2061 340 2120 397 l'.

80 434 584 521 Augustinum,
614 434 657 501 l.
694 442 721 501 l
748 438 827 501 de
844 434 1063 501 Morib.
1098 439 1555 516 Eccles.,c.34,
1588 438 1698 501 ubi

76 534 545 611 reprehendit
576 550 687 596 eos
743 532 849 612 qui
893 532 976 594 ad
1014 533 1305 613 sepulcra
1346 539 1697 613 martyrum

82 627 355 706 epulas
380 626 696 689 deferunt.
722 624 1146 705 Reprehendit
1174 627 1343 688 enim
1369 642 1696 687 excessum

85 726 163 781 et
196 719 762 801 superstitionem,
804 724 875 781 ut
924 725 1095 799 patet
1141 737 1221 782 ex
1272 718 1395 782 illis
1435 719 1691 782 verbis:

86 812 651 877 luxuriosissime
667 830 851 893 super
874 818 1144 878 mortuos
1165 814 1442 888 bibentes,
1468 817 1524 877 et
1553 830 1699 894 epa-

88 908 209 972 las
256 908 669 972 cadaver-ibas
702 907 1057 989 praebentes.
1108 909 1265 969 Nam
1310 907 1699 988 quodsecta

89 999 243 1063 fide
296 1004 367 1063 et
420 998 767 1063 intentione
808 998 874 1061 id
920 999 1159 1063 factum
1209 1000 1538 1061 honestum
1594 1000 1697 1076 sit,

88 1093 297 1155 idem
334 1094 721 1175 Augustinus
752 1092 1055 1170 declarat,
1084 1092 1128 1156 l.
1170 1094 1213 1154 6
1238 1092 1511 1170 confes,
1541 1112 1595 1157 c.
1627 1098 1691 1171 2,

90 1187 141 1250 l.
198 1191 249 1251 8
277 1188 371 1250 de
397 1186 607 1263 civit„
630 1204 683 1250 c.
717 1190 820 1249 27.

186 1286 321 1345 42.
359 1282 449 1345 De
494 1281 675 1344 tertio
712 1290 1085 1363 argumento
1110 1280 1308 1347 multa
1336 1283 1696 1365 speculatur

96 1376 465 1452 Henricus,
510 1372 735 1451 Quodl.
786 1377 888 1447 10,
943 1392 1006 1455 q.
1038 1380 1077 1440 6
1095 1399 1115 1454 3
1147 1377 1433 1440 existimo
1482 1382 1694 1439 tamen

96 1488 252 1533 non
286 1476 425 1533 tam
472 1468 901 1550 metaphysice
932 1486 1125 1551 quam
1160 1470 1482 1533 moraliter
1510 1486 1694 1550 expe«

100 1563 444 1625 diendum
466 1578 607 1625 esse
624 1584 642 1639 3
658 1578 811 1625 uam
840 1562 1155 1644 (utstatim
1182 1560 1409 1645 dicam)
1431 1562 1602 1644 quod
1629 1563 1695 1624 in

98 1656 421 1737 reliqniis
447 1660 685 1733 manet,
707 1656 913 1719 solum
959 1656 1260 1720 adoratur
1300 1662 1559 1739 propter
1587 1656 1693 1719 ba-

100 1750 490 1813 bitudinem
532 1750 614 1813 ad
656 1768 992 1832 personam
1038 1752 1221 1831 cujus
1252 1750 1529 1830 reliquiae
1560 1751 1697 1813 fue·

102 1850 306 1907 runt.
334 1844 480 1910 Haec
506 1850 716 1906 autem
750 1843 1052 1907 habitudo
1082 1862 1211 1907 non
1234 1851 1328 1907 est
1351 1862 1451 1907 res
1484 1844 1698 1926 physi-

104 1956 219 2013 ca,
254 1956 391 2002 nec
427 1938 647 2002 relatio
678 1938 891 2011 realis,
923 1937 1039 2001 sed
1098 1938 1355 2001 rationis
1406 1957 1520 2001 seu
1564 1956 1697 2001 mo·

102 2035 283 2097 ralis
340 2032 630 2113 quaedam
684 2032 973 2113 dignitas.
1004 2050 1144 2112 quse
1192 2032 1431 2095 tamdiu
1460 2032 1690 2096 durare

107 2134 449 2201 censetur,
473 2126 776 2207 quamdiu
804 2145 909 2189 res
946 2126 1052 2188 illa
1078 2125 1196 2188 snb
1224 2126 1331 2190 tali
1366 2127 1593 2201 forma,
1622 2124 1694 2187 fi-

110 2238 297 2303 gura
331 2228 395 2283 et
422 2219 851 2283 accidentibus
884 2226 1314 2292 conservatur,
1366 2219 1454 2283 ita
1482 2223 1553 2282 ut
1580 2218 1693 2279 hu·

110 2332 329 2377 mano
365 2316 431 2377 et
478 2312 700 2376 morali
756 2312 945 2375 modo
992 2330 1096 2375 res
1134 2312 1521 2376 existimetur
1552 2329 1692 2374 esse

116 2408 388 2485 eadem,
426 2425 567 2489 quae
591 2406 673 2468 ad
700 2407 894 2469 talem
912 2406 1213 2470 Sanctum
1236 2406 1557 2488 pertinuit,
1580 2424 1697 2469 seu

119 2518 263 2582 qua
292 2503 397 2565 ille
426 2519 579 2564 usus
623 2506 740 2564 est.
789 2499 903 2561 Hic
947 2507 1154 2562 autem
1212 2504 1411 2562 status
1464 2498 1696 2560 durare

124 2602 456 2664 censetur,
479 2591 785 2675 quamdiu
804 2610 907 2655 res
930 2593 993 2655 in
1016 2610 1091 2655 ea
1116 2591 1521 2674 dispositione
1552 2610 1698 2654 con·

126 2696 425 2753 servatur
451 2704 642 2769 quam
678 2686 918 2761 babuit,
944 2686 1197 2767 quando
1228 2704 1267 2747 a
1296 2685 1405 2750 tali
1430 2684 1699 2767 persona

124 2786 432 2864 separata
459 2781 556 2843 vel
588 2778 802 2843 relicta
844 2778 985 2856 fuit,
1014 2779 1118 2841 vel
1142 2778 1367 2841 saltem
1394 2779 1699 2861 quamdiu

123 2896 269 2940 non
298 2876 569 2939 multum
608 2880 704 2937 est
735 2872 818 2935 ab
846 2871 953 2935 illo
982 2876 1149 2935 statu
1186 2874 1450 2949 mutata,
1479 2874 1543 2934 in
1572 2889 1698 2953 quo

130 2970 485 3035 adorabilis
534 2974 648 3043 est,
699 2966 848 3047 quia
878 2966 1105 3028 retinet
1134 2966 1493 3046 praedictam
1518 2966 1701 3028 habi-

133 3064 458 3139 tudinem,
487 3069 550 3125 et
590 3062 657 3123 in
714 3078 850 3123 esse
890 3058 1171 3140 reliquiae
1220 3060 1314 3139 (ut
1354 3060 1439 3123 ita
1472 3059 1698 3137 dicam)

142 3162 576 3220 conservatur.
606 3158 684 3217 At
701 3172 875 3231 vero,
900 3160 1234 3235 postquam
1260 3152 1475 3215 multae
1494 3158 1702 3215 trans·

139 3248 531 3315 mutationes
556 3248 976 3319 intercedunt,
1014 3252 1304 3309 censetur
1338 3245 1699 3325 hujusmodi

136 3360 249 3407 res
280 3340 640 3424 praedictam
672 3339 1099 3404 habitudinem
1127 3341 1439 3417 amittere,
1474 3345 1537 3402 et
1575 3346 1702 3402 sta·

132 3446 272 3502 tum
302 3456 416 3501 seu
445 3438 749 3500 rationem
778 3435 1187 3514 reliquiarum
1208 3433 1502 3515 perdere,
1520 3440 1582 3497 et
1608 3432 1700 3494 id-

134 3532 307 3595 circo
351 3530 703 3593 adorabiles
744 3546 875 3591 non
915 3533 1083 3590 sunt.
1117 3527 1466 3591 Praesertim
1522 3526 1696 3605 quia,

134 3626 399 3707 quando
440 3625 521 3687 ad
554 3642 698 3685 eum
728 3628 957 3684 statum
997 3621 1359 3697 deveniunt,
1382 3619 1554 3681 nulla
1583 3636 1698 3699 po-

132 3726 262 3783 test
285 3737 426 3782 esse
474 3716 805 3789 certitudo,
834 3722 897 3779 et
924 3732 1086 3797 saepe
1117 3732 1335 3777 earum
1364 3731 1577 3777 rerum
1596 3731 1699 3776 ve-

132 3815 385 3880 neratio
408 3814 833 3878 indecentiam
854 3830 982 3892 proe
1002 3830 1069 3873 se
1088 3811 1305 3887 ferret,
1325 3827 1466 3891 quse
1486 3816 1699 3871 tamen

134 3912 201 3972 in
258 3909 431 3973 omni
491 3908 785 3990 religioso
840 3905 1011 3967 cultu
1083 3904 1354 3967 maxime
1420 3901 1697 3966 cavenda

134 4010 255 4066 est.

762 4159 981 4217 SECTIO
1014 4155 1077 4215 11.

166 4300 307 4367 Quae
333 4295 583 4354 adoratio
610 4291 939 4351 Sanctorum
968 4291 1221 4363 reliquiis
1242 4286 1531 4347 tribuenda
1560 4286 1653 4342 sit.

218 4484 279 4541 l.
307 4480 377 4541 In
410 4478 527 4539 hac
547 4474 932 4538 dubitatione
956 4472 1110 4535 nihil
1143 4470 1272 4535 tere
1295 4470 1436 4532 novi
1461 4467 1697 4531 adden·

128 4575 293 4636 dum
320 4571 620 4646 occurrit3
665 4568 886 4631 eadem
916 4566 1081 4629 enirn
1111 4565 1414 4640 doctrina,
1444 4580 1583 4645 quse
1615 4562 1695 4623 de

130 4665 511 4729 adoratione
550 4664 897 4743 imaginum
942 4660 1089 4723 data
1116 4667 1233 4731 est,
1269 4668 1513 4721 servata
1558 4674 1705 4738 pro-

129 4760 461 4842 portione,
516 4763 613 4819 est
659 4756 742 4819 ad
794 4754 1089 4836 reliquias
1144 4751 1699 4815 accommodanda.

130 4851 636 4933 supponendum
661 4858 756 4912 est
784 4866 936 4930 ergo
966 4847 1262 4926 reliquias
1300 4863 1439 4908 esse
1486 4844 1703 4907 adora·

130 4946 303 5010 biles
325 4945 430 5008 illo
447 4944 680 5025 duplici
695 4942 882 5004 modo
899 4958 1087 5021 supra
1110 4940 1439 5021 explicato,
1466 4938 1695 5010 Primo,

131 5059 256 5123 per
273 5058 339 5101 se
368 5056 479 5100 seu
510 5037 1125 5114 solitarie,tanquam
1152 5032 1479 5094 materiam
1504 5037 1700 5093 totam

134 5132 545 5196 adorationis.
579 5128 892 5203 Secundo,
922 5133 993 5189 ut
1012 5127 1375 5207 conjunctas
1389 5141 1528 5187 cum
1553 5140 1700 5204 per·

135 5225 314 5289 sonis
338 5241 604 5304 quarum
621 5223 874 5286 fuerunt
902 5220 1198 5301 reliquiae,
1218 5220 1302 5280 ita
1329 5222 1399 5279 ut
1426 5232 1701 5298 persona

136 5318 277 5398 ipsa
318 5334 431 5397 per
480 5335 547 5379 se
579 5318 780 5397 primo
829 5315 1127 5377 adoretur
1154 5314 1219 5374 in
1248 5310 1554 5390 reliquiis„
1587 5326 1701 5371 seu

142 5430 261 5493 per
288 5410 589 5491 reliquias
616 5426 755 5489 quae
784 5408 969 5472 simul
1000 5407 1442 5472 coadorantur.

231 5506 292 5567 2.
339 5504 689 5568 Dicendum
718 5510 811 5568 est
835 5522 985 5586 ergo
1016 5502 1242 5586 primo,
1296 5500 1520 5566 eadem
1566 5497 1715 5563 ado·

488 5626 639 5673 xvm
646 5654 663 5673 ι

3231 342 3350 402 657

1778 437 2019 501 ratione
2061 458 2185 519 qua
2229 436 2529 503 adoratur
2573 456 2869 523 persona,
2909 458 3095 522 posse
3141 443 3341 509 inter-

1777 530 1929 593 dum
1960 532 2258 610 reliquias
2281 534 2416 611 eius
2441 533 2790 595 coadorari.
2823 534 2916 595 Ita
2963 534 3176 601 docuit
3219 540 3344 601 Da·

1775 632 2171 698 masc.,orat.
2199 628 2238 687 3
2264 626 2345 689 de
2373 624 2554 689 Cultu
2579 626 2798 705 imag„
2825 631 2886 688 et
2915 627 3230 707 colligitur
3260 650 3342 695 ex

1777 718 1883 779 v11
1912 716 2177 799 Synod„
2210 724 2331 781 act.
2360 722 2424 796 4,
2454 718 2566 781 ubi
2598 738 2678 783 ex
2705 719 2967 782 Leontio
2997 722 3130 784 haec
3151 724 3347 787 verba

1778 808 2176 873 referuntur:
2215 810 2718 886 Quemadmodum
2745 813 2895 893 filii,
2929 814 3348 897 peregrinante

1774 904 2224 986 patrednqenti
2244 922 2445 967 amore
2471 922 2545 969 eze
2563 906 2764 969 animo
2780 924 2926 987 erpa
2949 924 3079 970 eum
3107 910 3339 989 affecti,

1782 996 2079 1079 quidquid
2098 996 2164 1060 in
2192 998 2373 1063 illiue
2391 998 2557 1062 domo
2577 998 2864 1075 viderint,
2888 1000 3016 1064 sive
3041 1000 3342 1080 baculum,

1774 1090 1903 1153 eive
1945 1090 2161 1166 eedem,
2195 1108 2331 1155 cum
2377 1091 2672 1171 lacrymis
2724 1090 3175 1173 amplexantur,
3225 1112 3347 1159 non

1773 1180 1888 1244 illa
1912 1182 2292 1258 honorantes,
2318 1185 2424 1249 sed
2447 1190 2688 1267 patrem
2712 1185 3120 1253 desiderantes
3159 1193 3216 1252 et
3245 1208 3342 1254 ve·

1774 1282 2077 1351 morantes,
2099 1278 2192 1342 sie
2213 1294 2324 1341 noe
2347 1276 2690 1354 Christum,
2712 1282 2770 1343 et
2795 1280 3062 1362 reliquos
3078 1280 3344 1348 Sanetoe

1777 1371 2051 1440 colimus.
2083 1377 2203 1435 etc.
2249 1374 2340 1434 Ex
2370 1372 2598 1452 quibus
2626 1373 2838 1436 verbis
2881 1374 3041 1438 ratio
3090 1376 3341 1440 conclu·

1776 1463 1972 1527 sionis
2015 1467 2304 1530 sumitur.
2342 1468 2522 1541 Nam,
2574 1467 2719 1531 licet
2744 1468 3028 1549 reliquiae
3075 1489 3148 1534 re
3200 1471 3338 1554 ipsa

1776 1566 2079 1639 separatae
2107 1560 2234 1623 sint
2261 1580 2299 1623 a
2328 1560 2618 1643 personis
2653 1579 2922 1642 quarum
2949 1563 3209 1627 fuerunt
3244 1584 3347 1630 re·-

1772 1651 2007 1732 liquioe,
2049 1658 2264 1717 mente
2291 1660 2506 1717 tamen
2561 1662 2828 1735 possunt
2875 1662 2947 1719 ut
2987 1659 3338 1739 conjuncta

1776 1746 2208 1827 apprehendi3
2257 1765 2408 1829 ergo
2457 1746 2615 1809 sicut
2651 1748 2866 1823 vestis,
2909 1748 3084 1812 verbi
3113 1752 3339 1833 gratia,

1776 1836 1837 1903 S.
1868 1836 2276 1915 ancisci,si
2300 1848 2466 1903 esset
2499 1858 2722 1904 revera
2752 1842 3088 1924 conjuncta
3122 1862 3342 1925 perso-

1774 1950 1872 1996 nae
1893 1934 2056 2015 ejus,
2077 1940 2290 2015 posset
2316 1953 2462 1997 cum
2484 1934 2611 2007 illa,
2639 1934 2830 1999 unica
2846 1935 3092 2000 actione
3115 1939 3338 2004 adora·

1774 2028 1826 2089 ri
1847 2028 1957 2098 ita,
1973 2034 2034 2089 et
2063 2046 2231 2089 nunc
2247 2028 2532 2109 quamvis
2551 2028 2614 2090 in
2640 2048 2710 2091 re
2736 2030 2872 2110 ipsa
2896 2031 3208 2111 disjuncta
3231 2034 3333 2112 sit,

1773 2126 1978 2202 potest
1997 2121 2282 2184 similiter
2309 2122 2453 2184 coli.
2475 2122 2632 2194 Quia
2661 2126 2890 2185 mentis
2917 2125 3339 2204 apprehensio

1773 2216 2398 2296 potestconjuugere,
2423 2220 2487 2277 et
2515 2233 2628 2295 per
2652 2215 2913 2278 modum
2935 2218 3120 2280 unius
3139 2220 3218 2281 ad
3239 2238 3342 2284 co·

1774 2306 2032 2370 lendum
2060 2326 2412 2389 proponere
2429 2324 2536 2371 eas
2559 2326 2662 2371 res
2692 2327 2852 2390 qum,
2875 2308 3020 2372 licet
3037 2313 3338 2392 sejunctae

1776 2400 1922 2477 sint,
1961 2400 2390 2464 habitudinem
2437 2407 2651 2465 tamen
2702 2403 2868 2465 inter
2914 2422 2980 2466 se
3041 2406 3334 2472 retinent.

1860 2496 1917 2556 3.
1966 2495 2265 2559 Adoraeio
2283 2495 2568 2577 reliquiis
2589 2495 2956 2561 Sanctorum
2978 2497 3173 2563 debita
3197 2520 3341 2583 qua·

1777 2589 1974 2652 lie.—
1987 2588 2274 2653 Secundo
2299 2589 2548 2666 dicitur,
2583 2589 2836 2668 quaudo
2865 2590 3145 2669 reliquiae
3169 2612 3340 2659 seor·

1780 2699 1923 2745 sum
1970 2689 2033 2745 et
2061 2701 2174 2764 per
2205 2700 2272 2745 se
2308 2682 2676 2761 adorantur,
2707 2683 3141 2748 adorationem
3170 2688 3342 2751 illam

1781 2794 1919 2840 esse
1934 2777 2352 2855 respectivam
2373 2783 2436 2839 et
2463 2776 2851 2854 inferiorem,
2871 2784 2935 2841 et
2953 2796 3343 2862 consequen-

1778 2874 1878 2933 ter
1904 2888 2043 2934 esse
2077 2872 2395 2934 diversum
2425 2877 2635 2934 actum
2661 2868 2742 2933 ab
2780 2871 2885 2934 illo
2914 2891 3040 2954 quo
3070 2893 3343 2955 persona

1782 2971 2043 3047 propter
2066 2983 2135 3028 se
2152 2965 2472 3042 adoratur,
2495 2964 2779 3045 quamvis
2806 2965 2890 3029 ad
2908 2969 3204 3032 eumdem
3233 2972 3342 3035 ba·

1780 3058 1982 3121 bitum
2012 3059 2341 3141 pertineat.
2375 3058 2531 3121 Tota
2557 3058 2880 3122 conclusio
2907 3066 3004 3124 est
3031 3062 3232 3127 facilis
3264 3085 3342 3129 ex

1781 3168 1973 3232 supra
2005 3152 2185 3215 dictis
2231 3154 2314 3215 de
2361 3152 2762 3235 imaginibus.
2817 3152 2974 3216 Nam
3029 3162 3195 3220 totus
3241 3158 3342 3224 bic

1780 3246 1987 3308 cultus
2013 3245 2315 3309 fundatur
2339 3245 2407 3307 in
2437 3247 2802 3309 excellentia
2830 3250 2896 3310 et
2920 3251 3250 3316 sanctitate
3275 3254 3345 3317 il·

1779 3339 1903 3401 lius
1932 3356 2218 3417 personae
2245 3338 2428 3417 cujus
2454 3340 2734 3418 reliquiae
2770 3347 2937 3402 sunt.
2973 3342 3128 3405 Cum
3170 3346 3343 3410 enim

1780 3432 1929 3513 ipsae
1959 3432 2079 3493 sint
2105 3448 2209 3493 res
2237 3433 2363 3493 vita
2389 3437 2453 3493 et
2481 3431 2724 3494 ratione
2743 3438 3048 3506 carentes,
3081 3444 3339 3517 propter

1781 3544 1847 3588 se
1869 3524 2224 3587 adorabiles
2245 3542 2373 3586 non
2396 3528 2561 3586 sunt.
2585 3524 2748 3605 Ergo
2774 3524 2876 3586 illa
2899 3526 3182 3589 adoratio
3209 3547 3339 3592 uon

1781 3624 1986 3699 potest
2013 3636 2154 3680 esse
2206 3618 2516 3693 absoluta,
2546 3618 2659 3679 sed
2698 3618 3067 3699 respectiva,
3101 3627 3165 3683 et
3191 3638 3341 3683 con-

1780 3718 2122 3791 sequenter
2149 3710 2441 3773 distincta
2481 3709 2702 3773 saltem
2733 3710 2944 3790 quoad
2998 3719 3208 3775 actum
3258 3716 3341 3779 ab

1781 3804 2066 3868 absoluta
2097 3805 2384 3883 ejusdem
2437 3822 2721 3886 personae
2770 3804 3170 3881 adoratione;
3210 3826 3342 3872 non

1780 3906 1991 3962 tamen
2032 3898 2244 3980 quoad
2287 3897 2608 3975 habitum,
2658 3898 2808 3981 quia
2855 3899 3224 3964 excellentia
3274 3901 3343 3967 in

1780 4011 1908 4075 qua
1961 4000 2230 4072 uterque
2266 3999 2443 4055 actus
2484 3992 2725 4069 nititur,
2759 3995 2824 4055 et
2857 4011 3047 4075 quam
3101 4014 3218 4075 per
3273 4016 3342 4063 se

1780 4088 1986 4169 primo
2029 4086 2283 4165 respicit
2312 4084 2585 4162 habitus,
2617 4084 2842 4148 eadem
2881 4092 3000 4163 est,
3051 4088 3212 4153 sicut
3257 4090 3338 4155 de

1779 4179 2162 4263 imaginibus
2191 4177 2484 4243 diximus.

1859 4278 1921 4337 4.
1974 4272 2192 4339 Cultus
2233 4272 2637 4355 reliquiarum
2669 4272 2952 4357 quomodo
2992 4276 3340 4362 reliqiosus.

1777 4365 2257 4434 —Gonstantini
2315 4367 2708 4447 imperatorie
2759 4384 2907 4448 crya
2969 4366 3340 4437 Sanctorum

1778 4463 2078 4545 reliquiae
2096 4462 2294 4541 pietas
2321 4458 3058 4543 qualie.—Reliquiarum
3086 4465 3344 4531 vendicio

1782 4558 2143 4621 simoniaca.
2179 4588 2258 4600 —
2286 4554 2360 4615 Et
2388 4552 2533 4615 hinc
2563 4561 3023 4635 consequenter
3053 4556 3340 4635 infertur,

1785 4653 1954 4715 hunc
2009 4652 2248 4713 cultum
2297 4648 2710 4729 reliquiarum
2764 4666 2905 4712 esse
2944 4649 3306 4730 religiosum
3325 4698 3348 4731 ,

1786 4744 1960 4809 etad
2007 4745 2302 4824 pietatem
2332 4742 2779 4823 pertinentem,
2810 4741 2892 4803 ad
2949 4742 3209 4805 modum
3260 4743 3341 4807 dc

1786 4837 2168 4918 imaginibus
2222 4836 2621 4917 explicatum.
2675 4834 2830 4907 Quia
2896 4838 3067 4895 totus
3119 4834 3346 4900 funda·

1782 4940 1887 4997 tur
1942 4932 2008 4993 in
2068 4930 2286 4993 eadem
2339 4931 2668 4993 sanctitate
2690 4972 2707 5002 ,
2758 4932 2824 4989 et
2874 4926 2955 4987 ad
3009 4926 3178 4992 idem
3233 4930 3346 4993 bo-

1781 5046 1934 5089 num
1962 5025 2185 5097 animae
2213 5022 2500 5087 refertur.
2523 5020 2702 5086 Unde
2728 5037 2842 5101 per
2859 5018 3134 5083 actiones
3161 5031 3346 5089 etres

1783 5138 1994 5183 sacras
2035 5116 2349 5192 tribuitur,
2385 5122 2455 5177 ut
2485 5119 2632 5175 sunt
2676 5112 2934 5192 templa,
2967 5114 3208 5191 altaria,
3235 5136 3345 5199 pe-

1782 5212 2239 5294 regrinationes
2262 5255 2283 5286 ,
2328 5214 2391 5271 et
2453 5206 2700 5269 similia.
2741 5205 2922 5269 Unde
2967 5206 3251 5284 Hieron„
3283 5211 3348 5273 in

1785 5327 1841 5371 c.
1866 5304 2350 5387 quadragesimo
2379 5299 2685 5362 Ezechiel.
2695 5344 2716 5376 ‚
2747 5298 2826 5361 de
2862 5316 2930 5359 se
2961 5298 3096 5379 ipso
3132 5300 3344 5379 refert,

1792 5420 1934 5466 cum
1968 5408 2135 5464 esset
2175 5414 2354 5481 puer,
2404 5401 2466 5457 et
2504 5394 2718 5456 Romae
2750 5402 3130 5471 versaretur,
3164 5396 3349 5460 valde

1793 5498 1993 5565 fuisse
2022 5494 2358 5559 sollicitum
2399 5490 2462 5554 in
2492 5488 2794 5572 sepulcris
2815 5488 3256 5571 Apostolorum
3291 5498 3358 5557 et

2960 5598 3040 5658 42
