3892 6167
566 309 691 400 21⁸

566 459 731 504 mus.
760 442 897 504 Non
916 437 1233 519 explicant
1255 445 1469 503 autem
1494 439 1560 502 hi
1582 440 1856 504 haeretici
1884 457 1971 501 an
1990 439 2128 499 haec

570 534 1055 598 communicatio
1079 539 1313 595 mutua
1349 536 1451 612 sit,
1478 535 1545 597 id
1576 541 1690 610 est,
1722 553 1805 596 an
1846 531 2130 596 similiter

566 631 985 713 proprietates
1003 628 1411 690 humanitatis
1434 629 1980 692 communicentur
1993 643 2130 688 rea-

567 723 715 786 liter
738 728 981 785 naturas
1020 722 1267 797 divinae,
1300 741 1667 804 quanquam
1696 739 1775 785 ex
1817 723 1931 796 eis,
1985 737 2130 801 quse

569 816 808 890 dicunt,
836 817 1045 897 potius
1068 816 1190 878 hoc
1218 835 1452 897 negare
1482 835 1673 896 quarn
1701 817 2016 878 affirmare
2038 814 2132 876 vi·

570 911 859 972 deantur.
890 911 1109 988 Neque
1148 911 1335 972 etiam
1370 911 1523 973 satis
1570 912 1883 991 explicant
1928 908 2134 989 qualis

570 1021 708 1066 csse
736 1003 931 1084 possit
953 1004 1057 1065 illa
1084 1005 1271 1066 realis
1290 1003 1779 1068 communicatio
1803 1001 2136 1066 attributo-

568 1117 708 1160 rum
741 1098 857 1160 Dei
887 1098 971 1160 ad
996 1098 1340 1163 humanam
1368 1105 1683 1162 naturam.

648 1193 707 1253 2.
752 1192 881 1254 Illis
909 1209 1059 1272 ergo
1090 1193 1357 1268 omissis,
1389 1193 1529 1254 dico
1550 1195 1801 1272 primo:
1840 1209 1918 1253 ex
1961 1208 2129 1271 mys-

568 1287 725 1348 terio
756 1285 1202 1348 incarnationis
1230 1292 1570 1349 consecuta
1594 1293 1689 1348 est
1712 1303 1861 1348 vera
1887 1303 1962 1346 ac
1987 1303 2130 1364 pro·

567 1379 705 1460 pria
728 1381 1211 1442 communicatio
1250 1379 1622 1442 idiomatum
1648 1379 1812 1442 inter
1836 1381 2037 1440 Deum
2065 1383 2130 1440 et

568 1473 909 1536 hominem.
934 1475 1078 1535 Haec
1107 1473 1449 1551 conclusio,
1483 1474 1845 1553 simpliciter
1864 1473 2130 1552 loquen-

566 1566 671 1639 do,
703 1574 799 1630 vest
822 1567 903 1630 de
934 1567 1083 1654 fide,
1116 1573 1186 1628 ut
1212 1567 1441 1630 docent
1469 1583 1693 1629 omnes
1710 1567 2036 1648 Theologi,
2062 1567 2129 1628 in

568 1663 628 1736 3,
662 1661 725 1722 d.
754 1665 795 1722 4
824 1667 887 1724 et
914 1663 977 1738 7,
1008 1667 1071 1724 et
1098 1666 1345 1722 constat
1370 1679 1447 1724 ex
1475 1679 1665 1742 supra
1692 1659 1871 1722 dictis
1900 1660 1982 1722 de
2009 1663 2129 1724 hoc

566 1755 899 1836 mysteri03
942 1755 1334 1818 ostendimus
1374 1757 1542 1818 enim
1600 1772 1747 1818 vere
1778 1772 1852 1816 ac
1880 1755 2130 1834 proprie

566 1849 769 1910 Deum
827 1867 965 1911 esse
1018 1851 1341 1912 hominem
1400 1849 1659 1924 factum,
1714 1854 1776 1910 et
1832 1865 2032 1910 unum
2067 1853 2130 1912 et

568 1942 864 2004 eumdem
894 1961 1032 2006 esse
1084 1945 1281 2006 Deum
1312 1950 1377 2006 et
1414 1945 1769 2016 hominem:
1826 1948 1889 2003 et
1928 1960 2009 2003 ex
2037 1943 2130 2003 di·

568 2034 783 2096 cendis
816 2037 1023 2098 statim
1065 2038 1132 2098 in
1178 2035 1582 2101 conclusione
1612 2037 1795 2099 tertia
1831 2035 1951 2097 hoc
1995 2053 2128 2096 am·

568 2129 733 2212 plius
762 2131 1089 2194 constabit.

650 2227 708 2287 3.
752 2225 904 2288 Dico
935 2227 1209 2290 secundo
1239 2247 1253 2290 ε
1292 2229 1428 2290 haec
1457 2227 1941 2292 communicatio
1974 2226 2130 2289 idio·

564 2323 809 2381 matum
838 2337 966 2382 non
990 2322 1271 2383 consistit
1296 2323 1362 2383 in
1385 2321 1539 2384 reali
1560 2319 2130 2384 communicatione

569 2413 1015 2477 attributorum
1035 2415 1375 2478 divinitatis
1394 2416 1559 2478 facta
1581 2415 1952 2478 humanitati
1969 2429 1990 2492 3
2015 2433 2132 2476 un·

566 2507 646 2568 de
696 2507 895 2570 multo
930 2509 1145 2570 minus
1178 2511 1548 2589 mysterium
1590 2510 1794 2589 ipsum
1842 2510 2130 2572 incarna-

565 2601 755 2662 tionis
784 2608 991 2683 potest
1015 2603 1081 2664 in
1104 2603 1211 2664 illa
1240 2603 1807 2666 communicatione
1827 2604 2130 2666 consiste-

565 2711 657 2756 re.
692 2695 867 2756 Hanc
896 2694 1364 2757 conclusionem
1389 2697 1581 2757 etiam
1610 2713 1839 2758 censeo
1883 2713 2022 2759 esse
2049 2698 2130 2761 de

565 2785 715 2850 fide.
750 2788 955 2850 Primo
976 2834 997 2866 ‚
1030 2789 1178 2868 quia
1206 2789 1305 2851 vel
1342 2790 1475 2852 haec
1524 2789 2006 2853 communicatio
2040 2799 2132 2855 at-

568 2879 943 2943 tributorum
974 2883 1341 2962 intelligitur
1380 2899 1515 2944 esse
1560 2899 1676 2962 per
1720 2883 1931 2964 aliqua
1963 2885 2132 2947 dona

569 2973 1017 3053 accidentalia,
1068 2977 1166 3038 vei
1196 2975 1345 3056 quia
1380 2977 1651 3056 ipsamet
1696 2976 2130 3039 substantialia

568 3068 871 3130 attributa
899 3070 1009 3131 Dei
1038 3087 1155 3148 per
1182 3089 1249 3132 se
1278 3068 1623 3131 fonnaliter
1664 3072 2130 3132 communican-

568 3168 673 3224 tur
696 3163 1091 3224 humanitati.
1126 3161 1187 3225 Si
1219 3165 1495 3242 primum
1518 3163 1784 3239 dicatur,
1810 3165 2014 3243 primo
2035 3166 2132 3227 in-

570 3255 797 3318 ciditur
816 3256 883 3315 in
914 3273 1195 3318 errorem
1224 3257 1516 3333 Nestorii,
1542 3258 1689 3336 quia
1707 3257 1844 3336 jam
1866 3275 1996 3318 non
2020 3276 2130 3338 po·

569 3349 743 3411 nitur
772 3349 1220 3425 substantial’iS,
1253 3350 1365 3412 sed
1394 3351 1794 3413 accidentalis
1820 3352 1996 3414 unic.
2023 3354 2130 3414 Se·

572 3443 802 3519 cundo,
850 3441 1077 3504 falsum
1124 3449 1217 3505 est
1264 3443 1475 3505 dicere
1524 3445 1791 3524 ipsamet
1836 3445 2129 3506 attributa

568 3537 683 3597 Dei
711 3553 859 3598 vere
888 3537 1213 3618 praedicari
1252 3537 1330 3599 de
1366 3538 1781 3612 humanitate,
1818 3537 1968 3618 quia
2001 3555 2130 3599 non

570 3629 1078 3708 praedicabuntur
1118 3631 1236 3692 nisi
1280 3631 1789 3711 participationes
1838 3631 2130 3710 quaedam

570 3722 818 3785 illorum
848 3725 1289 3786 attributorum
1312 3744 1327 3800 ;
1364 3743 1512 3786 nam
1538 3743 1655 3805 per
1683 3731 1960 3787 creatam
1987 3743 2127 3806 par-

570 3817 999 3898 ticipationem
1040 3819 1506 3899 omnipotentia‘
1550 3837 1681 3880 non
1729 3825 1937 3900 potest
1981 3837 2130 3881 vere

570 3909 694 3972 dici
740 3912 1103 3973 humanitas
1154 3914 1581 3992 omni·poten8‚
1638 3929 1713 3973 eo
1766 3911 1958 3974 modo
2003 3929 2129 3990 quo

571 4005 739 4066 Deus
768 4005 905 4086 ipse
938 4009 1335 4087 omnipotens
1362 4013 1458 4069 est
1476 4052 1491 4078 ‚
1520 4011 1593 4066 ut
1616 4012 1835 4083 aperte
1858 4012 2128 4083 constat,

573 4099 718 4180 quia
746 4114 953 4178 neque
984 4101 1064 4162 ab
1092 4100 1318 4180 aequali
1340 4099 1723 4180 perfectione
1746 4107 1993 4180 sumpta
2013 4101 2133 4162 erit

568 4192 675 4254 illa
714 4192 1165 4254 denominatio,
1200 4195 1279 4254 Et
1312 4192 1515 4253 simile
1546 4197 1641 4253 est
1676 4192 1753 4253 de
1778 4192 1917 4252 aliis
1955 4192 2128 4253 atti-i·-

571 4284 760 4345 butis.
791 4285 1112 4358 Quocirca,
1146 4286 1435 4364 quamvis
1460 4285 1805 4346 secundum
1832 4303 2049 4346 veram
2070 4291 2132 4347 et

573 4377 943 4438 catholicam
972 4377 1344 4452 doctrinam,
1368 4395 1444 4438 ex
1468 4378 1701 4438 unione
1736 4376 2132 4438 substantiali

572 4469 979 4531 humanitatis
1006 4459 1088 4530 fid
1117 4467 1336 4543 Deum,
1362 4471 1435 4531 in
1460 4489 1587 4549 qna
1612 4469 1737 4531 hoc
1762 4471 2134 4550 mysterium

573 4562 872 4637 consistit,
916 4568 1135 4624 secuta
1188 4563 1313 4624 sint
1356 4563 1423 4623 in
1468 4555 1860 4624 humanitate
1903 4565 2134 4626 eximia

572 4653 742 4716 dona
790 4671 907 4734 per
944 4670 1085 4736 quac
1140 4655 1380 4718 divinas
1426 4656 1843 4736 perfectiones
1880 4659 2134 4736 partici-

572 4754 704 4828 pat,
732 4755 949 4810 tamen
978 4750 1467 4812 communicatio
1487 4751 1855 4814 idiomatum
1881 4753 2134 4832 propria

572 4859 652 4902 ac
684 4857 857 4918 vera,
888 4857 1082 4921 qnam
1110 4843 1269 4904 fides
1298 4843 1503 4918 docet,
1556 4863 1689 4905 non
1738 4845 2020 4906 consistit
2066 4846 2132 4906 in

572 4935 671 4996 his
704 4935 905 5009 donia,
946 4951 1157 5017 neque
1206 4937 1270 4998 in
1316 4937 1869 5017 praedicationibus
1892 4937 1977 5000 ab
2015 4938 2134 5000 illis

572 5027 945 5109 desumptis,
978 5031 1125 5108 quia
1152 5030 1262 5091 illa⁴
1286 5037 1437 5092 sunt
1462 5031 1628 5093 dona
1656 5038 1889 5104 creata,
1916 5037 1981 5092 et
2003 5049 2135 5094 non

574 5124 873 5204 suntipsa
890 5124 1246 5186 essentialia
1272 5132 1335 5186 et
1360 5125 1639 5187 increata
1669 5126 1972 5187 attributa
1993 5125 2130 5199 Dei,

570 5233 710 5298 quas
736 5223 952 5278 tamen
994 5219 1321 5298 praedicari
1363 5219 1601 5281 debent
1651 5219 1729 5281 de
1766 5220 2022 5280 homine
2069 5219 2132 5278 in

572 5327 721 5372 vera
750 5312 1121 5374 idiomatum
1146 5314 1734 5389 communicatione,
1762 5313 1917 5374 alias
1942 5313 2132 5374 homo

572 5418 703 5465 non
734 5413 901 5466 esset
930 5423 1114 5470 verus
1149 5408 1335 5482 Dens,
1380 5407 1495 5469 sed
1526 5413 1769 5470 tantum
1800 5423 1913 5486 per
1938 5405 2133 5486 parti-

576 5497 975 5576 cipationem.

1806 335 2044 403 Qum.
2075 335 2206 390 xvi.
2238 335 2441 391 ιιι-ιιι.
2473 302 2525 391 ι.’

2285 440 2351 499 4.
2391 437 2456 500 Si
2505 441 2715 500 autem
2762 435 3010 500 dicetur
3051 439 3415 506 secundum
3428 488 3450 521 ,
3501 429 3732 531 scilicet,

2209 531 2844 594 communicationem
2871 531 3038 594 hano
3055 549 3194 598 csse
3219 534 3576 602 divinorum
3597 548 3730 610 attii-

2209 625 2534 699 bntorum,
2565 632 2752 706 prout
2778 625 2846 687 in
2899 644 2970 688 se
3019 633 3168 690 sunt
3211 629 3526 708 increata,
3551 643 3609 697 et
3649 658 3733 717 per

2212 719 2546 780 essentiam
2565 765 2581 793 ,
2613 719 2734 782 hoc
2785 720 2975 782 etiam
3025 727 3234 801 potest
3281 723 3534 788 duobus
3571 733 3732 796 modis

2213 813 2532 893 explicari.
2572 815 2798 890 Primo,
2829 822 2901 876 ut
2937 815 3141 878 scium
3173 817 3480 881 dicantur
3505 840 3734 890 commu-
3796 891 3797 900 χ

2211 908 2410 969 nicari
2439 907 2837 984 humanitati,
2863 909 3012 988 quia
3039 909 3124 972 illi
3142 911 3462 974 uniuntur
3480 919 3732 996 tanquam
3796 901 3797 972 Ϊ

2211 999 2666 1078 instrumento,
2695 1019 2811 1081 per
2839 1001 3010 1081 quod
3037 1001 3342 1066 divinitas
3373 1009 3582 1070 omnia
3619 1029 3734 1090 ope-

2210 1101 2409 1171 ratur,
2451 1101 2514 1156 et
2564 1095 2630 1156 in
2685 1113 2810 1175 quo
2861 1096 3001 1174 eius
3053 1097 3400 1178 sapientia,
3423 1099 3670 1180 justitia,
3689 1113 3736 1168 et

2213 1189 2336 1252 alia
2363 1190 2662 1252 attributa
2685 1189 2986 1270 singulari
3005 1191 3194 1254 modo
3221 1191 3540 1258 relucent.
3558 1197 3624 1259 Et
3645 1198 3732 1260 hoc

2209 1288 2414 1344 totum
2445 1301 2565 1346 nec
2598 1283 2984 1346 transcendit
3030 1302 3320 1348 errorem
3351 1289 3632 1366 Nestorii,
3655 1293 3730 1371 qui

2211 1374 2547 1437 damnatus
2577 1382 2694 1452 est,
2717 1394 2794 1440 eo
2815 1377 2987 1457 quod
3005 1377 3248 1442 diceret
3279 1378 3456 1442 hanc
3482 1384 3730 1446 unionem

2209 1467 2442 1531 factam
2472 1488 2609 1532 esse
2637 1489 2754 1550 per
2791 1472 3138 1552 energiam,
3193 1491 3314 1536 seu
3367 1473 3702 1554 dignitatem
3713 1495 3729 1555 ;

2211 1580 2330 1624 nec
2364 1564 2592 1626 sufficit
2619 1571 2691 1626 ut
2723 1583 2866 1628 vere
2887 1583 2964 1628 ac
2990 1569 3246 1646 proprie
3275 1567 3408 1632 dici
3445 1571 3628 1648 possit
3641 1573 3730 1632 hu-

2209 1657 2482 1719 manitas
2511 1658 2933 1737 omnipotens,
2975 1665 3038 1722 et
3081 1659 3344 1725 similia.
3407 1662 3580 1738 Quia,
3621 1665 3732 1728 licet

2210 1750 2554 1831 principale
2575 1769 2774 1830 agens
2789 1759 2999 1816 utatur
3017 1755 3474 1832 instrumento,
3495 1775 3612 1818 non
3628 1777 3730 1837 pro-

2209 1850 2426 1924 pterea
2474 1847 2726 1926 propria
2769 1848 3070 1926 perfectio
3116 1848 3493 1928 principalis
3538 1853 3730 1929 agentis

2207 1944 2415 2024 potest
2443 1957 2594 2002 vere
2631 1958 2706 2001 ac
2745 1943 2998 2022 proprie
3037 1943 3116 2003 de
3163 1943 3311 2023 ipso
3361 1943 3727 2008 instrumento

2207 2031 2556 2112 praedicari.
2589 2033 2880 2096 Secundo
2923 2035 3114 2098 modo
3141 2043 3368 2117 posset
3413 2037 3532 2099 hoc
3555 2037 3632 2100 ita
3663 2040 3730 2099 in-

2208 2127 2406 2205 telligi
2423 2171 2445 2202 ,
2499 2133 2570 2189 ut
2619 2127 2756 2208 ipsa
2803 2130 3160 2192 essentialia
3203 2131 3514 2194 attributa
3555 2132 3727 2192 divini-

2209 2219 2358 2282 tatis
2403 2219 2492 2283 ita
2539 2222 2841 2284 uniantur
2881 2222 3290 2298 humanitati,
3325 2231 3400 2288 ut
3437 2225 3598 2286 iilam
3621 2243 3728 2286 con-

2211 2313 2474 2378 stituant
2523 2315 2874 2378 formaliter
2931 2317 3290 2396 sapientem
3311 2363 3334 2394 ,
3389 2318 3725 2398 omnipoten-

2209 2411 2364 2485 tem,
2391 2415 2510 2471 etc.
2537 2407 2758 2472 Et'hoc
2787 2409 3095 2490 imprimis
3119 2417 3218 2474 est
3241 2411 3530 2474 incidere
3569 2413 3624 2473 in
3659 2429 3725 2472 er-

2208 2519 2416 2564 rorem
2447 2501 2834 2582 Eutychetis,
2867 2505 3016 2581 quia
3053 2511 3224 2567 esset
3251 2505 3412 2568 unio
3435 2506 3502 2568 in
3527 2511 3720 2576 natura,

2209 2614 2354 2657 cum
2369 2595 2660 2658 divinitas
2690 2597 2974 2660 uniretur
2988 2597 3368 2662 humanitati
3383 2617 3500 2678 per
3521 2598 3722 2660 modam

2209 2688 2447 2751 formas.
2502 2689 2746 2752 Deinde
2801 2697 2897 2752 est
2941 2690 3132 2770 plane
3179 2690 3604 2772 impossihile,
3627 2699 3717 2754 tum

2207 2783 2359 2862 quia
2385 2783 2762 2862 generaliter
2779 2783 3166 2863 impossibile
3187 2790 3310 2862 est,
3345 2787 3612 2850 divinam
3626 2803 3720 2864 per·

2209 2876 2568 2950 fectionem,
2585 2883 2776 2954 prout
2799 2876 2866 2940 in
2886 2894 2954 2939 se
2971 2883 3092 2951 est,
3116 2878 3472 2942 informare
3490 2883 3717 2942 naturam

2214 2976 2528 3046 creatam3
2562 2974 2697 3030 tum
2727 2969 2919 3032 etiam
2949 2971 3096 3050 quia
3121 2971 3509 3050 quibusdam
3546 2969 3718 3032 divinis

2213 3063 2522 3126 attributis
2547 3063 2903 3142 specialiter
2929 3071 3268 3144 repugnat,
3297 3065 3424 3128 hoc
3449 3065 3618 3128 medo
3635 3063 3718 3124 for-

2211 3156 2458 3218 maliter
2475 3157 2927 3220 communicari
2947 3164 3058 3220 aut
3077 3159 3416 3237 praedicari
3439 3159 3520 3220 de
3546 3160 3718 3218 huma-

2207 3251 2439 3323 nitate;
2477 3249 2794 3326 quomodo
2823 3253 2996 3312 enim
3030 3251 3153 3312 dici
3181 3259 3395 3332 potest
3420 3251 3718 3314 humanitas

2212 3351 2387 3408 actus
2418 3364 2637 3425 purus,
2675 3351 2786 3408 aut
2815 3353 3049 3410 esterna
3077 3348 3214 3410 sine
3245 3349 3556 3428 principio
3575 3347 3716 3410 ‘iGor-

2209 3459 2328 3520 pus
2357 3439 2545 3502 etiam
2575 3439 2802 3504 Christi
2853 3446 3171 3502 mortuum
3199 3443 3442 3506 mansit
3481 3441 3718 3522 hyposta-

2209 3535 2330 3596 tice
2369 3533 2656 3608 unitum,
2693 3539 2756 3598 ot
2797 3540 3011 3598 tamen
3041 3541 3192 3598 tunc
3217 3555 3356 3600 non
3402 3542 3533 3600 erat
3567 3549 3716 3611 capax

2213 3627 2558 3708 sapientias,
2605 3627 2890 3707 justitian,
2933 3634 3044 3691 aut
3099 3629 3402 3692 similium
3456 3628 3718 3692 attributo-

2209 3741 2380 3796 rum;
2427 3727 2494 3784 et
2525 3727 2811 3801 tempore
2861 3723 3002 3786 vitoe
3053 3725 3342 3788 mortalis
3371 3743 3503 3788 non
3538 3719 3714 3784 fuitilli

2211 3817 2672 3879 communicata
2699 3816 3193 3896 impassibilitas,
3230 3818 3659 3888 immortalitas⁴
3677 3817 3715 3874 et

2209 3909 2472 3985 similia3
2516 3929 2648 3972 nou
2696 3927 2848 3991 ergo
2883 3912 3148 3990 requirit
3189 3914 3344 3976 unio
3390 3909 3712 3995 hypostatica

2212 4003 2374 4066 hanc
2427 4003 3061 4066 communicationem
3107 4006 3396 4068 omnium
3441 4004 3714 4068 attributo-

2209 4115 2352 4158 rum
2383 4097 2526 4168 Dei;
2563 4113 2716 4176 ergo
2745 4115 2954 4176 neque
3006 4097 3388 4178 aliquorum,
3433 4098 3529 4160 vei
3569 4095 3710 4156 unius

2211 4196 2476 4252 tantum.
2506 4191 2662 4252 Cum
2679 4189 2849 4252 enim
2873 4190 3088 4252 divina
3105 4192 3405 4256 attributa
3421 4194 3488 4254 in
3511 4209 3573 4256 re
3589 4187 3710 4250 idem

2211 4284 2359 4359 sint,
2391 4290 2456 4346 et
2483 4300 2682 4344 unum
2731 4284 2810 4344 sit
2852 4282 2932 4346 de
2979 4286 3252 4348 essentia
3305 4288 3568 4352 alterius,
3611 4276 3707 4340 fleri

2212 4395 2339 4438 non
2361 4381 2568 4457 potest
2583 4383 2656 4438 ut
2673 4395 2872 4438 unum
2894 4377 3238 4442 formaliter
3277 4377 3710 4444 communicetur

2214 4471 2348 4534 sine
2371 4470 2532 4547 aliis,
2561 4470 2728 4532 dicto
2761 4485 2994 4549 genere
3026 4471 3612 4538 communicationis:
3653 4462 3708 4522 si·

2216 4569 2322 4626 cut
2349 4579 2476 4626 non
2519 4569 2726 4670 potest
2771 4562 3127 4630 humanitas
3167 4583 3304 4632 esse
3352 4566 3706 4642 omnipotens,

2213 4659 2336 4720 nisi
2365 4659 2584 4722 etiam
2610 4657 2688 4724 sit
2741 4656 2982 4726 infinite
3031 4659 3332 4738 perfecta,
3385 4657 3684 4727 manitesa

2214 4751 2417 4831 piens,
2461 4756 2582 4814 etc.
2632 4751 2710 4812 Et
2755 4748 3169 4814 confirmatur
3221 4755 3446 4833 prime,
3491 4747 3638 4828 quia,
3671 4757 3704 4796 ⁵¹

2214 4844 2364 4906 unio
2395 4842 2786 4923 hypostatica
2815 4844 3228 4910 consisteret
3210 4865 3278 4908 ιιι
3329 4848 3452 4912 hac
3483 4849 3703 4904 commu-

2213 4937 2528 5000 nicatione
2591 4935 3078 5014 attributorum,
3117 4940 3325 5018 potius
3377 4940 3530 5002 facta
3585 4925 3703 4989 esset

2213 5033 2364 5094 unio
2404 5031 2473 5094 in
2499 5035 2726 5094 natma
2772 5048 2968 5110 quam
3007 5031 3076 5094 in
3123 5052 3414 5114 persona,
3441 5029 3570 5110 qaia
3605 5023 3700 5084 11aess

2215 5125 2516 5190 attributa
2543 5123 2756 5186 divina
2785 5125 2868 5186 ad
2897 5132 3189 5191 naturam
3217 5135 3281 5190 et
3303 5125 3606 5194 essentiam
3623 5107 3700 5172 Dei
3796 5127 3797 5132 ¹

2215 5218 2556 5299 pertinen..t
2591 5218 2770 5282 Unde
2800 5218 2870 5282 fit
2895 5221 3178 5298 ulterius,
3199 5241 3329 5286 non
3358 5221 3536 5299 magis
3557 5218 3696 5274 unam
3796 5235 3797 5246 2

2213 5329 2548 5392 personam
2587 5329 2726 5377 esse
2778 5312 3190 5390 incarnatam
3233 5333 3422 5396 quam
3449 5311 3628 5378 aliam3
3615 5294 3696 5356 'fi‘
3796 5323 3797 5328 ’

2211 5406 2427 5481 etiam,
2457 5421 2684 5466 omnes
2711 5411 2842 5469 tres
2864 5423 3164 5487 personas
3207 5409 3442 5474 divinas
3483 5405 3618 5474 inter
3645 5401 3695 5448 ⁵⁰
3796 5409 3797 5412 ’

2210 5498 2604 5578 hypostatice
2635 5499 2822 5575 uniri,
2857 5501 3001 5580 quia
3037 5502 3250 5564 omnia
3279 5502 3546 5568 attributa
3581 5479 3694 5548 diti·
3796 5569 3797 5578 ἵ
