3892 6167
611 382 728 446 ⁴06

603 485 968 549 dientialem
995 485 1261 549 activam
1287 486 1354 548 in
1381 485 1574 549 rebus
1595 484 1746 567 ipsis
1767 484 2161 559 existentem,

603 599 719 661 per
744 598 936 660 quam
967 580 1215 643 efficere
1255 586 1520 660 possunt
1547 578 2051 659 supernaturalia
2096 596 2166 639 o·

605 692 780 756 pera,
811 682 882 737 ut
925 676 1341 737 instrumenta
1391 674 1524 748 Dei,
1559 676 1696 755 ipso
1747 678 2164 737 concurrente

603 788 716 851 per
743 770 1044 833 auxilium
1067 770 1168 832 vel
1199 787 1572 833 concursum
1617 769 2163 849 proportionatum

605 865 878 939 effectui,
912 871 974 927 et
999 865 1406 927 excedentem
1446 880 1826 927 concursum
1877 862 2163 935 debitum

605 958 878 1021 naturali
927 958 1140 1021 virtuti
1183 964 1502 1022 creaturas.
1550 958 1732 1019 Hunc
1773 956 2036 1019 modum
2072 956 2164 1017 di-

603 1052 790 1113 cendi
835 1052 1133 1115 indicavit
1165 1054 1234 1114 D.
1285 1052 1538 1127 Thom.,
1589 1052 1656 1113 in
1685 1054 1744 1125 4,
1791 1048 2067 1112 distinct.
2096 1052 2157 1127 8,

603 1149 822 1225 quaest.
853 1150 914 1221 2,
943 1148 1114 1208 artic.
1148 1148 1208 1222 3,
1249 1145 1332 1209 ad
1358 1148 1421 1222 4,
1451 1146 1561 1208 ubi
1593 1146 1681 1207 sic
1705 1143 1949 1225 iuquit:
1981 1142 2166 1207 Siout

601 1246 898 1304 creaturae
918 1242 1078 1304 inest
1128 1241 1468 1305 obedientia?
1512 1238 1800 1322 potentia,
1854 1244 1930 1304 ut
1978 1238 2043 1301 2⁰2⁸
2095 1254 2165 1301 ea

601 1335 719 1411 fiat
767 1334 1062 1417 quidquid
1107 1334 1364 1399 Creator
1401 1332 1786 1415 disposuerit,
1815 1334 1912 1398 ita
1953 1333 2160 1409 ettam,

599 1433 670 1491 ut
698 1444 766 1491 ea
792 1428 1084 1493 medianto
1111 1429 1251 1505 fiat,
1281 1447 1416 1511 quoe
1446 1435 1534 1492 ost
1559 1430 1724 1491 ratio
1747 1424 2156 1491 instrumenti.

598 1520 900 1583 Eamdem
949 1539 1087 1583 rem
1132 1521 1344 1584 docuit
1387 1522 1666 1603 Cajetan.
1719 1521 1908 1596 iufra,
1943 1526 2157 1602 quaest.

598 1616 701 1691 ⁷8,
733 1616 908 1677 artic.
937 1618 999 1687 4,
1053 1622 1116 1677 et
1155 1615 1450 1678 indicavit
1492 1614 1794 1677 Alexand.
1850 1616 2091 1692 Alens.,
2120 1618 2161 1677 4

597 1715 786 1788 part„
819 1726 882 1787 q.
911 1710 1014 1785 34,
1037 1711 1308 1771 membr.
1347 1713 1410 1787 5,
1451 1710 1624 1771 artic.
1673 1711 1736 1787 Ξ,
1775 1708 1884 1771 ubi
1911 1710 2161 1772 solvens

597 1802 918 1881 quoddam
944 1812 1416 1885 argumentum,
1449 1805 1613 1866 inter
1639 1804 1762 1865 alia
1791 1806 1878 1866 sic
1911 1804 2113 1884 inq-uit
2140 1818 2157 1866 ε

599 1895 754 1961 Cum
783 1915 922 1981 erqo
947 1898 1240 1978 objicitur
1265 1900 1425 1982 quod
1447 1900 1650 1963 virtus
1681 1905 1888 1963 creata
1907 1916 2027 1962 non
2050 1918 2160 1983 po-

595 1994 712 2054 test
725 1990 794 2054 in
811 1990 1070 2073 aliquid,
1102 1994 1259 2073 quod
1275 1998 1366 2057 est
1383 2010 1576 2075 supra
1601 2010 1959 2056 communem
1982 1998 2163 2057 notw-

593 2100 754 2159 ram,
785 2086 1120 2162 dicendum,
1145 2086 1304 2167 quod
1317 2086 1424 2149 hoc
1441 2089 1604 2163 forte
1621 2104 1827 2149 oerum
1841 2092 1934 2150 ost
1952 2104 2063 2167 per
2076 2104 2157 2163 se,

595 2178 768 2243 habet
796 2184 1000 2242 tamea
1026 2186 1100 2243 ut
1126 2180 1340 2262 adjuta
1361 2198 1400 2243 a
1421 2181 1648 2244 virtute
1689 2180 1985 2245 increata.
2013 2180 2163 2243 Haec

594 2276 807 2335 autem
835 2274 1145 2335 sententia
1175 2292 1306 2335 non
1333 2273 1515 2337 aliter
1529 2275 1850 2355 probatur,
1875 2274 2159 2354 nisiquia

591 2365 832 2427 nullam
860 2368 1346 2449 repugnantiam
1383 2368 1667 2443 involvit,
1724 2372 1790 2431 et
1827 2386 1942 2449 per
1964 2384 2031 2429 se
2062 2372 2159 2433 est

591 2459 944 2523 verisimilis
965 2468 1026 2525 et
1049 2464 1392 2540 credibilis,
1415 2467 1478 2525 et
1503 2462 1612 2525 illa
1637 2462 1862 2543 posita,
1895 2480 2025 2525 non
2050 2462 2158 2525 ad-

543 2580 550 2585 ·
591 2554 852 2616 modum
879 2554 1126 2618 difficile
1151 2558 1572 2638 expediuntur
1593 2556 1991 2619 difficultates
2016 2574 2157 2637 ques

589 2646 658 2709 in
679 2648 798 2713 hoc
820 2649 1076 2729 negotio
1103 2658 1460 2715 occurrunt.
1493 2651 1770 2713 Primum
1795 2650 1989 2727 enim,
2011 2668 2155 2713 cum

589 2738 810 2805 Christi
839 2742 1202 2809 humanitas
1229 2746 1310 2808 sit
1338 2762 1440 2808 res
1470 2752 1704 2821 creata,
1737 2751 1800 2808 et
1823 2744 2156 2827 participa-

589 2834 678 2896 tio
705 2836 891 2916 primi
917 2838 1102 2915 enne,
1124 2844 1187 2901 et
1213 2840 1300 2901 illi
1327 2838 1762 2917 subordinate,
1779 2840 2013 2903 mirum
2024 2856 2157 2901 non

591 2930 880 3009 estquod
899 2931 1060 2993 sitin
1093 2933 1370 3011 potentia
1399 2932 1803 2996 obedientiali
1847 2935 2051 2997 activa
2074 2932 2158 2997 ad

589 3022 907 3103 agendum
937 3042 1125 3089 omne
1154 3028 1216 3089 id
1244 3027 1328 3090 ad
1356 3024 1527 3109 quod
1549 3026 1734 3091 fuerit
1761 3028 2157 3110 perdivinam

588 3116 978 3179 voluntatem
1003 3120 1314 3201 applicata
1335 3168 1350 3197 ,
1384 3126 1448 3183 et
1475 3120 1646 3201 quod
1688 3120 1845 3183 illud
1893 3138 2045 3185 vere
2081 3138 2156 3184 ac

588 3211 838 3291 proprie
859 3210 1088 3275 efficiat
1115 3213 1354 3295 adjuta,
1409 3232 1525 3276 seu
1555 3215 1796 3277 elevata
1833 3213 1918 3279 ad
1962 3232 2154 3297 agen-

587 3301 741 3364 dum
771 3320 889 3383 per
915 3321 1290 3368 concursum
1318 3308 1660 3388 specialem
1685 3312 1750 3370 et
1777 3317 2153 3391 supernatu-

586 3396 810 3483 ralem,
843 3400 1386 3462 accommodatum
1435 3401 1798 3483 hujusmodi
1853 3402 2151 3484 potentias

593 3488 1021 3566 obedientiali,
1054 3498 1116 3555 et
1143 3494 1279 3556 hoec
1319 3494 1654 3575 applicatio
1697 3512 1841 3558 cum
1869 3496 1977 3557 illo
2006 3512 2155 3559 con-

585 3600 778 3645 cursu
809 3586 1064 3665 speciali
1095 3585 1218 3649 dici
1251 3593 1459 3665 potest
1501 3589 1696 3651 motio
1727 3606 1840 3650 seu
1886 3589 2153 3651 elevatio

585 3676 770 3757 primi
802 3680 1060 3759 agentis.
1095 3679 1330 3743 Deinde
1356 3688 1600 3744 constat
1625 3682 1694 3743 in
1719 3683 1908 3746 rebus
1932 3682 2154 3745 creatis

587 3771 845 3851 reperiri
869 3774 1209 3853 potentiam
1254 3775 1729 3839 obedientialem
1751 3778 2149 3857 receptivam,

583 3868 654 3923 ut
677 3862 742 3924 in
767 3864 880 3941 εἰς,
909 3866 1108 3929 velex
1135 3868 1248 3942 eia,
1279 3869 1445 3931 Deus
1471 3868 1661 3933 faciat
1691 3870 1997 3951 quidquid
2020 3888 2150 3932 non

583 3956 860 4037 implicat
891 3960 1491 4036 contradictionem;
1537 3982 1651 4025 cur
1704 3980 1853 4043 ergo
1876 3981 2007 4025 non
2051 3982 2150 4027 re-

583 4050 860 4129 perietur
903 4055 1093 4115 etiam
1137 4057 1416 4135 potentia
1453 4056 1890 4119 obedientialis
1920 4058 2145 4134 activa,

581 4152 652 4208 ut
677 4146 969 4223 efficiant,
1001 4148 1102 4211 vel
1155 4148 1320 4213 Deus
1377 4169 1492 4233 per
1541 4170 1650 4214 eas
1703 4152 1930 4214 efficiat
1970 4153 2151 4234 quid-

583 4238 738 4318 quid
759 4258 888 4302 non
917 4245 1361 4325 repugnaverit
1390 4246 1475 4306 ita
1493 4244 1630 4307 fieri
1655 4246 1836 4309 2Non
1859 4246 2027 4307 enim
2052 4246 2151 4307 in-

583 4332 774 4395 volvit
795 4336 916 4397 hoc
943 4337 1134 4398 ullam
1163 4338 1743 4414 contradictionem,
1775 4344 2005 4401 utnon
2036 4358 2150 4420 po·

583 4428 774 4490 tuerit
813 4429 978 4491 Deus
1027 4430 1146 4493 boc
1193 4432 1382 4494 modo
1433 4439 1756 4495 creaturas
1797 4431 2143 4511 instituere,

589 4526 654 4583 et
704 4527 799 4583 est
844 4524 1050 4605 major
1093 4524 1436 4604 perfecti03
1471 4526 1560 4588 sic
1606 4526 1776 4588 enim
1821 4528 2027 4607 magis
2074 4544 2149 4591 ac

583 4614 922 4693 perfectius
981 4617 1308 4699 subjicitur
1363 4620 1570 4681 omnis
1624 4626 1912 4683 creatura
1970 4622 2101 4683 Deo
2128 4667 2144 4696 ,

581 4724 712 4770 non
760 4710 1006 4772 tantum
1053 4712 1136 4773 ad
1188 4711 1645 4793 recipiendum,
1677 4714 1791 4775 sed
1820 4714 2011 4777 etiam
2067 4712 2151 4778 ad

585 4802 928 4883 agendum.
985 4806 1194 4867 Tertio
1221 4851 1244 4883 ,
1305 4806 1453 4884 quia
1511 4824 1709 4869 unum
1763 4826 1995 4889 corpus
2034 4826 2150 4872 sua

583 4896 932 4975 quantitate
981 4916 1110 4959 non
1174 4904 1381 4978 potest
1402 4898 1523 4960 nisi
1569 4918 1768 4962 unum
1799 4902 2009 4964 locum
2050 4922 2150 4965 re-

585 4990 780 5073 plere,
827 4996 890 5054 et
924 4998 1137 5055 tamen
1166 5010 1285 5074 per
1325 4994 1670 5075 potentiam
1708 4997 1819 5059 Dei
1873 4996 2011 5059 fieri
2042 5016 2151 5078 po-

587 5088 708 5146 test
760 5090 830 5146 ut
857 5085 1100 5165 repleat
1149 5086 1276 5149 dno
1335 5088 1476 5149 loca
1501 5132 1518 5163 ,
1568 5088 1744 5151 nulla
1805 5089 1892 5153 illi
1937 5092 2149 5155 addita

583 5179 970 5257 quantitate3
1011 5184 1074 5242 et
1101 5198 1136 5241 e
1186 5182 1522 5261 contrarie,
1555 5201 1699 5245 cum
1726 5182 1852 5247 duo
1883 5202 2149 5266 corpora

583 5272 954 5335 naturaliter
991 5274 1176 5335 simul
1215 5292 1354 5337 esse
1397 5294 1527 5339 non
1556 5278 1800 5359 possint
1824 5280 1891 5340 in
1923 5279 2147 5341 eodem

582 5364 744 5437 loco,
796 5364 946 5427 facit
985 5366 1146 5429 Deus
1196 5374 1266 5429 ut
1319 5371 1505 5433 simul
1559 5390 1696 5435 esse
1721 5372 1986 5453 possint,
2018 5392 2148 5437 non

581 5460 835 5519 mutatis
895 5476 1118 5522 eorum
1183 5464 1588 5541 quantitabus
1613 5512 1634 5542 ,
1701 5482 1822 5532 nec
1889 5466 2147 5531 raritate

585 5558 692 5611 aut
725 5550 1056 5632 densitate,
1081 5554 1182 5619 vel
1203 5556 1324 5619 alia
1355 5575 1575 5621 eorum
1603 5559 2147 5640 dispositione.Si-

1821 386 2059 451 QUAEST.
2088 384 2221 441 xm.
2255 386 2460 441 mic.
2493 386 2578 441 tv.
2604 406 2611 415 ·

2246 483 2499 558 militer,
2528 482 2675 547 licet
2707 482 2921 545 anima
2946 488 3175 547 natura
3190 498 3303 547 sua
3322 486 3707 571 informarem

2244 578 2439 658 possit
2487 578 2607 639 nisi
2636 596 2867 658 corpus
2916 582 3107 641 tantm
3152 582 3511 663 quantitatis,
3558 591 3706 660 facem

2244 676 2453 751 potest
2474 672 2643 734 Deus
2680 676 2750 733 ut
2799 672 2907 733 det
2931 672 3124 734 vitam
3158 677 3398 753 corpori
3447 684 3646 762 majori,
3668 696 3708 754 et

2245 764 2527 828 similiter
2554 772 2625 829 ut
2652 784 2779 827 una
2806 764 3037 829 albedo
3066 766 3355 831 informet
3378 770 3491 835 duo
3532 779 3709 858 subjee-

2242 865 2306 923 ta
2332 876 2351 937 ;
2384 860 2437 921 si
2476 877 2629 941 ergo
2662 860 2739 921 ad
2776 862 2915 922 haee
2946 861 3160 923 omnia
3186 868 3281 925 est
3318 870 3568 945 potentia
3610 874 3707 938 ohe·

2244 953 2563 1017 dientialis
2590 954 2653 1013 in
2672 954 2865 1015 rebus
2896 955 3069 1037 ipsiS,
3096 972 3209 1016 cur
3236 974 3381 1036 ergo
3410 976 3525 1023 non
3560 967 3649 1029 erit
3666 978 3709 1031 ut

2246 1047 2408 1109 ultra
2435 1052 2675 1109 naturae
2698 1048 3002 1109 terminos
3052 1054 3247 1131 agant
3272 1054 3297 1111 't
3322 1052 3550 1131 Ultimo,
3587 1060 3707 1139 juxta

2246 1141 2409 1203 hanc
2430 1140 2919 1203 obedientialem
2936 1142 3281 1221 potentiam
3300 1144 3529 1211 eliciunt
3544 1160 3708 1215 nostre

2244 1235 2539 1315 potentiae
2563 1279 2582 1310 ‚
2630 1234 3017 1309 intellectus,
3056 1236 3325 1313 sufficet,
3366 1244 3427 1301 et
3460 1243 3706 1323 voluntas,

2245 1332 2422 1390 actus
2450 1330 2961 1409 supernaturales
2988 1329 3203 1409 quoad
3254 1330 3635 1413 substantiam,
3670 1348 3709 1403 et

2244 1421 2559 1485 interdum
2602 1422 2739 1483 sine
2792 1423 3132 1500 habitibus,
3172 1440 3317 1485 cum
3366 1426 3551 1489 divino
3590 1434 3709 1493 auxi·
3784 1468 3786 1491 2

2244 1517 2325 1579 lio
2352 1563 2373 1595 ‚
2412 1524 2483 1581 ut
2538 1536 2619 1581 ex
2666 1520 2933 1581 materia
2988 1519 3067 1581 de
3120 1520 3318 1599 gratia
3365 1538 3626 1603 suppono,
3664 1528 3711 1589 Et

2244 1612 2528 1675 similiter
2548 1615 2729 1692 juxta
2756 1613 2927 1675 hunc
2954 1613 3216 1677 modum
3252 1614 3586 1697 intelligitur
3604 1636 3711 1696 qno-

2240 1706 2429 1769 modo
2458 1724 2587 1768 non
2612 1708 2691 1769 sit
2722 1708 2885 1770 actio
2926 1708 3061 1769 sine
3096 1709 3325 1772 virtute
3354 1711 3586 1789 agendi,
3610 1730 3709 1775 num
3786 1716 3788 1727 '

2240 1800 2438 1863 virtus
2484 1801 2713 1881 agendi
2776 1806 2875 1863 est
2917 1802 3053 1865 haec
3090 1803 3369 1881 potentia
3404 1802 3710 1865 obedientia-

2241 1895 2317 1957 lis
2372 1895 2575 1956 activa
2626 1895 2938 1975 applicata
2990 1895 3070 1958 ed
3112 1897 3426 1976 agendum
3458 1900 3581 1959 cum
3620 1916 3710 1978 pro·

2240 1988 2597 2069 portionato
2610 2003 2958 2066 concursu3
2990 1989 3043 2051 si
3059 1990 3230 2051 enim
3254 1989 3437 2067 calor,
3454 1992 3603 2070 juxta
3618 2010 3712 2069 pro·
3785 2016 3791 2055 ι

2242 2081 2517 2145 habilem
2562 2082 2904 2145 multorum
2972 2083 3485 2164 philosophorum
3538 2090 3712 2147 senten·

2240 2177 2419 2253 tiam,
2442 2181 2539 2239 est
2562 2176 2757 2238 virtus
2772 2176 2959 2256 ignia,
2986 2183 3051 2239 et
3078 2194 3197 2239 suo
3216 2177 3403 2239 modo
3418 2178 3712 2239 instrumen-

2238 2274 2375 2333 tum
2425 2270 2507 2332 ad
2546 2270 3021 2350 producendam
3058 2272 3329 2333 formam
3376 2272 3546 2353 ignis,
3572 2288 3631 2333 ex
3664 2288 3712 2332 eo
3790 2299 3793 2339 ι

2238 2365 2444 2427 solum
2488 2364 2661 2444 quod
2718 2370 2815 2428 est
2878 2365 3147 2427 facultas
3192 2370 3329 2447 ejus
3376 2365 3713 2427 connaturalis

2240 2461 2631 2541 (quanquam
2648 2458 2770 2521 hoc
2814 2476 3027 2541 neque
3052 2462 3311 2540 augeat,
3339 2477 3531 2539 neque
3552 2460 3715 2520 immu-
3790 2488 3792 2519 ι

2235 2558 2327 2618 tet
2370 2554 2595 2617 caloris
2644 2552 3145 2635 perfectionem),
3180 2554 3333 2636 quid
3354 2557 3562 2617 mirum
3599 2552 3713 2632 quod

2237 2649 2594 2710 humanitas
2616 2649 2695 2711 sit
2728 2648 2925 2711 virtus
2956 2654 3017 2712 et
3042 2648 3521 2711 instrumentum
3552 2648 3637 2707 Dei
3662 2644 3713 2707 ad

2237 2741 2569 2804 efficienda
2597 2740 2805 2803 divina
2828 2748 3365 2823 opera‚qnatenus
3391 2740 3473 2803 illi
3498 2741 3712 2821 perhanc
3792 2770 3795 2809 ff

2236 2834 2586 2916 potentiam
2616 2836 3105 2899 obedientialem
3152 2836 3543 2899 subordinate
3566 2838 3653 2909 est,
3674 2838 3713 2893 et
3792 2849 3795 2905 ς

2236 2947 2355 3010 per
2386 2946 2768 2992 concursum
2814 2930 3365 3010 proportionatum
3404 2928 3481 2991 ad
3514 2929 3608 2989 has
3649 2943 3715 2987 ac-

2240 3024 2445 3085 tiones
2471 3023 2800 3086 elevatur?
2828 3022 3205 3104 Intelligitur
3228 3024 3413 3087 etiam
3424 3024 3581 3104 Juxta
3602 3021 3715 3081 hunc
3775 3071 3797 3110 ,χ

2236 3116 2521 3192 modum,
2554 3116 2871 3196 quomodo
2900 3116 3041 3179 duae
3078 3135 3211 3195 reS,
3268 3135 3407 3197 quae
3450 3134 3521 3178 ex
3558 3118 3715 3177 natura
3775 3145 3796 3187 ·:

2236 3228 2350 3271 sua
2380 3229 2509 3272 non
2537 3209 2773 3272 habent
2798 3210 3261 3273 connexionem
3294 3228 3493 3273 causae
3516 3214 3571 3271 et
3590 3206 3717 3269 effec-
3781 3293 3783 3295 V

2234 3308 2357 3378 tus,
2384 3305 2623 3383 possint
2647 3302 2819 3365 illam
2842 3304 3106 3382 habere,
3134 3305 3326 3366 etiam
3350 3305 3399 3365 si
3424 3302 3562 3365 nihil
3584 3298 3717 3361 adda·
3776 3302 3785 3342 ·'

2234 3404 2339 3460 tur
2372 3415 2574 3459 causas
2628 3416 2741 3460 seu
2781 3398 3227 3475 instrumento,
3270 3398 3439 3479 quia,
3480 3395 3716 3460 videlicet.

2236 3490 2583 3553 secundum
2624 3490 3113 3555 obedientialem
3139 3492 3481 3574 potentiam
3524 3504 3719 3569 capaces
3777 3515 3785 3526 ·

2238 3590 2385 3646 sunt
2412 3584 2579 3645 illius
2608 3582 3046 3664 dependentioe
3069 3592 3135 3647 et
3174 3584 3625 3658 habitudinis&
3644 3594 3720 3659 per

2236 3676 2514 3741 divinam
2540 3677 2931 3741 voluntatem
2964 3686 3029 3741 et
3054 3697 3430 3743 concursum
3450 3679 3621 3741 altera
3635 3674 3721 3735 ele·

2232 3778 2437 3848 vatur,
2470 3776 2539 3833 ut
2560 3770 2643 3835 sit
2674 3770 3161 3837 instrumentum
3190 3773 3277 3836 ad
3302 3772 3483 3835 aliam
3514 3768 3721 3832 efficien-

2232 3864 2401 3929 dam.

2314 3963 2373 4022 8.
2418 3960 2706 4025 Dubium.
2739 3994 2819 4007 --
2852 3962 3208 4045 Responsio.
3242 3994 3325 4011 -·
3352 3959 3611 4027 Potentia
3630 3954 3719 4017 oie·

2230 4054 2543 4119 dientialis
2566 4055 2715 4138 quid
2734 4057 2843 4119 sit.
2874 4086 2957 4103 —
2986 4056 3167 4127 Quod
3194 4058 3251 4118 si
3266 4056 3595 4137 inquiratur
3616 4044 3721 4127 quid

2230 4146 2311 4209 sit
2336 4148 2402 4209 in
2426 4146 2618 4210 rebus
2646 4148 2784 4210 haec
2806 4150 3087 4229 potentia
3112 4150 3535 4214 obedientialis
3552 4142 3718 4211 activa,

2232 4248 2294 4305 et
2330 4242 2504 4323 quod
2535 4242 2851 4323 objectum
2898 4243 3153 4321 habeat,
3212 4264 3444 4326 quasve
3482 4240 3719 4305 actiones,
3793 4218 3796 4313 ἶ

2230 4337 2645 4419 respondetur
2664 4356 2793 4400 non
2823 4355 2963 4400 esse
2993 4340 3231 4419 aliquid
3250 4360 3287 4403 a
3316 4341 3499 4402 rebus
3532 4332 3721 4398 distinc-

2229 4435 2389 4509 tum,
2422 4432 2535 4495 sed
2563 4433 2629 4493 in
2656 4450 3041 4515 unaquaque
3072 4451 3143 4496 re
3200 4442 3409 4497 creata
3456 4428 3723 4514 ipsammet

2232 4526 2557 4589 entitatem
2576 4543 2693 4607 per
2715 4526 2987 4607 seipsam
3030 4546 3171 4590 esse
3198 4530 3367 4591 hanc
3398 4520 3723 4590 obedientia·
3794 4558 3796 4565 ·

2229 4619 2356 4682 lem
2388 4620 2707 4694 virtutem,
2741 4638 2855 4682 seu
2880 4622 3229 4701 potentiam
3264 4624 3345 4685 ad
3374 4618 3656 4702 agendum
3679 4616 3727 4673 ul

2228 4714 2719 4777 instrumentum
2749 4714 2863 4776 Dei
2881 4730 2904 4793 3
2936 4714 3175 4795 itaque,
3206 4718 3367 4779 sicut
3390 4716 3548 4777 calor
3564 4728 3657 4793 per
3678 4722 3725 4767 se

2231 4813 2326 4869 est
2374 4808 2577 4870 virtus
2623 4807 2931 4870 naturalis
2988 4810 3072 4871 ad
3130 4808 3620 4881 calefaciendum,
3666 4801 3725 4861 ita

2232 4901 2419 4963 etiam
2455 4919 2574 4981 per
2603 4920 2669 4963 se
2692 4902 2771 4965 sit
2792 4902 2991 4965 virtus
3020 4902 3446 4967 obedientialis
3472 4902 3548 4965 ad
3580 4910 3727 4976 agen·

2233 4995 2408 5072 dum,
2461 4995 2635 5058 verbi
2664 4998 2887 5077 gratia,
2928 4997 2996 5057 in
3056 4998 3384 5079 spiritum;
3443 5014 3570 5078 quae
3608 4986 3726 5053 ratio

2232 5089 2666 5152 obedientialis
2692 5092 2984 5169 potentiae
3013 5090 3169 5153 nihil
3193 5092 3362 5155 addit
3402 5086 3618 5154 entitati
3639 5080 3724 5154 rei,

2232 5182 2346 5247 sed
2386 5182 2726 5246 includitur
2776 5186 2842 5245 in
2894 5187 3207 5249 essentiali
3269 5189 3559 5265 conceptu
3608 5174 3727 5240 entis

2230 5278 2443 5341 creati.
2500 5278 2872 5341 Extenditur
2919 5287 3135 5342 autem
3186 5280 3265 5343 ad
3296 5296 3476 5342 omne
3500 5276 3557 5339 id
3596 5264 3727 5351 quod

2228 5390 2358 5434 non
2408 5372 2691 5455 implicat
2724 5374 3275 5437 contradictionem
3330 5382 3399 5436 ut
3448 5370 3543 5436 tali
3580 5360 3727 5428 modo

2226 5466 2362 5543 fiat,
2394 5472 2459 5529 et
2490 5468 2610 5529 hoc
2659 5475 2756 5530 est
2782 5469 2963 5549 quasi
3016 5469 3416 5549 adaequatum
3464 5464 3727 5561 objectum

2230 5561 2285 5639 ej
2294 5576 2405 5640 us3
2430 5578 2573 5623 cum
2596 5559 2763 5623 enim
2786 5562 2923 5625 haec
2942 5563 3137 5627 virtus
3160 5553 3635 5626 instrumentaria
3648 5551 3724 5619 sn,
