3892 6167
647 362 762 423 ¹80

643 486 837 549 quam
879 468 942 529 in
975 467 1296 531 communi
1319 468 1504 539 cibo;
1548 464 1716 529 uude
1749 464 1832 529 ad
1871 464 2043 527 illam
2078 464 2207 525 effi·

645 560 936 625 ciendam
961 560 1132 623 nulla
1157 565 1326 623 esset
1349 578 1602 623 necessa
1613 560 1705 621 ria
1733 557 2059 620 conversio
2090 575 2205 619 sen

643 652 1250 725 transubstantiatio,
1280 670 1423 731 quae
1443 652 1655 715 omnia
1685 656 1833 715 sunt
1860 656 2079 713 contra
2132 648 2205 713 fi-

643 748 812 819 dem.
867 746 1046 811 Unde
1081 745 1386 809 concludo
1417 746 1634 809 Christi
1681 763 1912 825 corpus
1955 749 2201 805 tantum

648 858 790 905 esse
817 840 884 901 in
909 839 1070 903 coelo
1127 846 1191 900 et
1243 838 1312 900 in
1347 839 1780 909 Eucharistia;
1833 837 2202 917 seclusoque

648 935 871 998 eodem
904 934 1304 995 Eucharistiae
1331 934 1648 1014 mysterio,
1685 951 1815 995 non
1839 933 2047 995 solum
2074 950 2201 993 non

648 1046 786 1091 esse
798 1045 1024 1107 corpus
1036 1026 1252 1087 Christi
1265 1026 1494 1103 ubique
1497 1026 1634 1103 ,sed
1645 1043 1848 1104 neque
1857 1026 2047 1089 etiam
2065 1044 2205 1089 esse

649 1121 799 1183 alibi
828 1138 1020 1200 quam
1043 1121 1111 1181 in
1149 1119 1310 1183 coelo
1341 1135 1362 1197 ;
1408 1122 1472 1183 et
1497 1120 1882 1181 contrarium
1927 1138 2206 1183 asserere

651 1221 817 1277 esset
845 1232 1076 1294 magna
1109 1214 1444 1289 temeritas,
1497 1213 1632 1275 sine
1674 1213 2117 1287 fundamento,
2142 1218 2206 1277 et

649 1313 870 1369 contra
889 1324 1110 1371 omnes
1126 1306 1501 1385 Theologos,
1513 1306 1578 1367 in
1599 1309 1660 1384 3,
1675 1306 1742 1369 d.
1761 1309 1872 1383 223
1901 1308 2202 1371 D.Thom.

649 1398 836 1477 infra,
868 1418 929 1479 q.
954 1401 1058 1471 52,
1085 1405 1203 1463 art.
1232 1401 1292 1474 3,
1323 1405 1388 1463 et
1407 1402 1442 1463 ι
1464 1405 1680 1463 contra
1699 1400 1904 1473 Gent.,
1936 1417 1993 1463 c.
2022 1402 2123 1462 49.

735 1494 796 1557 6.
841 1492 1122 1573 objectio.
1149 1524 1230 1539 -
1255 1494 1608 1571 Responsio.
1636 1525 1717 1540 -
1733 1493 1888 1559 Hoee
1923 1492 2203 1576 proposi·

653 1589 766 1665 52⁸0,
793 1586 1068 1649 Christus
1098 1584 1330 1665 ubique
1351 1593 1448 1647 est
1471 1586 1688 1662 homo,
1717 1587 2001 1667 quomodo
2030 1585 2208 1651 intol-

652 1679 914 1763 liqonda.
947 1708 1029 1723 —
1055 1676 1177 1739 Sed
1240 1683 1460 1739 contra
1509 1677 1732 1758 primo.
1788 1678 2091 1753 Verbum·
2112 1684 2209 1739 est

651 1772 924 1851 ubique;
963 1788 1114 1851 ergo
1135 1777 1197 1832 et
1224 1770 1502 1833 Christus
1529 1777 1624 1832 est
1653 1769 1884 1849 ubique
1911 1788 2023 1851 per
2042 1787 2211 1831 com-

655 1864 1147 1929 municationem
1174 1862 1563 1941 idiomatum,
1595 1870 1664 1926 ιιι
1697 1864 1906 1925 Patres
1933 1882 2210 1926 commu·

655 1960 818 2021 niter
861 1957 1226 2037 loquuntur,
1254 1959 1750 2038 August.,serm.
1785 1959 1862 2019 M
1908 1956 1989 2019 de
2020 1958 2205 2018 Verb.

653 2048 962 2131 Apostoli,
983 2056 1050 2113 et
1075 2048 1290 2129 Chrys.
1301 2094 1324 2127 ‚
1352 2051 1524 2111 hom.
1558 2052 1632 2111 Π
1688 2049 1753 2111 in
1782 2049 1864 2111 ad
1912 2049 2155 2111 Hebrae.
2186 2068 2205 2123 3

657 2143 895 2217 Ambr„
928 2142 1034 2205 lib.
1067 2146 1106 2205 7
1132 2142 1199 2205 in
1227 2143 1373 2205 Luc.
1398 2162 1414 2215 ;
1449 2143 1775 2222 Hierony„
1797 2148 2017 2205 contra
2042 2142 2211 2221 Vigi-

654 2236 808 2297 lant.
816 2280 837 2312 ‚
870 2242 933 2297 et
961 2235 1066 2296 alii
1091 2235 1506 2297 communiter
1528 2254 1544 2308 ;
1565 2252 1715 2315 ergo
1745 2241 1807 2297 et
1838 2234 1975 2315 ipsa
1992 2234 2210 2295 huma-

653 2328 818 2391 nitas
837 2333 932 2391 est
952 2327 1186 2407 ubique
1218 2350 1234 2388 ε
1267 2328 1569 2407 probatur
1595 2328 1730 2389 hoec
1761 2327 2209 2409 consequentia

653 2420 900 2497 ultima,
931 2421 1080 2499 quia
1103 2419 1386 2483 Christus
1417 2422 1652 2503 ubique
1679 2426 1776 2482 est
1801 2421 2017 2483 home.
2063 2423 2211 2483 Res-

651 2515 969 2596 pondetur
997 2532 1073 2575 ex
1101 2514 1164 2576 S.
1201 2515 1466 2589 Thema,
1497 2514 1638 2577 dist.
1685 2517 1787 2589 22,
1815 2532 1878 2593 q.
1914 2518 1975 2589 ⁴,
2000 2521 2115 2577 art.
2144 2518 2209 2588 2,

655 2614 718 2670 et
737 2608 874 2669 aliis
899 2606 1236 2687 'theologis
1263 2608 1372 2679 ibi,
1404 2614 1474 2672 ιιι
1499 2608 1778 2671 Christus
1808 2607 2052 2670 dicatur
2072 2626 2212 2671 esse

653 2701 918 2783 ubique,
967 2718 1082 2781 per
1120 2700 1496 2765 idiomatum
1533 2702 2167 2764 communicationem
2194 2746 2210 2777 ,

657 2796 807 2857 satis
837 2812 976 2856 esse
1004 2803 1074 2857 ut
1101 2795 1240 2876 ipsa
1279 2813 1546 2875 persona
1585 2795 1668 2856 sit
1717 2794 1951 2877 ubique
1976 2812 1996 2873 3
2030 2796 2209 2871 sicut,

654 2895 727 2953 ut
753 2888 995 2951 dicatur
1020 2895 1295 2953 aeternus
1315 2934 1336 2965 ,
1375 2889 1527 2951 satis
1557 2894 1653 2951 est
1683 2894 1747 2952 ut
1775 2888 1912 2969 ipsa
1939 2906 2213 2969 persona

655 2990 889 3047 aeterna
919 2982 1018 3045 sit.
1041 2983 1128 3044 De
1151 2982 1264 3045 illa
1287 2988 1500 3045 autem
1523 2982 1973 3063 propositione,
2000 2982 2211 3047 Claris-

655 3082 758 3141 tue
785 3076 998 3157 ubique.
1022 3079 1112 3139 est
1133 3076 1328 3149 homo,
1349 3074 1404 3137 si
1424 3073 1604 3150 illud,
1624 3075 1860 3157 ubique,
1892 3075 2075 3137 cadat
2102 3094 2211 3137 su-

652 3187 769 3249 pra
789 3167 1218 3248 praedicatum,
1239 3168 1434 3241 home,
1451 3168 1526 3229 D.
1549 3165 1823 3230 Thomas
1850 3166 2021 3241 dicit,
2046 3167 2109 3229 in
2134 3167 2213 3228 ri-

655 3280 808 3342 gore
844 3278 982 3323 esse
1027 3260 1246 3323 falsam
1255 3306 1275 3337 ‚
1310 3260 1456 3340 quia
1493 3260 1834 3341 praedicata
1869 3260 2213 3323 formaliter

653 3360 990 3425 tenentum
1021 3359 1083 3415 et
1121 3352 1264 3415 ideo
1299 3352 1476 3425 illud,
1515 3353 1774 3435 ubique,
1809 3353 1977 3415 cadit
2020 3372 2211 3437 supra

653 3446 1112 3511 humanitatem
1140 3447 1364 3527 ipsam,
1407 3452 1472 3508 et
1509 3445 1821 3527 significat
1860 3447 2033 3510 illam
2074 3465 2211 3509 esse

653 3540 924 3618 ubique,
954 3558 1066 3601 seu
1096 3538 1329 3618 ubique
1375 3538 1655 3618 copulari
1699 3540 1811 3601 tali
1861 3540 2206 3621 suppositO.

653 3632 826 3695 Sicut
847 3631 980 3693 haec
1009 3632 1198 3693 etiam
1220 3636 1315 3693 est
1335 3631 1490 3693 falsa
1521 3632 1860 3711 propositio
1887 3648 1903 3691 z
1931 3632 2213 3697 Christus

653 3726 727 3790 ab
764 3732 984 3789 oetmo
1023 3731 1112 3789 est
1153 3726 1346 3800 homo,
1376 3730 1634 3805 propter
1682 3725 1971 3787 eamdem
2020 3726 2215 3787 ratio-

651 3836 799 3881 nem
820 3840 838 3893 ;
861 3825 925 3880 et
945 3818 1079 3879 haec
1102 3818 1420 3879 similiter:
1447 3817 1699 3890 Anima,
1725 3818 2073 3901 ubicumque
2098 3824 2210 3894 est,

652 3910 942 3990 informat
979 3928 1224 3975 manum
1243 3935 1270 3983 ,·
1305 3914 1370 3972 et
1415 3911 1469 3971 si
1517 3929 1680 3971 unus
1725 3910 1914 3972 homo
1956 3918 2121 3975 esset
2144 3914 2213 3973 in

651 4003 939 4085 pluribus
965 4003 1144 4077 lociS,
1171 4003 1331 4067 etin
1361 4002 1456 4065 eis
1493 4002 1759 4067 haberet
1799 4005 2212 4085 proprietates

654 4096 931 4159 diversas
998 4094 1173 4159 verbi
1216 4096 1441 4175 gratia,
1473 4095 1540 4157 in
1575 4113 1704 4157 uno
1737 4094 2119 4172 albedinem,
2150 4105 2212 4161 et

656 4188 723 4253 in
754 4191 876 4253 alio
905 4188 1320 4270 nigredinem,
1348 4188 1576 4251 talsum
1604 4194 1772 4253 esset
1801 4189 2010 4253 dicere
2034 4189 2211 4253 illum

651 4280 888 4363 ubique
920 4300 1059 4345 esse
1089 4280 1340 4356 alhum;
1371 4288 1433 4344 et
1459 4300 1627 4345 nunc
1651 4282 1878 4345 falsum
1915 4290 2011 4345 est
2041 4281 2211 4347 dice-

653 4394 752 4451 re,
784 4393 1010 4455 corpus
1054 4373 1297 4449 Christi,
1334 4372 1714 4453 ubicumque
1761 4381 1878 4448 est,
1920 4394 2060 4438 esse
2101 4396 2210 4439 ex-

651 4474 904 4531 tensum
932 4467 994 4528 in
1026 4464 1246 4529 ordine
1274 4466 1356 4527 ad
1381 4465 1610 4535 locum.
1637 4468 1783 4539 Quae
1816 4468 2026 4531 omnia
2061 4488 2209 4532 vera

653 4569 824 4636 sunt,
846 4559 1162 4625 intellecta
1181 4558 1606 4641 propositione
1635 4560 1700 4623 in
1728 4560 1837 4622 illo
1869 4578 2082 4639 sensu,
2100 4564 2209 4642 qui

650 4654 899 4717 videtur
925 4654 1196 4715 maxime
1228 4651 1509 4715 formalis
1535 4660 1596 4717 et
1623 4654 1944 4735 rigorosus
1970 4672 1995 4733 3
2026 4655 2079 4717 si
2114 4663 2208 4717 ta-

573 4778 578 4783 ·
649 4766 797 4811 ιιιειι
844 4747 1212 4811 adverbium
1272 4744 1528 4829 praecise
1589 4746 2011 4831 conjungatur
2063 4768 2207 4813 cum

651 4842 956 4931 subjecte,
996 4840 1238 4903 admitti
1283 4843 1492 4921 potest
1527 4838 1634 4903 illa
1665 4838 1938 4917 locuti03
1984 4861 2206 4905 sensus

651 4938 820 5001 enim
851 4938 992 5012 erit,
1020 4935 1141 4999 hoc
1171 4936 1584 5017 suppositum,
1613 4934 1784 5017 quod
1823 4940 1919 4998 est
1943 4936 2203 5017 ubique,

649 5048 790 5093 esse
833 5030 1176 5107 hominem,
1208 5034 1270 5090 et
1298 5028 1378 5091 de
1415 5029 1544 5104 illo,
1589 5028 1824 5109 ubique
1875 5029 2203 5107 existente,

645 5142 796 5187 vere
831 5122 950 5185 dici
982 5140 1164 5203 posse
1191 5141 1329 5189 esse
1362 5119 1704 5184 hominem.

724 5222 784 5280 7.
827 5216 1107 5325 objectio.
1125 5213 1573 5297 —Responsia
1593 5216 1814 5281 —Sed
1840 5222 2057 5279 contra
2097 5236 2203 5279 se·

643 5311 872 5383 cund0‚
899 5311 1096 5390 quial
1075 5310 1290 5371 Matth.
1327 5308 1440 5371 ult.
1471 5308 1623 5372 dicit
1647 5310 1988 5373 Dominus:
2032 5311 2205 5375 Data

641 5412 733 5473 eet
750 5404 900 5471 milii
927 5406 1121 5469 omnis
1135 5408 1408 5489 potestas
1429 5404 1496 5467 in
1523 5404 1665 5467 coelo
1689 5409 1746 5469 et
1773 5404 1841 5467 in
1860 5410 2075 5478 torm,-
2102 5423 2202 5469 er-

640 5518 722 5582 go
763 5499 984 5563 saltem
1016 5516 1094 5561 ex
1123 5505 1268 5562 tunc
1298 5496 1538 5577 accepit
1569 5496 1727 5560 hanc
1757 5498 2193 5579 ubiquitatem,

1865 362 2101 427 QUAEST.
2138 360 2265 417 ΧΠ.
2302 361 2500 417 Anne.
2536 362 2621 414 lv.

2288 481 2403 524 seu
2432 462 2827 544 praesentiam
2858 460 2925 521 in
2953 458 3111 523 coslo
3138 465 3202 523 et
3226 459 3297 521 in
3330 464 3505 525 terra.
3544 464 3766 549 ιὶεερωμ

2284 556 2509 619 detur:
2546 557 2681 637 jam
2706 570 2898 634 supra
2922 552 3191 615 diximus
3232 552 3409 615 illam
3440 562 3740 641 potestatem,

2282 649 2663 713 humanitati
2700 645 2925 713 Christi
2954 644 3501 723 communicatam,
3522 669 3629 715 non
3658 674 3766 723 esse,

2282 743 2617 824 ipsammet
2640 739 3159 822 omnipotentiam
3187 740 3329 817 Dei,
3368 740 3477 803 sed
3500 744 3766 823 qnamdam

2282 843 2663 920 potestatem
2690 834 3075 899 excellentias
3116 833 3189 895 in
3232 852 3459 899 omnes
3495 848 3743 921 creaturas,

2284 948 2425 1012 quae
2453 949 2583 995 non
2612 930 2874 1009 requirit
2910 928 3147 991 realem
3176 930 3567 1009 praesentiam
3590 933 3639 995 in
3664 956 3745 1001 om-

2284 1027 2472 1089 nihus
2499 1025 2801 1089 creaturis
2822 1042 2838 1098 ς
2872 1023 3151 1087 existens
3168 1023 3433 1085 enimin
3456 1026 3597 1087 coelo
3616 1036 3748 1107 potest

2288 1119 2581 1181 omnibus
2606 1120 2942 1199 imperare,
2978 1133 3215 1194 easque
3244 1117 3591 1195 immutare,
3622 1130 3749 1187 utsu-

2286 1230 2402 1294 pra
2430 1212 2817 1277 declaratum
2846 1217 2960 1275 est.

2368 1308 2429 1369 8.
2454 1306 2735 1385 objectio.
2754 1304 3203 1386 —Rupomim
3220 1304 3450 1367 -Sed
3475 1314 3653 1371 contra
3678 1319 3746 1377 ter·

2286 1398 2399 1474 tio,
2424 1416 2575 1461 nam
2606 1398 2691 1461 ad
2729 1397 2959 1477 Ephes.
2988 1398 3033 1459 4
3061 1396 3292 1461 dieitur
3322 1396 3583 1460 Christus
3602 1420 3747 1467 ascen

2287 1492 2455 1554 disse
2500 1491 2565 1553 in
2612 1490 2861 1566 coelum,
2885 1495 2957 1553 ut
2989 1490 3371 1569 adimpleret
3407 1492 3632 1555 omnia·
3617 1514 3747 1577 ,ergo

2288 1586 2509 1647 saltem
2541 1588 2796 1647 extunc
2820 1582 3013 1663 coepit
3032 1600 3175 1647 esse
3202 1583 3271 1644 in
3302 1583 3581 1647 omnibus
3612 1590 3747 1653 rebus

2289 1678 2771 1759 Rewspondetur
2806 1676 2959 1739 satis
3004 1677 3291 1757 ineptum
3342 1694 3483 1741 esse
3532 1696 3749 1759 exponere

2290 1773 2459 1835 hunc
2500 1771 2709 1834 locum
2758 1770 2839 1833 de
2890 1770 3198 1851 corporali
3246 1772 3589 1849 praesentia,
3624 1775 3685 1837 ita
3714 1793 3747 1841 ut

2290 1865 2571 1929 Christus
2597 1863 2845 1927 dicatur
2867 1863 3081 1927 omnia
3102 1862 3499 1943 implevisse,
3536 1866 3653 1943 quis
3672 1886 3749 1931 om-

2292 1959 2482 2021 nihus
2511 1958 2703 2021 rebus
2732 1958 2925 2038 coepit
2950 1974 3091 2021 esse
3127 1956 3425 2020 localiter
3448 1964 3748 2037 praesensit

2290 2052 2443 2131 quid
2473 2052 2642 2113 enim
2671 2050 2951 2113 Christus
2984 2049 3373 2113 ascendisset
3414 2049 3475 2109 in
3510 2051 3747 2129 ooelum,u1

2290 2144 2439 2209 inde
2472 2144 2663 2206 veluti
2688 2143 2971 2207 localiter
3000 2162 3069 2207 se
3096 2142 3483 2207 diffunderet
3512 2147 3747 2225 omniaque

2288 2238 2606 2317 repleret?
2636 2237 2737 2299 vel
2764 2236 2819 2297 si
2840 2237 2975 2317 jam
3010 2236 3133 2302 hoc
3158 2235 3356 2299 modo
3388 2236 3577 2317 replet
3600 2242 3747 2313 omnia,

2292 2348 2421 2393 non
2461 2347 2608 2393 vere
2654 2335 2877 2410 postea
2932 2330 3279 2393 descendet
3316 2327 3401 2389 ad
3432 2329 3701 2407 judicium,
3714 2348 3747 2393 ιι

2294 2422 2519 2485 dicitur
2546 2424 2683 2487 Act.
2718 2426 2778 2485 1.
2811 2422 3109 2487 Ascendit
3134 2440 3289 2503 ergo
3320 2422 3587 2485 Christus
3618 2430 3667 2485 ut
3690 2426 3747 2487 at-

2294 2516 2587 2597 impleret
2614 2517 2850 2592 omnia,
2875 2517 2939 2579 id
2966 2522 3083 2591 est,
3104 2523 3177 2578 ut
3192 2534 3385 2577 suam
3416 2517 3747 2597 peregrinatio

2294 2626 2445 2671 nem
2497 2609 2905 2673 concluderet
2954 2628 3029 2673 ac
3076 2609 3503 2683 terminaret,
3544 2616 3605 2672 ut
3632 2613 3691 2671 ait
3714 2614 3745 2672 S.

2294 2703 2515 2763 Thom.
2536 2720 2553 2775 ;
2578 2702 2703 2776 vel,
2730 2709 2800 2765 ut
2824 2702 3200 2783 adimpleret
3224 2703 3443 2765 omnia
3466 2720 3591 2782 qnae
3614 2704 3669 2765 de
3690 2705 3743 2767 ilio

2290 2795 2585 2877 praedicta
2615 2802 2816 2871 erant,
2841 2803 2911 2858 ut
2934 2796 3155 2877 Chrys,
3180 2802 3243 2857 et
3270 2796 3616 2875 Hieronym.
3639 2814 3743 2877 expu-

2290 2894 2470 2962 nunt‚
2493 2889 2675 2968 juxta
2715 2908 3119 2977 communem
3162 2890 3449 2971 phrasim
3496 2890 3739 2969 Scriptura.

2290 2987 2363 3045 ιιι
2400 2982 2547 3047 Luc.
2590 2986 2704 3045 24:
2740 2982 2999 3051 Nemeo
3045 2988 3134 3046 est
3175 2982 3431 3065 impleri
3474 2983 3647 3045 mia
3674 3000 3741 3063 qu

2292 3076 2527 3155 scripta
2552 3083 2695 3138 sm
2716 3078 2788 3141 de
2810 3094 2923 3140 mo.
2957 3075 3091 3151 Vel,
3118 3075 3334 3147 tertio,
3374 3078 3445 3138 ut
3480 3091 3655 3135 rerum
3672 3092 3739 3133 om·

2292 3168 2469 3231 nium
2515 3169 2872 3233 testimonio
2924 3187 2991 3233 se
3032 3168 3369 3231 dominum
3420 3168 3741 3229 universorum

2294 3260 2675 3337 ostenderet,
2714 3269 2783 3323 ut
2812 3261 3067 3341 exponit
3110 3260 3443 3335 Bernard.‚
3482 3276 3640 3321 serm.
3662 3258 3741 3321 tide·

2294 3355 2697 3417 ascensione.
2717 3356 2857 3431 Vel,
2878 3354 3127 3435 quarto,
3148 3360 3217 3417 ιιι
3244 3354 3399 3419 inde
3426 3353 3667 3433 impleret
3684 3354 3743 3411 Ec-

2292 3447 2551 3511 clesiam
2578 3447 2765 3511 donis
2788 3450 3005 3529 gratias.
3032 3454 3095 3511 et
3118 3448 3391 3529 Spiritus
3416 3446 3623 3521 Sancti,
3641 3445 3741 3505 utdi

2294 3540 2380 3605 cit
2408 3540 2649 3616 Ambr.,
2692 3542 2877 3622 epist.
2909 3546 3009 3605 46.
3043 3542 3154 3605 Vel
3182 3542 3483 3623 denique,
3508 3540 3556 3601 si
3579 3538 3741 3599 velimus

2296 3635 2417 3697 hoc
2459 3634 2542 3696 ad
2580 3635 2847 3699 localem
2894 3634 3293 3718 proesentiam
3322 3633 3571 3709 referre,
3600 3629 3739 3711 exponi

2292 3733 2525 3807 potest,
2570 3735 2639 3790 ut
2688 3729 2980 3809 impleret
3029 3728 3241 3791 omnia
3288 3746 3421 3791 non
3470 3725 3651 3795 simul,
3682 3722 3739 3783 sed

2296 3820 2669 3895 successive,
2698 3840 2905 3903 neque
2934 3820 3261 3885 existendo
3289 3821 3357 3883 in
3384 3814 3739 3882 omnibusindi·

2292 3912 2499 3977 viduis
2522 3914 2701 3994 locis,
2732 3914 2937 3977 sedin
2964 3914 3255 3979 omnihus
3294 3913 3563 3995 pastibus
3585 3907 3735 3971 mundi.

2288 4024 2461 4069 nunc
2501 4008 2571 4069 in
2612 4014 2799 4085 terra,
2826 4013 3051 4091 postea
3076 4008 3143 4069 in
3172 4024 3345 4083 aere,
3374 4025 3446 4069 ae
3484 4004 3681 4067 tandem
3704 4001 3734 4059 ιί

2291 4100 2477 4176 coelo,
2504 4106 2577 4163 ut
2602 4101 2851 4165 videtur
2876 4100 3299 4164 OEcumenius
3322 4114 3628 4179 exponere.

2372 4197 2432 4258 9.
2472 4192 2663 4267 Βιιὸ.,
2696 4195 2977 4275 quomodo
3014 4193 3299 4281 Christus
3324 4197 3517 4260 motus
3539 4186 3735 4265 [καθιεῖ

2293 4286 2533 4361 naliter,
2552 4287 2727 4349 nulla
2750 4291 2921 4362 facta
2945 4286 3013 4349 in
3048 4266 3227 4353 Verbo
3259 4285 3588 4351 mutatione.
3612 4312 3667 4326 -
3684 4278 3733 4339 Di

2292 4396 2369 4440 co
2394 4378 2694 4451 secundo,
2724 4380 3039 4443 Christum
3068 4380 3419 4443 secundum
3444 4393 3633 4457 corpus
3653 4388 3733 4430 tert

2288 4471 2483 4535 fuisse
2511 4471 2794 4535 localiter
2824 4479 3087 4535 motum.
3136 4476 3279 4535 Haec
3307 4469 3597 4536 conclusio
3620 4462 3733 4524 habe·

2290 4570 2391 4627 tur
2415 4564 2480 4626 in
2510 4566 2791 4628 terminis
2818 4566 2887 4627 in
2934 4566 3013 4629 VI
3036 4565 3307 4647 synod„
3338 4571 3459 4627 act.
3502 4565 3585 4633 tt,
3608 4564 3655 4619 et
3682 4573 3733 4615 se·

2290 4657 2503 4741 quitur
2536 4658 2858 4721 evidenter
2904 4677 2983 4723 ex
3036 4657 3441 4738 praecedenti,
3486 4660 3539 4717 et
3578 4648 3730 4713 eisdem

2286 4748 2662 4813 testimoniis
2700 4758 2765 4815 et
2806 4751 3157 4815 rationibus
3202 4750 3513 4831 probanda
3544 4751 3713 4816 εει,εο

2287 4842 2419 4905 lum
2450 4861 2591 4906 eam
2618 4844 2961 4925 distinguo,
2983 4852 3055 4905 ut
3074 4862 3387 4927 exponam
3407 4836 3725 4907 difficultatem

2288 4934 2389 4997 hic
2420 4942 2879 5011 occurrentem,
2913 4937 3172 5013 scilicet,
3198 4956 3324 5019 quo
3354 4936 3526 5001 modo
3551 4924 3728 5013 potuerit

2288 5029 2570 5091 Christus
2596 5032 2946 5095 secundum
2978 5032 3431 5095 humanitatem
3460 5016 3725 5091 substantia-

2286 5122 2429 5185 liter
2450 5125 2691 5187 unitam
2708 5126 2913 5189 Verbo
2944 5133 3188 5189 mutare
3218 5126 3445 5201 locum,
3469 5116 3607 5183 nulla
3626 5112 3725 5176 facta

2287 5217 2351 5279 in
2383 5218 2587 5280 Verbo
2610 5220 2981 5284 mutatione.
3006 5220 3257 5284 Dicetur
3267 5219 3510 5281 fortasse
3532 5202 3720 5275 hocideo

2283 5310 2416 5375 fieri
2450 5312 2755 5392 potuisse,
2788 5314 2933 5393 quia
2970 5312 3249 5375 Verbum
3280 5318 3377 5375 est
3417 5308 3625 5387 ubique,
3644 5312 3721 5361 1¹0ss

2281 5411 2494 5471 autem
2516 5406 2899 5469 humanitas.
2940 5404 3107 5468 Sed
3090 5424 3157 5467 m
3189 5404 3311 5468 hoc
3342 5411 3434 5469 est
3470 5392 3715 5465 difficultas,

2282 5500 2455 5581 quia,
2484 5517 2625 5562 cum
2654 5498 3009 5563 humanitas
3032 5499 3117 5561 sit
3140 5497 3591 5565 substantialiter
3610 5485 3715 5549 unita
