3892 6167
493 299 616 360 698

489 406 682 460 Gratiae
713 411 1062 472 augmentum
1099 417 1209 458 non
1243 406 1432 474 gratia,
1471 405 1568 460 sed
1593 419 1658 460 ex
1695 405 1905 460 meritis
1941 409 2042 460 tri—

554 482 764 546 buitur,
789 483 841 536 d.
868 487 916 543 t,
939 496 980 535 s.
1009 487 1055 534 9.

488 558 617 611 Sine
641 562 815 624 gratia
837 559 1030 612 divina
1057 558 1199 612 nihil
1227 560 1389 614 homo
1415 563 1586 627 potest
1607 558 1785 612 facere
1806 560 1956 626 quod
1974 561 2043 614 ad

549 634 716 687 vitam
750 641 1010 688 ⁴aeternam
1029 635 1292 697 conferat,
1315 650 1357 688 5.
1383 641 1462 686 11.

489 711 667 764 Gratia
695 711 1040 764 sanctificans
1065 718 1146 764 oet
1179 711 1597 766 fundamentum
1620 711 1784 765 totius
1804 711 2045 776 justitiae,

551 787 752 852 meriti,
776 794 830 842 et
849 788 1234 844 satisfactionis
1249 789 1400 855 apud
1420 791 1606 851 Deum,
1633 789 1706 842 ib.

489 863 684 918 Gratiae
717 865 1071 920 connaturale
1103 871 1200 930 est,
1227 871 1288 918 ut
1309 878 1406 931 per
1431 877 1596 931 opera
1629 877 1726 918 sua
1759 866 1926 930 possit
1954 878 2049 918 ex-

552 941 756 1008 pellere
787 947 1005 1009 peccata
1037 941 1294 1002 venialia,
1315 954 1362 994 5.
1391 945 1470 994 12.

488 1017 552 1068 Et
575 1025 970 1086 consequenter
998 1023 1078 1070 est
1104 1018 1153 1069 ei
1189 1016 1434 1071 debitum
1459 1017 1644 1072 debito
1674 1017 2048 1073 connaturali-

553 1096 692 1154 tatiS.
718 1103 781 1148 ut
809 1107 973 1162 opera
1011 1096 1129 1158 ejus
1163 1099 1509 1160 acceptentur
1533 1093 1590 1146 in
1625 1093 2047 1148 satisfactionem

552 1183 652 1236 pro
680 1172 861 1240 culpis
886 1171 1218 1232 venialibuS,
1243 1171 1315 1224 ib.

485 1247 662 1300 Gratia
693 1248 750 1302 in
785 1249 979 1303 ordine
1009 1261 1190 1302 rerum
1217 1252 1296 1300 est
1326 1246 1536 1302 altioris
1568 1259 1732 1314 quam
1773 1246 1888 1314 ipsa
1922 1247 2051 1302 ani-

554 1337 662 1386 ma,
694 1325 748 1377 d.
779 1331 826 1387 9,
863 1340 905 1378 5.
933 1330 982 1377 2.

487 1399 666 1454 Gratia
699 1402 926 1456 unionis
960 1413 1070 1454 non
1103 1399 1264 1454 estin
1291 1411 1490 1465 genere
1516 1399 1700 1468 gratiae
1735 1397 2049 1462 habitualiS,

552 1478 646 1530 sed
683 1477 738 1530 in
767 1477 1056 1544 superiori,
1083 1477 1157 1529 ib.

490 1553 668 1605 Gratia
701 1554 930 1614 dicitur,
966 1557 1020 1606 et
1053 1554 1170 1620 ipsa
1216 1553 1308 1606 Dei
1360 1552 1611 1606 voluntas
1643 1551 1808 1618 gratis
1840 1551 2052 1618 aliquid

550 1627 754 1694 dantiS,
784 1636 838 1684 et
863 1630 1041 1696 ipsum
1064 1629 1356 1696 gratuitum
1373 1628 1467 1682 Dei
1495 1628 1721 1690 donum,
1748 1627 1822 1680 ib.

488 1703 667 1758 Gratia
695 1707 922 1760 unionis
945 1706 1164 1773 proprie
1189 1711 1270 1758 est
1293 1705 1427 1758 unio
1447 1703 1834 1769 substantialis,
1869 1709 1923 1758 et
1950 1716 2052 1772 po-

551 1785 651 1834 test
671 1783 780 1835 dici
805 1783 912 1836 de
899 1796 1016 1848 ipsa
1033 1781 1196 1836 Verbi
1225 1793 1479 1850 persona,
1502 1781 1580 1834 ib.

488 1856 668 1912 Gratia
716 1859 946 1913 unionis
991 1870 1102 1912 non
1154 1863 1327 1924 potest
1372 1857 1482 1910 dici
1529 1822 1796 1910 naturalis
1837 1857 2050 1910 homini

549 1934 761 1990 christo
789 1941 1048 2001 tanquam
1083 1933 1412 2000 proveniens
1445 1945 1511 1986 ex
1535 1931 1774 2000 propriis
1795 1934 2051 1988 humanae

553 2019 777 2070 naturae.
815 2012 890 2065 ib.

486 2088 670 2153 Neque
707 2088 869 2142 etiam
910 2095 991 2142 est
1037 2087 1302 2142 naturalis
1341 2086 1584 2149 Christo,
1613 2093 1774 2152 prout
1806 2086 2052 2140 naturale

547 2172 630 2218 est
681 2165 828 2220 idern
860 2165 1011 2231 quod
1052 2164 1334 2228 debitum;
1365 2163 1643 2228 quomodo
1687 2163 1858 2229 gratia
1890 2163 2051 2218 habi-

551 2243 712 2296 tualis
745 2241 826 2294 illi
861 2248 941 2296 est
965 2243 1248 2305 naturalis,
1271 2243 1346 2296 ih.

485 2319 668 2374 Gratia
695 2319 918 2372 unionis
941 2323 1116 2386 potest
1147 2319 1256 2373 dici
1293 2318 1586 2381 naturalis,
1631 2330 1744 2372 non
1781 2316 2051 2380 absolute,

547 2396 647 2448 sed
680 2395 995 2462 respective,
1021 2395 1076 2450 d.
1107 2401 1188 2459 1ο,
1222 2410 1268 2448 5.
1303 2399 1352 2446 1.

489 2471 666 2524 Gratia
714 2472 1010 2526 habitualis
1057 2483 1168 2525 non
1223 2475 1306 2524 est
1347 2469 1632 2536 dispositio
1671 2469 1742 2522 ad
1779 2469 2050 2524 unionem

551 2547 936 2614 hypostaticam
965 2546 1274 2602 necessario
1305 2545 1588 2612 requisita,
1607 2559 1652 2598 s.
1683 2549 1732 2598 2.

488 2624 665 2678 Gratia
694 2623 957 2679 habituali
985 2623 1138 2678 nulla
1165 2629 1246 2676 est
1277 2621 1628 2676 excellentior
1663 2619 1918 2687 qualitas,
1950 2633 2053 2675 nec

549 2703 724 2768 magis
745 2701 1012 2755 ordinans
1043 2700 1314 2760 animam,
1350 2699 1427 2752 ib.

487 2779 666 2832 Gratia
682 2779 975 2833 habitualis
989 2778 1186 2833 Christi
1209 2789 1322 2830 non
1343 2782 1424 2829 est
1439 2775 1612 2842 gratia
1625 2774 1954 2842 adoptioniS,
1978 2775 2053 2828 ib.

487 2855 724 2910 Gratiam
747 2854 1082 2910 habitualem
1103 2867 1222 2907 esse
1241 2853 1520 2920 physicam
1547 2851 1634 2904 vei
1658 2851 1917 2904 moralem
1937 2851 2056 2906 dis-

549 2931 876 2998 positionem
911 2933 981 2986 ad
1009 2931 1274 2984 unionem
1297 2928 1687 2995 hypostaticam
1705 2927 1934 2983 omnino
1957 2929 2058 2982 im·-

547 3007 730 3074 plicat,
763 3008 838 3062 ib.

486 3084 664 3136 Gratia
692 3084 988 3137 habitualis
1027 3095 1094 3136 ex
1126 3083 1180 3135 vi
1226 3093 1340 3135 suae
1375 3081 1642 3147 specificae
1675 3087 1884 3136 naturoe
1932 3094 2047 3135 non

549 3160 836 3214 ordinatur
871 3159 942 3212 ad
987 3159 1216 3225 gratiam
1249 3157 1510 3221 unionis,
1543 3159 1642 3212 sed
1669 3157 1742 3210 ad
1777 3157 2051 3213 visionem

547 3235 778 3297 beatam.
807 3249 916 3302 qua
945 3240 1252 3298 consecuta,
1277 3234 1480 3288 dicitur
1510 3239 1900 3297 consummata,
1923 3235 2000 3288 ib.
2074 3281 2087 3292 .

488 3313 666 3367 Gratia
696 3312 992 3367 habitualis
1011 3311 1207 3366 Christi
1225 3311 1478 3365 ordinata
1503 3317 1584 3364 est
1607 3311 1766 3364 aneo
1791 3310 1862 3364 ad
1884 3310 2049 3364 unio-

549 3402 676 3442 nem
701 3390 1105 3456 hypostaticam.
1137 3401 1249 3442 non
1283 3393 1344 3442 ut
1375 3387 1446 3442 ad
1483 3387 1649 3440 tinem
1674 3387 1768 3453 qui
1799 3401 1896 3453 per
1929 3400 2051 3442 eam

548 3467 865 3532 acquiritur.
891 3466 990 3520 sed
1015 3471 1078 3518 ut
1107 3466 1176 3519 ad
1199 3465 1368 3518 tinem
1399 3464 1490 3517 cui
1524 3464 1768 3524 inservit.
1800 3464 1876 3517 ib.

486 3542 720 3594 Gratiam
737 3541 1068 3596 habitualem
1093 3553 1208 3594 esse
1230 3541 1654 3593 instrumentum
1677 3541 1963 3606 physicum
1980 3541 2051 3595 ad

551 3617 892 3672 efficiendam
924 3616 1192 3672 unionem
1222 3617 1610 3683 hypostaticam
1649 3616 1894 3670 absolute
1937 3629 2052 3670 non

551 3693 818 3760 implicat;
841 3706 997 3746 secus
1011 3693 1054 3745 si
1079 3692 1242 3746 simul
1263 3693 1442 3778 eidem
1463 3696 1671 3746 naturae
1687 3697 1916 3759 utraque
1935 3705 2055 3759 gra-

551 3771 624 3824 tia
645 3770 980 3830 conferatur.
1007 3770 1085 3823 ib.

486 3847 665 3901 Gratia
687 3846 1000 3907 habitualis,
1023 3859 1088 3900 ex
1107 3851 1302 3900 natura
1322 3859 1420 3900 sua
1441 3859 1556 3900 non
1577 3847 1808 3912 requirit
1821 3847 2051 3912 gratiam

547 3923 810 3986 unioniS,
845 3929 1026 3976 tamen
1073 3923 1247 3989 gratia
1293 3922 1521 3976 unionis
1544 3923 1780 3988 postulat
1821 3923 2049 3988 gratiam

545 3999 876 4053 habitualem
898 4003 960 4052 ut
985 3999 1370 4066 proprietatem
1397 3998 1504 4051 sibi
1530 3999 1794 4057 debitam,
1819 3999 1896 4052 ib.

485 4075 663 4127 Gratia
683 4076 860 4141 prima
871 4086 970 4129 cur
981 4076 1084 4128 sub
1097 4075 1350 4127 meritum
1365 4075 1560 4128 cadere
1573 4086 1685 4128 non
1699 4075 1930 4139 dicatur,
1941 4089 1987 4128 s,
2000 4080 2047 4128 t.

485 4151 662 4205 Gratia
689 4159 744 4206 et
770 4152 1007 4206 liberum
1039 4153 1330 4206 arbitrium
1375 4152 1434 4205 in
1473 4152 1656 4206 medio
1685 4152 1899 4218 sejungi
1937 4164 2051 4207 non

547 4227 766 4289 debent,
800 4242 844 4280 5.
872 4234 918 4279 5.

485 4302 663 4355 Gratia
685 4308 767 4355 est
791 4302 1136 4369 participatio
1162 4302 1368 4356 divinae
1391 4307 1598 4356 uaturae
1631 4303 1721 4356 cui
1761 4302 2053 4368 respondet

547 4378 888 4445 participatio
915 4378 1122 4432 divinae
1151 4378 1502 4445 operationiS,
1537 4380 1590 4432 d.
1624 4383 1704 4440 13,
1735 4392 1778 4430 5.
1797 4385 1860 4432 ,2.

483 4453 662 4506 Gratia
697 4454 752 4506 in
785 4453 1014 4518 christo,
1043 4461 1097 4507 et
1129 4454 1302 4520 ipsius
1336 4459 1586 4507 hamram
1619 4454 1846 4520 perficit,
1887 4459 1942 4507 et
1974 4459 2055 4509 est

546 4531 882 4598 principium
913 4530 1232 4596 perficiendi
1269 4530 1424 4592 alios,
1451 4531 1504 4582 d.
1543 4533 1624 4594 17,
1657 4544 1700 4582 5.
1739 4537 1784 4581 6.

483 4608 663 4660 Gratia
695 4606 991 4659 habitualis
1016 4606 1074 4658 in
1113 4605 1326 4659 Christo
1359 4605 1464 4658 fuit
1485 4611 1705 4672 propter
1727 4606 1850 4669 tria,
1883 4607 1961 4660 ib.

483 4683 663 4735 Gratia
685 4687 766 4734 est
782 4681 994 4746 aliquid
1026 4681 1304 4734 inhaerens
1323 4683 1380 4734 in
1411 4681 1617 4744 anima,
1635 4693 1760 4747 quae
1782 4681 1842 4734 in
1865 4688 2055 4736 actua-

544 4758 652 4810 lem
679 4765 731 4810 et
757 4757 1089 4810 habitualem
1125 4756 1496 4824 distinguitur,
1525 4770 1572 4810 s.
1595 4759 1644 4808 1.

481 4833 660 4887 Gratia
687 4835 914 4886 unionis
947 4833 1068 4886 talis
1102 4837 1198 4892 cst.
1243 4838 1301 4886 ut
1335 4832 1541 4886 nullam
1583 4831 1837 4885 admittat
1863 4845 2051 4888 secum

546 4909 748 4975 peccati
773 4909 1062 4972 maculam,
1097 4908 1172 4960 ib.

485 4985 662 5036 Gratia
695 4984 922 5038 unionis
947 4983 1172 5050 praecise
1202 4995 1314 5036 non
1343 4983 1556 5036 confert
1581 4995 1800 5036 omnem
1829 4985 2053 5050 justitiae

547 5067 600 5112 et
631 5059 930 5114 sanctitatis
949 5059 1338 5124 perfectionem
1373 5060 1726 5122 extensivam,
1753 5060 1830 5113 ib.

485 5136 664 5187 Gratia
689 5135 982 5187 habitualis
1004 5147 1114 5188 non
1140 5135 1246 5186 fuit
1265 5136 1570 5188 necessaria
1584 5135 1794 5190 Christo
1829 5143 1890 5190 ut
1913 5143 2055 5191 esset

547 5217 730 5275 gratus
749 5216 804 5263 et
823 5213 930 5263 Deo
965 5215 1182 5264 sanctus
1202 5211 1540 5277 simpliciter,
1567 5212 1640 5264 ib.

545 5285 653 5337 Nee
683 5285 754 5338 ad
777 5287 1118 5347 merendum,
1153 5287 1206 5339 d.
1233 5293 1314 5346 39,
1339 5301 1382 5339 s.
1421 5291 1468 5339 1.

548 5361 670 5414 Fuit
693 5367 873 5414 tamen
900 5362 979 5414 illi
1007 5361 1310 5415 necessaria
1347 5363 1418 5418 ad
1457 5357 1888 5418 consummatam
1921 5377 2051 5430 per-

547 5435 836 5562 fec¹tionem
857 5438 1208 5502 extensivam,
1230 5450 1322 5492 seu
1339 5444 1535 5494 statum
1555 5440 1876 5504 sanctitatis,
1899 5441 2047 5506 d.18,

552 5525 595 5564 S.
659 5555 668 5564 .

1872 303 2063 362 INDEX
2094 307 2325 367 RERUE

2184 409 2249 462 Et
2272 409 2342 462 ad
2372 411 2713 477 operandum
2734 413 3078 468 connaturali
3102 413 3288 478 modo,
3312 416 3375 468 d.
3404 421 3513 478 ³9,
3546 430 3592 467 s.
3614 421 3659 468 1.

2122 487 2357 539 Gratiam
2381 499 2497 540 esse
2516 488 2659 554 quid
2688 500 3017 554 permanens
3038 492 3107 546 de
3135 491 3243 545 tide
3266 499 3369 555 est,
3398 492 3465 544 d.
3506 497 3593 555 18,
3614 507 3655 544 s
3673 501 3711 546 t.

2124 561 2299 616 Gratia
2332 564 2449 616 haec
2470 562 2529 614 in
2564 564 2771 619 Christo
2799 571 2853 618 et
2879 565 2949 618 in
2998 567 3161 620 nobis
3188 569 3457 633 ejusdem
3495 567 3718 622 rationis

2194 641 2293 701 est,
2328 638 2407 691 ib.

2130 711 2308 766 Gratia
2330 714 2627 768 habitualis
2653 716 2778 770 data
2808 723 2891 772 est
2926 718 3127 772 animm
3146 719 3347 773 christi
3386 719 3577 771 simul
3606 731 3721 773 etun

2195 791 2369 854 gratia
2390 791 2634 856 unioniS,
2669 798 2750 846 est
2781 799 2963 847 tamen
2992 797 3258 861 posterior
3280 809 3467 863 quam
3506 793 3607 847 illa
3638 809 3722 849 or-

2192 866 2327 920 dine
2346 872 2575 932 naturae,
2606 869 2682 925 ib.

2130 943 2309 996 Gratia
2335 945 2549 999 Christo
2568 946 2708 1000 facta
2726 951 2807 1001 est
2830 947 3095 1002 naturalis
3111 948 3325 1002 ratione
3356 947 3637 1011 unionis
3656 949 3723 1002 ib.

2130 1019 2311 1072 Gratia
2343 1019 2637 1076 habitualis
2668 1035 2783 1077 non
2814 1029 3001 1078 manat
3015 1037 3050 1078 a
3080 1025 3256 1079 Verbb
3281 1029 3381 1079 ant
3406 1024 3493 1076 ab
3518 1024 3727 1079 unione

2191 1096 2413 1162 physica
2438 1098 2833 1164 dimanatione,
2866 1105 2961 1154 aut
2989 1113 3088 1168 per
3116 1113 3305 1156 veram
3330 1099 3725 1166 efficientiam,

2192 1171 2290 1226 sed
2322 1173 2635 1228 immediate
2658 1175 2819 1230 datur
2838 1179 3012 1242 aneo,
3038 1191 3083 1230 s.
3114 1183 3163 1230 ο.

2130 1247 2311 1302 Gratia
2336 1249 2630 1303 habitualis
2648 1255 2938 1304 terminata
2964 1252 3123 1306 estin
3159 1253 3381 1306 Christo
3404 1251 3492 1304 ad
3522 1258 3729 1304 eertum

2193 1325 2441 1390 gradum,
2476 1337 2589 1380 non
2622 1339 2689 1380 ex
2710 1333 2906 1381 natura
2938 1329 3037 1394 rei,
3074 1330 3169 1382 sed
3190 1341 3259 1382 ex
3282 1329 3503 1382 divina
3542 1329 3727 1396 provi-

2196 1401 2399 1466 dentia,
2432 1402 2506 1455 ib.

2132 1477 2313 1530 Gratia
2338 1478 2643 1533 secundum
2667 1479 3048 1534 habitudinem
3068 1481 3175 1535 sibi
3204 1482 3654 1536 connaturalem
3676 1496 3733 1536 ae

2194 1555 2473 1620 physicam
2524 1569 2635 1610 non
2682 1556 2905 1624 respicit
2946 1558 3247 1622 Christum,
3282 1565 3345 1612 ut
3402 1557 3727 1623 subjeetum

2194 1631 2430 1684 maxime
2458 1633 2929 1698 proportionatum
2950 1647 3017 1687 ac
3034 1635 3403 1688 connamrate
3440 1635 3589 1698 sibi,
3630 1634 3701 1686 ib.

2194 1705 2285 1760 Est
2302 1712 2482 1760 tamen
2508 1708 2685 1762 initio
2714 1715 2973 1776 tanquam
3008 1710 3069 1764 in
3094 1711 3343 1780 subjecto
3370 1710 3501 1764 sibi
3524 1721 3729 1764 conve-

2198 1783 2563 1849 nientissimo,
2595 1785 2671 1838 ib.

2133 1859 2311 1912 Gratia
2342 1859 2611 1926 adjuvans
2636 1867 2745 1914 tam
2779 1862 3084 1916 necessaria
3116 1863 3223 1917 suit
3262 1862 3487 1916 animae
3527 1863 3723 1916 christi

2196 1936 2266 1989 ad
2298 1937 2737 2004 supernaturales
2768 1938 3007 2004 effectus,
3038 1953 3205 2006 quam
3233 1940 3429 2002 nobis,
3466 1954 3519 1993 s.
3552 1943 3605 1990 ⁴.

2134 2011 2329 2066 Gratiae
2356 2014 2525 2079 gratis
2554 2013 2693 2068 datoe
2728 2020 2859 2068 sunt
2899 2021 3073 2080 actus,
3111 2016 3211 2082 qui
3242 2027 3423 2082 supra
3465 2019 3719 2068 naturam

2198 2092 2341 2152 sunt,
2366 2096 2422 2142 et
2446 2090 2637 2144 divina
2668 2090 2867 2145 virtute
2890 2092 3033 2146 fiunt
3049 2093 3107 2145 in
3132 2092 3635 2146 confirmationem
3653 2091 3715 2144 fi-

2194 2165 2304 2229 dei,
2340 2169 2395 2218 et
2424 2165 2659 2220 aliorum
2688 2167 3010 2234 profectum,
3036 2169 3095 2222 d.
3128 2173 3209 2234 21,
3234 2181 3283 2223 s.
3316 2172 3365 2221 1.

2192 2241 2391 2295 Earum
2414 2241 2631 2308 divisio,
2668 2243 2743 2296 ib.

2132 2318 2339 2372 Gratias
2386 2331 2577 2372 omnes
2616 2320 2781 2386 gratis
2831 2321 3001 2384 datas,
3045 2333 3171 2387 quoe
3222 2321 3357 2373 aliis
3388 2321 3711 2374 hominibus

2194 2397 2687 2462 communicantur,
2718 2397 2963 2452 chrisma
2980 2399 3263 2463 habuit„s.
3288 2402 3344 2449 2.

2132 2471 2325 2525 Gratiae
2358 2472 2524 2538 gratis
2554 2473 2693 2528 datae
2722 2473 2947 2528 fuerunt
2990 2475 3049 2527 in
3078 2474 3295 2528 Christo
3324 2479 3709 2539 permanenter

2196 2553 2249 2600 et
2277 2561 2375 2615 per
2394 2549 2621 2604 modum
2647 2555 2819 2612 actus,
2852 2549 2931 2602 ib.

2135 2625 2327 2678 Gratiae
2349 2625 2751 2691 plenitudinem
2770 2627 3015 2681 christus
3040 2625 3255 2690 babuit,
3288 2624 3373 2677 ib.

2196 2702 2395 2767 Estque
2414 2701 2499 2754 illi
2527 2702 2769 2768 propria,
2802 2701 3049 2756 absolute
3078 2701 3389 2768 loquendo,
3416 2700 3473 2754 d.
3498 2704 3569 2763 Β,
3588 2715 3625 2753 s.
3642 2705 3683 2754 r.

2136 2777 2315 2830 Gratia
2334 2789 2568 2844 operans
2594 2777 2869 2845 signifieat
2898 2777 3203 2832 motionem
3234 2781 3295 2830 et
3312 2775 3563 2830 auxilium
3573 2779 3671 2839 Dei,

2198 2866 2309 2918 quo
2332 2855 2515 2920 primo
2534 2859 2783 2910 movetur
2815 2855 2980 2930 horno
3002 2859 3065 2908 ut
3094 2867 3153 2907 se
3170 2853 3517 2921 disponatarl
3535 2855 3679 2918 {tisti-

2199 2929 2529 2995 ficationem,
2552 2931 2609 2984 d.
2632 2935 2717 2995 21,
2748 2944 2793 2984 s.
2826 2935 2879 2984 Ω.

2130 3006 2307 3059 Gratia
2340 3006 2566 3059 unionis
2590 3007 2867 3072 quomodo
2888 3006 2960 3059 sit
2991 3005 3229 3068 infinita,
3258 3005 3343 3058 ib.

2131 3081 2363 3135 Gratiam
2398 3082 2733 3136 habitualem
2753 3082 2811 3134 in
2846 3095 2985 3148 pura
3010 3087 3261 3135 creatura
3280 3081 3413 3134 dari
3446 3080 3693 3146 equalem

2194 3171 2289 3210 seu
2324 3169 2480 3223 aeque
2510 3157 2811 3222 intensam,
2841 3171 2907 3212 ac
2930 3158 3036 3211 fuit
3054 3158 3113 3210 in
3136 3157 3359 3211 christo
3382 3169 3503 3211 non
3528 3156 3695 3223 impli-

2198 3239 2301 3298 cat,
2332 3233 2407 3287 ib.

2196 3311 2271 3362 De
2302 3309 2545 3376 potentia
2590 3315 2775 3364 tamen
2808 3311 3091 3364 ordinaria
3136 3311 3207 3364 ad
3248 3309 3493 3376 gradum
3526 3308 3697 3374 gratiae

2197 3386 2415 3446 Christi,
2450 3385 2637 3439 nullus
2664 3399 2908 3452 unquam
2942 3385 3233 3440 hominum
3261 3385 3355 3438 vel
3372 3386 3697 3452 Angelorum

2198 3463 2371 3528 potuit
2398 3461 2485 3514 vel
2518 3461 2715 3528 poterit
2741 3461 3048 3528 pervenire,
3072 3461 3149 3514 ib.

2136 3539 2315 3593 Gratia
2346 3539 2641 3593 habitualis
2663 3541 2721 3592 in
2744 3539 2956 3594 Christo
2978 3545 3060 3593 est
3076 3540 3235 3593 finita
3258 3539 3319 3590 in
3347 3539 3579 3592 entitate
3596 3552 3704 3602 sua,

2197 3621 2251 3668 et
2280 3615 2591 3669 intensione
2618 3629 2783 3682 quam
2812 3617 2873 3668 in
2904 3616 3147 3682 subjecto
3180 3615 3369 3678 habet,
3398 3615 3460 3666 d.
3484 3618 3569 3674 22,
3592 3619 3701 3667 s.1.

2135 3691 2313 3745 Gratia
2346 3692 2497 3745 nulla
2530 3693 2687 3746 finita
2709 3692 2777 3745 de
2810 3705 2867 3746 55
2892 3699 2973 3746 est
3000 3692 3177 3760 plenae
3200 3691 3497 3757 adaequata
3526 3689 3702 3756 digni·

2196 3768 2289 3820 tati
2316 3767 2537 3832 Christi,
2568 3767 2644 3821 ib.

2134 3843 2312 3897 Gratia
2340 3843 2636 3898 habitualis
2658 3856 2771 3898 non
2800 3848 3011 3897 tautum
3037 3842 3247 3897 ratione
3266 3842 3423 3895 modi
3462 3841 3701 3901 unionis»,

2196 3920 2291 3974 sed
2313 3921 2547 3974 maxime
2568 3921 2779 3974 ratione
2798 3919 2959 3974 Verbi
2982 3919 3125 3973 uniti
3151 3919 3435 3972 confertur
3458 3917 3709 3972 humani—

2195 3997 2287 4049 tati
2316 3995 2535 4059 Ghristi,
2566 3996 2640 4050 ib.

2132 4073 2311 4127 Gratia
2338 4073 2536 4126 Christi
2558 4086 2622 4127 ex
2651 4085 2717 4126 eo
2744 4084 2855 4127 non
2892 4073 2997 4127 fuit
3022 4072 3259 4134 infinita,
3282 4071 3419 4138 quia
3452 4071 3705 4137 impossi-

2194 4150 2305 4203 bile
2329 4156 2407 4204 est
2428 4151 2743 4216 qualitatem
2772 4157 3007 4204 creatam
3026 4162 3147 4203 esse
3166 4149 3465 4212 infinitam,
3496 4149 3581 4200 ib.

2193 4227 2325 4280 Nam
2346 4227 2392 4279 si
2414 4225 2690 4292 possibilis
2722 4233 2879 4290 esset,
2906 4226 3031 4279 data
3054 4225 3267 4279 Christo
3297 4224 3512 4278 fuisset.
3536 4225 3616 4276 ib.

2132 4303 2311 4356 Gratia
2328 4303 2527 4356 christi
2558 4303 2864 4356 secundum
2884 4302 3181 4367 quamdam
3218 4301 3493 4354 rationem
3526 4307 3587 4352 et
3618 4300 3701 4353 di-

2195 4379 2453 4445 gnitatem
2499 4378 2608 4432 dici
2640 4385 2813 4445 potest
2854 4379 3073 4432 infinita
3116 4391 3185 4432 ex
3210 4377 3611 4443 conjunctione
3638 4377 3699 4428 ad

2194 4454 2450 4520 verbum,
2472 4454 2549 4506 ib.

2135 4530 2315 4583 Gratia
2346 4530 2477 4582 hinc
2496 4529 2659 4582 habet
2683 4535 2746 4583 ut
2771 4530 2841 4584 sit
2872 4531 3181 4597 prmtimum
3200 4529 3545 4596 principium
3580 4530 3695 4581 inti-

2200 4606 2301 4659 niti
2324 4605 2528 4668 meriti,
2556 4606 2633 4658 ib.

2134 4683 2315 4736 Gratia
2340 4682 2539 4735 christi
2562 4681 2833 4736 intensive
2854 4695 2970 4736 non
2990 4687 3165 4749 potest
3184 4683 3374 4750 augeri
3404 4683 3516 4736 sub-
3530 4695 3595 4736 ea
3614 4697 3690 4735 ra-

2198 4757 2346 4810 tione
2376 4771 2486 4823 qua
2511 4755 2728 4811 infinita
2749 4763 2847 4822 est,
2883 4758 2959 4810 ib.

2193 4833 2477 4886 Extensire
2494 4839 2679 4887 tamen
2714 4834 2903 4900 augeri
2936 4837 3129 4900 potest,
3166 4834 3244 4886 ib.

2130 4907 2321 4962 Gratiae
2344 4909 2628 4975 plenitudo
2654 4909 2713 4961 in
2741 4923 2850 4975 quo
2878 4911 3155 4974 consistat,
3182 4909 3259 4962 ib.

2132 4984 2313 5037 Gratia
2342 4983 2483 5037 nulli
2514 4983 2758 5049 subjecto
2792 4991 2971 5038 creato
3000 4991 3083 5038 est
3103 4985 3391 5048 naturaIiS,
3418 4999 3469 5038 s.
3499 4991 3553 5038 2.

2130 5059 2313 5113 Gratia
2343 5060 2619 5125 quomodo
2640 5059 2697 5114 in
2720 5060 3001 5114 infinitum
3032 5059 3219 5127 augeri
3242 5061 3443 5126 possit,
3472 5061 3551 5114 ib.

2132 5135 2313 5190 Gratia
2346 5141 2427 5189 oet
2446 5135 2623 5188 sonna
2644 5137 2735 5190 cui
2770 5136 3141 5190 connaturalis
3166 5137 3414 5190 estvisio
3434 5137 3683 5196 beatifica,

2199 5211 2276 5264 ib.

2130 5289 2307 5342 Gratia
2320 5288 2518 5342 Christi
2544 5289 2601 5340 in
2626 5289 2929 5344 intentione
2946 5295 2999 5344 et
3020 5295 3203 5344 mente
3216 5289 3415 5344 divina
3430 5291 3541 5344 suit
3556 5291 3686 5358 prior

2196 5365 2349 5418 omni
2378 5365 2506 5429 alia,
2531 5365 2606 5418 ib.

2128 5440 2311 5494 Gratia
2332 5441 2529 5508 capitis
2550 5447 2605 5494 et
2626 5441 2931 5508 personalis
2964 5442 3025 5495 in
3052 5441 3269 5496 christo
3298 5442 3515 5507 mem,
3544 5443 3613 5495 ib.

2130 5516 2324 5569 Gratiae
2345 5517 2585 5573 influxus
2618 5517 2675 5569 in
2698 5518 2911 5572 Christo
2940 5518 3162 5583 duplex,
3191 5516 3247 5571 d.
3270 5521 3353 5584 23,
3380 5532 3427 5570 s.
3460 5525 3513 5570 2.
