3892 6167
1252 320 1573 379 msrunr.
1605 319 1831 379 xxxvii
1885 320 2037 377 sect·
2093 324 2178 379 tn.

138 431 373 499 nodum,
386 425 537 505 qnia
558 423 929 488 liecessaria
944 439 1127 485 caron
1138 422 1215 483 tia
1233 422 1373 485 talis
1391 428 1567 485 actus
1580 421 1665 485 ad

138 521 545 609 perfectionem
576 524 854 599 spectat,
879 524 941 581 et
962 517 1497 597 imperfectionem
1528 516 1665 579 nul·

139 637 231 681 am
252 614 529 685 involvit3
558 631 747 686 nam,
778 618 844 675 ut
880 612 1141 693 August.
1168 609 1466 689 disputat,
1490 608 1663 671 22do

138 710 309 783 livit„
346 726 401 769 e.
446 705 561 769 ult.
586 750 605 777 ‚
660 711 731 769 at
771 706 835 767 in
865 699 1115 767 Euchir.
1138 746 1160 779 ,
1192 722 1247 767 c.
1282 704 1399 765 104
1426 709 1488 765 et
1519 704 1659 778 105,

138 824 277 873 >osse
302 820 564 884 peccare
581 844 599 874 ‚
641 818 783 863 non
806 799 1073 881 pertinet
1102 799 1193 859 ad
1213 797 1663 878 perfectionem

140 896 423 965 ibertatis,
462 894 645 974 qnod
681 893 877 959 otiam
906 892 1123 957 docuit
1154 892 1433 955 Anselm.
1460 936 1483 967 ‚
1524 890 1663 952 dia-

139 1014 225 1072 og.
264 991 337 1053 de
362 989 471 1053 lib.
520 987 765 1061 arbit„
804 1006 859 1051 c.
892 986 953 1049 2.
1002 988 1237 1049 Rursus
1264 984 1331 1047 in
1361 1003 1439 1047 ea
1464 1001 1661 1063 nega-

139 1088 257 1149 ione
278 1101 397 1145 nou
414 1088 514 1145 est
534 1082 870 1155 meritum,
890 1079 1059 1145 unde
1082 1098 1203 1143 nec
1220 1084 1471 1158 oportet
1486 1078 1659 1141 illam

138 1198 235 1243 isse
266 1177 570 1267 liberam)
616 1174 1155 1255 quandocumque
1183 1191 1332 1235 vero
1365 1172 1661 1237 obser-ca-

139 1270 341 1337 totalis
365 1269 671 1349 praecepti
694 1267 775 1331 fit
804 1286 921 1349 per
949 1274 1156 1333 actum
1186 1267 1519 1348 positivum
1549 1284 1661 1328 vo·

139 1366 361 1439 natatis,
388 1362 571 1425 facile
598 1362 979 1441 intelligitur
1002 1362 1177 1425 illum
1201 1379 1339 1423 esse
1363 1361 1657 1437 liberum,

138 1479 240 1525 :um
274 1476 395 1519 non
440 1457 523 1519 sit
558 1456 935 1536 simpliciter
977 1455 1373 1519 necessarius
1402 1453 1484 1516 ad
1517 1454 1661 1516 talis

138 1552 377 1637 praecepti
420 1549 961 1614 observationem.
1020 1550 1405 1629 Princeptum
1446 1553 1663 1611 autem

138 1646 549 1719 iffirmativum,
576 1644 739 1707 licet
766 1644 1007 1724 obliget
1028 1642 1111 1705 ad
1130 1649 1309 1705 actus
1334 1642 1656 1724 positivoS,

138 1760 229 1807 non
257 1746 453 1801 tamen
478 1754 603 1818 pro
628 1737 905 1817 siugulis
930 1736 1332 1811 instantibus,
1366 1754 1485 1799 nec
1514 1754 1661 1799 cum

138 1834 373 1901 omnibus
414 1831 937 1905 circumstantiis,
977 1830 1043 1893 id
1074 1833 1194 1906 est,
1241 1848 1387 1893 cum
1426 1829 1535 1893 tali
1570 1829 1661 1891 in·

138 1929 391 2000 tensione,
442 1943 521 1987 ex
562 1926 691 1987 hoc
722 1925 829 1987 vel
866 1924 971 1988 illo
1012 1924 1270 2001 motivo,
1308 1930 1477 1997 etc.;
1514 1923 1659 1986 ideo

138 2039 337 2099 semper
372 2018 667 2083 voluntas
702 2024 919 2081 manet
946 2018 1161 2098 aliquo
1192 2018 1379 2081 modo
1414 2017 1659 2079 indiffe-

138 2134 249 2179 rens
271 2112 343 2175 ad
364 2111 811 2175 executionem
828 2113 971 2175 talis
994 2118 1195 2190 actus,
1222 2112 1459 2192 quia-iu
1486 2113 1655 2175 omni

138 2207 383 2283 instanti,
420 2207 485 2267 in
514 2206 647 2286 q'uo
680 2206 859 2267 illum
889 2207 1095 2280 elicit,
1146 2212 1359 2287 posset
1388 2225 1515 2269 non
1544 2207 1659 2271 eli-

140 2322 271 2379 cere,
309 2308 561 2365 autnon
590 2300 711 2363 tali
739 2302 843 2363 vel
868 2300 973 2363 tali
1002 2301 1213 2363 modo.
1258 2302 1461 2375 Dices,
1505 2308 1655 2363 tunc

140 2403 305 2460 aetum
324 2412 445 2457 non
473 2412 619 2455 esse
646 2393 919 2459 liberum
946 2394 1327 2475 simpliciter,
1358 2402 1423 2457 et
1442 2396 1657 2475 quoad

144 2485 497 2551 substantiam
518 2505 745 2561 suam,
786 2488 897 2549 sed
926 2487 1130 2549 solum
1158 2487 1369 2565 quoad
1394 2488 1655 2549 modum

144 2583 217 2645 vel
235 2581 743 2645 circumstantias,
775 2582 1209 2661 Respondetur
1232 2598 1358 2643 non
1378 2581 1467 2643 ita
1488 2599 1653 2655 esse,

146 2674 283 2755 qaia,
314 2675 453 2738 licet
473 2673 609 2737 haec
636 2674 1065 2739 indifferentia
1092 2675 1327 2737 oriatur
1350 2675 1659 2753 quodam-

148 2770 291 2831 modo
330 2788 401 2831 ex
436 2767 947 2843 circumstantiis,
990 2769 1299 2832 redundat
1338 2778 1551 2833 tamen
1590 2770 1655 2831 in

150 2864 301 2943 ipsam
324 2862 739 2928 substantiam
770 2868 943 2927 actus
969 2907 990 2938 ‚
1040 2882 1185 2925 nam
1214 2882 1433 2927 revera
1461 2865 1564 2927 hic
1594 2872 1655 2929 et

154 2976 279 3017 nanc
312 2958 388 3019 ita
424 2958 495 3019 fit
540 2964 752 3031 actus,
791 2964 863 3021 ut
893 2964 1110 3037 posset
1138 2959 1497 3039 simpliciter
1525 2978 1653 3023 uon

152 3049 252 3113 tisri
270 3094 288 3125 ,
318 3051 496 3113 etiam
519 3050 705 3129 quod
732 3049 1139 3115 substantiam
1170 3070 1347 3115 suam
1378 3072 1397 3125 ;
1440 3052 1541 3115 vel
1568 3054 1655 3115 ita

154 3142 205 3205 fit
224 3162 285 3203 ex
308 3144 417 3207 hoc
436 3144 699 3209 motivo.
745 3150 809 3207 ut
836 3151 1051 3223 posset
1070 3146 1207 3209 fieri
1236 3162 1311 3209 ex
1340 3146 1487 3219 alic,
1524 3165 1652 3227 quo

158 3243 361 3308 mutato,
390 3242 665 3301 mutatur
686 3242 823 3299 tota
842 3239 1191 3301 substantia
1218 3240 1531 3303 interioris
1552 3259 1653 3301 ac-

158 3338 233 3389 tus
254 3330 577 3393 voluntatis.
623 3333 701 3393 Et
718 3332 899 3411 juxta
928 3332 1093 3395 banc
1121 3333 1495 3397 solutionem
1522 3352 1655 3397 res-

156 3422 412 3501 pondetur
428 3424 491 3485 in
508 3424 715 3487 forma
736 3425 823 3487 ad
838 3434 1305 3507 argumentum,
1329 3428 1517 3489 etiam
1540 3446 1655 3509 per

162 3523 477 3595 preceptum
494 3536 627 3579 non
644 3518 1052 3581 determinari
1080 3518 1462 3583 voluntatem
1488 3521 1657 3583 Chri-

162 3607 216 3667 sti
238 3608 303 3669 ad
324 3611 473 3673 hune
502 3615 715 3673 actum
744 3628 1011 3673 numero
1030 3656 1053 3687 ‚
1088 3612 1230 3675 licet
1257 3613 1417 3675 forte
1446 3612 1653 3677 deter-

166 3702 379 3763 minetur
416 3704 499 3768 ad
542 3704 661 3768 hoc
702 3704 1017 3785 objectum
1060 3706 1381 3769 materiale
1406 3750 1425 3781 ,
1464 3707 1651 3786 quale

169 3800 252 3868 est,
286 3796 441 3857 verbi
459 3799 685 3877 gratia,
730 3815 925 3861 mors.
970 3800 1049 3859 Et
1080 3800 1195 3861 hoc
1228 3816 1419 3861 sensu
1462 3800 1656 3863 habet

172 3886 265 3947 haec
304 3890 597 3968 responsio
644 3891 1125 3955 fundamentum
1166 3892 1233 3954 in
1276 3893 1443 3956 dicta
1486 3894 1653 3955 sola·

170 3978 295 4039 tione
314 3981 386 4043 ad
410 3984 651 4045 tertium
692 3985 763 4047 D.
794 3985 1074 4049 Thomae..
1120 3985 1277 4057 Quia
1304 3986 1530 4049 eadem
1560 3994 1657 4051 est

174 4071 291 4133 ratio
320 4074 387 4135 de
429 4076 737 4141 voluntate
788 4077 1203 4141 determinata
1246 4079 1329 4141 ad
1372 4080 1609 4143 bonum
1628 4124 1651 4157 ,

176 4182 265 4225 noa
288 4173 469 4232 tam-en
493 4171 571 4233 ad
596 4172 717 4235 boc
734 4173 994 4246 honum,
1016 4172 1181 4235 etde
1204 4174 1523 4255 yoluntate
1542 4176 1654 4237 de·-

180 4260 439 4323 terminata
464 4264 541 4330 ad
568 4273 775 4329 actum
792 4312 815 4343 ‚
854 4286 983 4331 non
1010 4273 1221 4331 tamen
1252 4268 1333 4331 ad
1362 4268 1527 4329 hunc
1552 4288 1659 4331 ac-

180 4354 305 4421 tum3
345 4373 497 4433 nam,
526 4358 683 4423 sicut
717 4360 827 4421 illa
860 4360 1281 4426 indifferentia
1312 4363 1539 4425 sufficit
1575 4362 1659 4425 ad

182 4442 465 4510 libertatem
498 4452 855 4533 simpliciter
886 4456 1085 4535 ipsius
1120 4462 1319 4529 actus,
1361 4472 1489 4519 non
1518 4464 1655 4518 tan-

185 4540 279 4597 tum
318 4545 629 4609 secundum
678 4548 981 4611 rationem
1034 4549 1497 4627 particularem,
1546 4550 1657 4612 sed

188 4631 329 4693 etiam
350 4640 669 4706 secundum
692 4658 1093 4705 communem
1116 4642 1449 4716 rationem,
1480 4642 1566 4705 ita
1594 4648 1659 4707 et

190 4720 299 4784 haec.
334 4728 397 4790 Et
418 4733 691 4797 eamdem
726 4734 1077 4800 doctrinam
1110 4735 1349 4799 indicat
1388 4736 1459 4799 D.
1490 4737 1657 4799 Tho-

192 4818 377 4893 mas,‘m
398 4824 453 4899 3,
478 4824 612 4889 dist.
644 4832 743 4904 18,
770 4846 833 4908 q.
868 4830 927 4905 t,
958 4835 1077 4891 art.
1107 4832 1170 4902 2,
1200 4829 1283 4891 ad
1304 4832 1367 4903 5,
1398 4829 1467 4891 in
1498 4833 1527 4891 1
1558 4848 1657 4891 so·-

194 4906 309 4983 lui-³
340 4921 391 4975 et
430 4934 487 4995 q.
530 4925 603 4983 29
632 4921 709 4985 de
738 4922 965 4997 verit„
1010 4929 1126 4985 art.
1160 4925 1220 4996 6,
1254 4923 1333 4985 ad
1368 4928 1391 4985 1
1423 4939 1443 5001 ;
1472 4923 1651 4987 Alex.

198 5002 374 5106 Ᾰξθῦἓη
398 5010 535 5089 3p.,
560 5032 622 5093 q.
656 5017 753 5090 16,
782 5016 1017 5077 memb.
1050 5020 1111 5092 2,
1142 5023 1258 5079 art.
1292 5021 1351 5079 2.
1380 5018 1659 5079 insinuat

200 5100 335 5158 cuam
354 5102 502 5181 Sota,
528 5106 629 5169 lib.
656 5111 693 5170 3
724 5108 801 5169 de
830 5108 1045 5171 Natus.
1074 5116 1139 5173 et
1162 5117 1355 5188 grat„
1382 5129 1437 5173 c.
1471 5114 1531 5173 7.

253 5192 301 5252 9.
328 5194 445 5259 Hoee
464 5204 794 5283 responsio,
820 5205 1109 5284 quamvis
1132 5206 1281 5268 satis
1300 5207 1657 5287 impugnari

206 5298 295 5347 Ποῦ
314 5293 492 5371 possit,
510 5314 627 5360 non
651 5304 859 5364 tamen
880 5298 1137 5363 omnino
1160 5298 1479 5375 satisfacit,
1510 5301 1659 5381 quia

209 5392 265 5437 ex
288 5380 373 5443 itta
408 5392 681 5474 sequitur,
722 5392 943 5459 saltem
978 5393 1141 5457 hanc
1170 5394 1657 5459 conditionalem

139 5550 141 5553 y
215 5486 311 5534 esse
358 5479 759 5551 admittendam
786 5530 809 5563 ,
862 5488 916 5551 si
969 5492 1375 5570 praeceptam·
1406 5488 1653 5553 volendi

1744 426 2006 486 mortem
2053 421 2410 503 impositum
2461 428 2560 485 est
2599 422 3308 489 Christodeterininato

1744 531 1887 575 cum
1916 516 2211 579 omnihus
2238 516 2739 591 circumstantiis,
2776 517 2950 579 verbi
2981 520 3202 598 gratia,
3233 525 3306 583 ut

1744 606 1954 669 statim
2005 608 2070 669 in
2117 609 2318 689 primo
2367 609 2622 673 instanti
2677 628 2806 673 snae
2847 613 3300 693 conceptionis,
3415 688 3420 694 ι

1744 718 1889 761 cum
1920 705 2049 763 toto
2079 702 2308 765 affectu
2331 748 2346 776 ‚
2391 708 2454 767 et
2482 702 2828 765 intensione
2861 704 2979 765 sibi
2998 704 3304 783 possibili,

1744 810 1857 873 per
1900 794 2192 857 virtutem
2241 797 2684 875 intrinsecam,
2735 815 2812 859 ex
2859 796 3160 863 charitate
3205 798 3306 861 vel

1742 887 2102 951 ohedientia
2137 890 2300 953 mori
2333 909 2448 971 pro
2485 889 2846 955 hominibus
2883 890 3070 954 vellet
3089 937 3110 969 ,
3155 903 3306 955 tune

1742 987 1950 1043 actum
1982 983 2160 1045 illum
2187 1003 2316 1047 non
2346 1002 2532 1065 posse
2562 1002 2700 1049 esse
2723 984 3016 1061 liberum,
3050 986 3156 1051 sed
3189 1006 3306 1049 nc·-

1740 1078 2084 1141 cessarium
2108 1124 2123 1149 ‚
2155 1084 2220 1141 et
2241 1082 2704 1159 consequenter
2729 1096 2850 1141 nec
2885 1078 3298 1145 meritorium.

1742 1170 2012 1248 Sequela
2057 1176 2252 1250 patet,
2301 1170 2473 1250 quia,
2521 1172 2728 1251 posita
2771 1172 2878 1235 illa
2924 1172 3300 1253 hypothesi,

1742 1262 1976 1327 tollitur
2003 1264 2210 1327 omnis
2235 1264 2398 1327 ratio
2425 1264 2860 1329 indifferentiae
2885 1266 2951 1327 in
2983 1284 3114 1345 qua
3141 1268 3306 1331 dicta

1740 1357 1965 1419 solutio
1999 1357 2400 1421 fundabatur.
2445 1358 2622 1431 Quod
2662 1360 2713 1421 si
2750 1360 2870 1423 hoc
2895 1361 3302 1439 concedatur,

1739 1453 2004 1517 ulterius
2052 1454 2374 1533 interrogo
2422 1451 2592 1515 unde
2646 1459 2890 1517 constet
2935 1470 3066 1515 non
3107 1454 3306 1519 fuisse

1740 1546 1982 1609 Christo
2013 1546 2372 1626 impositum
2401 1552 2788 1626 praeceptum
2817 1547 2940 1609 hoc
2975 1548 3164 1611 modo
3185 1594 3202 1622 ,
3241 1554 3308 1613 et

1740 1658 1887 1703 cum
1916 1641 2034 1703 hac
2061 1639 2606 1703 determinatione.
2631 1640 2814 1703 Certe
2841 1641 3015 1701 nulla
3041 1641 3144 1703 vel
3165 1660 3306 1721 pro-

1740 1734 1929 1797 babili
1961 1735 2228 1808 ratione,
2263 1736 2365 1797 vei
2393 1734 2761 1797 auctoritate
2790 1734 3044 1814 probari
3071 1741 3302 1815 potest..

1740 1832 1895 1891 Tota
1928 1848 2080 1911 ergo
2109 1829 2215 1891 illa
2241 1828 2568 1909 responsio
2595 1828 2865 1904 divinat,
2909 1835 2972 1890 et
2995 1828 3130 1891 sine
3157 1828 3306 1893 fun-

1742 1923 2044 1987 damento
2070 1922 2372 2004 procedit.
2405 1921 2531 1985 Nisi
2556 1921 2718 1984 forte
2744 1922 2886 2001 quis
2912 1920 3101 1999 dicat,
3131 1942 3170 1983 a
3199 1941 3307 2003 po-

1739 2016 1982 2082 steriori
2028 2017 2240 2098 colligi
2265 2062 2286 2093 ,
2331 2022 2718 2098 praeceptum
2769 2034 2898 2077 non
2945 2015 3139 2079 fuisse
3195 2017 3302 2081 illo

1737 2112 1929 2177 modo
1949 2110 2335 2192 impositum,
2367 2116 2596 2173 etcum
2621 2110 2728 2173 illa
2752 2109 3300 2183 determinatione,

1742 2214 1807 2273 ut
1848 2208 2020 2271 salva
2059 2210 2349 2269 maneret
2385 2204 2664 2267 libertae.
2717 2205 2793 2267 Et
2835 2203 2920 2265 ita
2967 2204 3148 2267 multi
3183 2205 3300 2269 viri

1736 2302 1895 2365 docti
1919 2318 2052 2363 non
2071 2298 2412 2363 formidant
2439 2298 2922 2361 conditionalem
2949 2297 3120 2359 illam
3147 2316 3292 2359 con·

1736 2395 1980 2458 cedere.
2013 2396 2084 2457 In
2111 2412 2238 2475 qua
2268 2410 2386 2473 ego
2412 2391 2568 2453 nihil
2597 2391 2825 2453 erroris
2845 2394 2954 2455 aut
2977 2392 3300 2455 temerita-

1734 2489 1815 2553 tis
1834 2488 2112 2560 invenio,
2141 2505 2352 2567 neque
2375 2483 2852 2566 improbabilem
2875 2502 3018 2549 esse
3039 2502 3292 2559 censam

1736 2583 1883 2663 quia
1919 2588 1984 2645 et
2022 2582 2084 2643 in
2115 2582 2189 2643 D.
2226 2581 2484 2645 Thomas
2527 2579 2810 2643 doctrina
2845 2578 3040 2643 habet
3075 2579 3298 2643 funda·

1737 2682 2020 2741 mentum
2045 2720 2062 2750 ,
2106 2680 2172 2737 et
2215 2676 2281 2736 in
2317 2692 2388 2739 re
2437 2672 2878 2737 obscurissima
2908 2718 2924 2749 ,
2975 2674 3298 2738 verisimili

1738 2770 2098 2849 conjectura
2151 2767 2418 2833 ducitur.
2485 2766 2858 2848 Quanquam
2907 2785 3034 2831 non
3087 2766 3298 2831 desint

1736 2863 2022 2927 moderni
2053 2860 2308 2943 quidam
2336 2860 2666 2942 scriptores
2687 2908 2706 2937 ‚
2737 2862 2844 2942 qui
2871 2880 3002 2924 non
3035 2866 3164 2923 tam
3189 2880 3296 2925 ra·-

1736 2958 2012 3020 tionibus
2045 2957 2144 3019 vel
2181 2955 2657 3019 auctoritatibus
2691 2954 2864 3017 illam
2897 2956 3294 3037 impugnent,

1734 3071 1927 3134 quam
1981 3048 2574 3131 exaggerationibus
2625 3054 2689 3111 et
2743 3048 3028 3111 convitiis
3087 3051 3296 3131 exagi-

1734 3154 1889 3209 tent.

1816 3242 1917 3303 10.
1963 3238 2245 3317 objectio.
2275 3236 2722 3320 -Ruponsim
2751 3266 2836 3285 --
2857 3236 2984 3299 Alii
3009 3256 3180 3312 vcro,
3211 3256 3295 3301 ne

1734 3334 1905 3395 illam
1934 3330 2303 3404 concedant,
2337 3330 2572 3403 dicunt,
2605 3330 2770 3403 sucta
2799 3330 2910 3393 illa
2933 3330 3289 3413 hypothesi,

1735 3426 1941 3489 adhuc
1990 3441 2248 3485 manere
2291 3422 2674 3485 voluntatem
2716 3422 3168 3487 indifferentem
3211 3426 3293 3489 ad

1736 3517 2112 3583 eliciendum
2139 3515 2348 3596 potius
2373 3514 2542 3577 hunc
2565 3522 2772 3579 actum
2805 3534 3072 3580 numero
3103 3538 3294 3599 quam

1731 3615 1933 3685 illum,
1959 3618 2026 3675 et
2050 3610 2170 3673 hoc
2195 3609 2344 3671 satis
2365 3627 2504 3671 esse
2529 3608 2610 3669 ad
2629 3609 3002 3673 libertatem.
3033 3612 3156 3675 Sed
3173 3612 3294 3675 boc

1732 3708 1883 3771 mihi
1910 3724 2038 3769 non
2063 3704 2268 3785 placet
2289 3720 2406 3765 nec
2431 3702 2752 3775 satisfacit,
2770 3708 2900 3765 tum
2919 3704 3066 3784 quia
3079 3705 3184 3767 ina
3203 3705 3296 3767 in·

1734 3798 2089 3865 differentia
2127 3798 2370 3859 videtur
2401 3796 2584 3859 valde
2622 3797 2963 3859 materialis
2983 3842 3006 3873 ,
3053 3806 3114 3861 et
3142 3798 3296 3861 nihil

1733 3896 1970 3959 referre
2023 3892 2103 3954 ad
2149 3890 2500 3953 libertatem
2543 3888 2891 3951 studiosam
2937 3896 3000 3953 et
3039 3892 3296 3955 merito·

1732 3990 1891 4051 riam
1912 4010 1930 4064 3
1962 3993 2094 4049 tum
2125 3986 2316 4047 etiam
2334 3983 2482 4063 quia
2506 3982 2660 4045 alias
2685 3981 2912 4045 eodem
2937 3984 3125 4045 modo
3151 4004 3296 4066 pos-

1734 4089 1829 4147 set
1858 4088 2036 4145 actus
2061 4078 2292 4143 amoris
2329 4078 2658 4139 beatorum
2694 4076 3026 4157 cssejiber
3043 4122 3066 4154 ,
3105 4080 3251 4159 quia
3271 4124 3292 4155 ,

1734 4177 1880 4239 licet
1942 4174 2256 4253 objectum
2321 4170 2480 4233 illud
2546 4168 2802 4233 inducat
2855 4172 3298 4235 necessitatem

1738 4267 2018 4340 amandi,
2045 4284 2172 4329 non
2207 4271 2418 4327 tamen
2445 4262 2700 4324 amandi
2730 4262 2852 4327 hoc
2873 4272 3018 4327 actu
3043 4266 3114 4327 in
3141 4264 3297 4327 indi-

1738 4362 1950 4431 viduo,
1977 4356 2508 4440 praesertimjuxta
2531 4356 2694 4417 hanc
2719 4358 3128 4432 sententium,
3165 4366 3300 4421 tum

1737 4462 2044 4537 praeterea
2066 4452 2212 4533 quia
2238 4494 2254 4525 ,
2285 4450 2468 4529 juxta
2498 4449 2738 4511 veriora
2766 4450 3074 4531 principia
3101 4452 3300 4533 philo·

1738 4550 1974 4630 sophiae
1989 4594 2009 4625 ,
2039 4548 2159 4609 hoc
2189 4548 2324 4626 ipso
2351 4543 2524 4623 quod
2550 4544 2828 4623 potentia
2856 4553 3064 4608 creata
3094 4546 3300 4610 deter-

1738 4644 2014 4707 minatur
2047 4642 2130 4703 ad
2159 4637 2550 4720 operandum
2587 4654 2732 4698 cnm
2764 4636 2862 4701 his
2891 4639 3301 4703 circumstan-

1739 4738 1839 4799 tiis
1856 4780 1877 4813 ,
1907 4736 2360 4801 determinatur
2388 4731 2470 4793 ad
2497 4730 2680 4792 istam
2709 4732 3020 4795 actionem
3051 4734 3112 4795 in
3137 4734 3300 4796 indi·

1738 4833 1925 4897 viduo
1946 4878 1970 4911 ,
2009 4838 2071 4897 et
2097 4830 2180 4893 ad
2208 4830 2378 4891 huuc
2403 4829 2610 4889 aetum
2641 4827 2742 4889 vel
2769 4828 3064 4891 effectum
3089 4830 3300 4910 potius

1738 4946 1931 5007 quam
1971 4926 2054 4988 ad
2093 4925 2287 4986 alium
2309 4966 2330 4997 ‚
2379 4920 2526 4999 qnia
2566 4936 2692 4981 non
2723 4926 2924 5000 potest
2949 4922 3100 5003 fingi
3127 4923 3302 4987 aliud

1738 5021 2114 5101 principium
2151 5018 2342 5097 hujus
2377 5012 2936 5078 determinationis.
2991 5017 3169 5081 Unde
3201 5038 3300 5081 re·

1737 5114 2080 5196 pugnantia
2103 5117 2198 5175 est
2213 5111 2444 5184 dicere,
2462 5105 2848 5171 voluntatem
2865 5110 3090 5172 Christi
3105 5112 3298 5173 fuisse

1740 5206 2220 5270 determinatam
2247 5202 2330 5271 ad
2355 5210 2750 5282 operandum
2775 5200 2880 5264 hic
2904 5208 2968 5265 et
2985 5222 3158 5265 nuuc
3177 5204 3300 5266 cir-

1740 5320 1813 5367 ca
1838 5301 1962 5365 hoc
1990 5302 2332 5381 objectum,
2369 5308 2430 5364 et
2457 5302 2578 5367 hoe
2603 5304 2861 5379 motivo,
2899 5307 2964 5363 et
2989 5317 3132 5363 cum
3157 5297 3300 5360 aliis

1736 5396 2240 5470 circumstantiis,
2259 5402 2320 5458 et
2339 5415 2464 5459 non
2481 5398 2676 5461 fuisse
2705 5396 3183 5461 determinatam
3215 5391 3300 5454 ad

1734 5490 1905 5553 hunc
1950 5496 2159 5553 actum
2209 5492 2272 5551 in
2299 5489 2644 5568 individuo,
2670 5490 2792 5553 nisi
2833 5491 3092 5553 fortasse
3125 5504 3298 5551 -nevo
