3892 6167
548 326 668 385 3¹28

542 428 767 489 dit-itur
803 425 1005 488 inesse
1037 421 1336 484 voluntati
1378 422 1628 495 Christi,
1658 422 1739 483 ab
1766 422 1841 483 iis
1874 420 1982 498 qui
2014 420 2098 483 ita

540 518 945 599 respondent.
982 517 1299 593 interrogo
1341 535 1489 595 crgo
1522 535 1633 577 einr
1662 514 1907 575 tristitia
1934 514 2099 575 dica·

540 619 643 675 tur
684 612 889 675 inesse
929 628 1045 689 per
1090 608 1403 670 accidens
1452 609 1517 671 Si
1552 609 1737 683 forte,
1784 606 1930 685 quia
1971 624 2097 669 non

542 706 705 769 inest
740 703 860 783 ipsi
887 700 1189 765 voluntati
1220 701 1287 766 in
1316 720 1383 763 se
1413 702 1585 781 ipsa,
1616 700 1731 763 sed
1757 705 2006 761 tantum
2037 699 2098 762 in

544 797 849 879 appetitu,
889 797 1009 857 hoc
1052 800 1147 857 est
1188 793 1442 871 falsum,
1478 802 1539 857 et
1579 794 1960 857 eontrarium
2004 798 2105 853 >est

546 891 697 955 satis
726 890 1251 964 demonstratum;
1283 888 1333 949 si
1360 907 1511 952 vero
1532 886 1779 951 dicatur
1804 905 1917 967 per
1946 884 2105 949 acci·

544 985 705 1048 dens
734 984 965 1059 inesse,
996 984 1143 1061 quia
1172 1000 1251 1045 ex
1290 982 1579 1062 passione
1618 982 1899 1061 corporis
1944 979 2103 1043 orie·

544 1078 753 1153 batur,
787 1095 913 1139 non
946 1082 1044 1137 est
1066 1093 1283 1137 verum
1312 1075 1392 1137 de
1424 1076 1597 1143 omni
1624 1074 1892 1151 tristitia,
1918 1079 1987 1135 nt
2009 1070 2100 1133 vi-

548 1170 781 1245 dimuS,
811 1187 1018 1249 neque
1045 1160 1291 1231 etiamsi
1320 1168 1403 1230 ita
1430 1174 1621 1243 esset,
1652 1165 1998 1247 quidquam
2023 1164 2104 1227 ad

546 1282 683 1327 rem
701 1263 1041 1343 pertineret
1051 1278 1073 1339 3
1098 1262 1248 1341 quia
1266 1262 1679 1342 repugnantia
1696 1262 1857 1323 inter
1870 1262 2104 1323 formas

550 1358 895 1421 contrarias
937 1376 1063 1418 non
1114 1357 1401 1436 provenIt
1428 1375 1506 1419 ex
1532 1357 1737 1421 causis
1780 1356 1950 1419 unde
1985 1355 2106 1419 111ae

550 1452 859 1529 oriuntur,
891 1451 1003 1515 sed
1030 1451 1312 1515 consistit
1341 1452 1409 1515 in
1440 1452 1579 1531 ipsa
1619 1451 1865 1513 formali
1910 1451 2108 1513 iubae·

554 1548 729 1609 sione
772 1550 1063 1625 respectu
1114 1543 1402 1623 ejusdem
1457 1544 1741 1623 subjecti.
1788 1545 1915 1619 Ut,
1965 1543 2110 1605 licet

554 1657 723 1720 aqua
752 1638 831 1701 sit
866 1638 1077 1716 aliquo
1104 1638 1293 1700 modo
1312 1630 1451 1717 ‘per
1476 1655 1545 1699 se
1572 1636 1801 1717 frigida
1820 1680 1841 1713 ‚
1886 1636 2111 1697 nihilo-

555 1732 767 1795 minus
792 1736 1104 1811 repugnat
1130 1736 1197 1793 ut
1230 1730 1417 1791 simul
1444 1730 1523 1791 sit
1546 1729 1748 1793 calida
1768 1775 1788 1803 ,
1816 1728 2007 1791 etiam
2037 1747 2114 1791 ex

556 1824 901 1898 accidenti3
943 1824 1032 1887 sic
1062 1841 1213 1902 ergo
1244 1822 1397 1883 nihil
1432 1823 1625 1886 refert
1650 1822 1822 1902 quod
1866 1823 2117 1887 tristitia

557 1936 636 1982 ex
666 1936 947 1997 corpore,
979 1918 1081 1979 vel
1108 1934 1185 1979 ex
1210 1934 1591 1995 quacunque
1626 1916 1749 1979 alia
1788 1934 1982 1979 causa
2011 1936 2118 1981 ex-

555 2012 827 2076 trinseca
856 2012 1117 2085 oriatur,
1163 2009 1215 2070 si
1256 2008 1587 2073 formalem
1631 2010 2114 2090 repugnantiam

558 2107 619 2165 et
646 2103 1101 2183 oppositionem
1134 2102 1325 2163 habet
1346 2121 1489 2163 cum
1517 2104 1650 2183 ipso
1672 2104 1926 2184 gaudio.

637 2198 703 2259 9.
744 2196 1077 2275 Responsio
1114 2201 1356 2275 quarta.
1390 2230 1469 2239 —
1498 2194 1693 2257 Aliter
1730 2196 1852 2257 dici
1880 2199 2113 2275 posset,

556 2296 733 2352 aetus
759 2289 983 2351 animae
1012 2287 1381 2363 contrari03‚
1410 2289 1625 2367 quiite
1648 2297 1982 2352 versantur
2001 2290 2112 2351 cir-

556 2402 629 2445 ca
674 2382 841 2445 idem
882 2380 1259 2443 indivisibile
1301 2382 1616 2459 objectum
1638 2426 1659 2457 ,
1695 2388 1763 2443 ιιι
1812 2401 1978 2445 unus
2007 2383 2118 2445 de-

560 2482 756 2549 struat
774 2476 1051 2550 formale,
1066 2481 1128 2537 et
1152 2476 1473 2555 proprium
1498 2476 1809 2555 objectum
1834 2478 2112 2551 alleriuS,

558 2589 687 2631 non
730 2588 913 2649 posse
938 2568 1127 2629 simul
1170 2586 1308 2629 esse
1341 2569 1405 2629 in
1436 2568 1659 2631 eodem
1690 2569 2014 2651 subjecto;
2049 2576 2116 2634 ut

560 2663 715 2728 mihi
746 2662 1001 2741 quidem
1044 2661 1293 2723 videt-ur
1320 2661 1399 2722 do
1442 2680 1707 2725 assensu
1738 2670 1799 2725 et
1828 2663 2118 2727 dissensu

560 2757 845 2837 ejusdem
870 2755 1332 2835 propositioniS,
1350 2755 1451 2817 vel
1472 2773 1685 2819 amore
1706 2762 1767 2817 et
1794 2758 1937 2819 odio
1963 2760 2121 2837 ejus-

558 2851 703 2927 dm
750 2848 1097 2912 secundum
1138 2847 1329 2911 idem.
1374 2850 1453 2911 At
1479 2867 1627 2910 vero
1657 2850 1909 2927 quando
1942 2858 2120 2913 nctus

560 2962 685 3005 non
726 2944 807 3005 ila
858 2947 1005 3005 sunt
1052 2942 1387 3015 contrarii,
1419 2948 1488 3003 nt
1520 2960 1681 3003 unus
1727 2961 1982 3022 prorsus
2010 2945 2122 3007 de-

562 3043 759 3099 struat
789 3036 1105 3115 objectum
1134 3034 1391 3097 alterins
1407 3078 1427 3109 ‚
1456 3052 1827 3115 quanquam
1862 3042 2118 3099 natura-

560 3130 702 3191 liter
733 3128 1048 3201 interdum
1078 3133 1436 3206 repugnent
1461 3146 1601 3191 esse
1628 3128 1835 3205 simul,
1868 3150 1997 3195 non
2025 3138 2120 3193 ta-

561 3240 711 3283 men
752 3221 1097 3301 implicabit
1136 3220 1695 3284 contradictionem
1744 3222 1956 3285 divina
1997 3226 2118 3287 vir-

563 3322 695 3377 tute
732 3315 1027 3394 conjungi
1055 3314 1121 3375 in
1150 3315 1370 3375 eadem
1406 3318 1728 3393 potentia;
1760 3316 1882 3379 hoc
1906 3325 2117 3381 autem

564 3409 753 3473 modo
782 3409 1029 3471 videtur
1066 3408 1399 3488 contigisse
1436 3409 1499 3469 in
1530 3410 1759 3488 gaudio
1784 3418 1847 3473 et
1879 3412 2120 3474 tristitia

564 3502 828 3575 Christi3
872 3518 1000 3562 non
1046 3501 1211 3565 enim
1256 3508 1504 3563 versata
1538 3508 1685 3563 sunt
1718 3503 1882 3565 circa
1924 3504 2116 3579 idem,

560 3614 769 3675 neque
796 3594 1145 3657 secundum
1182 3593 1473 3655 eamdem
1515 3596 1843 3669 rationem,
1897 3603 1968 3659 ut
2009 3616 2121 3676 per

564 3707 633 3751 se
658 3688 807 3751 satis
838 3694 1101 3751 constat.

648 3786 747 3845 10.
794 3782 1098 3849 Gaudium
1151 3788 1207 3845 eb
1248 3771 1547 3856 tristitia,
1598 3781 1725 3851 nisi
1768 3783 1936 3847 cirea
1967 3784 2122 3847 idem

564 3877 799 3939 omnino
828 3880 1161 3947 versentur,
1192 3874 1437 3954 proprie
1469 3876 1783 3939 contraria
1805 3893 1927 3939 non,
1955 3883 2119 3939 runc.

567 4002 645 4017 -·
668 3968 863 4031 Aliter
888 3966 1009 4029 dici
1054 3970 1259 4045 potest
1294 3966 1394 4049 (et
1437 3967 1701 4029 fortasse
1746 3986 1852 4029 res
1876 3976 1976 4031 est
2020 3989 2128 4031 ea-

567 4064 735 4135 dem,
764 4062 1049 4140 quamvis
1076 4061 1335 4123 diversis
1372 4061 1579 4122 verbis
1604 4062 1947 4142 explicata)
1971 4082 2126 4143 gan-

567 4155 739 4217 dium
774 4161 839 4215 et
882 4154 1219 4229 tristitiam,
1266 4153 1613 4215 secundum
1655 4156 1929 4219 rationes
1977 4177 2124 4219 snas

568 4247 919 4327 genericaS,
942 4253 1005 4309 et
1030 4247 1285 4307 modum
1316 4264 1442 4325 quo
1470 4254 1800 4309 versantur
1824 4249 1990 4311 circa
2020 4250 2124 4311 ob·

564 4342 733 4419 jecta
770 4357 905 4413 sua,
940 4340 1175 4401 habere
1226 4356 1523 4418 magnam
1575 4339 2030 4415 diversitatem,
2065 4349 2125 4404 et

570 4434 911 4513 quamdam
974 4431 1485 4511 repugnantiam,
1538 4450 1665 4493 non
1715 4439 1923 4495 tamen
1973 4454 2116 4514 pro-

569 4529 769 4609 priam
797 4526 1330 4600 contrarietatem,
1363 4524 1483 4588 nisi
1508 4526 1575 4587 in
1604 4526 1970 4605 particulari
1991 4548 2123 4593 ver-

570 4627 789 4685 sentur
816 4620 979 4681 circa
1017 4618 1187 4679 idem
1224 4617 1513 4691 omnine,
1573 4618 1753 4697 cujus
1788 4620 1988 4685 simile
2036 4622 2124 4683 vi-

568 4716 719 4779 dere
764 4714 911 4775 licet
956 4713 1021 4773 in
1074 4730 1336 4773 assensu
1386 4717 1449 4773 et
1500 4711 1831 4785 dissensu;
1867 4734 2013 4777 nam
2058 4717 2124 4777 in

568 4806 889 4871 normanni
916 4804 1153 4867 habent
1176 4804 1349 4865 illam
1380 4804 1841 4880 diversitatem,
1874 4824 2006 4869 non
2031 4813 2124 4869 ta·
2229 4869 2235 4880 ,

570 4918 719 4963 men
743 4898 1117 4961 contrariam
1142 4896 1629 4977 oppositionem,
1666 4896 1785 4960 nisi
1808 4898 1935 4961 sint
1959 4902 2015 4979 ej
2025 4920 2126 4961 us-

570 4996 718 5059 dem
736 4993 817 5057 de
842 4992 1101 5067 eodem;
1128 5008 1253 5069 qno
1280 4990 1351 5051 fit
1378 4996 1448 5051 ut
1474 4991 1787 5053 interdum
1812 5012 1889 5055 ex
1910 5013 2126 5055 assen-

570 5108 645 5153 sn
676 5088 860 5149 unius
888 5084 1329 5166 propositionis
1348 5086 1585 5147 oriatur
1620 5086 1941 5147 dissensus
1967 5087 2124 5149 alte-

568 5184 721 5257 riue,
744 5187 806 5244 et
833 5179 1011 5241 simili
1042 5178 1227 5239 modo
1257 5196 1333 5241 ex
1364 5179 1595 5257 gaudio
1643 5178 1720 5240 de
1756 5179 1969 5241 divino
2013 5182 2124 5243 ho·

567 5294 725 5337 nore
746 5272 899 5335 oriri
916 5276 1124 5351 potest
1152 5272 1397 5332 tristitia
1418 5272 1495 5335 de
1515 5272 1725 5334 divina
1744 5273 2118 5337 offensione.

566 5370 669 5431 Sic
696 5384 846 5446 ergo
878 5364 1177 5444 gaudium
1196 5371 1253 5427 et
1277 5365 1521 5428 tristitia
1547 5363 1769 5427 Christi
1790 5384 1918 5426 nou
1946 5372 2124 5443 erant

568 5467 744 5523 actus
772 5476 921 5521 vere
961 5457 1293 5534 contrarii,
1338 5458 1485 5537 quia
1518 5457 1931 5523 versabantur
1959 5459 2123 5523 cirea

1752 322 1968 385 QUAEST
2019 322 2194 375 xviii.
2225 323 2426 375 Alme.
2467 323 2544 376 ΥΙ,

2156 3656 2160 3660 .
2201 3608 2334 3665 tum
2357 3603 2528 3681 quin,
2545 3602 2690 3665 licet
2705 3601 3003 3682 gaudium
3028 3607 3094 3663 et
3117 3600 3396 3671 tristitia,
3411 3602 3476 3661 in
3494 3619 3692 3662 commu·

2181 422 2427 485 diversa
2469 422 2750 501 objecta3
2789 420 3105 497 gaudebat
3141 420 3304 481 enim
3339 422 3414 483 de
3445 425 3646 493 laenitate

2183 515 2416 592 divina,
2446 522 2507 577 et
2533 532 2646 575 sua
2677 513 3088 588 beatitudine,
3121 512 3468 579 tristabatur
3501 528 3648 587 autem

2185 608 2262 669 de
2292 607 2562 686 peccatis
2592 607 2918 668 hominum
2947 606 3115 668 etde
3145 612 3344 668 morte
3367 613 3650 686 squumn

2184 701 2560 765 solutionem
2589 700 2796 780 attigit
2832 702 2904 763 D.
2937 699 3210 765 Thomas
3232 699 3298 761 in
3327 701 3394 771 Ο.
3419 702 3652 784 disputata

2185 795 2266 859 de
2289 796 2688 874 passionibus
2715 793 2968 868 animae,
2997 799 3115 856 art.
3139 795 3238 867 10,
3264 794 3348 858 ad
3369 798 3432 857 7.
3777 814 3780 851 i

2265 892 2366 951 Η.
2399 888 2660 967 objectio
2708 887 2912 952 tertia.
2931 921 3008 937 --
3038 886 3392 967 Remuria.
3417 917 3490 938 —-
3509 894 3656 957 Solum
3774 910 3776 913 ’

2186 981 2372 1045 video
2389 982 2573 1061 objici
2597 998 2806 1061 posse,
2817 1027 2824 1037 .
2836 980 2986 1059 quia
3015 979 3294 1042 Christus
3307 998 3420 1060 per
3435 983 3657 1051 visionem

2181 1074 2432 1137 beatam
2463 1073 2712 1137 videbat
2735 1074 2804 1135 in
2819 1072 3028 1135 Verbo
3050 1078 3502 1138 moi-temanum
3524 1096 3539 1149 ;
3559 1097 3658 1159 ergo
3774 1094 3776 1097 ’

2183 1186 2297 1248 per
2312 1168 2666 1230 fruitionem
2695 1168 2952 1231 beatam
2981 1166 3059 1229 de
3098 1166 3208 1229 itta
3250 1167 3568 1245 gaudebam
3591 1176 3660 1237 sed
3774 1209 3780 1223 ἡ

2185 1355 2322 1417 mul
2347 1354 2650 1434 gaudium
2681 1362 2743 1417 et
2797 1353 3112 1418 tristitiam
3159 1352 3446 1432 ejusdem
3487 1356 3664 1435 objecti,
3773 1396 3780 1411 ..

2189 1455 2382 1527 alque
2413 1448 2570 1511 adeo
2620 1446 2878 1527 proprie
2936 1446 3272 1509 contraria.
3307 1448 3384 1511 Et
3419 1449 3666 1515 confirma-
3777 1492 3779 1495 ⁴

2188 1545 2324 1617 tur,
2385 1542 2534 1621 quia
2571 1541 2728 1602 alias
2783 1539 3024 1604 nullum
3067 1540 3294 1603 suisset
3335 1540 3667 1609 miraculum,

2191 1642 2434 1699 tantam
2474 1636 2788 1699 tristitiam
2834 1635 3238 1714 conjunctam
3262 1634 3671 1701 faisseeumino
3778 1680 3779 1683 κ

2197 1730 2450 1809 gaudio,
2483 1747 2692 1808 neque
2719 1728 2886 1791 beati
2913 1728 3144 1791 fierent
3175 1744 3254 1789 ex
3303 1728 3370 1789 vi
3395 1728 3540 1793 illias
3569 1750 3676 1810 gau-
3777 1748 3780 1788 1

2200 1922 2644 1997 argumentum
2696 1915 3116 1995 respondetur
3162 1914 3374 1995 primo
3396 1958 3418 1991 ,
3461 1918 3674 1997 negando
3774 1964 3776 1971 .

2197 2013 2466 2093 primam
2487 2009 3027 2090 consequentiam,
3059 2010 3210 2088 quia
3229 2027 3364 2073 noa
3379 2016 3478 2073 est
3495 2028 3676 2074 neom
3777 2030 3780 2085 l

2199 2106 2533 2181 athenam,
2563 2106 2673 2183 qui
2691 2104 3049 2167 necessario
3075 2103 3450 2168 fruitus-Deo
3471 2103 3678 2183 ipsane·
3774 2156 3776 2161 .

2199 2200 2472 2261 cessario
2511 2200 2700 2261 etiam
2745 2198 3026 2277 gaudeat
3071 2197 3152 2257 de
3177 2196 3477 2259 omnihus
3509 2216 3618 2276 qnae
3643 2200 3678 2259 in

2197 2296 2330 2357 Deo
2375 2294 2568 2367 videt,
2595 2293 2746 2372 quia
2777 2292 2890 2355 illa
2932 2308 3060 2353 uon
3107 2294 3612 2371 repraesentantur
3641 2301 3682 2354 al

2199 2405 2516 2449 summum
2535 2386 2798 2458 honum,
2819 2386 2978 2447 sicut
2999 2386 3134 2464 ipse
3152 2386 3358 2458 Deum
3379 2384 3526 2447 sicut
3537 2387 3682 2463 etiam,
3774 2390 3780 2427 f

2194 2480 2343 2543 licet
2367 2482 2692 2544 necesaria
2721 2485 2896 2543 amet
2933 2480 3156 2551 Deam,
3184 2496 3322 2539 non
3367 2484 3560 2541 tamen
3591 2497 3680 2557 pm-
3774 2498 3780 2537 ,ι

2201 2574 2463 2647 inimum,
2493 2580 2560 2637 et
2611 2580 2838 2639 caetera
2867 2572 3078 2635 omnia
3111 2590 3254 2651 quae
3275 2600 3282 2607 ·
3303 2572 3372 2634 in
3411 2572 3532 2633 Deo
3558 2572 3680 2633 ridet.

2205 2669 2492 2731 Secundo
2529 2668 2972 2748 respondetur,
3014 2667 3202 2729 aliter
3227 2664 3538 2727 christum
3571 2666 3682 2744 gari-

2201 2780 2338 2823 sum
2367 2761 2562 2823 fuisse
2591 2760 2670 2825 de
2702 2767 2906 2825 morte
2935 2763 3158 2841 sua2ct
3197 2759 3390 2821 aliter
3427 2758 3506 2821 de
3528 2778 3588 2820 ea
3601 2762 3684 2821 tris

2201 2856 2400 2919 titiam
2419 2854 2758 2931 habuisse3
2789 2852 3038 2937 histilia
3060 2852 3235 2914 entim
3261 2858 3407 2915 erat
3435 2852 3683 2925 demone,
3774 2874 3776 2895 2

2201 2955 2268 3011 ut
2297 2955 2392 3011 cst
2417 2948 2652 3011 malum
2689 2954 2949 3020 naturae,
2981 2946 3058 3007 de
3103 2964 3230 3025 quo
3261 2946 3438 3007 malo
3461 2945 3686 3020 Oiristus,

2200 3047 2270 3103 ut
2297 3041 2410 3115 sic,
2443 3059 2573 3103 non
2597 3040 2938 3120 gaudebat,
2971 3038 3084 3101 aed
3133 3038 3222 3101 de*
3251 3037 3469 3101 fructu
3509 3046 3564 3101 et
3585 3040 3689 3099 utili·

2199 3139 2330 3197 tate
2353 3152 2545 3213 quam
2571 3152 2743 3197 mors
2767 3152 2882 3197 sua
2905 3133 3090 3195 nobis
3117 3138 3256 3193 erat
3273 3132 3560 3204 allatura,
3579 3132 3690 3193 etde

2199 3227 2332 3307 ipsa
2363 3234 2588 3302 morte,
2617 3235 2686 3291 ut
2729 3233 2864 3289 erat
2889 3225 3167 3287 medium
3193 3226 3271 3287 ad
3307 3225 3676 3307 hujusmodifi
3774 3274 3776 3277 ,

2203 3338 2350 3383 nem
2379 3340 2394 3393 ;
2429 3328 2491 3383 et
2524 3322 2608 3383 ita
2639 3328 2815 3383 actus
2841 3320 2930 3383 illi
2957 3336 3090 3381 nou
3112 3325 3302 3381 erant
3341 3320 3580 3381 omnino
3599 3338 3693 3381 con·
3777 3342 3780 3381 1

2201 3416 2400 3491 trarii,
2441 3416 2742 3493 quianon
2791 3418 2970 3477 eram
3021 3412 3102 3475 de
3155 3412 3392 3475 eodem
3425 3412 3693 3475 secundum
3777 3434 3780 3473 J

2201 3508 2391 3571 idem.
2421 3510 2530 3571 *Ad
2567 3508 3104 3571 confirmationem
3144 3515 3428 3585 negatur
3458 3508 3691 3586 sequela.

2201 3696 2268 3757 ni
2289 3701 2558 3775 sumpta,
2591 3712 2720 3755 non
2737 3694 2856 3755 sint
2883 3694 3154 3773 perfecte
3179 3694 3520 3769 contraria,
3545 3702 3696 3753 tanum

2201 3794 2462 3869 propter
2485 3788 2800 3850 diversum
2846 3787 3102 3849 modum
3133 3787 3444 3851 tendendi
3473 3789 3530 3849 in
3549 3786 3696 3865 objec-

2206 3889 2364 3954 tum,
2389 3881 2438 3945 si
2493 3881 2794 3959 gaudium
2849 3882 3016 3943 circa
3075 3898 3272 3943 unum
3325 3881 3622 3962 objectum
3651 3880 3698 3939 sit

2208 3974 2728 4055 perfectissimum
2757 3980 2819 4037 et
2847 3974 3516 4050 intensissimum,non
3539 3972 3698 4035 admit-

2204 4070 2276 4131 tit
2301 4086 2516 4131 secum
2549 4068 2744 4129 ullam
2787 4068 3117 4142 tristitiam,
3149 4067 3342 4131 etiam
3387 4068 3544 4133 circa
3581 4064 3697 4127 aliud

2205 4162 2546 4241 objectum,
2573 4166 2644 4223 ut
2671 4161 2898 4240 partim
2921 4160 3112 4223 etiam
3143 4160 3524 4239 experientia
3541 4162 3694 4219 notum

2209 4262 2348 4327 est;
2385 4262 2518 4317 tum
2563 4255 2754 4318 etiam
2789 4254 2940 4333 quia
2992 4252 3149 4317 visio
3181 4258 3250 4314 et
3293 4252 3502 4317 fruitio
3541 4252 3694 4313 beata.

2207 4366 2348 4427 quae
2374 4354 2598 4413 natura
2629 4366 2744 4408 sua
2773 4344 3696 4409 constituuntanimamnzaltimo

2207 4458 2336 4503 suae
2366 4440 2766 4520 perfectionis
2799 4442 2988 4507 statu,
3019 4457 3098 4501 ex
3125 4445 3359 4499 natura
3397 4456 3516 4499 saa
3545 4435 3696 4497 exelu-

2207 4533 2364 4595 dunt
2401 4550 2656 4597 omnem
2697 4550 2954 4595 causam
2981 4532 3246 4595 tristitia}
3275 4550 3296 4604 ;
3327 4530 3628 4608 fuit-igitar
3649 4526 3694 4585 il-

2205 4626 2314 4687 lud
2335 4626 2728 4700 miraculum,
2749 4624 3008 4705 speciali
3023 4618 3695 4704 dispensationem&-

2205 4726 2300 4801 sto
2327 4719 2562 4781 factum
2591 4726 2846 4799 propter
2877 4724 3157 4781 nostram
3195 4717 3668 4797 redemptionem.

2811 4902 3031 4958 sEcho
3065 4903 3146 4956 tv.

2211 5028 2398 5087 Utrum
2437 5032 2742 5088 voluntates
2769 5028 2976 5088 Christi
2999 5028 3282 5087 interdum
3305 5030 3508 5101 saeviat
3527 5028 3690 5113 intem

2454 5117 2766 5184 contrariae,
2790 5115 2882 5171 vel
2925 5128 3146 5187 semper
3171 5116 3498 5186 conformes.

2288 5284 2346 5341 l.
2377 5281 2726 5360 suppositis
2777 5246 3278 5344 distinctionibus
3315 5295 3496 5361 supra
3529 5272 3686 5355 positis

2202 5372 2286 5435 de
2324 5382 2468 5435 actu
2503 5374 2738 5437 efficaci
2771 5379 2834 5435 et
2861 5374 3168 5437 inefficaci
3193 5373 3536 5443 voluntatis,
3563 5364 3686 5429 etde

2205 5466 2468 5530 diversis
2493 5466 2698 5530 modis
2723 5468 2950 5547 quibus
2973 5486 3098 5529 una
3133 5467 3420 5531 voluntas
3433 5466 3610 5545 potest
3625 5456 3684 5519 al·
