3892 6167
1357 315 1676 372 marmur.
1711 315 1790 368 Ll.
1824 316 1993 368 SECT.
2030 318 2113 370 lv.

115 415 408 480 cellentia
435 415 752 482 increata.
785 417 848 476 et
882 412 1214 476 intrinseca
1263 413 1390 476 Deo
1445 411 1693 476 fundari

111 511 325 570 debet.
357 510 438 568 Et
465 507 629 572 nihil
654 507 890 569 defluit.

191 605 253 666 3.
301 602 672 680 Responsio.
695 631 778 648 -
815 600 952 664 Una
998 601 1276 664 eteoclem
1315 601 1519 664 virtue
1548 600 1694 664 reli-

114 698 342 778 9iom's,
389 694 590 758 eciam
632 699 878 775 propter
917 695 1186 756 diversos
1218 695 1458 770 titulos,
1501 695 1696 758 Deum

117 791 328 854 adorat
357 793 420 852 et
451 787 630 852 colit.
652 818 734 836 -·
759 787 1174 850 Nihilominus
1217 787 1552 850 dicendum
1579 793 1692 861 est,

121 901 306 946 unam
335 889 402 944 ct
437 881 738 944 eamdem
765 899 900 944 esse
927 882 1240 953 virtutem,
1271 900 1411 962 quae
1441 887 1696 961 propter

117 979 229 1040 has
252 994 482 1040 omnes
509 976 794 1038 rationes
820 976 1012 1036 Deum
1039 976 1186 1038 colit
1207 984 1268 1038 et
1287 977 1530 1048 adorat,
1553 994 1692 1055 quae

122 1070 478 1132 communis
509 1075 610 1130 est
635 1069 1098 1149 Theologorum
1123 1071 1458 1146 sententia,
1479 1071 1548 1130 in
1563 1068 1690 1142 3,d.

123 1168 182 1236 9,
207 1163 534 1244 principue
569 1164 638 1224 D.
667 1163 918 1234 Thom.,
956 1179 1018 1240 q.
1049 1166 1259 1238 l,.art.
1309 1166 1392 1237 33
1453 1163 1696 1236 Aleae„

123 1264 376 1337 3part.,
439 1275 508 1336 q.
548 1259 656 1328 30,
701 1257 936 1318 memb.
971 1260 1029 1331 l,
1079 1262 1196 1318 art.
1253 1259 1314 1330 3,
1363 1256 1476 1336 §2
1527 1258 1694 1328 et3;

125 1353 336 1424 Gaba,
361 1351 518 1414 lect..
558 1351 640 1412 49
667 1350 734 1410 in
771 1352 962 1415 Cano.
1009 1349 1187 1422 Quod
1215 1351 1300 1412 ita
1325 1350 1596 1414 ostendit
1621 1350 1696 1412 Β.

125 1449 340 1506 Thom.
367 1449 431 1508 2.
469 1446 536 1515 2,
583 1463 646 1523 q.
679 1446 784 1518 81,
807 1449 924 1507 art.
957 1448 1020 1518 3,
1053 1444 1132 1506 ad
1157 1448 1216 1516 t,
1253 1451 1314 1506 et
1343 1463 1406 1524 q.
1445 1447 1550 1515 84.
1577 1450 1696 1506 art.

129 1544 186 1616 l,
207 1539 288 1600 ad
307 1543 346 1600 2
372 1557 387 1599 z
413 1536 608 1602 latria
635 1537 822 1600 datur
843 1539 998 1610 Dee,
1029 1545 1100 1600 ut
1124 1543 1221 1600 est
1247 1537 1516 1618 primum
1536 1539 1704 1617 prin-

129 1633 380 1710 cipium,
415 1636 482 1694 et
512 1637 696 1711 pater
725 1632 1032 1705 omnium,
1064 1629 1330 1694 Malach.
1367 1633 1396 1692 1
1441 1649 1456 1692 :
1496 1629 1576 1694 Si
1601 1647 1704 1710 ayo

129 1731 318 1803 pater,
349 1725 458 1788 ubi
481 1731 576 1786 eet
603 1725 794 1788 honor
811 1743 976 1788 mm
1001 1727 1034 1788 ⁴?
1063 1725 1187 1788 Sed
1211 1725 1276 1786 in
1313 1725 1556 1786 ratione
1581 1722 1705 1803 pri-

133 1819 214 1878 mi
251 1818 552 1897 principii
571 1819 784 1880 omnia
813 1817 1024 1881 divina
1051 1818 1350 1882 attributa
1378 1817 1704 1880 contineu-

139 1918 260 1982 tur,
311 1929 394 1972 ex
427 1911 666 1987 quibus
693 1911 878 1974 unica
909 1918 974 1974 et
1010 1912 1470 1992 simplicissima
1501 1909 1704 1974 excel·

139 2004 328 2066 lentis
349 2005 574 2066 divina
597 2024 710 2084 per
736 2006 1074 2084 quamdam
1100 2005 1488 2068 ineffabilem
1528 2005 1704 2068 iden-

140 2099 370 2160 titatem
412 2098 614 2160 veluti
641 2099 941 2168 resultat3
978 2117 1128 2177 ergo
1167 2099 1358 2162 virtus
1383 2098 1701 2174 religionis

143 2209 260 2252 nna
289 2199 408 2264 est,
446 2209 597 2271 quoe
628 2191 792 2254 hanc
821 2192 930 2254 Dei
954 2191 1388 2254 excellentiam
1423 2191 1696 2271 respicit,

143 2291 206 2344 ut
227 2285 496 2348 formale
523 2286 852 2364 objectum
875 2291 938 2348 et
983 2285 1463 2348 fundamentum
1497 2287 1702 2348 cultus

147 2397 324 2456 quem
359 2381 485 2440 Deo
543 2379 822 2442 exbibet.
859 2379 970 2441 Cui
1011 2379 1236 2441 rationi
1281 2379 1426 2440 addi
1473 2385 1699 2458 potest,

145 2473 298 2533 idem
331 2470 598 2535 omnino
629 2491 794 2546 esse,
819 2472 870 2534 si
915 2474 1081 2534 Deus
1127 2473 1191 2532 in
1218 2472 1458 2536 ratione
1497 2472 1707 2536 Salva-

153 2565 308 2639 toris,
336 2565 436 2626 vel
465 2572 660 2644 prout
687 2567 752 2627 in
777 2583 846 2627 se
874 2571 981 2639 est,
999 2583 1308 2645 supremae
1333 2565 1703 2645 majestatie,

153 2659 614 2729 consideretur-z
675 2659 824 2739 quia
875 2659 996 2720 sub
1055 2676 1434 2739 quacunque
1478 2661 1702 2720 harum

153 2751 450 2814 rationum
495 2753 716 2814 omnia
768 2753 974 2814 diviua
1015 2752 1312 2814 attributa
1364 2751 1708 2814 formaliter

151 2843 412 2910 includit.
465 2847 652 2919 Quod
701 2847 756 2908 si
791 2846 1066 2908 divinam
1112 2846 1448 2908 essentiam
1498 2865 1536 2906 a
1572 2846 1701 2908 suis

155 2938 448 3000 attributis
487 2941 738 3002 ratione
776 2939 1259 3020 distinguamus,
1304 2939 1370 2999 id
1407 2937 1564 2998 nihil
1595 2939 1706 3000 ob-

155 3036 285 3099 stat,
301 3033 446 3110 quia
468 3033 700 3094 eadem
720 3033 934 3096 virtus.
953 3050 1094 3111 quae
1123 3037 1409 3092 naturam
1432 3031 1706 3092 divinam

155 3133 392 3204 propter
417 3145 604 3188 suam
635 3127 1034 3188 eminentiam
1079 3133 1438 3198 veneratur,
1485 3143 1709 3188 conse-

158 3225 408 3294 quenter
421 3221 618 3282 etiam
649 3221 718 3281 in
750 3219 858 3282 illa
896 3221 1042 3282 colit
1073 3219 1524 3298 perfectionem
1577 3237 1705 3280 om-

157 3328 286 3372 nem
301 3331 442 3392 quae
467 3318 550 3376 ex'
578 3320 804 3374 natura
825 3315 914 3376 rei
947 3331 1090 3374 cum
1107 3312 1210 3374 illa
1235 3312 1568 3391 conjuncta
1591 3319 1702 3386 est,

157 3411 256 3464 aut
283 3414 490 3470 nostro
518 3406 916 3482 intelligendi
953 3406 1141 3467 modo
1185 3405 1266 3466 ab
1309 3405 1416 3466 illa
1465 3411 1700 3466 manat.

160 3496 315 3560 Sicut
365 3501 588 3576 virtus,
645 3517 784 3580 qum
833 3500 1102 3562 honorat
1153 3498 1499 3569 hominem,
1555 3497 1705 3577 quia

161 3589 330 3653 homo
359 3598 476 3665 est,
507 3593 804 3655 eumdem
859 3593 1074 3667 etiam,
1125 3592 1272 3671 quia
1317 3591 1703 3654 intellectum

161 3689 216 3742 et
239 3687 620 3750 voluntatem
643 3685 856 3759 babet,
885 3685 1240 3747 honorabit.

231 3779 286 3838 4.
323 3781 611 3843 Dubium.
640 3813 720 3826 --
751 3779 1100 3858 Responsio.
1147 3809 1226 3824 --
1259 3777 1384 3842 Sed
1429 3776 1586 3854 quid
1615 3781 1707 3838 est

161 3868 475 3936 dicendum
503 3875 590 3936 de
617 3873 902 3936 actibus?
941 3873 1116 3935 Multi
1167 3873 1336 3934 enim
1393 3870 1702 3943 dubitant,

161 3972 399 4044 propter
427 3969 706 4030 rationes
733 3967 794 4028 in
841 3966 1142 4047 principio
1195 3965 1411 4038 factas,
1457 3970 1521 4026 et
1555 3961 1705 4043 quia

165 4057 298 4119 nihil
326 4062 530 4124 obstat
549 4062 886 4141 quominus
917 4061 1082 4122 idem
1115 4059 1364 4123 habitus
1387 4059 1600 4140 plures
1627 4077 1702 4120 ac

163 4148 504 4218 differentes
523 4162 702 4218 aetus
727 4155 954 4228 eliciat,
989 4154 1148 4216 sicut
1177 4153 1397 4216 eadem
1428 4151 1702 4232 potentia

163 4239 534 4310 diversorum
592 4253 842 4310 actuum
874 4255 936 4310 et
961 4247 1288 4308 habituum
1338 4253 1432 4308 est
1473 4263 1694 4322 capax.

167 4335 267 4406 Qui
293 4343 512 4405 modus
533 4343 787 4404 dicendi
810 4341 1073 4403 fortasse
1107 4359 1235 4402 non
1259 4346 1358 4402 est
1385 4339 1701 4418 improba-

165 4428 308 4492 bilis.
369 4437 754 4500 Contrarium
803 4443 1018 4498 tamen
1069 4435 1445 4514 seutentiam
1469 4483 1484 4504 ,
1542 4437 1702 4496 sicut

168 4531 656 4599 communiorem.
676 4531 764 4591 ita
792 4537 854 4592 et
881 4528 1362 4609 probabiliorem
1387 4526 1694 4590 existimo.

165 4615 362 4698 Itaque
389 4641 616 4685 omues
637 4623 728 4683 illi
754 4628 952 4697 actuS,
981 4622 1046 4682 in
1077 4621 1318 4682 ratione
1347 4620 1539 4682 divini
1571 4619 1699 4680 cul-

168 4715 258 4770 tus
293 4721 350 4776 et
375 4716 598 4789 lau-ise,
628 4717 910 4797 ejusdem
941 4716 1176 4796 speciei
1215 4733 1356 4776 esse
1382 4715 1694 4776 videntur.

167 4800 236 4862 Et
259 4808 405 4872 ratio
433 4811 614 4873 reddi
646 4815 850 4890 potest
871 4810 1096 4888 primo,
1125 4808 1271 4888 quia
1291 4809 1463 4870 nulla
1492 4807 1700 4869 divina

171 4899 446 4970 perfectio
475 4909 570 4966 est
593 4903 910 4964 sufficiens
957 4903 1152 4964 latrioe
1197 4899 1697 4972 fundamentum,

169 4989 274 5050 uisi
295 5003 470 5072 prout
497 4998 856 5078 simpliciter
883 4996 1128 5058 infinita
1155 5003 1251 5058 est
1291 5002 1354 5056 et
1378 4995 1654 5056 increata
1679 5013 1694 5068 ;

175 5097 330 5158 erge,
365 5087 504 5152 licet
535 5092 764 5152 nostris
785 5089 1190 5170 conceptibus
1219 5089 1350 5150 boec
1399 5088 1700 5149 attributa

174 5171 626 5259 distinguamus,
655 5190 866 5245 tamen
901 5183 1144 5244 nullum
1169 5198 1390 5244 eorum
1418 5187 1512 5242 est
1539 5181 1698 5241 ratio

177 5269 482 5336 exhibendi
512 5278 638 5338 Deo
679 5277 918 5348 cultum
962 5277 1182 5348 latriae,
1213 5275 1330 5336 nisi
1375 5279 1559 5353 prout
1609 5273 1700 5332 in·

178 5359 348 5426 cludit
371 5370 630 5450 reliqua,
667 5371 825 5433 etin
857 5389 950 5446 se,
1003 5376 1066 5432 et
1109 5368 1174 5431 in
1201 5365 1702 5447 apprehensione

178 5463 368 5520 nostra
395 5464 616 5526 saltem
651 5464 952 5545 implicita
991 5471 1056 5527 et
1077 5461 1360 5538 confusa,
1410 5459 1706 5522 nimirum

471 5582 641 5630 xvut.

1777 417 2085 490 quatenus
2116 413 2177 473 in
2202 413 2483 492 quolibet
2506 433 2724 478 eorum
2772 419 3111 486 increatam
3150 432 3215 488 et
3239 405 3338 489 in-

1773 505 2013 566 finitam
2060 507 2515 574 excellentiam.
2550 508 2793 588 ipsique
2832 513 2957 574 Deo
3016 517 3333 596 prs-priam

1777 601 1840 658 et
1876 598 2257 676 singularem
2301 607 2677 678 spectamus.
2740 605 3103 684 Exemplum
3150 611 3337 690 hujus

1775 689 1868 752 rei
1897 708 2035 752 esse
2063 699 2267 770 potest
2290 693 2583 766 charitas,
2616 712 2782 772 quae,
2816 698 2866 758 si
2896 699 3097 762 Deum
3137 703 3340 782 diligit

1775 803 1969 864 super
1987 785 2197 848 omnia
2219 793 2359 848 actu
2387 790 2845 866 supernaturali
2880 798 2941 854 et
2986 794 3213 866 infuso,
3236 813 3341 856 ac·

1776 885 1878 942 tus
1893 879 2175 958 ejusdem
2204 881 2463 944 rationis
2484 883 2621 957 erit,
2648 883 2776 946 sive
2804 887 3020 951 tendat
3048 889 3111 950 in
3140 891 3339 950 Deum

1777 972 2063 1052 explicite
2114 974 2575 1036 consideratum
2634 982 2705 1038 ut
2751 979 2993 1043 infinite
3044 981 3281 1044 bouum
3315 1028 3336 1059 ,

1777 1065 1906 1128 sive
1962 1065 2205 1128 infinite
2238 1069 2612 1147 sapientem,
2660 1077 2772 1132 aut
2821 1081 3163 1152 potentem,
3217 1083 3335 1138 etc.

1782 1158 1939 1229 Ouia
1965 1178 2185 1222 revera
2206 1179 2387 1224 amor
2410 1179 2657 1242 semper
2684 1163 2985 1228 fundatur
3007 1167 3073 1228 in
3102 1169 3343 1230 infinita

1781 1252 1888 1314 Dei
1919 1252 2197 1316 bonitate
2228 1260 2291 1316 et
2314 1255 2719 1334 perfectione,
2778 1277 2919 1338 quse
2956 1262 3167 1324 omnia
3212 1263 3345 1324 haec

1781 1337 2067 1420 inc-ludit,
2096 1353 2271 1410 etest
2294 1349 2541 1427 propria
2566 1357 2641 1412 et.
2656 1351 2987 1431 adaequata
3027 1356 3184 1417 ratio
3208 1356 3343 1418 talis

1783 1437 2059 1510 amoris;
2097 1441 2383 1518 quamvis
2400 1443 2627 1504 modus
2646 1445 3043 1524 concipiendi
3066 1465 3140 1508 ex
3165 1455 3345 1528 parte

1783 1538 1999 1592 nostra
2022 1532 2309 1596 diversus
2338 1534 2437 1608 sit,
2491 1536 2598 1615 qui
2636 1537 2702 1598 in
2745 1537 2897 1617 ipsis
2938 1540 3347 1620 conceptibus

1786 1625 1973 1686 efficit
1998 1625 2448 1698 diversitatem,
2482 1630 2633 1707 quia
2672 1631 3003 1710 speciebus
3058 1633 3349 1713 intelligi·

1783 1716 2037 1794 bilibus,
2068 1725 2131 1782 et
2158 1720 2381 1782 mediis
2398 1722 2627 1800 quibus
2652 1722 3001 1787 intellectus
3029 1725 3109 1788 ad
3134 1728 3348 1788 cotici-

1782 1811 2085 1891 piendum
2116 1814 2332 1886 utitur,
2362 1824 2944 1889 commensuratum
2982 1826 3044 1880 at
3072 1838 3223 1882 vero
3250 1837 3352 1881 ac·

1783 1910 1886 1966 tus
1913 1906 2251 1968 voluntatis
2272 1925 2395 1968 non
2414 1909 2562 1970 inde
2584 1909 3074 1988 distinguuntur,
3095 1913 3349 1992 quando

1783 2000 1969 2070 ratio,
1998 2017 2136 2079 quae
2164 2001 2227 2060 in
2276 2002 2521 2080 objecto
2548 2004 2919 2083 concipitur,
2962 2014 3026 2067 et
3071 2009 3351 2070 volunta-

1784 2098 1908 2155 tem
1943 2099 2175 2164 movet,
2206 2094 2489 2173 ejusdem
2522 2097 2781 2158 rationis
2803 2099 3029 2161 existit.

1863 2189 1922 2248 5.
1966 2189 2055 2248 Ex
2084 2205 2209 2266 quo
2240 2187 2440 2248 infero
2472 2189 2731 2250 dubium
2750 2210 2879 2252 non
2901 2212 3039 2254 esse
3062 2194 3213 2272 quin
3239 2195 3351 2259 ho·

1781 2297 1898 2342 nor
1925 2280 2112 2342 datus
2144 2281 2267 2342 Deo
2298 2281 2476 2344 titulo
2516 2283 2825 2346 Creator-is
2873 2286 2971 2347 vel
3016 2289 3352 2351 salvatoris

1782 2391 1934 2434 vera
1962 2374 2143 2436 latria
2180 2375 2280 2446 sit,
2336 2383 2397 2438 et
2450 2376 2531 2436 ad
2574 2377 2941 2456 religionem
2992 2383 3301 2458 pertineat
3324 2400 3345 2462 3

1785 2468 2091 2547 quidquid
2112 2470 2282 2530 enim
2312 2469 2391 2530 sit
2418 2469 2499 2530 de
2540 2470 2893 2534 differentia
2930 2475 3221 2553 specifica
3248 2495 3353 2538 ac-

1787 2568 1991 2630 tuum,
2045 2579 2185 2640 quae
2235 2562 2301 2622 iu
2330 2562 2739 2640 quaestionem
2792 2567 2941 2627 verti
2972 2575 3201 2646 potest,
3260 2579 3354 2632 ta-

1785 2672 1930 2716 men
1960 2653 2041 2715 de
2078 2655 2339 2716 veritate
2374 2655 2567 2718 latrioe
2594 2657 2763 2718 nulla
2794 2658 3103 2724 dubitatio
3134 2663 3233 2723 vel
3257 2663 3354 2724 iu-

1787 2749 2097 2812 certitudo
2116 2750 2363 2812 admitti
2392 2750 2614 2823 debet;
2650 2753 2797 2831 quia
2830 2757 2993 2816 totus
3014 2756 3115 2816 hic
3146 2757 3348 2820 honor

1788 2850 1883 2907 est
1911 2843 2269 2923 singularis,
2301 2863 2377 2906 ac
2402 2844 2691 2924 proprius
2736 2847 2869 2922 Dei,
2928 2849 3091 2912 sicut
3136 2857 3199 2914 et
3250 2870 3358 2914 ex-

1790 2937 2235 3015 cellentiaipsa
2263 2958 2282 3009 ,
2312 2943 2405 2998 est
2434 2955 2587 3017 ergo
2638 2938 2841 3000 latria.
2894 2941 3137 3004 Deinde
3174 2943 3221 3004 si
3266 2951 3357 3006 at·

1789 3034 1959 3092 teute
1982 3049 2082 3092 res
2098 3030 2552 3106 consideretur,
2576 3049 2699 3092 nou
2717 3033 3093 3097 fundaturin
3116 3038 3355 3098 ratione

1787 3130 2025 3196 creata,
2072 3123 2183 3184 sei
2218 3123 2281 3182 in
2318 3123 2687 3185 excellentia
2720 3125 3021 3188 increata.
3064 3129 3240 3200 Quod
3272 3132 3357 3192 ita

1785 3217 2065 3291 declam,
2083 3215 2229 3294 quia
2260 3216 2325 3278 iu
2344 3217 2521 3278 titulo
2552 3217 2862 3280 Creator-is
2883 3221 3009 3283 duo
3038 3225 3357 3303 expectari

1788 3316 2093 3389 possunt:
2128 3310 2395 3370 alterum
2422 3315 2515 3370 est
2549 3317 2829 3372 creatum
2878 3312 3141 3389 bonum,
3184 3317 3355 3394 quod

1785 3403 1856 3464 iu
1899 3411 2183 3464 creatura
2233 3402 2531 3482 ponitur3
2594 3405 2865 3466 alterum
2922 3414 3017 3470 est
3082 3415 3354 3487 potestas

1785 3515 1977 3576 quam
2006 3497 2173 3558 Deus
2199 3496 2425 3558 retinet
2451 3499 2515 3555 in
2564 3506 2915 3560 creaturam
2968 3519 3170 3576 suam,
3212 3521 3354 3582 quae

1783 3607 2003 3653 revera
2030 3596 2122 3650 est
2144 3589 2493 3650 dominium
2536 3609 2902 3668 supremum
2934 3601 2999 3656 et
3044 3595 3355 3658 excellens

1785 3683 1894 3744 Dei
1910 3699 1932 3760 3
1964 3684 2167 3744 honor
2195 3682 2386 3762 igitur
2408 3699 2537 3744 nou
2580 3683 2764 3746 datur
2793 3687 2919 3748 Deo
2946 3694 3203 3766 propter
3242 3689 3355 3750 bo-

1786 3793 1942 3836 num
1972 3774 2145 3854 quod
2170 3775 2235 3835 iu
2268 3781 2555 3836 creatura
2586 3778 2819 3855 posuit,
2868 3778 2955 3838 ita
2990 3785 3060 3840 ut
3104 3779 3225 3842 hoc
3272 3783 3354 3843 sit

1783 3869 2141 3949 proximum
2196 3869 2503 3930 motivum
2555 3870 2893 3944 adorandi;
2928 3871 3039 3932 sed
3094 3880 3353 3952 propter

1785 3963 2136 4024 dominium
2162 3969 2224 4025 et
2255 3968 2653 4042 potestatem,
2708 3982 2899 4041 quam
2928 3965 2995 4025 in
3026 3985 3093 4028 se
3135 3967 3345 4030 habe-t.

1785 4055 1934 4128 Quae
1977 4062 2250 4136 potestas
2293 4057 2571 4120 increata
2628 4064 2723 4122 est
2744 4103 2761 4130 ,
2819 4059 2903 4120 ad
2962 4059 3347 4140 singularem

1783 4151 1893 4212 Dei
1917 4151 2349 4212 excellentiam
2381 4157 2708 4228 spectaus;
2743 4152 3013 4230 pertinet
3040 4172 3190 4234 ergo
3218 4155 3348 4218 dic-

1782 4249 1882 4305 tus
1913 4245 2113 4305 honor
2147 4244 2229 4306 ad
2256 4263 2467 4306 veram
2500 4251 2562 4306 ct
2586 4245 2937 4324 perfectam
2981 4247 3227 4310 latriam
3274 4253 3349 4312 Et

1781 4337 2007 4398 eadem
2041 4337 2199 4400 ratio
2218 4344 2333 4411 est,
2366 4338 2419 4398 si
2447 4338 2615 4400 Deus
2645 4337 2764 4400 sub
2790 4339 3035 4402 ratione
3070 4341 3345 4406 Salvato-

1781 4429 1864 4492 ris
1887 4437 1999 4493 aut
2024 4430 2441 4492 benefactoris
2470 4431 2905 4494 consideretur
2932 4436 2978 4493 ¹.

1861 4526 1923 4586 6.
1968 4524 2257 4588 Dubium.
2303 4555 2385 4570 -·
2412 4525 2763 4603 Responsio.
2797 4559 2875 4570 -
2914 4527 3094 4600 Quod
3135 4527 3185 4588 si
3215 4527 3345 4590 for‘

1780 4623 1942 4680 tasse
1972 4617 2197 4696 aliquis
2224 4617 2578 4696 specialiter
2624 4618 2903 4697 inquirat
2941 4621 3090 4698 quid
3143 4621 3219 4682 sit
3248 4622 3346 4682 di-

1781 4710 2049 4774 cendum
2069 4710 2149 4772 de
2181 4717 2321 4772 actu
2354 4711 2773 4789 gratitudinis,
2800 4729 2913 4773 seu
2942 4713 3021 4772 de
3042 4713 3345 4790 singulari

1781 4803 2017 4875 debite,
2061 4810 2125 4866 et
2184 4803 2563 4883 obligatione
2629 4821 2767 4883 quae
2806 4805 2887 4864 ad
2932 4806 3164 4884 gratias
3210 4807 3339 4869 Deo

1785 4896 2065 4975 agendas
2108 4914 2221 4974 pro
2262 4895 2588 4958 beneficiis
2633 4897 2937 4975 susceptis
2992 4915 3068 4958 ex
3104 4898 3345 4962 eisdem

1781 4990 2068 5063 resultat,
2092 4997 2155 5050 et
2171 4991 2237 5053 in
2266 4990 2503 5052 eisdem
2526 4988 2813 5068 quamvis
2828 4998 3039 5050 creata
3062 4991 3186 5052 sint
3205 5009 3344 5052 ver-

1783 5087 1977 5155 satur,
2002 5101 2075 5143 en
2104 5082 2437 5144 referendo
2468 5084 2531 5144 in
2549 5081 3012 5144 benefactorem
3031 5083 3253 5158 Deum,
3282 5088 3348 5144 et

1781 5195 1895 5256 pro
1925 5175 2051 5236 illis
2080 5177 2313 5255 gratias
2340 5176 2401 5236 ei
2427 5173 2696 5254 agendo,
2734 5175 2899 5236 unde
2955 5176 3239 5254 proxime
3269 5193 3346 5235 ea

1868 5363 1886 5404 ¹
1939 5363 2169 5426 Anton.
2221 5362 2299 5424 de
2352 5362 2622 5424 Cor-dub.
2654 5407 2675 5436 ‚
2712 5360 2853 5422 libr.
2908 5365 2935 5422 t
2984 5360 3345 5440 Theologic.

1789 5459 2233 5538 quaestionum,
2267 5475 2329 5535 q.
2356 5460 2418 5534 5,
2444 5455 2593 5518 dub.
2630 5459 2689 5518 2.

2946 5561 3023 5618 :lu
