3892 6167
651 464 716 525 in
733 460 920 541 hujus
943 458 1220 523 veritatis
1243 454 1782 521 continuationem
1799 452 2054 517 adducit
2066 451 2212 515 Gar·

653 555 878 621 dinalis
901 554 1182 628 Toletus,
1207 552 1391 615 Joan.
1419 551 1518 622 ¹0,
1549 552 1830 611 annotat.
1867 550 1967 609 14.

736 652 796 713 3.
841 646 1130 711 Dubium.
1172 679 1241 691 —
1283 642 1637 725 Responsio.
1681 673 1764 689 -
1805 641 2014 717 Quaeri
2060 656 2209 702 vero

649 760 781 806 non
807 738 1121 803 immerito
1151 742 1380 819 potest,
1411 736 1598 817 quale
1617 734 1811 797 fuerit
1833 734 1955 797 hoe
1984 750 2213 814 proeee·

655 840 856 915 ptum,
894 850 975 895 an
1000 848 1172 893 mere
1207 828 1568 911 positivum,
1600 828 1700 890 vel
1737 828 1995 890 omnino
2026 832 2215 889 natu-

655 928 810 991 rale.
857 924 1189 1005 Dupliciter
1243 922 1412 985 enim
1463 920 1726 1001 intelligi
1767 926 1976 1003 potest
2014 921 2213 1007 Dentp

657 1018 1032 1101 imposuisse
1069 1017 1310 1078 Christo
1356 1013 1621 1077 Domino
1679 1014 1843 1075 hane
1887 1013 2213 1091 obligatio-

655 1130 826 1189 nem,
866 1128 993 1173 uno
1027 1109 1214 1171 modo
1255 1108 1515 1182 directe,
1553 1106 1972 1188 praeeipiendo
2016 1104 2103 1167 illi
2148 1108 2215 1164 ut

654 1226 770 1287 per
793 1210 1061 1268 mortem
1099 1219 1277 1264 suam
1332 1201 1618 1262 homines
1663 1198 2021 1261 redimeret.
2074 1198 2212 1260 Alio

655 1299 844 1363 modo
878 1297 1081 1359 solum
1109 1293 1450 1357 revelando
1479 1293 1570 1355 illi
1607 1295 1728 1355 hoe
1761 1310 1902 1355 esse
1931 1290 2212 1353 medium

655 1390 1078 1455 necessarium
1148 1389 1230 1449 ad
1281 1388 1610 1449 hominum
1669 1386 2171 1466 redemptionem
2194 1429 2213 1458 ,

653 1486 802 1566 quia
834 1484 965 1565 ipse
1003 1482 1371 1544 decreverat
1419 1479 1658 1541 nullam
1691 1478 1877 1540 aliam
1933 1476 2215 1539 satisfac·

652 1580 895 1643 tionem
923 1594 1038 1656 pro
1067 1573 1426 1636 hominibus
1445 1576 1806 1653 acceptare;
1841 1570 2021 1633 multi
2045 1569 2215 1632 enim

655 1671 1038 1741 existimant,
1069 1686 1146 1731 ex
1158 1667 1279 1728 hoc
1304 1666 1436 1729 solo
1466 1664 1800 1747 posteriori
1829 1663 2043 1740 modo,
2070 1662 2215 1725 abs·

656 1784 782 1847 que
813 1764 936 1827 alio
966 1762 1230 1845 positivo
1259 1766 1570 1842 praecepto
1597 1805 1614 1834 ,
1661 1776 1740 1822 ex
1765 1760 1904 1839 ipsa
1931 1758 2074 1839 lege
2094 1776 2218 1820 na-

657 1858 845 1922 turali
874 1854 1210 1928 charitatis,
1241 1853 1449 1916 statim
1476 1858 1677 1915 ortam
1709 1870 1842 1914 esse
1873 1852 1939 1913 in
1972 1850 2215 1913 Christo

657 1951 1104 2031 obligationem
1149 1946 1498 2009 sustinendi
1537 1946 1896 2027 passionem
1937 1950 2003 2007 et
2050 1961 2217 2007 mor·

658 2051 822 2121 tem3
877 2042 1027 2123 quia
1076 2040 1180 2102 lex
1221 2039 1538 2103 charitatis
1579 2039 1818 2117 obligat
1854 2039 1936 2101 ad
1978 2056 2219 2118 ponen-

655 2137 803 2201 dam
836 2134 1226 2215 corporalem
1277 2133 1466 2194 vitam
1511 2150 1626 2213 pro
1678 2131 1880 2193 salute
1909 2129 2219 2212 spirituali

656 2229 947 2311 proximi,
975 2236 1040 2290 et
1061 2227 1258 2287 multo
1281 2225 1486 2307 magis
1507 2225 1742 2306 obligat
1757 2224 1838 2288 ad
1855 2223 2219 2305 ponendam

656 2324 828 2386 illam
855 2340 968 2404 pro
985 2321 1186 2383 salute
1202 2319 1508 2400 spirituali
1537 2319 1726 2381 totius
1751 2325 2013 2381 naturae.
2038 2318 2217 2391 Quod

657 2416 708 2481 si
729 2417 976 2479 dicatur
1001 2415 1120 2476 hoc
1135 2432 1276 2475 esse
1299 2430 1517 2475 verum
1543 2412 1607 2473 in
1625 2412 1800 2493 puris
1829 2412 2213 2485 hominibuS,

658 2528 928 2590 quorum
979 2508 1105 2570 vita
1152 2506 1495 2587 corporalis
1542 2524 1670 2567 non
1710 2506 1868 2567 tanti
1915 2503 2219 2568 momenti

661 2610 759 2667 est
785 2600 1004 2684 quanti
1029 2600 1366 2682 spiritualis
1393 2600 1520 2662 vita
1549 2598 1840 2680 proximi,
1877 2606 1942 2661 at
1973 2618 2121 2661 vero
2150 2600 2218 2660 in

657 2698 900 2763 Christo
931 2713 1058 2758 non
1107 2693 1306 2756 videri
1349 2693 1638 2757 eamdem
1686 2694 2020 2770 rationem,
2066 2693 2218 2774 quia

660 2792 799 2873 ejus
830 2790 982 2863 vita,
1013 2806 1090 2851 eo
1115 2788 1286 2868 quod
1307 2792 1478 2851 esset
1503 2788 1630 2848 vita
1655 2787 1793 2863 Dei,
1827 2793 1964 2849 erat
1987 2786 2219 2849 infiniti

659 2884 920 2957 valoris,
963 2888 1132 2945 certe
1171 2882 1292 2943 hoe
1337 2899 1467 2942 non
1519 2879 1759 2943 videtur
1802 2880 2068 2943 multum
2113 2878 2220 2941 ob-

661 2984 852 3050 stare,
879 2976 1051 3056 quia,
1073 2974 1360 3054 quamvis
1379 2974 1484 3035 illa
1515 2979 1682 3035 esset
1697 2974 1825 3035 vita
1845 2972 1982 3047 Dei,
2006 2978 2217 3033 temen

659 3088 788 3133 non
831 3068 1238 3131 'omittebatur
1266 3066 1646 3149 simpliciter,
1680 3064 1792 3129 sed
1841 3066 1922 3128 ad
1968 3070 2219 3145 tempus

659 3164 850 3227 breve
893 3167 1148 3243 propter
1193 3168 1494 3223 aeternam
1549 3159 1974 3239 proximorum
2024 3159 2219 3220 vitam

661 3254 1114 3337 exponebatur.
1148 3252 1328 3315 Unde
1365 3252 1582 3331 negari
1622 3269 1751 3312 non
1797 3256 2002 3331 potest
2038 3250 2217 3329 quin,

661 3349 1010 3413 seeundum
1053 3347 1334 3409 ordinem
1385 3343 1725 3422 charitatis,
1757 3344 2216 3425 praeferendum

659 3441 848 3505 fuerit
873 3439 1032 3502 illud
1052 3439 1294 3500 bonum
1327 3435 1652 3517 spirituale
1681 3437 2110 3516 proximorum
2130 3436 2217 3498 illi

661 3532 968 3615 corporali
983 3532 1216 3594 damno
1243 3530 1524 3611 proprio;
1553 3546 1707 3609 ergo
1723 3530 1951 3593 eadem
1972 3530 2217 3592 ratione

660 3634 830 3692 recte
859 3624 1124 3705 intelligi
1149 3624 1353 3704 potest
1391 3620 1684 3683 eamdem
1725 3622 2095 3685 charitatem
2140 3638 2219 3685 ex

661 3741 730 3785 se
769 3720 1082 3801 obligasse
1131 3716 1214 3780 ad
1263 3714 1766 3801 subveniendum
1807 3714 2111 3823 proximis
2150 3714 2219 3777 in

659 3820 835 3879 tanta
872 3811 1248 3875 necessitate
1277 3794 1648 3873 constitutis.
1682 3811 1896 3889 Neque
1926 3810 2097 3871 enim
2117 3826 2219 3873 re·

655 3908 780 3971 tert
807 3906 1038 3981 dicere,
1069 3904 1351 3985 potuisse
1377 3901 1696 3966 Christum
1718 3900 1842 3965 alio
1866 3901 2083 3979 mode,
2104 3901 2219 3965 sci·

659 4000 826 4077 licet,
854 3998 1044 4059 unico
1073 4002 1218 4059 actu
1259 4012 1372 4059 suo
1393 4040 1408 4071 ,
1441 3994 1823 4058 sufficienter
1853 4012 2219 4061 succurrere

659 4090 1060 4163 hominibus3
1093 4088 1505 4170 supponimus
1529 4087 1698 4150 enim
1719 4106 1797 4151 ex
1819 4088 2219 4152 ordinatione

660 4186 891 4258 divina,
923 4184 1045 4245 hoc
1089 4182 1368 4244 medium
1417 4182 1610 4243 fuisse
1655 4183 2086 4243 necessarium
2136 4180 2219 4244 ad

657 4277 1123 4360 reparationem
1169 4275 1522 4337 hominum.
1582 4275 1656 4336 Et
1697 4274 2109 4337 confirmatur
2154 4280 2217 4337 et

659 4368 1035 4443 declaratur,
1067 4368 1238 4447 quia,
1288 4368 1340 4429 si
1395 4368 1709 4447 fingamus
1757 4367 2069 4429 Christum
2112 4384 2218 4429 co-

661 4463 973 4545 gnovisse,
1005 4478 1144 4523 esse
1191 4458 1309 4521 sibi
1355 4459 1634 4522 medium
1669 4462 2094 4523 necessarium
2133 4460 2218 4523 ad

659 4554 1144 4638 promerendam
1180 4552 1446 4633 gloriam
1475 4558 1536 4617 et
1563 4554 2089 4617 resurrectionem
2118 4554 2216 4616 sui

659 4648 935 4731 eorporis
971 4653 1032 4709 et
1059 4648 1582 4710 resurrectionem
1625 4647 1707 4709 ad
1731 4649 1926 4711 vitam
1960 4649 2218 4711 immor-

657 4743 873 4816 talem,
925 4742 1234 4803 sustinere
1287 4742 1668 4821 passionem,
1723 4747 1788 4803 et
1835 4742 1995 4803 alios
2026 4741 2218 4823 hujus

658 4836 800 4897 vitas
827 4834 1099 4906 labores,
1123 4832 1312 4895 etiam
1343 4834 1394 4895 si
1423 4849 1553 4895 non
1583 4832 1850 4896 haberet
1877 4835 2047 4896 aliud
2068 4854 2219 4915 prae-

660 4936 910 5011 ceptum
941 4928 1300 5009 positivum,
1332 4944 1410 4988 ex
1439 4928 1576 5009 ipsa
1601 4929 1745 5008 lege
1771 4930 2044 4991 naturali
2062 4930 2216 4992 cha·

658 5022 856 5087 ritatis
901 5021 1194 5102 propriae,
1227 5026 1553 5083 teneretur
1599 5039 1676 5083 ea
1715 5022 1883 5083 mala
1911 5023 2215 5084 sustinere

658 5121 914 5197 propter
940 5120 1183 5177 tantum
1222 5113 1460 5175 bomun
1487 5112 1587 5174 sui
1613 5115 1916 5195 corporiS,
1951 5132 2063 5177 seu
2104 5114 2216 5175 hu-

657 5206 975 5271 manitatis
1002 5222 1169 5280 suae3
1209 5222 1362 5287 ergo
1401 5205 1482 5267 ad
1509 5206 1804 5269 eumdem
1827 5207 2085 5270 modum
2108 5227 2217 5289 po-

657 5308 782 5365 test
796 5299 1062 5381 intelligi
1083 5299 1304 5361 similis
1321 5298 1620 5379 obligatio
1641 5306 1896 5381 propter
1915 5303 2216 5362 aeternam

656 5394 922 5478 gloriam
951 5393 1326 5456 animarum.
1362 5392 1489 5455 Nec
1529 5392 1832 5457 dissimile
1875 5411 2215 5475 argumen-

657 5496 790 5552 tum
818 5487 1024 5568 colligi
1049 5492 1260 5568 potest
1286 5504 1362 5549 ex
1383 5485 1766 5567 obligatione
1791 5487 2111 5551 charitatis
2130 5487 2213 5551 ad

1901 350 2137 419 Qum.
2172 348 2277 407 XX.
2311 350 2514 408 Anne.
2550 352 2614 407 11.

2290 452 2517 527 Deum,
2548 452 2617 515 in
2644 450 2825 532 cujus
2872 448 3137 532 gloriam
3184 452 3249 510 et
3294 448 3549 519 honorem
3564 464 3697 530 redun-
3750 484 3752 535 ς

2292 544 2400 607 dat
2429 544 2757 607 hominum
2786 544 2985 625 gloria
3010 548 3075 606 et
3094 541 3460 623 redemptio;
3482 547 3752 633 ipseigit„
3750 602 3752 619 ,

2291 636 2400 698 Dei
2432 654 2611 700 amor
2632 638 2827 701 veluti
2853 642 3085 699 natura
3116 653 3231 695 sua
3244 636 3699 722 potuitobligamd

2296 730 2605 793 sumenda
2632 731 2847 793 omnia
2888 730 2997 793 illa
3022 729 3193 791 mala
3220 734 3455 809 propter
3486 734 3567 795 Dei
3590 736 3700 805 hom.

2293 842 2432 887 rem
2460 830 2523 887 et
2556 824 2839 906 gloriam.
2870 825 2951 887 Et
2982 824 3107 886 hoe
3138 822 3325 885 modo
3352 823 3557 887 videtur
3576 830 3701 897 defen.

2295 916 2446 981 dere
2496 920 2662 980 hanc
2708 917 3083 981 sententiam
3137 916 3405 978 Anselm.
3422 962 3443 993 ,
3481 918 3565 981 lib.
3600 929 3701 989 ιω

2292 1014 2459 1077 Deus
2500 1013 2715 1089 home,
2746 1029 2802 1074 e.
2836 1012 2876 1072 8
2912 1016 2978 1073 et
3022 1010 3083 1084 9,
3132 1015 3196 1072 et
3220 1008 3449 1073 videtur
3470 1012 3703 1081 mihivala·

2295 1106 2658 1187 probabilis,
2690 1120 3052 1185 quanquam
3100 1102 3171 1163 in
3221 1120 3293 1163 re
3339 1120 3453 1163 uon
3488 1105 3552 1165 sit
3570 1126 3705 1189 magna

2295 1200 2641 1263 diversitas.
2657 1197 2737 1263 Et
2762 1197 2946 1259 facile
2960 1195 3234 1275 intelligi
3256 1200 3468 1275 potest,
3490 1205 3703 1283 utrumque

2293 1292 2552 1356 modum
2575 1292 2871 1374 praecepti
2894 1290 2963 1351 in
2984 1290 3104 1353 hoc
3132 1288 3383 1369 negotio
3404 1290 3703 1366 intervenisse,

2296 1404 2439 1449 cum
2468 1385 2656 1447 simul
2704 1402 2845 1447 esse
2888 1400 3019 1445 non
3056 1388 3384 1461 repugnet,
3414 1390 3469 1445 et
3488 1390 3703 1469 uhumqm

2297 1480 2668 1543 charitatem
2692 1478 2805 1540 Dei
2832 1483 2897 1541 et
2922 1476 3151 1539 Christi
3192 1492 3341 1555 erga
3364 1476 3598 1541 homines
3615 1500 3709 1545 m.
3752 1472 3754 1527 ἕ

2295 1570 2577 1635 mendet.

2372 1670 2434 1728 4.
2480 1665 2817 1747 Responsio
2866 1667 2951 1731 ad
2987 1670 3459 1752 arquatorum—
3496 1667 3569 1728 Ad
3604 1686 3709 1749 argu·

2296 1766 2531 1836 menta,
2578 1761 2662 1823 ad
2708 1760 3229 1841 chrysostomum
3276 1758 3521 1839 primum
3564 1760 3711 1827 dieitur.

2298 1872 2442 1917 eum
2469 1860 2731 1935 propter
2760 1853 3044 1917 vitandos
3062 1853 3327 1916 Arianos
3350 1871 3421 1915 eo
3437 1852 3591 1915 modo
3606 1856 3713 1919 fuist

2298 1949 2607 2023 locutum;
2633 1948 2723 2012 illi
2754 1948 2923 2012 enim
2948 1948 3029 2012 de
3056 1948 3234 2021 Filio,
3266 1952 3335 2009 ut
3358 1949 3496 2021 Deo,
3524 1948 3715 2029 intellige·

2300 2042 2453 2105 bant
2488 2042 2723 2105 habere
2766 2043 3137 2105 mandatum
3168 2060 3207 2104 a
3239 2042 3413 2103 Patre
3432 2086 3450 2117 ,
3476 2048 3531 2103 et
3550 2060 3647 2103 esst·
3668 2046 3713 2105 iiii

2301 2134 2696 2199 obedientem
2718 2158 2737 2211 ;
2773 2135 2909 2217 ipse
2938 2152 3085 2198 vero
3110 2180 3129 2208 ‚
3160 2140 3233 2197 ut
3256 2133 3421 2195 hune
3444 2152 3651 2196 errorem
3666 2154 3713 2197 ra-

2301 2229 2523 2293 dicitus
2544 2229 2864 2305 evelleret,
2896 2230 3208 2311 explicare
3234 2228 3425 2290 voluit
3448 2228 3559 2290 hoee
3578 2234 3715 2307 omnia,

2298 2328 2363 2385 et
2394 2324 2731 2385 convenire
2776 2321 3019 2385 Christo
3070 2320 3416 2384 seeundum
3464 2332 3719 2402 assumptam
3753 2320 3756 2351 ³

2300 2424 2620 2492 naturam,
2679 2423 2743 2479 et
2785 2434 2913 2479 non
2956 2416 3285 2479 includere
3330 2416 3719 2495 imperfectionem

2300 2516 2757 2590 repugnantem
2812 2508 3027 2572 divino
3074 2508 3419 2589 supposito.
3448 2508 3513 2569 Et
3546 2508 3643 2569 ideo
3660 2512 3721 2585 {ut

2300 2604 2377 2664 D.
2408 2603 2687 2666 Thomas
2716 2618 2932 2681 supra,
2962 2602 3127 2665 dicta
3151 2620 3217 2681 q.
3248 2605 3353 2676 47,
3376 2620 3430 2661 a.
3456 2602 3507 2674 2,
3527 2600 3587 2662 ad
3610 2606 3645 2675 Ι,
3664 2622 3723 2661 no·

2298 2694 2481 2779 tavit)
2510 2695 2683 2759 addit
2711 2696 2929 2776 Chrys.
2958 2694 3066 2757 illa
3092 2695 3289 2758 verba
3322 2710 3347 2757 2
3371 2694 3503 2759 Non
3534 2700 3597 2757 est
3626 2696 3723 2757 ἑπτα*-
3753 2724 3755 2727 >

2299 2786 2600 2871 &qondam
2638 2790 2798 2871 quod
2830 2790 3016 2873 prim
3060 2788 3457 2869 expectaveris
3496 2788 3666 2859 andire,
3696 2798 3725 2849 a

2300 2898 2449 2962 opus
2474 2882 2529 2945 ei
2550 2880 2747 2959 fuerit
2768 2882 2998 2953 aiom,·
3015 2882 3121 2947 sed
3132 2882 3521 2945 voluntariam
3534 2886 3723 2941 mm·

2299 2975 2392 3040 vit
2411 2992 2773 3058 procerrima,
2796 2979 2856 3039 et
2874 2974 3331 3041 contrarietatis
3350 2974 3429 3037 ad
3445 2972 3635 3036 Patren
3652 2990 3725 3035 m·

2292 3068 2591 3151 pioionem
2616 3069 2939 3132 deserum.
2966 3068 3185 3147 Itaque
3214 3086 3343 3129 non
3369 3066 3589 3129 intendit
3602 3082 3723 3145 nega-

2297 3178 2369 3225 re
2396 3167 2819 3240 praeceptum,
2866 3161 2981 3222 sed
3027 3167 3223 3241 negat
3250 3160 3439 3223 fuisse
3483 3158 3723 3239 impositum

2298 3252 2539 3317 Christo
2580 3258 2837 3333 propter
2872 3252 3413 3333 imperfectionem
3436 3254 3659 3333 aliquam.
3680 3252 3725 3309 [1

2298 3364 2425 3427 quo
2458 3346 2645 3409 simul
2681 3364 3055 3427 responsum
3085 3353 3182 3409 est
3208 3346 3293 3408 ad
3317 3346 3725 3427 conjecturarum

2298 3439 2506 3501 verbis
2554 3440 2977 3519 chrysostomi
3044 3438 3455 3518 desumptam.
3506 3436 3723 3501 Secundo.

2300 3530 2420 3594 dici
2467 3537 2678 3612 potest
2708 3530 3027 3612 chrysost.
3064 3538 3129 3595 et
3150 3530 3490 3613 Theophyl.
3518 3530 3725 3594 docuisse.

2300 3624 2541 3687 Christo
2568 3643 2697 3687 non
2727 3624 2909 3687 aliter
2938 3624 3131 3687 fuisse
3168 3624 3515 3706 impositum
3537 3624 3621 3684 hoc
3638 3638 3727 3700 pra*

2300 3724 2575 3798 ceptum,
2602 3736 2793 3799 quam
2812 3716 3207 3781 ostendendo
3228 3718 3321 3781 illi
3338 3718 3573 3781 divinam
3590 3715 3725 3775 volun-
3758 3748 3760 3773 2

2298 3815 2491 3873 tatem
2513 3856 2535 3888 ,
2580 3818 2643 3873 et
2675 3810 2999 3873 decretum
3042 3811 3124 3874 de
3154 3812 3233 3873 iis
3276 3810 3539 3873 omnibus
3558 3826 3657 3888 que
3681 3804 3725 3865 ad

2299 3902 2705 3967 redimendos
2734 3904 3025 3969 homines
3068 3903 3279 3967 faeere
3320 3902 3619 3986 oportebat,
3652 3916 3725 3959 nor

2300 4000 2513 4061 tamen
2542 4015 2779 4078 negare
2808 3998 2956 4060 hine
3002 4004 3211 4059 ortam
3251 4016 3385 4061 esse
3416 3996 3609 4061 Christo
3636 3992 3729 4053 obli·

2300 4090 2619 4170 gationem
2646 4090 2967 4153 charitatis
2990 4091 3075 4153 ad
3094 4090 3485 4155 redimendos
3498 4088 3721 4150 homine:

2298 4182 2451 4264 quin
2492 4184 2705 4263 potins
2749 4184 3029 4247 indicant
3052 4202 3185 4247 non
3220 4184 3533 4265 indiguisse
3554 4182 3643 4241 alia
3660 4196 3727 4257 po-

2298 4277 2479 4339 sitiva
2494 4278 2637 4357 lege
2665 4284 2733 4339 et
2754 4278 3163 4357 obligatione,
3188 4285 3259 4341 ut
3270 4279 3386 4340 hoc
3406 4278 3605 4347 faceret,
3620 4266 3721 4349 quod

2294 4388 2411 4451 per
2435 4389 2503 4433 se
2522 4370 2761 4433 bonum
2794 4376 2857 4435 et
2882 4372 3315 4434 necessarium
3342 4376 3482 4444 erat,
3504 4362 3723 4447 suppositi

2295 4462 2491 4526 Patris
2525 4464 2889 4538 voluntate,
2871 4483 2888 4498 ·
2923 4471 2987 4529 et
3019 4462 3105 4528 ita
3126 4464 3373 4529 videtur
3400 4460 3639 4526 sententia
3658 4470 3721 4515 etr

2293 4574 2438 4622 rum
2466 4557 2818 4621 coincidere
2842 4576 2987 4620 eum
3016 4558 3331 4621 sententia
3356 4553 3581 4620 Anselmi
3596 4564 3719 4627 supra

2296 4656 2589 4733 tractata·
2625 4651 2725 4714 vel
2770 4658 2939 4714 certe
2984 4652 3207 4713 volunt
3244 4650 3521 4715 Christum
3552 4648 3719 4726 pmpler

2298 4760 2609 4807 summam
2640 4744 3091 4826 perfectionem
3134 4762 3317 4807 snam
3349 4760 3463 4807 uon
3484 4737 3719 4817 indigum

2298 4844 2608 4917 praecepto
2638 4856 2962 4919 expresso,
2992 4837 3105 4900 sed
3134 4842 3375 4901 tantum
3402 4835 3572 4908 tacito,
3597 4835 3639 4891 et
3656 4828 3719 4887 in·

2297 4930 2589 4993 sinuato·
2572 4950 2637 4993 m
2660 4932 2796 5011 ipsa
2822 4930 3151 4993 voluntate
3168 4932 3377 4996 Patris.

2374 5027 2437 5087 5.
2455 5023 2553 5086 Ad
2572 5024 2841 5104 primam
2858 5022 3399 5088 confirmationem
3410 5042 3477 5087 ex
3486 5016 3715 5083 lot-‚olonn-

2299 5118 2399 5190 10,
2428 5117 2873 5195 respondetur,
2898 5136 2979 5179 ex
3008 5118 3145 5197 ipso
3172 5124 3452 5181 contextu
3474 5114 3623 5194 apelle
3636 5104 3719 5165 0⁰1·

2297 5210 2412 5291 ligi
2438 5210 2627 5273 aliter
2649 5211 2787 5274 fieri
2824 5228 3182 5275 sermonem
3212 5212 3293 5275 de
3315 5217 3515 5283 morte,
3536 5198 3721 5267 etalii&

2298 5303 2379 5367 de
2418 5305 2907 5378 resurreetion03
2946 5306 3039 5369 sic
3074 5305 3249 5367 enim
3286 5304 3465 5385 inquit
3490 5297 3714 5363 christus·

2296 5396 2630 5480 Propterea
2660 5416 2755 5462 me
2776 5399 2985 5481 diligit
3002 5398 3221 5473 Pater,
3255 5399 3389 5483 quia
3402 5412 3488 5479 eqo
3498 5406 3603 5475 pm
3616 5382 3717 5448 ⁶³5·

2294 5506 2454 5554 mam
2472 5508 2683 5567 mam,
2711 5493 3025 5559 utiterum
3050 5510 3289 5559 mmm
3312 5508 3461 5561 mm,-
3450 5481 3589 5549 ·illud
3609 5492 3711 5554 erm
