3892 6167
533 433 666 482 non
707 431 856 478 vero
883 417 1134 487 natura,
1159 425 1302 492 quse
1327 406 1692 483 assumitur,
1719 423 1832 468 seu
1858 407 2095 470 unitur.

617 512 678 574 8.
723 503 1226 574 Dubium—Sed
1251 519 1498 585 quaeres
1519 500 1776 564 tandem
1799 517 1884 562 an
1912 500 2100 562 ratio·

535 623 618 670 ne
662 603 878 687 gratia>
915 598 1254 662 habitualis
1297 597 1492 679 possit
1535 595 1724 658 etiam
1749 595 1875 658 dici
1917 593 2100 658 Chri·-

535 707 691 775 stus,
736 697 806 759 in
851 700 1156 776 quantum
1195 694 1424 767 homo,
1462 687 1628 752 filius
1665 689 1801 752 Dei.
1835 687 2100 750 Videtur

535 793 710 858 enim
752 807 832 854 ex
865 788 1044 852 dictis
1088 785 1266 866 sequi
1309 784 1396 848 ita
1433 801 1576 848 esse
1613 779 2057 846 affirmandum
2078 825 2095 857 ,

533 893 670 952 tum
710 883 886 966 quia,
929 881 1076 944 licet
1119 879 1400 946 Christus
1441 877 1630 942 fuerit
1673 873 2098 938 sanctificatus

537 997 652 1064 per
693 979 960 1062 gratiam
986 973 1259 1049 unionis,
1291 979 1506 1036 tamen
1547 973 1740 1036 etiam
1767 987 1884 1052 per
1919 967 2101 1032 habi-

538 1073 773 1138 tualem
797 1069 1020 1136 habuit
1035 1083 1254 1132 veram
1281 1065 1836 1130 sanctificationem
1861 1069 1924 1126 et
1947 1079 2096 1144 pro·

539 1167 894 1252 portionem
929 1170 996 1228 et
1021 1163 1128 1244 jus
1157 1159 1238 1226 ad
1265 1159 1812 1243 supernaturalem
1833 1155 2097 1220 haeredi-

539 1267 734 1326 tatem
779 1265 842 1323 et
885 1255 1371 1328 heatitudinemz
1421 1271 1572 1336 ergo
1623 1253 1814 1316 etiam
1853 1249 2097 1313 ratione

541 1353 758 1437 gratim
797 1348 1134 1418 habitualis
1171 1355 1380 1432 potest
1431 1348 1556 1410 diei
1601 1345 1768 1410 filius
1805 1343 1934 1416 Dei,
1968 1359 2098 1406 non

537 1449 771 1525 minus,
817 1463 1012 1528 quam
1045 1445 1150 1508 alii
1183 1443 1370 1524 Justi3
1403 1445 1539 1506 tum
1581 1441 1772 1504 etiam
1803 1439 1953 1519 quia
2000 1453 2098 1500 se·

537 1539 818 1606 cundum
845 1557 992 1604 eam
1019 1537 1286 1620 gratiam
1315 1537 1434 1602 suit
1459 1553 1575 1599 suo
1601 1533 1792 1598 modo
1814 1531 2105 1614 spiritua-

539 1635 683 1700 liter
711 1633 987 1716 genitus,
1025 1633 1188 1696 sicut
1225 1639 1374 1694 sunt
1414 1629 1522 1692 alii
1559 1627 1804 1701 Sancti3
1833 1641 1985 1705 ergo
2020 1619 2107 1688 ad

540 1745 688 1792 eam
739 1725 1218 1808 generationem
1265 1727 1600 1788 consecuta
1645 1727 1742 1786 est
1787 1715 2105 1784 filiationis

542 1822 787 1886 relatio.
817 1819 1022 1895 Unde,
1051 1820 1210 1882 sicut
1237 1817 1517 1882 Christus
1545 1819 1616 1880 ut
1659 1817 1850 1878 homo
1877 1811 2105 1876 dicitur

539 1915 706 1980 filius
743 1913 1036 1994 Virginis,
1077 1919 1334 1995 propter
1361 1913 1706 1974 humanam
1751 1905 2105 1988 generatio—

537 2027 688 2074 nem
711 2025 794 2072 ex
819 2007 948 2085 illa,
973 2007 1062 2070 ita
1083 2006 1208 2070 dici
1239 2005 1470 2087 poterit
1495 2003 1665 2067 filius
1689 2002 1823 2077 Dei,
1847 2004 2104 2082 propter

539 2101 932 2185 spiritualem
959 2099 1438 2182 generationem
1464 2115 1544 2162 ex
1563 2096 1674 2160 illo
1697 2113 1812 2177 per
1837 2093 2104 2176 gratiam

541 2193 952 2262 habitualem.
997 2193 1270 2258 Aliunde
1316 2209 1467 2256 vero
1517 2187 1770 2254 obstare
1817 2189 2099 2262 videtur,

537 2291 686 2373 quia
709 2291 830 2353 hoc
857 2287 1106 2352 videtur
1129 2287 1342 2367 aliquo
1361 2285 1552 2350 modo
1569 2301 1788 2365 sapere
1819 2297 2100 2346 errorem

535 2384 828 2458 Nestorii,
875 2382 986 2462 qui
1031 2377 1284 2444 dicebat
1327 2379 1644 2444 Christum
1705 2393 1846 2440 esse
1899 2375 2100 2436 filium

533 2495 652 2561 per
707 2477 970 2558 gratiam
1029 2472 1502 2538 accidentalem.
1559 2471 1688 2536 Sed
1735 2469 1858 2532 hoc
1909 2485 2103 2548 argn-

535 2575 824 2636 mentum
867 2570 1048 2653 parvi
1085 2569 1390 2633 momenti
1433 2571 1551 2642 est,
1591 2565 1744 2650 quia
1785 2563 2103 2628 Nestorius

535 2681 666 2730 non
705 2673 836 2730 tam
864 2663 1117 2728 errabat
1151 2663 1218 2727 in
1267 2659 1602 2726 asserenda
1647 2658 1950 2722 filiatione
1988 2673 2105 2736 per

539 2760 804 2844 gratiam
851 2755 1266 2834 habitualem,
1305 2771 1504 2837 quam
1545 2753 1838 2834 negando
1883 2767 2103 2813 veram

537 2853 806 2934 gratiam
851 2850 1130 2928 unionis,
1181 2855 1248 2914 et
1297 2848 1668 2912 filiationem
1718 2845 2095 2908 naturalem.

537 2947 894 3011 Difficiliora
923 2945 1214 3010 videntur
1253 2959 1396 3024 quae
1437 2942 1504 3004 in
1529 2939 1838 3023 principio
1865 2956 2103 3021 propo·

537 3041 656 3104 sita
683 3045 866 3116 sant,
895 3039 1010 3103 sed
1035 3038 1143 3102 illa
1179 3038 1370 3102 etiam
1403 3035 1614 3100 statim
1657 3033 2099 3098 dissolventur.

615 3137 680 3202 9.
719 3134 1074 3216 Responsio.
1093 3163 1178 3182 --
1197 3131 1487 3199 Christus
1509 3137 1582 3196 st
1609 3129 1780 3194 homo
1803 3145 1926 3192 m
1952 3127 2105 3193 dioi-

537 3235 644 3296 tur
665 3229 913 3311 proprio
947 3227 1123 3304 filius
1157 3224 1275 3290 Dei
1309 3225 1548 3290 ratione
1571 3223 1796 3306 yratioe
1825 3221 2105 3286 nabusa-

536 3323 643 3388 lie.
665 3351 752 3370 —
769 3319 1186 3384 Nihilominus
1229 3324 1444 3382 tamen
1473 3315 1814 3380 dicendum
1845 3319 1973 3391 est,
1996 3315 2101 3380 hic

535 3430 722 3500 posse
751 3433 892 3478 esse
921 3413 1336 3495 quaestionem
1363 3411 1448 3474 de
1465 3429 1561 3487 re,
1583 3409 1684 3472 vel
1710 3408 1792 3472 de
1819 3407 2101 3472 denomi-

535 3510 794 3574 natione
815 3514 880 3572 et
905 3508 1096 3570 modo
1132 3503 1456 3586 loquendi.
1485 3502 1706 3580 Quoad
1731 3521 1894 3579 rem,
1937 3500 2101 3566 exis·

535 3602 690 3668 timo
711 3603 988 3666 animam
1005 3599 1230 3662 Christi
1272 3599 1590 3678 accepisse
1621 3596 1892 3678 gratiam
1915 3595 2101 3658 habi-

536 3697 774 3762 tualem
799 3713 915 3776 per
941 3693 1258 3756 actionem
1279 3691 1602 3773 propriam
1629 3690 1991 3754 distinctam
2016 3689 2099 3752 ab

538 3789 782 3854 actione
817 3787 1071 3850 unionis
1111 3793 1174 3850 et
1215 3785 1500 3866 ejusdem
1523 3783 1784 3846 rationis
1821 3799 1970 3845 cnm
1994 3799 2101 3846 ac-

533 3883 730 3961 tione,
775 3897 903 3963 qua
949 3879 1152 3963 gratia
1200 3877 1567 3961 producitur
1607 3877 1676 3940 iu
1719 3891 2098 3956 quacunque

535 3977 748 4040 anima
773 3975 874 4039 vel
897 3973 1171 4056 Ange103
1189 3973 1338 4054 quia
1359 3971 1668 4036 terminus
1691 3974 1788 4034 est
1813 3969 2101 4050 ejusdem

534 4075 796 4138 rationis
821 4118 846 4150 ,
905 4079 968 4136 et
1023 4070 1250 4134 modus
1310 4067 1734 4150 productionis
1787 4065 2101 4130 similiter.

535 4169 717 4243 Nam,
737 4167 884 4230 licet
903 4165 1152 4228 dicatur
1173 4163 1280 4226 illa
1307 4161 1508 4244 gratia
1532 4161 1870 4226 habitualis
1887 4160 2101 4224 debita

535 4263 774 4326 Christo
817 4259 1059 4322 ratione
1103 4257 1380 4334 unionis,
1411 4264 1625 4322 tamen
1664 4255 1924 4338 physice
1970 4272 2099 4318 non

537 4355 837 4429 manavit,
871 4369 989 4416 seu
1017 4351 1338 4416 resultavit
1367 4367 1446 4414 ex
1479 4349 1617 4431 ipsa
1653 4347 2098 4431 personalitate

539 4447 726 4514 Verbi
753 4446 930 4510 unita
963 4443 1374 4523 humanitati,
1401 4461 1541 4525 quae
1581 4459 1698 4525 per
1725 4457 1794 4506 se
1823 4445 1888 4506 et
1911 4449 1987 4506 ut
2012 4441 2101 4508 sic

535 4543 738 4608 activa
781 4555 914 4604 non
963 4545 1090 4615 est,
1121 4537 1238 4602 sed
1267 4555 1380 4621 per
1425 4537 1748 4620 propriam
1783 4536 2099 4600 actionem

531 4635 652 4700 fuit
677 4633 922 4710 effecta,
943 4636 1016 4696 ut
1043 4645 1255 4713 supra,
1285 4647 1348 4713 q.
1377 4633 1440 4708 ’1,
1461 4631 1588 4694 late
1613 4629 1950 4712 probatum
1974 4635 2091 4696 est.

533 4727 694 4792 Illud
736 4731 945 4792 autem
999 4723 1290 4790 debitum
1339 4727 1584 4787 tantum
1629 4729 1727 4788 est
1775 4722 2097 4804 quoddam

531 4821 774 4886 morale
813 4823 948 4902 jus,
985 4825 1302 4901 quatenus
1345 4821 1838 4881 consentaneum
1879 4823 1996 4894 est,
2030 4821 2097 4882 et

531 4920 772 4978 naturas
811 4913 902 4976 rei
927 4911 1494 4994 proportionatum,
1533 4919 1607 4972 ut
1651 4907 1911 4974 habenti
1935 4909 2099 4993 prio·

531 5021 668 5072 rem
701 5007 992 5088 gratiam,
1032 5005 1269 5070 seilicet
1299 5001 1576 5082 unionis,
1617 5004 1949 5085 posterior,
1980 5017 2097 5070 seu

529 5098 866 5166 habitualis
883 5095 1264 5164 conferatur.
1291 5093 1368 5161 Et
1389 5095 1536 5160 hinc
1573 5093 1665 5174 tit,
1713 5111 1790 5162 ex
1825 5095 1945 5160 hae
1986 5113 2095 5162 ac·

527 5197 728 5274 none,
763 5207 893 5275 qua
917 5189 1222 5276 producta
1253 5185 1372 5256 fuit
1417 5190 1620 5272 gratia
1666 5187 2005 5256 habitualis
2026 5191 2091 5258 in

527 5289 750 5356 Christi
775 5289 1012 5361 anima,
1037 5285 1373 5350 resultasse
1397 5285 1468 5348 in
1483 5281 1726 5350 Christo
1751 5291 1818 5350 ut
1833 5283 2091 5352 homine

525 5383 897 5452 relationem
925 5381 1008 5450 ad
1029 5379 1228 5446 Deum
1249 5376 1584 5446 fundatam
1605 5379 1674 5446 in
1695 5379 1830 5464 ipsa
1855 5381 2085 5462 gratia,

527 5491 670 5559 qut·
689 5479 768 5544 sit
791 5475 966 5544 velut
989 5473 1212 5542 relatio
1231 5469 1486 5540 effeetus
1511 5473 1593 5540 ad
1629 5491 1884 5540 causam
1923 5475 2087 5557 eJ'us-

1734 309 1971 374 Quaesr.
2006 309 2183 366 ΧΧΙΙΙ.
2217 309 2418 364 Anne.
2456 310 2537 366 W.

2178 407 2329 470 dem
2376 403 2635 472 rationis
2676 421 2823 466 cum
2868 401 3179 466 relatione
3224 402 3313 466 ad
3334 403 3547 466 Deum
3566 447 3585 474 ,
3610 421 3737 484 quse

2178 499 2442 564 resultat
2468 501 2533 562 in
2560 497 2821 562 homine
2842 495 3013 577 justo
3048 513 3127 558 ex
3152 496 3218 558 vi
3262 495 3437 558 illius
3462 494 3741 570 actionis,

2180 611 2297 674 per
2322 609 2515 672 quam
2548 591 2755 672 justus
2782 589 2873 652 fit.
2920 589 3101 666 Nam,
3142 589 3307 650 sicut
3350 588 3565 670 gratia
3592 587 3745 650 habi·
3811 607 3812 632 ³

2180 687 2367 750 tualis
2398 688 2461 750 in
2490 685 2731 750 Christo
2774 684 2933 746 etin
2976 683 3163 745 nobis
3190 688 3289 745 est
3334 681 3637 764 ejusdem
3660 701 3745 744 ra·
3810 711 3812 718 ·

2181 781 2392 858 tionis,
2424 781 2513 844 ita
2562 784 2626 844 et
2670 780 2805 842 haic
2848 775 3035 850 actia,
3068 782 3132 840 et
3178 775 3413 840 relatio
3458 793 3613 856 quae
3650 795 3747 856 per
3812 776 3814 860 l

2180 872 2353 938 illam
2380 874 2665 938 resultat.
2688 875 2905 952 Neque
2942 869 3111 934 enim
3140 869 3293 932 huic
3318 867 3627 932 relationi
3656 871 3747 930 ob-

2180 977 2347 1036 stare
2377 973 2583 1052 potest
2610 967 3027 1050 personalitas
3070 967 3353 1029 increata
3372 1010 3399 1042 ‚
3430 965 3591 1044 quia
3622 963 3749 1025 licet

2176 1065 2257 1129 de
2308 1064 2617 1128 relatione
2667 1063 3011 1126 resultante
3058 1079 3139 1124 ex
3188 1060 3485 1120 humana
3540 1058 3749 1120 Christi
3814 1006 3816 1090 l

2178 1157 2587 1242 generatione
2612 1154 3022 1230 substantiali,
3046 1153 3257 1216 adhuc
3276 1150 3641 1232 subjudice
3664 1152 3749 1224 sit,

3796 0 3809 304 l

2178 1274 2263 1319 an
2290 1255 2489 1338 possit
2513 1273 2653 1318 esse
2678 1253 2888 1330 realis,
2910 1267 3137 1326 necne,
3160 1255 3430 1332 propter
3450 1247 3750 1328 incapaci-

2178 1355 2377 1414 tatem
2416 1365 2727 1430 perseum,
2768 1353 2981 1410 tamen
3029 1345 3111 1408 de
3156 1341 3593 1406 relationibus
3632 1359 3751 1422 quae

2180 1447 2653 1524 consequuntur
2675 1441 2981 1512 actiones,
3000 1437 3355 1518 passiones,
3382 1441 3503 1498 aut
3526 1436 3751 1497 formas

2182 1537 2630 1612 accidentales,
2676 1551 2867 1598 nemo
2915 1549 3199 1614 unquam
3240 1529 3571 1592 dubitavit
3620 1531 3751 1609 quin

2184 1631 2505 1714 potuerint
2526 1631 2593 1692 in
2614 1627 2852 1692 Christo
2878 1645 3019 1690 esse
3052 1623 3285 1701 reales,
3310 1624 3365 1686 si
3388 1623 3463 1686 in
3488 1621 3641 1684 aliis
3660 1622 3753 1684 ho-

2184 1723 2457 1786 minibus
2504 1721 2665 1787 tales
2713 1724 2889 1798 sunt;
2932 1719 3083 1802 quia
3120 1717 3219 1780 hae
3258 1735 3399 1780 non
3444 1717 3753 1797 attingunt

2184 1815 2391 1898 ipsum
2412 1816 2807 1898 suppositum
2830 1813 3243 1878 substantiale
3270 1812 3649 1875 secundum
3674 1829 3751 1888 se,

2182 1911 2297 1976 sed
2317 1913 2557 1975 tantum
2592 1908 2909 1974 mediante
2938 1915 3189 1984 natura,
3214 1907 3377 1969 sicut
3408 1913 3478 1970 et
3508 1907 3642 1968 alia
3676 1923 3753 1968 aa·

2184 2005 2453 2068 cidentia
2492 2005 2559 2068 in
2584 2005 2815 2086 quibus
2840 2003 2995 2084 ipsas
3020 2001 3389 2066 fundantur.
3420 2001 3617 2066 Unde
3642 2019 3749 2062 noa

2182 2099 2431 2163 videtur
2480 2099 2744 2163 dubium
2762 2145 2783 2176 ,
2842 2099 2998 2177 quin
3050 2095 3271 2160 relatio
3326 2095 3749 2160 similitudinis

2182 2193 2445 2258 fundata
2492 2194 2555 2256 in
2598 2192 2889 2256 albedine
2930 2190 3119 2254 fuerit
3162 2190 3353 2254 realis
3390 2189 3469 2252 in
3494 2189 3745 2260 Christo,

2184 2289 2349 2352 sicut
2394 2287 2458 2350 in
2500 2287 2639 2350 aliis
2664 2286 3057 2362 hominibus;
3090 2290 3157 2348 et
3192 2283 3501 2346 similiter
3542 2283 3747 2344 relatio

2180 2381 2495 2465 patientis,
2524 2399 2669 2444 cum
2696 2379 3053 2461 patiebatur
3080 2378 3184 2442 vel
3210 2378 3584 2452 calefiebat,
3616 2385 3745 2454 etc.;

2182 2495 2336 2558 ergo
2366 2477 2531 2540 idem
2560 2477 2678 2538 erit
2703 2475 2782 2537 de
2822 2473 3123 2536 relatione
3154 2471 3423 2534 fundata
3462 2471 3529 2532 in
3562 2473 3743 2552 gratis

2182 2571 2509 2645 habituali,
2534 2587 2677 2650 quoe
2702 2585 2804 2631 res
2828 2569 3107 2648 apertius
3131 2567 3453 2630 constabit.
3478 2566 3743 2628 sectione

2185 2666 2499 2744 sequenti,
2518 2663 2885 2744 explicando
2902 2662 3213 2724 rationem
3232 2661 3303 2724 D.
3322 2661 3565 2724 Thom.
3580 2659 3743 2724 Addo

2182 2765 2399 2822 tamen
2440 2756 2865 2830 nihilominus,
2894 2755 3182 2836 quamvis
3226 2753 3367 2818 haec
3415 2755 3649 2818 relatio
3692 2757 3743 2816 in

2182 2852 2329 2934 aliis,
2339 2849 2699 2916 hominibus
2717 2850 2951 2914 habeat
2964 2851 3275 2912 rationem
3298 2849 3659 2924 filiationis,
3672 2855 3745 2911 ta·

2184 2963 2335 3010 men
2384 2945 2453 3008 in
2498 2945 2738 3008 Christo
2782 2961 2913 3006 non
2952 2943 3203 3026 proprie
3258 2943 3553 3026 recipere
3604 2945 3745 3006 hanc

2185 3039 2787 3112 denominationem,
2824 3043 2888 3099 et
2930 3035 3073 3100 ideo
3115 3053 3247 3100 non
3278 3037 3547 3118 proprie
3574 3055 3745 3120 posse

2184 3133 2308 3198 dici
2326 3131 2663 3208 Christum,
2685 3137 2755 3192 ut
2774 3129 3121 3207 hominem,
3144 3129 3341 3192 filium
3372 3131 3493 3192 Dei
3516 3133 3745 3194 ratione

2184 3227 2401 3308 gratim
2440 3225 2798 3300 habitualis,
2830 3224 2940 3288 sed
2982 3223 3234 3286 unionis
3262 3229 3545 3288 tantum.
3580 3226 3741 3288 Ratio

2182 3321 2371 3402 hujus
2396 3327 2515 3397 est,
2542 3320 2693 3400 quia
2718 3319 2935 3382 filiatio
2966 3317 3215 3400 proprie
3244 3318 3571 3398 significat
3592 3321 3740 3382 rela-

2184 3415 2419 3480 tionem
2462 3413 2875 3476 resultantem
2924 3429 3005 3474 ex
3044 3411 3259 3492 aliqua
3300 3415 3589 3489 actione,
3630 3431 3737 3496 qua

2178 3523 2297 3590 per
2332 3525 2401 3570 se
2428 3507 2633 3588 primo
2675 3505 3040 3589 producitur
3078 3505 3159 3586 is,
3186 3503 3297 3586 qui
3338 3505 3517 3570 filius
3550 3508 3739 3571 nomi·

2178 3609 2389 3678 natur,
2410 3602 2511 3664 vel
2538 3619 2615 3664 ex
2636 3619 2765 3664 non
2788 3599 2920 3662 filio
2945 3599 3211 3664 efficitur
3222 3622 3243 3676 ς
3268 3601 3361 3663 sic
3390 3603 3573 3664 enim
3592 3601 3738 3666 inter

2180 3693 2470 3758 homines
2510 3693 2727 3756 filiatio
2762 3693 3066 3756 naturalis
3097 3695 3515 3772 consequitur
3542 3693 3737 3778 physi-

2180 3807 2319 3853 cam
2364 3789 2865 3868 generationem,
2897 3805 3023 3866 qua
3059 3803 3177 3867 per
3221 3805 3290 3850 se
3334 3789 3549 3870 primo
3590 3789 3737 3850 filius

2178 3879 2822 3966 producitur3fi1iatio
2852 3883 3065 3944 autem
3092 3879 3389 3963 adoptiva
3418 3885 3737 3963 consequi-

2180 3985 2284 4040 tur
2324 3978 2634 4041 actionem
2674 3975 3005 4052 moralem,
3031 3993 3157 4055 qua
3193 3975 3541 4057 adoptatur
3581 3979 3643 4040 in
3678 3977 3735 4040 fi·

2179 4071 2335 4134 lium
2364 4071 2439 4146 is,
2472 4071 2581 4152 qui
2624 4067 2795 4132 filius
2820 4069 3207 4138 nominatur.
3250 4071 3331 4134 At
3364 4089 3527 4136 vero
3552 4073 3735 4156 gratia

2178 4165 2516 4229 habitualis
2558 4163 2787 4230 Christi
2826 4172 2891 4228 et
2936 4163 3233 4246 supponit
3265 4165 3451 4228 illum
3480 4185 3624 4230 esse
3650 4167 3733 4231 Fi-

2179 4259 2335 4323 lium
2362 4259 2477 4323 Dei
2501 4277 2617 4342 per
2644 4259 2911 4340 gratiam
2935 4259 3207 4336 unionis,
3228 4265 3291 4322 et
3316 4259 3471 4324 licet
3492 4261 3733 4344 physice

2178 4353 2290 4418 flat
2316 4371 2434 4436 per
2460 4353 2781 4434 propriam
2808 4353 3144 4428 actionem,
3186 4359 3435 4432 tamen,
3474 4373 3627 4420 cnm
3648 4357 3736 4420 illa

2180 4449 2379 4530 gratia
2407 4447 2637 4510 collata
2672 4447 2753 4510 sit
2786 4448 3035 4510 ratione
3060 4446 3279 4532 gratie
3312 4447 3598 4526 ustionis,
3627 4467 3736 4514 non

2180 4547 2479 4604 censetur
2498 4559 2615 4624 per
2638 4559 2707 4606 se
2734 4541 2940 4624 primo
2964 4541 3102 4606 fieri
3116 4587 3141 4619 ,
3168 4541 3281 4605 sed
3304 4541 3505 4614 veluti
3526 4559 3737 4608 cunm·

2176 4636 2285 4714 qui
2312 4635 2501 4698 aliam
2522 4635 2792 4698 formam
2810 4681 2832 4714 ,
2878 4643 2941 4698 et
2964 4635 3108 4699 ideo
3132 4636 3355 4700 relatio
3376 4635 3535 4701 inde
3558 4637 3735 4702 resul-

2172 4733 2315 4792 tans
2342 4747 2469 4792 non
2494 4734 2703 4809 potest
2726 4729 2983 4809 proprie
3008 4729 3227 4792 filiatio
3250 4731 3600 4795 nominari.

2255 4819 2357 4884 10.
2400 4819 2733 4902 Responsio
2778 4823 2862 4886 ad
2902 4829 3284 4903 aramenta.
3328 4853 3411 4870 -
3456 4823 3734 4890 carum

2178 4911 2251 4980 in
2280 4919 2574 4997 quantum
2602 4911 2771 4979 bomo
2798 4917 3081 4998 mamutio
3125 4917 3211 4980 sit
3248 4909 3471 4982 faiae.
3496 4917 3637 4982 Dei.
3664 4945 3733 4966 -

2176 5005 2277 5072 Ad
2298 5013 2673 5090 argumenta
2702 5005 2769 5070 ln
2786 5009 3091 5090 principio
3110 5009 3339 5090 posita,
3360 5009 3449 5072 ad
3470 5009 3731 5091 primum

2174 5100 2613 5182 respondetur,
2632 5119 2711 5166 ex
2730 5119 2923 5183 supra
2944 5099 3149 5179 dictis,
3170 5117 3393 5166 verum
3410 5113 3557 5168 esse
3578 5101 3731 5170 Chri·

2174 5201 2365 5273 stum,
2386 5203 2459 5258 ut
2484 5195 2831 5272 hominem,
2858 5210 2987 5258 non
3014 5211 3205 5278 posse
3232 5197 3354 5261 dici
3380 5193 3607 5262 Filium
3626 5197 3729 5262 Dei

2170 5290 2423 5370 proprie
2450 5307 2564 5371 per
2590 5288 2929 5354 essentiam
2960 5297 3023 5354 et
3049 5301 3353 5356 aeternam
3392 5293 3727 5376 generatio·

2168 5401 2343 5460 nem,
2370 5385 2529 5449 sicut
2558 5391 2655 5450 est
2672 5385 2861 5452 Filius
2878 5385 2993 5451 Dei
3010 5387 3076 5450 in
3094 5395 3407 5469 quantum
3428 5395 3529 5453 est
3546 5387 3719 5462 Deus,

2168 5479 2477 5544 sumendo
2510 5483 2799 5563 proprie,
2828 5479 3176 5546 formaliter
3206 5489 3271 5546 et
3310 5483 3717 5564 specificative

3822 1921 3825 2044 Ι

3825 2152 3826 2237 ι
