3892 6167
650 325 769 384 620

646 444 855 507 neque
902 432 997 488 est
1024 426 1331 503 adoratio,
1363 444 1572 509 neque
1604 426 1807 501 latria,
1842 443 2052 505 neque
2095 424 2211 485 du-

644 518 761 591 lia3
795 538 943 603 ergo
976 538 1187 601 neque
1216 523 1427 584 unitas
1452 522 1718 585 actionis
1744 524 2019 583 externae
2059 518 2210 580 satis

650 620 741 675 est
789 622 858 675 ut
909 615 1119 695 imago
1162 621 1226 677 et
1276 622 1655 697 prototypon
1686 633 1811 676 una
1844 612 2212 675 adoratione

650 706 904 769 adorari
949 707 1259 771 dicantur.
1313 710 1528 789 Neque
1566 711 1776 789 imago
1824 705 2051 772 Christi
2093 706 2214 768 dici

649 802 877 879 poterit
891 800 1140 864 adorari
1157 800 1382 865 eadem
1402 802 1585 864 latria
1608 820 1733 883 qua
1752 800 2058 867 Christus,
2075 817 2217 880 pro·

648 900 791 974 pter
830 895 1031 957 solam
1080 896 1391 957 actionem
1443 902 1810 970 externam,
1868 911 2014 955 cum
2055 892 2216 955 actio

652 992 911 1051 externa
942 1008 1019 1052 ex
1068 1006 1135 1051 se
1160 1006 1278 1050 nec
1329 988 1512 1049 latria
1540 990 1641 1063 sit,
1678 1006 1797 1051 nec
1841 988 2051 1062 dulia,
2105 984 2218 1047 sed

645 1082 826 1161 juxta
848 1082 1259 1144 intentionem
1288 1080 1609 1144 adorantis
1623 1098 1644 1159 3
1669 1082 1824 1143 alias
1850 1080 2059 1144 Sancti
2081 1096 2216 1160 pos·

652 1180 791 1235 sent
820 1173 946 1235 dici
990 1174 1210 1237 eadem
1264 1173 1634 1237 adoratione
1666 1192 1779 1237 seu
1831 1174 2016 1237 latria
2070 1172 2212 1246 coli,

650 1284 778 1346 qua
808 1268 1109 1343 ChristuS,
1138 1267 1284 1347 quia
1310 1268 1535 1329 eadem
1566 1270 1841 1331 exterior
1880 1269 2041 1332 actio
2085 1266 2217 1329 cul-

650 1367 753 1421 tus
784 1366 991 1439 potest
1020 1361 1183 1423 circa
1212 1361 1351 1423 illos
1382 1363 1681 1424 exerceri.
1712 1363 1893 1426 Unde
1924 1361 2098 1423 addit
2117 1360 2212 1421 ul-

648 1454 844 1514 terius
888 1453 1161 1529 Gabriel,
1210 1455 1397 1516 etiam
1434 1454 1865 1517 adorationem
1897 1455 2210 1517 internam

651 1564 763 1608 seu
792 1546 1081 1609 affectum
1108 1547 1414 1610 adorandi
1440 1548 1785 1628 imaginem
1813 1554 1876 1611 et
1922 1554 2212 1629 prototy-

650 1658 802 1721 pon,
835 1659 967 1703 esse
1019 1642 1227 1722 aliquo
1274 1642 1465 1706 modo
1500 1662 1721 1720 unum,
1778 1643 1880 1705 vel
1932 1643 2206 1715 realiter,

654 1735 824 1814 quod
864 1736 1189 1815 probabile
1220 1756 1357 1800 esse
1399 1744 1637 1813 censet,
1668 1738 1767 1799 vel
1796 1737 2018 1799 saltem
2038 1734 2213 1797 habi-

652 1826 873 1891 tudine
904 1836 965 1891 et
994 1831 1317 1911 analogia3
1348 1848 1496 1893 nam
1525 1837 1791 1911 uterque
1832 1832 2104 1912 pertinet
2131 1830 2212 1891 ad

655 1921 1085 1985 adorationem
1118 1924 1337 1997 latriae,
1370 1924 1543 1986 verbi
1575 1924 1795 2006 gratia,
1840 1923 1891 1985 si
1922 1923 2002 1986 de
2031 1924 2212 1985 Chri-

656 2021 751 2076 sto
798 2025 859 2077 et
912 2016 1049 2095 ejus
1096 2018 1371 2097 imagine
1424 2018 1503 2079 sit
1547 2036 1786 2095 sermo,
1844 2024 1956 2080 aut
2001 2016 2208 2093 dulim,

657 2107 707 2167 si
778 2108 857 2169 de
907 2112 1150 2172 Sanctis
1205 2112 1578 2191 loquamur,
1631 2112 1779 2191 quia
1848 2112 1917 2173 in
1987 2110 2213 2173 eadem

658 2202 1025 2264 excellentia
1054 2210 1321 2283 uterque
1372 2204 1697 2281 fundatur,
1720 2205 1966 2269 diverso
1998 2210 2212 2267 tamen

654 2295 869 2371 modo,
902 2297 1053 2377 quia
1102 2298 1183 2360 ad
1238 2298 1563 2381 exemplar
1598 2300 1975 2362 terminatur
2023 2304 2092 2360 ut
2131 2296 2214 2359 ad

657 2385 903 2450 habens
932 2389 1103 2451 illam
1134 2391 1593 2466 excellentiam,
1620 2392 1701 2453 ad
1746 2392 2086 2473 imaginem
2113 2408 2217 2453 ve·

654 2498 725 2543 ro
756 2481 958 2544 solum
985 2490 1240 2564 propter
1268 2491 1624 2565 respectum
1648 2487 1748 2548 vel
1780 2485 2216 2548 habitudinem

654 2574 737 2636 ad
762 2574 933 2635 illam
972 2576 1442 2652 excellentiam3
1476 2585 1539 2641 et
1578 2578 1744 2652 ideo,
1774 2579 1921 2641 licet
1949 2586 2215 2658 utraque

654 2668 735 2729 sit
759 2668 961 2746 latria,
994 2675 1205 2733 tamen
1240 2671 1438 2734 altera
1470 2679 1566 2735 est
1594 2672 1978 2753 simpliciter,
2017 2673 2216 2735 altera

654 2764 1003 2825 secundum
1034 2764 1223 2843 quid;
1255 2772 1445 2844 atque
1472 2765 1559 2826 ita
1588 2764 1660 2827 fit
1683 2766 1855 2827 illam
1902 2766 2216 2829 adoratio·

652 2874 802 2917 nem
832 2874 969 2919 esse
994 2861 1238 2921 tantum
1273 2858 1619 2921 secundum
1654 2860 1805 2939 quid
1830 2878 2049 2935 unam,
2077 2860 2215 2941 plu-

652 2966 757 3010 res
782 2956 996 3011 autem
1030 2951 1417 3031 simpliciter.
1448 2952 1524 3014 Et
1560 2952 1725 3013 hanc
1753 2952 2115 3033 opinionem
2144 2952 2210 3013 in

652 3058 721 3101 re
766 3042 1049 3122 sequitur
1092 3043 1404 3120 Corduba,
1437 3044 1478 3106 1.
1515 3047 1542 3106 1
1606 3045 1838 3116 Quaest..
1868 3046 2111 3120 Theol.,
2145 3064 2206 3126 q.

653 3138 715 3207 5,
748 3133 897 3196 dub.
924 3140 987 3211 4,
1016 3142 1133 3199 art.
1166 3142 1229 3212 2,
1266 3137 1436 3218 opin.
1472 3140 1533 3212 3,
1566 3137 1671 3199 ubi
1704 3138 1911 3214 etiam,
1944 3140 2116 3219 opin.
2147 3142 2208 3211 2,

652 3226 843 3289 refert
869 3228 1181 3291 Joannem
1208 3230 1549 3305 Medinam,
1580 3240 1968 3294 asserentem
1991 3231 2211 3295 adora-

652 3320 891 3381 tionem
918 3321 1209 3403 imaginis
1258 3340 1395 3386 esse
1436 3323 1800 3387 inferiorem
1842 3324 2209 3389 adoratione

650 3416 1004 3496 prototypi3
1037 3418 1205 3479 unde
1245 3417 1531 3481 existimo
1558 3420 1766 3481 solum
1799 3421 1865 3481 in
1892 3437 2048 3483 voce
2099 3418 2214 3481 dif-

650 3506 835 3584 ferre,
867 3510 1119 3589 quando
1150 3530 1343 3573 unam
1390 3518 1573 3575 vocat
1621 3512 1889 3584 latriam,
1949 3514 2212 3575 alteram

652 3599 913 3679 duliam,
968 3610 1258 3684 respectu
1313 3604 1534 3667 Christi
1582 3612 1647 3667 et
1684 3604 1980 3686 imaginis
2033 3606 2208 3685 ejus;

650 3712 822 3770 nam,
854 3696 1014 3758 utin
1042 3698 1469 3777 superiorIbus
1502 3698 1702 3779 tetigi,
1745 3700 1952 3760 omnis
1990 3700 2214 3762 adora-

648 3790 761 3864 tio,
793 3808 933 3869 quaa
962 3810 1090 3854 non
1126 3797 1222 3854 est
1250 3792 1527 3873 perfecta
1556 3797 1618 3855 et
1660 3810 1953 3871 suprema
2004 3793 2209 3872 latria,

651 3890 911 3946 vocatur
936 3886 1017 3947 ab
1046 3885 1360 3965 aliquibus
1384 3885 1580 3961 dulia,
1614 3886 1713 3947 vel
1760 3887 2074 3949 interdum
2099 3889 2214 3969 hy·

650 3977 933 4056 perdulia
958 3995 979 4056 ;
1016 3978 1187 4041 unde
1232 3987 1527 4059 respectu
1570 3978 1837 4059 alicujus
1886 3982 2098 4043 Sancti
2151 3988 2215 4043 et

649 4070 941 4152 imaginis
971 4073 1109 4152 ejus
1156 4092 1287 4135 non
1337 4076 1680 4155 potuerunt
1724 4074 1829 4136 illa
1884 4075 2075 4138 verba
2115 4094 2214 4137 ac·

650 4165 1058 4237 commodari,
1082 4166 1196 4227 sed
1216 4184 1476 4229 necesse
1506 4168 1623 4231 erit
1650 4168 1861 4231 dicere
1887 4169 2214 4248 exemplar

652 4257 900 4319 adorari
927 4260 1232 4338 superiori
1266 4259 1458 4335 dulia,
1502 4260 1840 4341 imaginem
1876 4279 2030 4323 vero
2057 4260 2213 4321 infe-

650 4351 820 4425 riori,
853 4370 964 4414 seu
988 4352 1143 4413 illud
1166 4352 1448 4416 absoluta
1478 4354 1674 4430 dulia,
1696 4355 2041 4435 imaginem
2061 4374 2212 4419 vero

650 4444 996 4524 respectiva
1026 4450 1295 4509 tantum.
1326 4447 1529 4526 Atque
1560 4448 1623 4507 in
1660 4446 1825 4509 hanc
1862 4449 2050 4509 etiam
2073 4466 2212 4510 sen-

655 4540 911 4599 tentiam
942 4536 1235 4601 coincidit
1263 4540 1476 4621 opinio
1504 4540 1840 4615 catherini,
1866 4558 2082 4621 opusc.
2127 4542 2208 4606 de

647 4630 839 4693 Ador.
876 4630 1094 4713 imag,
1121 4633 1317 4695 concl.
1339 4634 1379 4696 6
1406 4640 1468 4697 et
1501 4636 1555 4709 7,
1588 4640 1648 4695 et
1673 4634 1919 4697 Martini
1942 4636 2022 4696 de
2045 4636 2209 4716 Aya-

647 4725 732 4801 la,
763 4724 843 4787 de
870 4726 1241 4802 Tradition„
1276 4745 1339 4807 p.
1360 4728 1423 4803 3,
1456 4746 1510 4790 c.
1545 4726 1623 4789 de
1652 4728 1833 4790 Cultu
1861 4728 2054 4809 imag.
2079 4748 2096 4801 ;
2126 4730 2210 4789 ci·

646 4819 769 4880 tari
799 4819 987 4881 etiam
1018 4820 1175 4881 solet
1210 4838 1324 4900 pro
1358 4820 1475 4882 hac
1520 4821 1836 4883 sententia
1872 4822 2202 4897 Henrious,

650 4911 870 4985 Quodl.
898 4912 996 4988 10,
1030 4930 1093 4991 q.
1126 4916 1199 4987 ὃς
1231 4914 1367 4987 sed,
1398 4920 1677 4993 utsupra
1712 4914 1862 4989 dixi,
1894 4916 2214 4995 aequivoce

648 5004 947 5083 loquitur.
969 5008 1045 5067 Et
1070 5007 1359 5069 nonnulli
1382 5008 1570 5069 etiam
1592 5026 1670 5069 ex
1684 5008 2022 5071 Thomistis
2053 5009 2216 5071 hanc

650 5099 1011 5179 opinionem
1038 5099 1107 5160 in
1128 5118 1195 5161 re
1221 5101 1420 5163 secuti
1440 5108 1610 5176 sunt,
1632 5103 1916 5181 quamvis
1936 5103 2000 5163 in
2025 5102 2214 5166 modo

646 5190 981 5272 loquendi,
1008 5198 1269 5272 propter
1288 5196 1361 5256 D.
1380 5194 1630 5270 Thom.,
1646 5193 1857 5256 dicant
1877 5194 2217 5276 imaginem

660 5290 721 5346 et
747 5289 1129 5365 prototypon
1143 5302 1269 5347 una
1296 5285 1663 5351 adoratione
1690 5287 1807 5349 coli
1826 5305 1842 5361 ;
1862 5287 2223 5369 intelligunt

646 5383 857 5439 autem
879 5377 960 5439 de
978 5396 1105 5441 una
1130 5378 1501 5443 adoratione
1522 5398 1649 5442 non
1676 5381 1884 5461 quoad
1900 5386 2111 5444 actum
2129 5382 2225 5444 in-

647 5476 900 5534 ternum
929 5470 1027 5533 vel
1076 5474 1431 5548 externum,
1485 5473 1597 5537 sed
1640 5474 1853 5554 quoad
1904 5474 2217 5550 habitum,

1868 324 2102 389 QL'AEs‘r.
2137 326 2284 379 XXV.
2317 326 2513 382 Amin.
2549 330 2634 382 111.

2293 426 2443 505 quia
2473 428 2662 490 unica
2694 431 2764 489 et
2793 424 3008 488 eadem
3050 427 3258 503 virtuS,
3289 448 3408 511 quoe
3443 438 3696 516 inclinatas}

2294 522 2686 583 adorandum
2707 524 3082 602 prototypon
3101 530 3340 603 propter
3357 547 3433 603 se,
3451 532 3637 605 inclinat
3647 550 3694 609 ad

2295 614 2682 676 adorandam
2712 614 3051 693 imaginem
3093 622 3334 695 propter
3372 622 3567 702 ipsum;
3601 638 3696 703 sicut

2297 714 2565 791 possunt
2591 708 2711 769 dici
2741 708 2907 769 Deus
2952 712 3013 770 et
3037 710 3471 788 proximus'una
3502 722 3694 795 chantate

2297 803 2491 883 diligi.
2528 802 2640 875 Qui
2661 802 2885 863 modus
2907 800 3153 863 dicendi
3169 802 3232 864 in
3261 822 3321 867 se
3343 820 3426 869 est
3448 816 3694 901 probabitis,

2295 901 2508 959 tamen
2556 914 2683 958 non
2712 894 3012 956 satisfacit
3043 895 3352 960 intentioni
3391 902 3453 964 D.
3499 908 3696 989 Thomae;

2300 1008 2446 1051 nam
2477 990 2666 1071 plane
2695 988 2970 1067 loquitur
2997 987 3077 1050 de
3108 994 3267 1063 actu,
3295 997 3360 1053 ut
3381 1000 3521 1073 patet
3541 1020 3597 1063 ox
3615 1012 3702 1070 arti.

2297 1084 2463 1161 culo,
2501 1090 2564 1146 et
2593 1100 2668 1145 ex
2701 1081 3112 1144 fundamento
3147 1100 3264 1163 quo
3291 1083 3481 1167 utitur,
3513 1096 3702 1172 quodin.

2295 1178 2390 1239 fra
2419 1176 2792 1239 videbimus,

2374 1274 2435 1332 4.
2486 1270 2634 1332 Haec
2690 1270 2900 1349 opinio
2955 1269 3250 1333 fundatur
3304 1274 3478 1353 primo
3529 1288 3705 1347 auctori-

2293 1371 2445 1441 tate,
2467 1382 2616 1425 nam
2640 1365 2708 1426 in
2735 1364 2843 1425 Vll
2875 1364 3131 1445 Synodo
3158 1382 3312 1445 saepe
3338 1367 3541 1448 dicitur,
3569 1374 3705 1457 imagi.

2289 1476 2438 1521 nem
2467 1458 2690 1520 Christi
2719 1476 2846 1519 non
2875 1457 3332 1536 adorarilatria,
3363 1464 3494 1525 sicut
3512 1466 3705 1532 adoratur

2291 1554 2428 1631 ipse
2457 1547 2758 1626 Christus,
2785 1550 2899 1611 sed
2922 1549 3194 1630 quadam
3219 1553 3422 1615 minori
3461 1564 3703 1637 venei-aria,

2293 1662 2406 1705 seu
2434 1644 2770 1705 honoraria
2801 1643 3189 1705 adoratione.
3219 1645 3299 1706 lta
3319 1644 3547 1711 babetur
3569 1652 3616 1712 in
3633 1662 3704 1717 act.

2291 1741 2351 1813 2,
2379 1752 2520 1819 post
2547 1739 2728 1818 epist.
2754 1736 3037 1813 Adriani,
3067 1743 3131 1800 et
3158 1744 3271 1801 act.
3290 1740 3412 1815 3,in
3434 1742 3707 1823 abjuratione

2293 1832 2498 1894 Basilii
2531 1830 2871 1911 Ancyrani,
2907 1848 3104 1909 quam
3137 1831 3451 1895 Concilium
3487 1840 3708 1916 approbat,

2293 1931 2356 1989 et
2383 1942 2547 2006 saepe
2573 1925 2637 1985 in
2657 1932 2778 1986 act.
2811 1929 2850 1987 4
2875 1928 2937 1986 et
2961 1927 3028 1999 6,
3055 1928 3117 1986 et
3155 1924 3389 1987 tandem
3415 1928 3711 2003 in7,indef1-

2295 2020 2532 2083 nitione
2555 2018 2702 2082 fidei
2726 2037 2743 2094 ;
2775 2024 2836 2081 et
2863 2019 2928 2079 in
2959 2016 3238 2098 epistolis
3263 2020 3502 2083 'tharasii
3526 2030 3572 2085 et
3590 2027 3709 2088 totius

2293 2113 2570 2185 Concilii,
2595 2113 2660 2173 in
2687 2112 2917 2192 quibus
2941 2110 3102 2174 locis
3134 2130 3374 2175 necesse
3415 2120 3494 2177 est
3513 2134 3709 2181 esseser-

2294 2224 2550 2270 monem
2577 2206 2656 2268 de
2683 2206 2960 2287 imagine
2985 2210 3059 2268 ut
3086 2203 3288 2284 imago
3313 2214 3414 2283 est,
3441 2210 3556 2287 quia
3575 2218 3624 2272 ut
3651 2232 3708 2273 res

2297 2301 2589 2385 quaedam
2611 2301 2955 2363 materialis
2985 2307 3104 2376 est,
3137 2319 3250 2363 nec
3269 2302 3446 2377 latria,
3473 2308 3708 2385 ncquealia

2297 2395 2524 2459 minori
2563 2395 2932 2457 adoratione
2987 2392 3182 2473 digna
3233 2402 3354 2471 est,
3403 2404 3628 2459 ettamen
3660 2402 3708 2459 ibi

2297 2489 2486 2569 plane
2509 2487 2916 2567 distinguitur
2942 2486 3225 2549 adoratio
3259 2487 3510 2568 imaginis
3539 2490 3596 2551 ab
3617 2492 3708 2553 ado-

2297 2583 2542 2647 ratione
2595 2581 2991 2661 exemplariS,
3029 2586 3092 2643 et
3133 2582 3377 2643 inferior*
3409 2601 3516 2644 esse
3551 2584 3703 2645 dicitnr.

2295 2676 2474 2741 Unde
2505 2676 2684 2738 multi
2721 2679 2966 2755 putant,
3013 2675 3065 2737 si
3095 2676 3184 2735 D.'
3213 2674 3454 2738 Thomas
3473 2676 3702 2740 hancdefi-

2297 2770 2601 2833 nitionem
2615 2767 2874 2832 Concilii
2897 2767 3182 2849 legisset,
3205 2767 3372 2831 aliter
3392 2768 3458 2831 de
3473 2770 3699 2850 imaginum

2299 2863 2664 2925 adoratione
2681 2862 2960 2930 locutum
2987 2860 3200 2923 fuisse.
3235 2861 3397 2936 Quod
3421 2868 3581 2925 autem
3601 2862 3704 2923 illam

2297 2975 2426 3019 non
2454 2956 2706 3034 viderit,
2733 2974 3042 3037 magnum
3068 2961 3475 3035 argumentum
3498 2962 3584 3031 est,
3604 2959 3706 3036 quod

2293 3052 2360 3112 in
2395 3056 2570 3111 tanta
2617 3050 2738 3111 hac
2791 3049 3062 3111 materia
3113 3047 3340 3109 nullam
3383 3048 3519 3111 illins
3541 3049 3706 3111 Concilii

2293 3144 2680 3206 mentionem
2705 3142 2958 3217 fecerit3
2993 3148 3060 3205 et
3084 3160 3270 3204 causa
3294 3160 3415 3205 esse
3435 3143 3603 3223 potuit,
3619 3146 3706 3223 quia

2291 3238 2558 3300 fortasse
2590 3254 2666 3299 eo
2699 3244 2987 3319 tempore
3019 3237 3298 3299 nondum
3329 3242 3446 3299 erat
3465 3236 3517 3299 in
3541 3236 3704 3299 latinum

2289 3332 2686 3393 translatum.

2371 3430 2433 3490 5.
2479 3424 2790 3503 Secundo,
2821 3425 3127 3489 fundatur
3157 3426 3401 3504 ratione,
3424 3425 3542 3505 qnia
3562 3424 3706 3503 imago,

2292 3520 2699 3599 quantumvis
2739 3525 2808 3582 ut
2855 3520 3072 3600 imago
3129 3520 3531 3591 consideretur,
3555 3524 3618 3578 est
3649 3534 3708 3576 res

2293 3612 2582 3676 distincta
2613 3612 2694 3674 ab
2719 3613 3090 3694 exemplari,
3136 3620 3198 3675 et
3241 3630 3360 3675 non
3387 3618 3467 3675 est
3491 3618 3622 3673 tantae
3644 3626 3710 3670 cx·

2294 3706 2598 3768 cellentiae
2621 3712 2873 3784 quantae
2907 3705 3066 3768 illud
3094 3727 3115 3784 3
3161 3706 3357 3785 imago
3400 3707 3536 3768 enim
3573 3702 3708 3765 Christi

2292 3818 2423 3861 non
2468 3805 2565 3861 est
2613 3790 2916 3875 christae,
2963 3816 3174 3881 neque
3229 3800 3402 3861 Dens.
3446 3794 3708 3877 Responderi

2297 3900 2502 3975 potest
2531 3912 2606 3955 ex
2634 3890 2958 3973 CaJ‘etano,
2986 3893 3346 3973 imaginem,
3379 3898 3437 3953 ut
3463 3890 3708 3969 imaginem,

2295 4005 2433 4049 esse
2463 3986 2774 4050 Christum
2799 3987 3006 4068 ipsum
3031 3986 3240 4067 quoad
3279 3986 3538 4047 rationem
3571 3982 3712 4042 forma-

2293 4081 2422 4143 lem
2447 4087 2509 4143 et
2533 4081 2926 4143 materialem
2974 4080 3346 4144 terminandi
3369 4078 3710 4141 adorationemz

2292 4193 2444 4236 nam
2475 4174 2761 4237 adoratio
2787 4175 3165 4237 terminatur
3181 4174 3262 4235 ad
3287 4167 3713 4237 Christuminima-

2295 4268 2464 4349 gine.
2495 4267 2621 4329 Sed
2651 4274 2868 4329 contra
2895 4268 3186 4348 objicitur
3215 4286 3286 4330 ex
3308 4264 3552 4329 Durando
3575 4274 3707 4338 supra:

2293 4378 2444 4422 nam
2499 4361 2904 4438 quantumvis
2967 4361 3378 4442 reduplicatur
3397 4404 3416 4434 ,
3466 4359 3640 4439 imaffo,
3671 4356 3712 4411 vt

2293 4457 2522 4533 imayo,
2553 4472 2806 4536 semper
2832 4461 2924 4518 est
2951 4474 3054 4518 res
3088 4475 3121 4517 a
3153 4456 3380 4517 Christo
3427 4451 3655 4514 distincta.
3675 4450 3712 4504 et

2291 4547 2550 4610 inferior
2572 4547 2703 4621 illo,
2733 4548 2865 4611 imo
2884 4555 2945 4612 et
2961 4550 3298 4611 inanimata
3314 4569 3329 4621 ;
3355 4564 3481 4626 ergo
3495 4554 3708 4619 nunquam

2291 4646 2500 4721 potest
2549 4642 2799 4703 adorari
2829 4648 2898 4703 ut
2947 4642 3239 4717 christoe,
3282 4654 3340 4703 et
3385 4638 3708 4714 consequenter

2293 4750 2500 4813 neque
2531 4733 2756 4797 eadem
2790 4734 3164 4799 adoratione
3220 4752 3336 4815 qua
3383 4728 3615 4795 Christus
3649 4724 3710 4783 Se-

2287 4824 2515 4901 cundo,
2569 4827 2702 4888 haec
2770 4828 3116 4907 propositio
3165 4836 3256 4891 est
3311 4824 3544 4888 absolute
3583 4817 3706 4916 falsat:

2295 4920 2510 4999 Imago
2560 4918 2782 4982 Christi
2819 4926 2918 4983 est
2939 4920 3244 4994 Christus3
3285 4920 3424 4981 sicut
3459 4920 3530 4976 est
3561 4906 3710 4999 simph-

2297 5010 2449 5072 citer
2480 5009 2710 5074 falsum
2743 5012 2914 5091 quod
2937 5013 3127 5076 homo
3157 5014 3364 5093 pictus,
3392 5010 3455 5071 sit
3469 5009 3706 5070 bomom-

2299 5120 2378 5183 go
2399 5104 2586 5165 etiam
2615 5110 2711 5167 est
2735 5104 2989 5181 falsum,
3023 5106 3347 5187 imaginem
3371 5098 3548 5163 Christi
3571 5092 3706 5154 adom·

2299 5196 2354 5258 ri
2378 5214 2562 5276 posse
2590 5198 2817 5260 eodem
2841 5199 3013 5262 cultu
3041 5218 3164 5280 quo
3225 5196 3508 5262 Christum.
3531 5190 3616 5250 Nec
3647 5196 3704 5284 {⁰-

2301 5288 2426 5352 fert
2455 5290 2622 5369 quod
2639 5290 2899 5371 quidam
2925 5292 3121 5371 aiunt,
3139 5291 3446 5371 imaginem
3463 5299 3567 5346 esse
3579 5278 3706 5374 Cha}-

2305 5389 2436 5444 tum
2469 5384 2532 5444 in
2554 5400 2693 5447 esse
2717 5387 3242 5466 repraesentativo,
3279 5384 3410 5466 quia
3445 5380 3535 5439 hoc
3565 5362 3706 5477 estdi·

2307 5494 2451 5541 cere
2481 5478 2827 5543 secundum
2857 5481 3010 5561 quid
3039 5486 3269 5547 tantum
3315 5492 3432 5539 esse
3475 5466 3702 5531 Christum,
