3892 6167
490 329 618 391 694·

489 435 598 488 Deo
631 429 934 486 secundum
961 441 1019 484 se
1051 429 1194 484 nihil
1227 435 1308 484 est
1329 427 1758 496 supernaturale,
1796 426 1940 480 bene
1966 432 2052 479 ta-

555 521 681 562 men
715 520 813 576 per
844 508 1306 574 comparationem
1339 508 1406 560 ad
1436 513 1722 570 creaturaS,
1746 505 1800 558 d.
1825 507 1907 570 31,
1929 519 1973 557 s.
1998 510 2047 557 6.

491 587 633 640 Deus
660 590 720 638 ut
761 588 949 638 auctor
981 583 1246 638 naturalis
1277 587 1546 650 praeparat
1581 595 1668 634 res
1698 588 1758 634 ut
1783 582 1894 634 sint
1927 587 2055 648 apta

556 661 952 724 instrumenta,
987 666 1048 713 ut
1075 659 1504 727 supernaturalis
1543 670 1674 712 vero
1716 657 1884 714 utitur
1921 659 2052 723 illis,

558 737 634 790 ib.
1009 755 1016 760 ·

493 814 634 866 Deus
666 825 779 866 non
813 817 986 880 potest
1007 814 1220 881 operari
1249 813 1358 868 nisi
1393 812 1486 866 ubi
1516 817 1612 876 est,
1641 825 1686 864 s.
1721 817 1768 862 7.

557 891 667 942 Hoc
691 893 869 943 autem
903 889 1066 943 habet
1103 902 1170 942 ex
1209 902 1308 942 sua
1351 887 1718 942 immensitate
1743 894 1798 940 et
1841 888 2057 940 infinita

561 965 910 1032 perfectione,
934 966 1010 1019 ib.

495 1043 637 1097 Deus
665 1042 740 1096 ita
757 1046 838 1095 est
861 1041 1088 1109 ubique,
1121 1048 1184 1095 ut
1213 1039 1514 1095 substantia
1545 1039 1664 1105 ejus
1702 1039 1914 1092 infinite
1941 1039 2056 1094 dis-

559 1117 680 1172 fusa
711 1118 798 1184 sit,
829 1119 884 1171 d.
921 1123 1000 1181 ΒΞ,
1035 1132 1078 1171 s.
1113 1121 1162 1169 4.

497 1195 638 1246 Deus
649 1194 770 1248 sine
791 1193 924 1260 legis
945 1192 1278 1260 obligatione
1299 1197 1492 1246 natura
1509 1204 1610 1246 sua
1629 1190 1701 1245 ad
1727 1192 1936 1246 bonum
1956 1192 2043 1245 de-

559 1271 902 1326 terminatur.
930 1281 1031 1323 nec
1055 1273 1230 1336 potest
1251 1268 1320 1322 ab
1349 1280 1414 1321 eo
1445 1267 1594 1334 quod
1611 1268 1819 1323 bonum
1853 1275 1934 1322 est
1957 1269 2053 1323 de-

554 1346 797 1410 viare,d.
825 1351 906 1412 aa,
935 1360 978 1400 s.
1016 1351 1066 1401 2.

493 1424 668 1478 Deitas
689 1429 764 1476 est
784 1423 952 1487 homo,
983 1435 1097 1477 non
1139 1421 1342 1478 dicitur
1381 1422 1620 1491 proprie,
1649 1426 1704 1478 et
1735 1434 1852 1488 cur,
1874 1423 1929 1476 d.
1972 1428 2052 1489 35,

557 1515 600 1554 S.
627 1507 675 1554 2.

555 1579 738 1645 Neque
769 1590 801 1631 e
831 1588 1112 1640 converso,
1149 1575 1224 1630 ib.

487 1655 666 1706 Deitas
694 1659 921 1720 qoam-at,
957 1652 1094 1708 falsa
1118 1657 1200 1706 est
1215 1650 1538 1719 propositio,
1569 1650 1648 1706 ib.

495 1731 672 1784 Deitas
693 1737 769 1784 est
793 1732 1094 1792 incarnata,
1125 1742 1256 1784 vera
1282 1733 1361 1782 est
1387 1728 1708 1796 propositio,
1733 1729 1807 1783 ib.

497 1808 640 1861 Deus
668 1814 722 1862 et
752 1807 940 1871 deitas,
982 1807 1110 1862 licet
1151 1806 1296 1860 idem
1329 1805 1458 1866 sint,
1510 1805 1569 1858 in
1605 1804 1814 1860 ratione
1847 1804 2062 1873 signifi·-

557 1883 718 1937 candi
752 1889 805 1936 et
823 1882 1172 1950 supponendi
1201 1880 1630 1946 distinguuntur,
1667 1880 1742 1934 ib.

497 1960 632 2012 Deus
651 1964 726 2011 est
750 1959 920 2022 homo,
941 1957 1239 2026 propositio
1260 1962 1340 2010 est
1360 1956 1663 2022 verissima,
1694 1958 1792 2013 sed
1813 1959 1870 2012 in
1895 1971 1960 2013 ea
1974 1971 2063 2012 ex-

558 2035 814 2102 ponenda
837 2034 994 2089 multi
1023 2040 1293 2097 errarunt,
1327 2030 1400 2086 ib.

557 2112 619 2164 in
633 2123 744 2177 qua
759 2109 1132 2178 propositione
1157 2121 1362 2166 nomen
1385 2109 1522 2164 Deus
1542 2121 1793 2178 suppono
1809 2123 1910 2180 pro
1929 2123 2059 2179 per-

556 2197 694 2240 sona
723 2187 908 2249 Verbi,
944 2187 1024 2240 ih.

557 2267 640 2316 An
667 2263 738 2317 sit
758 2263 816 2316 in
849 2263 1084 2318 materia
1116 2261 1353 2316 naturali
1373 2261 1462 2316 vel
1493 2262 1862 2328 contingente,
1884 2263 1963 2316 ib.

494 2339 631 2390 Deus
663 2340 924 2406 supponit
949 2351 1047 2408 pro
1080 2338 1441 2393 determinato
1472 2338 1753 2405 supposito
1770 2340 1920 2406 juxta
1940 2339 2059 2392 exi-

557 2416 797 2482 gentiam
827 2415 1131 2483 praedicati,
1167 2415 1243 2468 ib.

493 2489 630 2542 Deus
653 2492 820 2555 [actus
838 2498 913 2544 ost
943 2491 1112 2557 homo,
1134 2503 1262 2544 vera
1280 2495 1362 2544 est
1381 2489 1697 2558 propositio,
1719 2503 1786 2546 eo
1799 2493 1950 2558 quod
1970 2505 2066 2547 na-

558 2573 682 2620 tura
715 2569 957 2620 humana
975 2579 1103 2622 vere
1137 2568 1344 2635 incepit
1373 2580 1492 2622 esse
1526 2567 1586 2620 in
1607 2569 1890 2636 supposito
1916 2570 2065 2625 divi-

555 2652 651 2704 no,
689 2643 765 2696 ib.

491 2718 630 2770 Deus
661 2720 829 2783 sactus
865 2725 940 2772 eat
978 2720 1060 2773 liic
1090 2721 1259 2783 homo,
1289 2723 1400 2772 tam
1446 2719 1667 2787 propria
1711 2727 1793 2774 est
1838 2720 2057 2788 locutio,

551 2807 718 2860 quam
749 2807 896 2861 vera,
929 2797 1006 2850 ib.

556 2871 617 2923 ln
646 2883 756 2937 qua
787 2872 1183 2939 propositione,
1215 2872 1296 2924 hic
1327 2872 1478 2924 homo
1501 2882 1616 2926 non
1643 2871 1893 2938 designat
1925 2887 2061 2941 sup·

561 2947 816 3012 positum,
846 2949 943 3002 sed
971 2949 1268 3002 humanam
1285 2952 1538 3002 naturam
1557 2947 1958 3011 subsistentem,
1984 2951 2061 3004 ib.

503 3023 644 3076 Deus
688 3035 800 3077 non
849 3023 1024 3078 voluit
1053 3030 1114 3078 ut
1161 3024 1404 3077 Christus
1442 3036 1544 3077 nos
1589 3024 1904 3086 redimet-ev,
1933 3027 2065 3092 quia

564 3099 806 3153 christus
827 3101 886 3154 id
917 3101 1074 3167 prius
1111 3101 1352 3154 humana
1375 3099 1650 3176 uoluntate
1683 3101 1934 3167 voluerit,
1970 3104 2065 3156 sed

569 3176 746 3242 potius
777 3188 808 3228 e
825 3181 1032 3241 contra,
1058 3176 1215 3242 (1.37,
1239 3189 1283 3228 s.
1312 3181 1362 3228 8.

501 3251 642 3304 Deus
661 3255 834 3317 potest
849 3251 1097 3306 absoluta
1127 3252 1183 3304 ct
1213 3251 1414 3306 efficaci
1429 3251 1708 3306 voluntate
1730 3265 1827 3305 sua
1851 3253 2063 3320 praedc·

563 3325 724 3378 finire
756 3331 937 3381 actum
971 3327 1206 3382 liberum
1237 3327 1293 3379 in
1324 3327 1659 3393 particulari,
1694 3328 1772 3381 ib.

501 3401 670 3454 Deum
703 3401 1132 3468 proedeflnivisse
1177 3395 1328 3457 act'us
1373 3414 1566 3457 omnes
1606 3405 2064 3471 supernaturales,

563 3478 863 3542 praesertim
898 3479 1195 3533 electorum
1212 3478 1503 3532 hominum
1524 3479 1584 3531 in
1622 3479 1934 3546 particulari
1968 3493 2068 3534 ve—

563 3553 794 3607 risimile
821 3559 920 3618 est,
945 3554 1021 3608 ib.

500 3629 642 3682 Deus
661 3631 834 3696 magis
855 3636 1000 3684 amat
1021 3631 1253 3698 gloriam
1286 3630 1486 3684 animae
1520 3631 1741 3694 christi,
1759 3645 1926 3698 quam
1945 3645 2067 3686 om-

565 3706 721 3759 nium
747 3709 1036 3761 hominum
1063 3713 1118 3761 et
1138 3707 1486 3775 Angelorum,
1516 3709 1570 3762 d.
1595 3712 1675 3774 ω,
1705 3723 1752 3762 s.
1775 3715 1824 3762 2.

501 3781 595 3833 Dei
631 3783 808 3848 major
826 3783 1126 3838 liberalitas
1155 3789 1238 3837 est
1279 3784 1412 3838 dare
1441 3785 1604 3838 nobis
1633 3784 1830 3839 Christi
1876 3785 2070 3838 merita

563 3862 618 3909 et
648 3858 1094 3924 satisfactionem,
1129 3865 1186 3913 et
1227 3865 1512 3927 propterea
1537 3861 1698 3914 nobis
1729 3873 1951 3928 poenam
1980 3875 2068 3915 re·-

565 3933 797 3997 mittere,
825 3949 990 4001 quam
1009 3937 1258 3990 eamdem
1287 3947 1508 4004 poenam
1537 3937 1700 3990 nobis
1730 3938 1898 4004 gratis
1929 3950 2067 3992 con·-

566 4011 790 4076 donare,
826 4013 880 4066 d.
913 4017 992 4076 41,
1013 4027 1056 4067 s.
1083 4017 1130 4066 ⁴.

505 4087 600 4140 Dei
634 4100 796 4141 omne
838 4089 1188 4152 beneficium,
1218 4090 1368 4156 quod
1407 4101 1519 4144 non
1553 4089 1626 4142 sit
1657 4091 1883 4158 ipsemet
1909 4091 2069 4144 Chri-—

567 4168 698 4228 stus,
733 4165 1021 4231 omnisque
1054 4164 1436 4220 benevolentia
1467 4165 1614 4218 circa
1645 4166 1914 4230 homines,
1935 4167 2069 4220 fun-

571 4239 730 4292 datur
762 4240 820 4292 in
854 4241 1048 4294 Christi
1072 4241 1299 4306 meritis,
1323 4241 1398 4294 ib.

508 4314 650 4367 Deus
681 4327 778 4382 per
807 4316 1082 4371 Christum
1110 4317 1284 4371 voluit
1327 4319 1458 4372 dare
1491 4317 1676 4372 electis
1719 4319 1906 4373 omnia
1952 4332 2069 4373 me-

573 4389 666 4442 dia
689 4395 864 4444 creata
904 4397 956 4444 et
983 4391 1221 4446 efficacia
1243 4393 1448 4459 quibus
1468 4394 1763 4460 salventur,
1785 4401 1840 4447 et
1859 4394 2071 4448 caeteris

573 4466 774 4519 auxilia
793 4468 995 4533 quibus
1025 4467 1222 4524 salvari
1251 4470 1478 4536 possint,
1503 4469 1578 4523 ib.

509 4542 588 4594 Ad
609 4543 766 4594 Deum
787 4544 950 4596 multa
969 4547 1028 4596 in
1051 4546 1145 4597 hoc
1167 4546 1336 4597 indico
1355 4549 1630 4612 pertinent,
1651 4551 1712 4599 ut
1735 4549 1910 4612 Pater,
1941 4549 2064 4601 Ver-

569 4618 707 4683 bum,
731 4617 981 4686 Spiritus,
1005 4620 1202 4673 Sancta
1222 4621 1474 4674 Trinitas.

1164 4752 1212 4790 nt
1221 4751 1391 4790 merto
1398 4779 1409 4791 .

506 4843 732 4900 Dilectio
758 4845 852 4898 Dei
881 4859 1046 4913 super
1071 4848 1260 4900 omnia
1287 4847 1593 4902 necessaria
1623 4849 1796 4902 estad
1815 4849 2068 4903 obtinen-

568 4920 696 4974 dam
725 4921 1102 4978 remissionem
1129 4924 1334 4990 peccati
1367 4927 1516 4977 extra
1555 4929 1974 4991 sacramentum,
2008 4925 2062 4979 d.

504 5000 846 5162 asido-{isne}
875 5074 1120 5128 absolute
1137 5075 1299 5141 dicta,
1321 5076 1602 5130 charitatis
1617 5077 1968 5132 dilectionem
1988 5077 2067 5131 si-

503 5150 822 5280 Difengtfiiggis
843 5150 1000 5280 labans
1027 5239 1140 5280 non
1159 5229 1436 5284 concurrit
1451 5229 1520 5284 ad
1539 5229 1916 5284 remissionem
1935 5242 2065 5297 pec-

570 5302 673 5354 cati
708 5309 770 5356 ut
794 5315 958 5356 causa
981 5303 1244 5366 formalis,
1273 5317 1369 5357 seu
1401 5311 1463 5359 ut
1479 5305 1782 5375 dispositi0,
1805 5307 1878 5359 ib.

507 5375 822 5431 Dilectionis
843 5383 994 5432 actus
1007 5379 1244 5446 perfecte
1265 5382 1532 5434 convertit
1544 5383 1784 5436 animam
1807 5384 1876 5436 ad
1894 5383 2065 5436 Deum

572 5453 927 5508 conversione
959 5455 1177 5520 actuali,
1197 5461 1255 5512 et
1267 5456 1348 5512 sic
1373 5457 1676 5514 formaliter
1692 5458 1914 5526 expellit
1933 5470 2065 5524 pec-

573 5533 752 5584 catum
782 5531 1072 5597 habituale,
1106 5532 1178 5586 ib.

1873 328 2069 383 mul-:x
2098 327 2329 383 tinnuli.

2131 423 2248 552 Nol?
2258 436 2399 552 ῑνοιίς)
2418 425 2777 556 Ξοιζνοιεὶοιιο
2794 427 3060 482 habituali
3084 431 3339 498 opposita
3354 437 3577 500 peceato
3592 436 3679 488 ha-

2236 515 2251 552 ι
2276 515 2345 554 ua
2372 515 2407 565 ι,
2472 537 2483 550 .
2544 541 2555 564 ,
2580 515 2623 555 s.
2682 543 2693 554 .

2196 576 2330 630 vide
2362 576 2624 642 Charitas,
2655 579 2939 646 contritio,
2976 583 3158 636 Amor.

2634 712 2889 752 »ueneno
2914 714 3199 756 aeturnum.

2133 806 2197 860 ln
2230 808 2441 864 cbristo
2462 809 2583 878 fuit,
2618 816 2673 865 et
2700 825 2825 879 quae
2858 813 2951 867 illa
2972 814 3158 881 fuerit,
3186 814 3241 868 d.
3278 819 3365 882 21,
3397 829 3441 869 s.
3462 821 3511 869 2.

2779 943 3043 984 msrosmo
3051 970 3061 984 .

2140 1033 2433 1099 Dispositio
2476 1037 2547 1090 ad
2592 1038 2857 1092 unionem
2890 1040 3281 1106 hypostaticam
3314 1053 3445 1096 cum
3474 1055 3587 1108 qua
3616 1045 3703 1097 illa

2203 1108 2400 1165 habeat
2446 1106 2749 1166 naturalem
2798 1115 3196 1170 connexionem
3218 1159 3232 1181 ,
3277 1117 3401 1170 dari
3448 1129 3561 1172 non
3608 1133 3701 1186 po-

2137 1190 2321 1324 Nefftsite
2344 1187 2673 1331 destwaliqoga
2714 1265 2999 1331 dispositio
3044 1267 3116 1320 ita
3150 1269 3467 1322 necessaria
3492 1311 3507 1336 ,
3552 1275 3690 1328 atad

2202 1337 2469 1393 unionem
2504 1342 2813 1396 necessario
2840 1349 3195 1411 supponatur,
3230 1346 3308 1398 ib.

2132 1413 2426 1480 Dispositio
2466 1424 2529 1473 ut
2568 1424 2956 1473 ornamentum
3000 1421 3357 1476 hmnanitatis
3388 1424 3483 1477 vel
3518 1425 3695 1479 animae

2196 1490 2371 1619 {erbo
2393 1492 2652 1551 uniendae
2684 1510 2717 1550 a
2748 1495 3078 1562 quibusdam
3112 1497 3407 1565 'theologis
3438 1501 3703 1566 stauntur,

2136 1639 2241 1693 Sed
2276 1653 2464 1696 revera
2502 1646 2655 1700 nulla
2686 1651 2799 1710 est,
2835 1659 3017 1713 neque
3045 1649 3105 1701 in
3135 1661 3407 1716 corpore,
3444 1662 3631 1717 neque
3656 1653 3707 1705 in

2204 1723 2314 1772 tota
2348 1720 2703 1784 humanitate,
2736 1721 2809 1775 ib.

2142 1790 2533 1923 Βίῗξοιείιρἓοε
2564 1809 2664 1852 cur
2692 1798 2765 1852 ad
2796 1797 3062 1852 unionem
3086 1801 3415 1856 necessariae
3452 1815 3569 1855 non
3598 1804 3709 1858 fue-

2143 1882 2523 2011 Disprositlionis
2554 1949 2789 2015 physicae
2826 1953 3061 2006 essentia
3092 1954 3152 2006 in
3184 1966 3301 2020 quo
3332 1955 3633 2019 consistat,
3664 1965 3709 2010 et

2206 2020 2265 2072 in
2294 2035 2405 2088 quo
2428 2037 2461 2076 a
2492 2023 2853 2090 dispositione
2880 2027 3073 2082 morali
3102 2029 3341 2094 differat,
3364 2031 3451 2083 ib.

2141 2096 2432 2164 Dispositio
2464 2103 2689 2156 moralis
2719 2116 2843 2169 quae
2877 2105 2965 2169 sit,
2991 2105 3067 2158 ib.

2143 2174 2433 2243 Dispositio
2462 2184 2524 2234 ut
2550 2192 2681 2234 vera
2706 2182 2793 2246 sit,
2830 2195 3051 2236 necesse
3080 2191 3161 2238 est
3188 2190 3249 2238 ut
3278 2197 3349 2238 ex
3380 2197 3447 2238 se
3476 2199 3709 2256 praesup-

2206 2253 2877 2396 gpsrzioffissiitbsecundum
2907 2259 3251 2312 existentiam
3280 2262 3359 2314 ad
3386 2259 3451 2315 id
3480 2263 3553 2314 ad
3574 2267 3709 2330 quod

2142 2405 2437 2472 Dispositio
2467 2371 2907 2476 'supernaturalis
2928 2418 2980 2466 ct
3006 2411 3199 2478 libera,
3234 2414 3309 2467 ad
3337 2413 3596 2467 effectum
3625 2430 3707 2470 su·

2208 2485 2631 2610 geianaturalem,
2659 2493 2902 2540 meretur
2936 2486 3091 2542 illum
3124 2489 3321 2542 saltem
3354 2489 3429 2542 de
3464 2501 3703 2557 congruo,

2147 2596 2435 2699 Dispositio
2456 2636 2524 2690 ad
2546 2638 2775 2703 gratiam
2803 2639 2861 2690 in
2884 2640 3096 2694 Christo
3120 2652 3236 2693 non
3258 2640 3373 2695 fuit
3393 2654 3696 2710 praeparem,

2204 2710 2301 2762 sed
2326 2722 2667 2779 consequens
2698 2720 2752 2769 et
2780 2727 3009 2780 ornans,
3037 2717 3093 2770 d.
3120 2722 3201 2780 40,
3237 2731 3283 2772 s.
3310 2722 3364 2771 2.

2474 2864 2719 2904 Domuum
2752 2865 2853 2904 nti.
2892 2867 3141 2907 nonium!
3172 2867 3399 2906 cnum-

2145 2975 2461 3032 Dominium
2509 2980 2601 3033 Dei
2654 2995 2767 3036 non
2818 2983 3092 3038 minuitur
3120 2997 3218 3053 per
3252 2985 3366 3040 hoc
3398 2985 3693 3052 quodcrea·

2210 3059 2329 3106 tura
2357 3056 2604 3122 acquirat
2621 3059 2712 3124 jus
2740 3059 2809 3113 ad
2840 3072 2953 3113 rem
2984 3073 3148 3127 quam
3176 3061 3323 3116 Deus
3358 3061 3613 3116 exhibere
3634 3070 3697 3116 te·

2210 3136 2388 3196 netur,
2423 3133 2476 3186 d.
2512 3138 2559 3197 4,
2590 3148 2632 3186 s.
2666 3140 2712 3186 5.

2144 3205 2459 3261 Dominium
2501 3211 2807 3264 absolutum
2846 3213 2988 3266 Deus
3026 3213 3220 3267 habuit
3259 3213 3521 3268 omnium
3559 3215 3705 3268 actio-

2210 3297 2343 3337 num
2376 3287 2591 3352 Christi,
2627 3293 2737 3342 tam
2764 3291 3069 3344 secundum
3093 3303 3211 3344 esse
3240 3291 3538 3358 physicum
3564 3306 3707 3358 quam

2211 3362 2434 3424 morale,
2468 3377 2511 3417 s.
2549 3371 2596 3418 6.

2147 3435 2461 3492 Dominium
2504 3453 2685 3494 rerum
2733 3441 2983 3496 omnium
3030 3444 3275 3498 Christus
3319 3451 3381 3498 ut
3426 3447 3595 3500 homo
3624 3447 3708 3500 ha·

2212 3513 2349 3576 buit,
2385 3517 2481 3570 sed
2508 3515 2899 3584 dependenter,
2934 3520 3006 3572 ib.
3346 3513 3351 3520 ’

2150 3589 2393 3644 Christus
2424 3598 2484 3646 ut
2510 3593 2674 3647 homo
2708 3607 2805 3661 per
2834 3595 3171 3650 voluntatem
3203 3603 3447 3652 creatam
3486 3600 3511 3650 f
3514 3599 3594 3653 uit
3622 3600 3709 3654 do-

2214 3666 2400 3722 minus
2430 3669 2680 3722 omnium
2712 3681 2938 3723 suorum
2978 3673 3299 3726 meritorum
3336 3679 3391 3726 et
3424 3675 3711 3739 actionum,

2212 3748 2320 3794 tam
2354 3745 2655 3798 secundum
2680 3759 2795 3798 esse
2824 3747 3108 3813 physicum
3142 3762 3311 3814 quam
3347 3751 3583 3814 morale,
3619 3751 3686 3804 ib.

2148 3818 2464 3874 Dominium
2502 3822 2797 3888 temporale
2843 3829 2897 3877 et
2939 3825 3275 3891 humanum,
3312 3825 3449 3880 licet
3486 3829 3713 3882 Christus

2212 3893 2519 3961 aliquarum
2548 3910 2730 3950 rerum
2760 3897 3031 3966 habuerit,
3068 3913 3179 3954 non
3207 3906 3393 3956 tamen
3428 3903 3616 3958 simile
3638 3906 3715 3956 ha-

2211 3969 2331 4024 buit
2360 3972 2417 4024 in
2448 3979 2618 4026 totum
2650 3973 2858 4038 orbem,
2888 3975 2943 4028 d.
2972 3980 3049 4038 48,
3075 3991 3117 4030 s.
3148 3982 3194 4029 2.

2148 4047 2465 4101 Dominium
2496 4050 2705 4104 altioris
2739 4051 2953 4105 ordinis
2990 4066 3089 4120 per
3120 4067 3177 4106 se
3215 4059 3271 4106 et
3307 4054 3517 4108 directe
3554 4058 3613 4110 in
3644 4069 3717 4108 res

2213 4135 2405 4177 omnes
2432 4130 2485 4177 et
2513 4138 2699 4179 earum
2728 4127 2971 4181 actiones
3003 4129 3251 4184 Christus
3282 4130 3499 4192 habuit,
3538 4132 3617 4184 ib.

2150 4199 2267 4253 Non
2290 4207 2497 4254 tantum
2519 4209 2637 4268 post
2655 4204 3126 4271 resurrectionem,
3161 4205 3259 4260 sed
3278 4213 3331 4259 et
3358 4205 3415 4258 in
3442 4206 3555 4260 vita
3578 4221 3715 4262 mor·

2215 4276 2326 4339 tali,
2360 4277 2431 4330 it).

2150 4353 2463 4408 Dominium
2500 4355 2618 4418 hoc,
2646 4369 2773 4409 cum
2804 4357 2875 4410 sit
2902 4357 3304 4412 excellentioris
3336 4359 3579 4423 ordinis,
3614 4372 3708 4412 non

2212 4429 2449 4483 excludit
2481 4431 2687 4498 privata
2724 4434 2989 4501 dominia,
3024 4435 3098 4488 ib.

2636 4584 2765 4623 bom
2796 4585 3011 4624 srtntws
3040 4583 3231 4622 sancri-

2147 4698 2297 4751 Dona
2330 4696 2561 4764 Spiritus
2594 4697 2775 4750 Sancti
2816 4697 3141 4762 generaliter
3176 4702 3310 4750 sunt
3348 4698 3549 4750 omnia
3580 4699 3698 4750 dona

2212 4772 2416 4839 gratiae,
2454 4773 2549 4827 scd
2576 4773 2885 4840 specialiter
2914 4777 3045 4827 sunt
3070 4773 3293 4826 habitus
3318 4775 3535 4840 quibus
3566 4777 3695 4828 homo

2210 4850 2350 4902 bene
2374 4849 2685 4916 disponitur
2706 4849 2775 4903 ad
2802 4849 3143 4916 operandum
3166 4861 3235 4902 ex
3254 4850 3539 4916 peculiari
3560 4857 3687 4902 etex·

2210 4925 2571 4980 traordinaria
2596 4927 2838 4980 motione
2866 4926 3101 4993 Spiritus
3120 4925 3326 4988 Sancti,
3364 4927 3422 4979 d.
3454 4932 3539 4990 2⁰,
3568 4941 3603 4977 s¹
3626 4929 3659 4974 i.

2147 5003 2299 5055 Dona
2329 5003 2447 5054 haec
2474 5009 2603 5054 sunt
2628 5007 2851 5068 septem,
2886 5008 3123 5067 quatuor
3154 5001 3443 5067 pertinent
3470 5003 3545 5055 ad
3564 5000 3687 5052 intel·

2212 5079 2428 5139 lectum,
2465 5078 2569 5132 tria
2595 5078 2665 5130 ad
2686 5079 3041 5142 voluntatem,
3068 5085 3123 5130 et
3148 5090 3273 5144 quae
3296 5077 3415 5140 illa,
3450 5079 3531 5130 ib.

2148 5155 2301 5208 Dona
2324 5154 2557 5222 Spiritus
2584 5155 2762 5208 Sancti
2796 5155 2853 5206 in
2882 5153 3097 5208 Christo
3123 5154 3461 5220 simpliciter
3488 5155 3695 5211 fuerunt,

2214 5230 2291 5283 ib.

2142 5307 2294 5360 Dona
2326 5306 2567 5359 scientiae
2600 5312 2655 5359 et
2680 5305 2989 5360 intellectus
3016 5309 3203 5359 sunta
3230 5303 3471 5358 scientia
3492 5306 3634 5358 beata
3653 5310 3695 5355 et

2209 5382 2393 5436 infusa
2412 5383 2678 5435 distincta.
2708 5381 2783 5434 ib.

2144 5460 2296 5512 Dona
2322 5459 2759 5512 concomitantur
2789 5458 3052 5524 gratiam,
3082 5461 3137 5510 et
3162 5464 3395 5510 manent
3424 5457 3483 5509 in
3517 5455 3697 5522 patria·

2146 5537 2357 5588 Donum
2386 5534 2603 5589 consilii
2636 5535 2694 5588 in
2726 5535 2939 5589 christo
2965 5533 3459 5601 quomodofuerit,
3484 5533 3559 5584 ib.
