3892 6167
589 343 714 407 490
1801 345 2045 414 QUAEST·
2075 343 2253 400 xxffl.
2285 349 2491 410 sanc.
2524 351 2609 408 lv,

590 452 798 516 obstat
819 451 1045 518 rationi
1059 451 1266 530 factm,
1283 453 1451 536 quia,
1475 458 1546 518 ut
1563 451 1713 528 dixi,
1729 449 2007 514 Christus
2022 466 2151 514 non

586 546 984 612 constituitur
999 545 1166 610 filius
1182 565 1296 628 per
1322 546 1488 610 hanc
1515 547 1818 628 gratiam3
1845 550 1906 608 et
1929 561 2155 624 quam-

582 641 678 702 vis
696 641 1198 716 constitueretur,
1228 640 1436 706 adhuc
1463 641 1810 706 secundum
1829 640 1999 702 illam
2019 657 2151 703 non

586 739 754 798 esset
799 732 966 796 filius
1017 734 1364 816 adoptivus,
1400 734 1550 818 quia
1589 751 1720 798 nou
1759 732 2151 798 extrinsecus

585 827 841 890 omuino
870 827 1146 904 advenit,
1169 828 1282 890 sed
1305 833 1400 892 est
1427 826 1852 892 connaturalis
1880 826 2147 902 Christo,

583 939 710 984 nou
731 919 988 1001 quidem
1011 927 1082 984 ut
1102 921 1458 984 necessario
1481 939 1752 985 manans
1778 921 1860 986 ab
1873 922 2105 984 unione
2128 963 2149 996 ,

585 1015 651 1077 id
679 1017 850 1078 enim
873 1015 1304 1080 necessarium
1349 1035 1479 1082 non
1519 1024 1636 1094 est,
1665 1017 1780 1082 sed
1817 1023 1886 1079 ut
1929 1033 2152 1096 prove·

581 1111 763 1173 niens
792 1111 875 1174 ab
896 1111 1108 1192 aliqua
1135 1111 1339 1174 forma
1369 1113 1732 1190 intrinseca,
1763 1121 1828 1178 et
1850 1118 2156 1176 connatu-

584 1204 704 1266 rali
729 1205 854 1286 ipsi
893 1205 1156 1282 Christo,
1188 1212 1252 1269 et
1273 1224 1402 1268 non
1429 1224 1510 1270 ex
1535 1225 1714 1270 mera
1736 1207 2109 1270 liberalitate
2132 1252 2151 1279 ,

584 1316 790 1380 neque
810 1316 888 1361 ex
907 1317 1282 1380 quacunque
1303 1301 1738 1381 congruentia,
1761 1301 1874 1365 sed
1893 1319 1974 1365 ex
2000 1317 2157 1382 quo·

585 1391 732 1456 dam
771 1391 982 1456 debito
1033 1395 1457 1460 connaturalis
1498 1403 1564 1462 et
1605 1396 1961 1462 intrinsecas
2002 1413 2151 1477 pro·

583 1487 912 1568 portionis,
947 1487 1108 1552 adeo
1141 1494 1212 1552 ut
1247 1496 1415 1554 esset
1442 1490 1840 1566 miraculum,
1873 1495 1938 1554 et
1964 1489 2149 1571 quasi

583 1587 945 1660 portentum
967 1583 1288 1664 quoddam
1309 1597 1369 1650 et
1389 1591 1764 1656 monstrum.
1786 1585 1922 1650 sine
1945 1584 2151 1665 gratia

586 1673 892 1738 habituali
908 1677 1270 1758 relinquere
1297 1679 1755 1742 humanitatem
1781 1677 1989 1742 Verbo
2014 1677 2151 1742 uni-

588 1775 744 1844 tam,
759 1771 874 1850 qui
888 1771 1114 1836 modus
1145 1773 1684 1840 connaturalitatis
1697 1773 1774 1838 ad
1781 1771 2022 1854 optioni
2050 1789 2151 1836 re·

589 1870 856 1946 pugnat.

667 1963 766 2024 18.
819 1961 896 2026 Et
935 1962 1116 2042 juxta
1169 1963 1338 2028 hanc
1387 1963 1969 2043 interpretationem
2019 1979 2153 2026 am·

585 2053 838 2136 plianda
881 2061 982 2118 est
1009 2057 1215 2138 major
1253 2057 1590 2139 propositio
1615 2056 1680 2120 in
1713 2057 2011 2138 praedicta
2050 2073 2149 2122 ra-

586 2148 760 2212 tione
795 2155 1156 2232 assumpta,
1201 2151 1436 2216 scilicet
1467 2197 1484 2226 ,
1530 2150 1731 2216 filium
1781 2149 2151 2231 adoptivum

584 2241 758 2324 prius
801 2252 1028 2308 natura
1065 2245 1330 2310 existere
1377 2263 1571 2325 quam
1613 2245 1969 2326 adoptetur,
2018 2263 2151 2310 non

588 2337 792 2402 solum
835 2337 1204 2416 formaliter,
1249 2338 1365 2404 sed
1409 2341 1602 2406 etiam
1644 2340 2029 2416 radicaliter,
2083 2337 2151 2404 id

588 2439 688 2496 est
730 2433 904 2513 prius
949 2441 1178 2500 natura
1227 2436 1498 2502 existere
1549 2455 1742 2517 quam
1779 2437 1848 2499 in
1913 2453 1984 2498 ae
2041 2437 2153 2500 ha·

587 2525 736 2589 beet
777 2527 1060 2606 aliquam
1105 2528 1398 2608 formam,
1443 2532 1686 2596 ratione
1718 2531 1900 2610 cnjus
1939 2529 2029 2594 illi
2072 2531 2153 2594 sit

585 2619 924 2687 intrinsece
987 2625 1270 2688 debitum
1319 2632 1384 2690 et
1443 2627 1887 2703 connaturale,
1935 2634 2008 2691 ut
2060 2627 2151 2690 illi

585 2715 728 2778 talis
753 2716 972 2781 filiatio
1015 2720 1390 2784 conferatur.
1418 2721 1554 2796 Quo
1601 2739 1796 2786 sensu
1825 2721 2155 2784 verissima

589 2815 683 2872 est
709 2809 820 2875 illa
843 2813 1210 2893 propositio,
1253 2833 1332 2877 ex
1371 2815 1670 2895 praedicte
1711 2816 2153 2892 fundamento,

587 2902 760 2984 quod
785 2903 954 2968 filius
977 2907 1305 2987 adoptivus
1331 2915 1428 2974 est
1448 2927 1720 2988 persona
1741 2915 2065 2983 extranea,
2096 2914 2159 2974 et

587 3014 668 3058 ex
691 3015 762 3060 se
814 3000 1072 3062 omnino
1110 3001 1324 3064 aliena
1367 3021 1408 3064 a
1443 3002 1791 3078 filiatione:
1825 3004 1878 3065 si
1929 3011 2147 3067 autem

585 3109 664 3154 ex
691 3110 760 3156 se
788 3093 1048 3159 haberet
1071 3096 1240 3159 unde
1265 3097 1354 3159 illi
1381 3101 1548 3160 esset
1569 3097 1780 3159 debita
1819 3100 1884 3159 et
1909 3115 2149 3160 conna-

585 3187 827 3262 turalis,
853 3207 985 3252 non
1027 3197 1194 3253 esset
1245 3209 1462 3254 revera
1515 3198 1814 3256 extranea
1855 3196 2149 3272 respectu

584 3281 726 3344 talis
749 3282 966 3348 forma
985 3291 1050 3348 et
1072 3284 1426 3364 filiationis3
1457 3285 1754 3366 sicigitur
1771 3283 2055 3349 Christus
2078 3293 2149 3350 ut

585 3375 687 3438 hio
716 3376 904 3440 homo
935 3378 1056 3440 suh
1079 3378 1254 3440 nulla
1272 3379 1516 3442 ratione
1541 3381 1714 3459 prius
1737 3383 1965 3442 natura
1990 3382 2149 3443 exis·

585 3469 662 3534 tit
687 3485 817 3534 non
851 3470 1044 3549 filins,
1075 3477 1138 3536 et
1155 3472 1298 3536 ideo
1333 3491 1462 3536 non
1489 3478 1699 3554 potest
1727 3473 1794 3534 in
1815 3473 2147 3554 posteriori

583 3565 763 3644 signo
793 3571 1032 3630 natm-tr
1060 3585 1176 3647 per
1215 3569 1481 3650 gratiam
1505 3568 1792 3650 adoptari
1827 3570 1894 3632 ln
1919 3568 2145 3631 fllium.

583 3657 891 3739 Denique,
919 3661 974 3722 si
1003 3662 1358 3742 argumenti
1381 3664 1473 3724 vis
1491 3663 1796 3744 procedat
1821 3663 1904 3725 de
1928 3661 2151 3725 huma-

585 3751 780 3816 nitate
805 3753 966 3834 ipsa,
997 3756 1148 3836 quia
1172 3755 1278 3818 illa
1297 3773 1520 3818 revera
1543 3755 1718 3836 prius
1741 3760 1969 3818 natura
1985 3755 2150 3819 exis-

583 3847 658 3908 tit
699 3863 892 3928 quam
929 3850 1008 3913 sit
1037 3856 1216 3930 grata
1242 3856 1374 3914 tam
1402 3867 1518 3931 per
1549 3849 1820 3930 gratiam
1857 3849 2154 3913 habitua-

581 3940 710 4004 lem
751 3959 944 4022 quam
973 3961 1086 4023 per
1114 3944 1378 4025 gratiam
1417 3943 1691 4016 unionis,
1724 3950 1788 4005 et
1835 3960 2028 4023 quam
2055 3943 2143 4005 illi

583 4035 664 4096 sit
697 4034 904 4100 debita
945 4040 1246 4100 alterutra
1279 4057 1360 4100 ex
1395 4037 1492 4099 his
1541 4036 1754 4117 gratiis
1783 4082 1800 4111 ,
1841 4035 2141 4112 fortasse,

583 4129 692 4210 qui
719 4130 949 4194 docent
974 4130 1432 4194 humanitatem
1457 4131 1622 4194 trahi
1641 4131 1724 4192 ad
1751 4131 2147 4194 existendum

583 4243 698 4306 per
730 4227 932 4306 ipsam
961 4228 1230 4303 gratiam
1261 4226 1512 4288 unionis
1537 4225 1904 4300 formaliter,
1927 4243 2148 4288 conse-

583 4327 852 4403 quenter
877 4325 1188 4400 negarent
1205 4327 1617 4399 assumptum,
1649 4320 1800 4400 quia
1829 4337 1959 4381 non
1978 4319 2153 4400 prius

581 4423 808 4481 natura
837 4421 934 4479 est
979 4431 1172 4495 quam
1223 4413 1302 4475 sit
1343 4413 1544 4488 unita,
1583 4416 1647 4475 et
1695 4419 2153 4492 consequenter

583 4528 702 4574 nec
742 4509 918 4592 prius
963 4515 1194 4570 natura
1235 4512 1331 4570 est
1369 4504 1561 4586 quam
1591 4506 1668 4568 sit
1709 4514 1888 4587 grata
1927 4511 1993 4569 et
2020 4505 2153 4570 dei-

581 4605 766 4668 ficata
791 4620 910 4683 per
935 4602 1258 4663 unionem.
1289 4601 1422 4681 Ego
1451 4617 1602 4662 vero
1637 4599 1943 4678 concedo,
1969 4601 2147 4682 prius

581 4705 808 4761 natura
837 4697 1106 4759 existere
1127 4713 1320 4774 quam
1335 4695 1417 4757 sit
1443 4701 1622 4775 grata
1650 4715 1669 4770 ς
1703 4695 1815 4758 sed
1837 4695 2147 4758 hactenus

581 4811 707 4858 non
751 4793 879 4855 dixi
921 4791 1002 4854 ad
1041 4791 1440 4872 adoptionem
1480 4789 1792 4869 sufficere,
1830 4790 2001 4871 quod
2038 4791 2147 4852 ali·

580 4889 723 4968 quis
753 4888 927 4968 prius
955 4892 1181 4949 natura
1233 4885 1455 4948 existat
1496 4902 1688 4964 quam
1727 4887 1804 4948 sit
1849 4891 2146 4965 acceptus

581 4981 684 5044 vel
735 4979 1109 5062 adoptatas3
1145 4979 1260 5042 sed
1283 4979 1416 5041 dixi
1460 4979 1582 5042 hoc
1621 4979 1856 5060 requiri
1885 4994 1906 5058 3
1941 4979 2136 5054 unde,

581 5073 726 5137 licet
759 5073 883 5136 hoc
910 5073 1284 5137 humanitati
1305 5073 1664 5150 conveniat,
1693 5091 1824 5136 non
1857 5075 2149 5154 sequitur

581 5165 892 5251 adoptari,
922 5167 1148 5250 quiaid
1163 5185 1292 5231 non
1307 5167 1458 5231 satis
1492 5173 1587 5229 eat
1613 5167 1698 5230 ad
1711 5167 2137 5248 adoptionem.

580 5261 840 5338 Deinde,
863 5279 942 5326 ex
981 5261 1087 5324 illo
1132 5261 1438 5343 principio
1467 5261 1550 5324 ad
1590 5277 1910 5324 summum
1937 5267 2146 5342 potest

581 5353 800 5420 inferri
842 5355 1306 5420 ‘humanitatem
1345 5355 1572 5420 Christi
1600 5373 1732 5420 non
1781 5373 1916 5418 esse
1950 5355 2147 5418 filiam

577 5447 932 5512 naturalem
968 5449 1119 5527 Dei,
1165 5449 1336 5532 quod
1390 5449 1788 5514 verissimum
1839 5455 1936 5514 eat
1956 5493 1973 5526 ,
2016 5465 2147 5512 non

581 5541 784 5604 solam
823 5543 972 5622 quia
1017 5545 1116 5608 est
1163 5543 1428 5625 incapax
1471 5543 1816 5624 filiationis,
1849 5561 1926 5608 eo
1975 5543 2149 5625 quod

2230 463 2363 510 non
2386 448 2467 514 sit
2507 465 2807 532 persona,
2836 447 2953 516 sed
2996 453 3247 516 tantum
3288 453 3541 530 natura,
3564 473 3723 527 verum
3771 527 3772 530 Ἴ

2231 541 2421 605 etiam
2443 545 2593 626 quia
2618 543 2697 607 de
2722 561 2791 606 se
2815 549 2911 606 est
2930 549 3267 622 extranea,
3296 551 3360 608 et
3383 544 3543 626 prius
3566 558 3727 618 natura
3771 533 3772 580 ³

2234 635 2442 701 existit
2468 656 2665 718 quam
2684 639 2765 705 sit
2790 644 3021 705 natura
3047 637 3187 700 Filii
3222 637 3363 702 Dei.
3390 639 3479 708 Ex
3504 643 3605 706 hoo
3626 667 3725 710 vero

2231 729 2405 810 quod
2430 749 2561 796 non
2586 733 2665 799 sit
2712 731 2843 797 filia
2882 732 3191 796 naturalis
3232 733 3376 809 Dei,
3414 735 3511 798 vel
3534 735 3611 813 (ut
3629 758 3727 819 pro-
3771 723 3772 802 ἶ

2229 823 2409 903 prius
2444 825 2675 906 dicam)
2704 826 2877 908 quod
2914 844 3045 892 uon
3070 827 3151 891 sit
3194 827 3479 892 essentia
3500 835 3727 896 naturalis

2230 917 2389 996 Deo,
2417 937 2547 982 non
2588 922 2875 1002 sequitur
2900 939 3043 984 esse
3092 919 3487 1002 adoptatam,
3516 943 3625 988 non
3660 946 3731 990 so-

2233 1007 2369 1074 lum
2387 1014 2537 1093 quia
2562 1014 2853 1096 adoptari
2870 1033 3001 1078 non
3028 1015 3295 1096 proprie
3322 1019 3594 1082 convenit
3606 1029 3731 1084 natu·

2234 1126 2344 1185 ree,
2374 1107 2487 1172 sed
2514 1125 2803 1190 personae
2831 1108 2989 1184 ;sed
3014 1110 3296 1174 maxime
3316 1111 3467 1190 quia
3500 1109 3637 1174 inter
3663 1115 3731 1176 illa
3771 1117 3772 1198 j

2236 1201 2387 1278 duo,
2418 1203 2673 1280 scilicet,
2704 1203 3017 1284 adoptari,
3046 1209 3113 1266 et
3139 1221 3293 1266 esse
3336 1202 3443 1294 illo
3478 1204 3639 1268 modo
3656 1225 3731 1270 aa·

2234 1297 2531 1374 tui-alem,
2569 1302 2779 1380 potest
2812 1297 2950 1362 dari
2994 1297 3310 1376 medium,
3342 1303 3415 1365 ut
3455 1299 3639 1362 statim
3674 1300 3730 1362 di-

2234 1410 2402 1460 oum.
3771 1405 3772 1452 l

2311 1489 2411 1552 19.
2462 1487 2679 1553 Tertia
2724 1489 2887 1552 ratio
2912 1488 3581 1568 sepositum—Tertia
3618 1491 3729 1550 ratio

2231 1600 2310 1648 ex
2334 1581 2737 1665 praecedente
2785 1581 3043 1646 formari
3092 1585 3335 1662 potest,
3358 1580 3507 1660 quia
3544 1581 3589 1642 si
3610 1581 3730 1646 chri·

2232 1683 2389 1755 stus,
2422 1686 2493 1743 ut
2508 1677 2723 1755 homo,
2754 1683 2849 1742 est
2872 1676 3039 1740 filius
3068 1675 3415 1758 adoptivus
3438 1675 3561 1752 Dei,
3586 1677 3663 1738 vel
3688 1677 3731 1740 id
3771 1687 3772 1736 1

2232 1780 2329 1838 est
2354 1791 2469 1853 per
2513 1772 2783 1855 gratiam
2832 1771 3249 1845 habitualem,
3270 1769 3377 1834 vel
3402 1787 3512 1850 per
3534 1771 3727 1850 gratiam

2232 1869 2523 1934 unionis:
2565 1873 2865 1932 neutrum
2916 1865 3039 1930 dici
3088 1871 3347 1946 potest;
3392 1882 3559 1944 ergo.
3590 1863 3727 1942 Major

2234 1963 2493 2026 evidens
2520 1967 2618 2024 est
2634 2006 2657 2036 ,
2682 1960 2831 2042 quia
2858 1959 3063 2026 omnis
3092 1957 3631 2040 adoptatio‚.etiam
3650 1956 3727 2018 hu·
3771 1987 3772 2042 3

2232 2074 2445 2132 mana,
2474 2055 2547 2120 fit
2573 2073 2689 2136 per
2714 2056 2989 2137 aliquam
3012 2055 3317 2136 gratiam,
3340 2059 3415 2114 ut
3436 2052 3611 2132 gratia
3628 2050 3727 2112 dicit
3771 2047 3772 2120 s

2230 2151 2735 2218 benevolentiam
2760 2157 2825 2214 et
2862 2149 3204 2229 gratuitam
3250 2145 3643 2219 voluntatem
3666 2142 3723 2204 di-

2231 2249 2379 2312 vina
2424 2252 2662 2322 autem,
2696 2262 2837 2324 quse
2878 2241 3343 2324 perfectissima
3383 2243 3494 2312 est,
3538 2235 3721 2300 includit
3771 2271 3772 2274 =

2232 2341 2425 2406 etiam
2452 2339 2733 2420 aliquam
2758 2337 3033 2418 gratiam
3058 2335 3473 2401 intrinsecam
3486 2332 3717 2410 adoptato,
3771 2371 3772 2420 3

2234 2434 2315 2500 ab
2344 2435 2447 2496 illa
2474 2433 2589 2496 Dei
2634 2433 2959 2496 voluntate
2996 2436 3397 2505 manantem,
3424 2433 3493 2490 ut
3528 2423 3719 2490 incon»
3771 2421 3772 2430 ’

2232 2523 2557 2592 mentati'is
2584 2526 2993 2592 articulorum
3036 2524 3435 2588 declaratum
3464 2526 3569 2595 est,
3590 2525 3637 2580 et
3664 2517 3719 2578 in·
3771 2589 3772 2618 i

2233 2624 2329 2687 fra
2354 2624 2583 2687 iterum
2607 2622 2857 2694 dicam;
2886 2621 3021 2686 haec
3047 2625 3269 2682 autem
3304 2615 3500 2698 gratia
3526 2631 3628 2674 non
3646 2627 3715 2690 po·
3771 2625 3772 2672 ἦ

2234 2725 2359 2783 test
2384 2717 2509 2780 alia
2536 2714 2901 2796 excogitari,
2943 2712 3042 2778 vel
3063 2713 3293 2779 saltem
3322 2727 3451 2772 non
3482 2707 3715 2770 estaDeo
3771 2745 3772 2794 2

2234 2813 2541 2876 hactenus
2596 2809 3083 2882 communicata,
3106 2805 3237 2868 nisi
3264 2803 3363 2868 vel
3402 2798 3713 2866 accidentalis
3771 2805 3772 2808 ’

2238 2912 2451 2972 creata
2474 2903 2896 2979 sanctificans,
2926 2901 3029 2964 vel
3050 2894 3477 2964 substantialis
3516 2894 3714 2958 increata

2230 3012 2295 3071 et
2322 3001 2596 3065 unionis.
2629 2997 2837 3063 Minor
2874 2995 3089 3078 quoad
3118 2993 3399 3074 priorem
3426 2996 3630 3072 partem
3664 2985 3713 3048 do
3771 3025 3772 3060 3

2229 3098 2432 3183 gratia
2469 3091 2775 3156 habituali
2800 3091 3067 3171 probata
3086 3088 3471 3152 sufficienter
3492 3086 3595 3156 est,
3616 3080 3713 3159 quia
3771 3089 3772 3114 ἢ

2228 3193 2431 3278 gratia
2470 3185 2809 3251 habitualis
2834 3182 3135 3265 supponit
3156 3184 3225 3246 in
3254 3180 3489 3246 Christo
3504 3177 3707 3266 debitum

2228 3291 2393 3370 ejus,
2422 3289 2643 3365 estque
2672 3280 2766 3342 illi
2808 3277 3261 3342 connaturalis.
3308 3276 3459 3340 Item
3494 3266 3711 3350 supponit

2222 3384 2357 3463 jam
2382 3379 2583 3442 filium
2622 3393 2741 3458 per
2764 3373 3033 3455 gratiam
3075 3371 3355 3446 unionis,
3382 3375 3439 3432 et
3480 3366 3596 3430 ideo
3621 3377 3703 3424 anu

2226 3477 2377 3540 facit
2400 3473 2627 3548 filium,
2649 3470 2831 3550 juxta
2852 3467 3019 3530 dicta
3044 3465 3329 3529 sectione
3353 3459 3707 3544 proecedenm

2230 3577 2291 3635 et
2340 3568 2484 3631 ideo
2520 3581 2641 3628 nec
2664 3563 2870 3626 fllium
2918 3559 3289 3640 adoptivum
3322 3557 3519 3622 facere
3538 3555 3699 3633 potat.
3771 3619 3772 3636 ἢ

2230 3663 2451 3738 Quoad
2478 3661 2667 3722 aliam
2692 3663 2939 3740 partem
2982 3655 3067 3718 de
3096 3654 3305 3735 gratia
3350 3650 3593 3722 unionis,
3609 3659 3707 3723 pro·

2228 3757 2483 3822 habitur
2518 3753 2709 3816 latius
2764 3752 3038 3814 sectione
3092 3748 3404 3828 sequenti,
3433 3743 3527 3808 uhi
3565 3743 3705 3802 osten·
3771 3745 3772 3752 ³

2228 3856 2400 3928 dam,
2434 3850 2703 3934 gratiam
2728 3847 2982 3912 unionis
3008 3863 3140 3910 non
3186 3863 3331 3910 esse
3366 3839 3699 3922 adoptionem-

2228 3955 2407 4018 Nunc
2450 3946 2726 4012 breviter
2773 3943 3151 4020 declaratur,
3182 3943 3333 4022 quia
3366 3934 3584 4016 adoptio
3616 3941 3699 3988 non
3771 3973 3772 4014 3

2226 4042 2517 4128 producit
2536 4043 2632 4120 (ut
2650 4039 2739 4102 ita
2760 4037 2989 4114 dicam)
3012 4053 3125 4098 seu
3152 4053 3287 4098 non
3314 4026 3591 4098 constituit
3608 4037 3701 4122 pef-
3771 4031 3772 4104 j

2228 4155 2451 4202 sonam
2482 4151 2627 4217 quaa
2658 4150 2772 4216 per
2797 4131 2971 4196 illam
3000 4130 3361 4212 adoptatur,
3392 4124 3495 4188 sed
3518 4117 3697 4182 advent
3771 4149 3772 4217 1

2227 4233 2314 4295 illi
2340 4233 2472 4312 iam
2504 4229 2661 4290 alias
2691 4227 2955 4308 genium
2994 4225 3111 4288 sed
3136 4224 3341 4305 gratia
3362 4215 3577 4284 unionis
3592 4224 3695 4274 con·
3771 4219 3772 4224 ’

2234 4326 2435 4388 stituit
2472 4321 2787 4384 Christum
2832 4326 2903 4382 ut
2936 4320 3299 4392 hominem;
3333 4331 3473 4394 ergo
3506 4323 3605 4370 non
3623 4317 3693 4381 1³⁰⁶
3771 4379 3772 4396 ἶ

2236 4424 2353 4482 test
2378 4435 2494 4498 per
2516 4417 2689 4479 illam
2712 4415 3017 4496 adoptari.

2308 4513 2412 4575 20.
2458 4510 2523 4574 Si
2556 4511 2703 4588 quis
2758 4515 2969 4572 autem
3018 4510 3193 4572 recte
3233 4501 3571 4570 consideret,
3608 4493 3687 4551 ¹⁰³⁸

2227 4607 2363 4670 hoec
2407 4605 2567 4668 ratio
2606 4603 2825 4665 nititur
2874 4601 2939 4662 in
2994 4601 3227 4682 priori3
3260 4601 3397 4664 ideo
3442 4591 3579 4658 enim
3614 4596 3687 4662 Per

2224 4700 2493 4782 gratiam
2526 4695 2913 4758 habitualem
2952 4711 3083 4756 non
3136 4694 3459 4774 adoptatur
3486 4679 3679 4786 christus

2224 4801 2298 4857 ut
2319 4795 2535 4865 homo,
2558 4789 2709 4872 quia
2736 4805 2867 4852 non
2894 4796 2989 4852 est
3010 4793 3378 4852 extraneum
3394 4779 3681 4881 suppositum

2224 4887 2327 4950 vel
2354 4885 2709 4966 subjectum
2734 4888 3027 4962 respectu
3050 4883 3287 4963 gratias,
3318 4877 3420 4943 sed
3438 4875 3681 4954 qnaffll‘ffl'
3771 4923 3772 4936 ,

2220 4981 2429 5062 prium
2456 4987 2520 5043 et
2558 4977 2990 5051 connaturale,
3022 4975 3211 5038 modo
3237 4991 3417 5056 supra
3440 4960 3677 5058 expliwfls
3771 4989 3772 5002 ι

2222 5075 2566 5156 quastione
2594 5073 2883 5153 septima,
2910 5069 3015 5136 vel
3056 5067 3253 5150 (quod
3293 5067 3445 5131 idem
3470 5057 3677 5136 anaqam
3771 5129 3772 5132 ,

2226 5167 2525 5250 supponit
2558 5166 2781 5244 filium,
2816 5165 3085 5250 quinon
3132 5172 3341 5247 potest
3386 5173 3501 5224 ease
3540 5149 3677 5212 extra·

2226 5281 2411 5338 neus,
2438 5278 2561 5326 nec
2590 5262 2819 5326 iterum
2866 5261 3203 5342 adoptione
3233 5260 3395 5324 filius
3412 5248 3547 5320 fierit
3576 5253 3675 5320 3¹⁸·

2224 5357 2315 5420 tia
2340 5363 2555 5420 autem
2593 5355 2844 5420 unionis
2870 5357 3021 5420 ideo
3054 5374 3187 5420 non
3230 5331 3673 5444 potest-esseossdss·

2224 5452 2356 5533 ptio
2404 5457 2698 5534 respectu
2718 5449 2966 5529 Christi,
2992 5448 3142 5534 quia
3166 5467 3295 5514 non
3329 5437 3536 5526 respiat
3552 5428 3669 5494 111⁰·

2225 5551 2301 5609 ut
2346 5563 2686 5628 personam
2727 5551 3093 5610 extraneam
3137 5543 3242 5608 eui
3284 5533 3569 5608 adveniat,
3594 5513 3665 5582 κά
