3892 6167
1343 371 1663 424 msru'ra'r.
1695 369 1863 424 XLIV.
1894 371 2068 426 SEC'I'.
2104 374 2142 427 1.
3217 365 3332 428 421

60 467 223 548 [uod
249 469 351 532 ad
400 471 983 553 historiographos
1010 473 1257 546 attinet,
1284 472 1549 534 sufficiet
1588 489 1695 534 re-

60 581 215 626 erre
242 563 480 626 verba
508 567 793 630 Joaunis
818 567 1107 640 Mariani,
1153 572 1219 628 et
1262 567 1331 630 in
1373 566 1695 645 inquiren·

60 657 145 718 lis
174 657 735 736 antiquitatibus
778 659 1263 738 diligentissimi,
1312 665 1377 722 et
1412 659 1481 723 in
1503 659 1697 722 rebus

60 768 119 812 rc
173 749 785 832 disputationibus
840 753 1209 834 theologicis
1264 753 1689 816 versatissimi.

61 846 155 906 ille
182 861 393 922 ergo,
420 844 565 908 lib.
610 850 649 908 7
678 863 809 908 suae
826 847 1047 908 histor.
1076 845 1157 913 de
1184 847 1343 908 aab.
1396 847 1689 924 Hispan„

60 957 99 1000 :.
136 939 209 1012 8,
240 938 347 1000 sio
376 939 687 1000 scribit:
716 937 994 1002 Nestorii
1012 939 1247 1017 placita
1274 939 1537 1003 concilii
1562 941 1695 1017 pri-

60 1031 183 1094 tom
220 1030 604 1110 Ephesius·
644 1033 966 1116 diliyentia
1006 1032 1227 1112 sopita,
1272 1033 1451 1112 quasi
1474 1034 1696 1098 vetoris

60 1123 329 1188 mii
352 1123 695 1190 scintilla
716 1129 789 1189 in
812 1126 1157 1206 Hispania,
1184 1126 1319 1190 illis
1348 1127 1693 1192 auctoribus

60 1217 379 1294 (scilicet,
416 1217 667 1282 Felice
705 1225 771 1282 et
796 1219 1128 1298 Elipando)
1174 1220 1484 1284 suscitatae
1513 1225 1680 1294 sunt,

60 1310 942 1394 firmamento-mantibus,
970 1331 1095 1394 qna
1130 1317 1309 1394 parte
1336 1320 1490 1376 corte
1514 1313 1687 1377 homo

60 1410 167 1480 m,
204 1403 339 1468 Dei
368 1405 626 1482 filim
645 1405 967 1486 adoptione
1000 1424 1147 1482 osse,
1176 1411 1295 1468 ete.
1332 1405 1571 1468 Deinde
1608 1423 1688 1468 ex

60 1497 337 1577 epistola
372 1499 607 1562 totins
630 1498 895 1563 Consilii
936 1500 1059 1562 hoc
1078 1499 1228 1562 licet
1262 1499 1560 1580 colligere
1610 1517 1689 1562 ex

60 1591 177 1652 illis
220 1589 497 1666 vet-his,
520 1607 695 1672 qnae
722 1593 1039 1658 habentur
1064 1593 1187 1656 eol.
1214 1595 1254 1656 6
1284 1610 1303 1654 2
1354 1595 1567 1674 Neque
1588 1610 1689 1656 ve-

60 1703 125 1746 ro
161 1684 381 1748 alium
411 1685 479 1748 J
476 1703 671 1752 um
698 1685 1039 1760 Chium,
1062 1687 1257 1750 alium
1301 1687 1555 1753 Verbum
1590 1686 1687 1748 dr:-

61 1793 297 1853 comue,
328 1783 416 1841 ut
440 1795 629 1842 ma
651 1779 903 1842 lemene
934 1778 1369 1845 calumniatur.
1407 1779 1485 1840 Et
1500 1777 1684 1853 infra,

61 1867 413 1937 adducens
452 1871 696 1934 ionum
724 1870 807 1933 ad
835 1870 1027 1934 Hebr.
1058 1872 1099 1932 3
1132 1890 1145 1932 ε
1175 1871 1519 1950 Amplioris
1564 1870 1686 1950 plo-

66 1965 181 2026 rioe
204 1963 341 2027 iau
366 1981 523 2045 pm
566 1966 791 2044 Moyse
809 1966 1037 2047 dimus
1084 1970 1174 2029 m
1204 1965 1444 2028 habitus
1474 1981 1491 2026 ε
1524 1963 1689 2037 Quo-

64 2057 241 2118 modo
262 2054 565 2135 (inquit)
584 2051 926 2138 'amplioris
944 2058 1181 2140 ylorioe,
1212 2059 1271 2121 si
1290 2075 1501 2122 servus
1528 2057 1689 2120 sicut

71 2155 123 2210 et
148 2149 589 2228 Moysen-vol
630 2167 707 2212 es
744 2165 913 2217 emo
940 2150 1303 2232 adoptivus?
1330 2149 1439 2213 ubi
1482 2149 1689 2212 consi-

72 2240 227 2302 dero
248 2243 564 2320 primum
592 2242 893 2315 verbum,
916 2244 1087 2307 sicut
1104 2248 1165 2306 et
1178 2243 1447 2321 Moyses,
1468 2241 1533 2304 id
1564 2247 1683 2314 est,

74 2349 276 2412 purus
296 2348 585 2411 amns,
614 2341 683 2397 et
694 2336 903 2398 solum
930 2354 1042 2414 per
1070 2335 1471 2415 adoptionem
1496 2335 1681 2398 filius.

76 2426 327 2488 Deinde
362 2428 733 2490 considero
752 2428 947 2490 verba
972 2428 1106 2502 illa,
1150 2446 1227 2494 σω
1262 2447 1430 2494 mro
1456 2428 1689 2508 adopti-

80 2535 189 2582 m
212 2543 235 2592 ‚-
262 2519 418 2582 haec
442 2521 641 2584 enim
664 2521 857 2582 verba
880 2521 1211 2586 manifeste
1242 2520 1521 2584 indicant
1543 2539 1687 2599 sup-

90 2613 451 2689 positarum·
474 2613 989 2677 distinctionem.
1042 2613 1223 2686 Quod
1258 2614 1485 2677 clarius
1530 2613 1689 2676 infe-

92 2705 215 2766 rius
242 2705 638 2770 declaratur
666 2707 795 2770 illis
808 2707 1027 2770 .verbis
1052 2726 1069 2768 ι
1099 2707 1232 2772 Sed
1248 2709 1444 2772 nescio
1473 2726 1546 2770 ιω
1573 2725 1687 2790 quo

96 2815 257 2862 servo
291 2802 649 2880 adaptatur
694 2801 763 2869 iu
817 2801 1159 2877 filietatem,
1195 2807 1267 2866 ut
1300 2819 1403 2864 tos
1450 2800 1681 2867 dicitis.

96 2889 593 2973 Dicebant-ergo
624 2894 751 2964 isti,
779 2892 1091 2957 Christum
1136 2893 1457 2957 hominem
1489 2894 1683 2973 priua,

98 2984 193 3043 vel
208 2991 473 3061 natura,
504 2987 628 3048 vel
648 2986 908 3050 fortasse
934 2986 1127 3050 etiam
1154 2991 1435 3066 tempore
1460 2987 1551 3069 (ut
1578 3006 1685 3050 sae-

100 3093 175 3154 pe
204 3077 409 3140 inille
438 3078 745 3143 Concilio
776 3079 1181 3156 insinuatur),
1230 3078 1420 3142 fuisse
1470 3099 1689 3158 quem-

104 3169 239 3230 dam
268 3189 540 3235 servum
569 3218 589 3246 ,
634 3178 701 3234 et
726 3171 955 3236 deiude
982 3172 1179 3236 fuisse
1224 3171 1459 3236 factum
1488 3173 1687 3236 filium

104 3261 207 3322 Dei
224 3281 341 3341 per
368 3265 797 3346 adoptionem
823 3283 843 3337 ς
870 3281 1024 3346 ergo
1060 3271 1351 3328 errarunt
1388 3266 1455 3326 in
1500 3284 1687 3328 sensu

112 3356 447 3436 explicato;
476 3377 645 3441 ergo
677 3360 743 3422 in
760 3360 1013 3436 eedem,
1036 3365 1099 3424 et
1114 3378 1245 3422 non
1274 3361 1337 3420 in
1364 3360 1487 3422 alio
1508 3360 1687 3422 dam-

111 3449 273 3512 navit
306 3451 679 3516 Concilium
710 3454 881 3517 hunc
912 3471 1212 3518 errorem.
1246 3453 1427 3518 Unde
1459 3471 1687 3516 omnes

114 3542 519 3618 probationes
551 3546 699 3626 ejus
724 3545 807 3607 ad
859 3545 979 3608 hoc
1028 3547 1341 3625 principue
1394 3545 1683 3619 tendunt,

116 3640 181 3694 ut
234 3639 591 3704 ostendant
624 3639 797 3702 hunc
842 3638 1165 3702 hominem
1198 3636 1507 3704 Christum
1555 3658 1685 3702 non

123 3743 255 3790 esse
278 3729 485 3794 alium
512 3751 564 3796 a
590 3732 746 3796 Filio
788 3733 929 3809 Dei,
962 3739 1025 3796 et
1070 3750 1149 3796 ex
1194 3735 1375 3796 utero
1416 3732 1685 3812 Virginis

121 3819 301 3885 fuisse
328 3843 559 3893 verum
598 3826 825 3890 Filium
848 3823 964 3890 Dei
1016 3826 1393 3903 naturalem,
1445 3834 1519 3890 et·
1558 3845 1683 3890 non

124 3931 382 3995 servum,
436 3921 777 3994 servitute,
806 3920 1065 3996 scilicet,
1106 3919 1479 3984 excludente
1522 3920 1685 3982 hanc

124 4005 481 4075 filiationem
505 4061 529 4094 ,
566 4019 758 4093 atque
806 4013 967 4074 adeo
1011 4031 1241 4094 purum
1284 4031 1561 4087 servum,
1620 4020 1686 4075 ut

126 4115 235 4160 nos
258 4121 503 4170 sumus.
538 4109 617 4172 Et
643 4106 763 4170 hoc
786 4106 975 4170 modo
1002 4107 1091 4170 ait
1112 4106 1427 4170 Adrianus
1472 4107 1539 4168 in
1570 4125 1685 4170 sua

130 4193 379 4270 epistola
408 4220 427 4261 ε
462 4197 637 4283 Opus
659 4205 939 4266 ‚metrum
962 4207 1052 4266 est
1076 4205 1149 4264 ut
1180 4202 1371 4266 simus
1394 4200 1553 4266 servi
1574 4219 1685 4280 por

132 4288 543 4367 conditionem,
589 4298 645 4357 ee
688 4293 817 4371 filii
864 4311 975 4372 per
998 4294 1271 4375 aratiam
1318 4291 1679 4372 adoptioni&

134 4393 267 4457 opus
289 4385 549 4462 effusos&
574 4393 645 4452 ut
670 4389 759 4452 sit
792 4387 1028 4461 unicus,
1053 4385 1365 4467 proprius,
1408 4391 1463 4450 et
1504 4385 1684 4453 dilec-

136 4473 225 4534 tus
254 4476 467 4542 Filius
494 4481 641 4544 Dei.
664 4481 871 4559 Atque
895 4480 1037 4544 hinc
1050 4481 1313 4542 fortasse
1330 4485 1536 4540 ortum
1563 4483 1680 4553 est,

138 4566 295 4639 ‘lufld
322 4569 457 4633 δεῦε.
484 4573 641 4651 duo,
696 4573 953 4647 scilicet,
1012 4573 1331 4644 affirmare
1370 4570 1681 4636 Christum

146 4671 275 4720 esse
296 4680 565 4742 servum,
582 4673 652 4728 et
666 4666 1056 4746 adoptivum,
1080 4685 1209 4730 non
1228 4665 1582 4736 referantur
1622 4671 1683 4726 et

144 4754 422 4818 notentur
442 4758 513 4820 in
544 4759 753 4822 Felice
800 4766 864 4824 et
910 4759 1215 4839 Elipando
1250 4766 1321 4820 ut
1362 4757 1486 4820 duo
1518 4777 1682 4822 erro·

146 4857 259 4919 ¹⁸0³,
282 4849 393 4910 Sed
428 4857 497 4914 ut
520 4872 713 4930 nnus,
740 4853 889 4932 quia
922 4851 1211 4918 eamdem
1255 4851 1537 4916 habuere
1584 4869 1683 4913 ra-

148 4931 335 4999 dicem
371 4947 937 5010 ‹et-connexionem
972 4947 1039 5008 iu
1090 4946 1317 5008 eodem
1350 4943 1681 5025 principio,

148 5027 387 5108 scilieet,
416 5039 589 5117 quod
622 5040 728 5102 hic
753 5039 945 5102 homo
974 5039 1271 5111 Christus,
1308 5045 1372 5099 ut
1421 5055 1683 5116 concep-

152 5121 335 5185 tusde
366 5125 619 5206 femina,
640 5131 904 5194 nonfuit
933 5149 1118 5196 verus
1152 5137 1215 5194 et
1240 5129 1545 5193 naturalis
1572 5129 1682 5190 Dei

156 5211 347 5296 Filius,
370 5241 491 5289 nec
516 5234 771 5292 sanctus
808 5247 887 5290 ex
940 5229 1001 5290 vi
1032 5247 1162 5290 suae
1209 5229 1679 5309 conceptionis3

160 5321 229 5368 ⁰1
262 5329 379 5392 quo
404 5319 589 5399 plane
613 5323 1021 5404 sequebatur,
1042 5323 1219 5386 illum
1244 5329 1311 5386 et
1334 5341 1412 5385 ex
1442 5341 1509 5386 se
1533 5339 1683 5390 ‘esse

158 5407 391 5472 omnino
414 5431 689 5493 servum,
714 5421 781 5479 et
800 5417 1001 5480 filium
1030 5416 1231 5480 solum
1262 5433 1375 5497 per
1402 5417 1681 5497 adoptio·

166 5505 311 5560 nem.
332 5502 499 5571 Unde
518 5510 677 5574 illud
692 5510 1171 5574 fundamentum
1194 5517 1311 5583 est,
1334 5510 1502 5593 quod
1526 5501 1683 5598 prte-

1776 471 1962 552 eipue
1994 470 2294 536 evertitur
2319 471 2384 532 in
2414 475 2543 532 toto
2589 469 2696 532 illo
2741 468 3032 534 Concilio.
3079 470 3342 534 Accedit

1778 564 2032 628 tandem
2045 566 2390 628 vehemens
2411 565 2792 643 conjectura,
2818 564 2990 642 quia,
3011 565 3064 625 si
3086 564 3340 644 Elipan-

1776 658 1897 720 dus
1928 658 2186 730 dixisset
2208 657 2544 728 Christum,
2577 662 2644 718 ut
2676 657 3020 736 hominem,
3045 675 3182 720 esse
3211 676 3338 720 ser-

1778 771 1926 814 vum
1938 752 2140 816 solum
2155 757 2404 832 propter
2423 757 2806 832 assumptam
2825 757 3114 814 naturam
3141 752 3340 812 servi-

1774 847 1923 920 lem,
1955 846 2100 910 lieet
2119 846 2444 921 fateretur,
2472 851 2534 906 et
2569 845 2960 924 suppositum
3007 833 3337 906 assumens

1776 958 1916 1002 esse
1949 957 2172 1002 verum
2199 941 2426 1014 Deum,
2460 943 2524 1000 et
2555 938 3050 1018 assumptionem
3079 955 3192 1020 per
3233 956 3339 1000 ve-

1774 1051 1911 1097 ram
1942 1033 2240 1096 unionem
2280 1031 2734 1112 hypostaticam
2787 1031 3014 1092 factam
3070 1050 3234 1107 esse,
3273 1033 3336 1092 in

1773 1146 1843 1190 re
1870 1126 2022 1190 nihil
2049 1127 2308 1188 dixisset
2333 1133 2552 1186 contra
2573 1125 2902 1186 veritatem
2935 1124 3216 1204 mysterii
3243 1126 3339 1184 in·-

1770 1220 2176 1295 carnalionis‚
2221 1226 2284 1282 et
2315 1221 2377 1282 in
2405 1218 2594 1280 modo
2628 1217 2926 1297 loquendi
2947 1217 3028 1280 ab
3061 1219 3336 1298 antiquis

1774 1315 2058 1376 Patribus
2083 1331 2208 1374 non
2239 1311 2700 1380 discordassetz
2733 1329 2846 1372 cur
2875 1329 3025 1390 ergo
3074 1317 3332 1392 propter

1770 1425 1913 1472 eam
1938 1407 2322 1471 locutionem
2347 1411 2565 1484 posset.
2578 1408 2644 1466 ut
2663 1404 2990 1466 haereticus
3018 1405 3328 1474 damnari,

1772 1508 1835 1564 et
1887 1505 2020 1562 tam
2072 1499 2300 1562 acerbe
2346 1497 2723 1576 reprehendi
2765 1502 2790 1558 ‘t
2839 1499 3110 1562 maxime
3187 1515 3333 1560 cum

1770 1595 2084 1658 Adrianus
2099 1593 2391 1666 fateatur,
2419 1591 2844 1668 Ambrosium,
2877 1590 2958 1652 ad
2985 1591 3334 1670 exprimen-

1770 1689 1917 1750 dam
1942 1688 2008 1750 in
2049 1687 2288 1750 Christo
2341 1692 2582 1750 naturae
2637 1684 2934 1746 humanae
2980 1683 3331 1758 veritatem,

1772 1779 2088 1844 interdum
2152 1778 2490 1852 Christum,
2546 1783 2618 1840 ut
2669 1777 3016 1848 hominem,
3083 1793 3332 1838 servum

1770 1874 2144 1953 appellasse.
2179 1875 2395 1950 Neque
2423 1871 2593 1932 enirn
2627 1871 2962 1932 tenebatur
2989 1869 3332 1952 Elipandus

1770 1966 2030 2050 credere
2049 1972 2158 2026 aut
2181 1965 2344 2026 scire
2371 1962 2670 2026 unionem
2725 1963 3180 2042 hypostaticam
3228 1980 3334 2022 ex-

1772 2059 2030 2122 cludere
2051 2077 2090 2118 a
2110 2057 2375 2128 Christo,
2403 2062 2477 2119 ut
2498 2055 2780 2130 homine,
2826 2073 3080 2118 omnem
3123 2073 3333 2118 veram

1768 2152 1938 2216 servi
1961 2150 2476 2230 appellationem,
2506 2155 2616 2213 aut
2641 2148 2722 2210 ab
2761 2149 3150 2212 humanitate
3193 2167 3336 2212 om-

1768 2263 1919 2308 nem
1932 2244 2355 2308 conditionem
2379 2242 2694 2306 servitutis
2725 2249 3014 2322 respectu
3033 2241 3157 2315 Dei,
3185 2243 3334 2322 quia

1771 2355 1980 2418 neque
1997 2337 2120 2398 hoc
2147 2355 2366 2398 verum
2387 2341 2544 2412 erat,
2573 2353 2808 2416 neque,
2837 2336 2892 2396 si
2921 2335 3158 2408 fuisset,
3182 2341 3331 2396 tuuc

1772 2438 1909 2494 erat
1930 2432 1998 2492 in
2025 2429 2304 2495 Ecclesia
2337 2429 2762 2502 declaratum;
2797 2427 2922 2490 imo
2971 2446 3090 2492 nec
3116 2429 3330 2490 Adria-

1770 2544 1891 2586 nus
1921 2529 2032 2586 aut
2059 2521 2402 2586 Concilium
2449 2520 2856 2584 Francoford.
2901 2519 3024 2584 hoc
3053 2539 3332 2600 unquam

1770 2619 2186 2682 declararunt.
2213 2617 2393 2691 Quod
2422 2617 2612 2678 etiam
2654 2622 2750 2678 est
2781 2616 3057 2694 signum,
3101 2633 3230 2678 non
3264 2617 3328 2678 in

1768 2730 1845 2774 eo
1874 2729 2092 2787 sensu,
2130 2710 2242 2772 sed
2279 2709 2346 2770 in
2395 2707 2546 2784 alio,
2601 2725 2792 2788 quem
2839 2707 3132 2786 diximus,
3190 2725 3327 2770 rem

1766 2804 1933 2870 hauc
1959 2809 2256 2866 tractasse
2285 2821 2363 2864 ac-
2381 2801 2760 2864 definivisse.

1848 2901 1949 2962 49.
1992 2897 2142 2970 Quis
2176 2897 2372 2972 licerit
2421 2891 2728 2974 Elipaudi
2756 2913 2946 2958 error.
2998 2927 3080 2944 —
3124 2895 3326 2974 Atque

1766 2991 1915 3055 hinc
1952 2988 2210 3054 ulterius
2237 2990 2307 3051 fit
2333 2987 2692 3060 verisimile,
2739 2988 3140 3068 Elipandum,
3197 3008 3323 3050 non

1768 3086 1972 3148 salum
2003 3084 2344 3148 asseruisse
2371 3083 2708 3160 Christum,
2731 3091 2800 3144 ut
2817 3083 3162 3158 hominem,
3189 3103 3326 3148 esse

1768 3197 2000 3258 purum
2029 3196 2284 3242 servum
2311 3177 2448 3250 Dei,
2471 3219 2478 3227 «
2498 3175 2610 3238 sed
2658 3176 2847 3238 etiam
2895 3195 2973 3238 ex
3028 3196 3092 3240 se
3139 3177 3326 3240 fuisse

1770 3271 2114 3334 obnoxium
2159 3270 2534 3346 cuicumque
2597 3269 2704 3330 vili
2756 3270 3038 3333 servituti
3071 3315 3088 3342 ,
3137 3272 3326 3332 etiam

1767 3363 2032 3444 peccati,
2069 3364 2236 3441 quia,
2279 3363 2328 3424 si
2355 3361 2549 3424 semel
2601 3361 2990 3440 concipiatur
3034 3370 3101 3422 ut
3129 3381 3326 3442 purus

1766 3457 1979 3531 homo,
2017 3456 2198 3520 facile
2227 3461 2344 3530 est,
2371 3455 2508 3516 haec
2547 3460 2612 3516 et
2633 3453 2860 3515 similia
2887 3453 2967 3516 de
2995 3454 3100 3516 illo
3141 3457 3327 3520 senti-

1766 3569 1859 3614 re.
1892 3550 2071 3614 Unde
2099 3550 2170 3610 in
2200 3547 2410 3612 verbis
2463 3546 2771 3628 Elipandi,
2816 3564 2956 3626 quae
2995 3549 3218 3628 partim
3249 3568 3326 3610 ex

1768 3646 1907 3724 ejus
1939 3643 2332 3704 confessione
2362 3659 2554 3721 supra
2602 3640 2952 3716 retulimuS,
2998 3640 3226 3720 partim
3258 3642 3324 3702 in

1766 3737 2056 3800 discursu
2074 3737 2240 3798 illius
2257 3735 2512 3800 Concilii
2537 3733 2913 3808 indicantur,
2947 3732 3210 3796 multum
3239 3735 3326 3794 si-

1766 3828 2331 3908 gnificatur‚tamin
2349 3827 2593 3890 ratione
2604 3827 2912 3889 servitutis
2928 3843 3117 3906 quam
3129 3826 3323 3906 adop-

1766 3923 1979 4001 tionis,
2011 3922 2166 3984 nihil
2191 3921 2458 4001 amplius
2485 3920 2563 3982 de
2594 3920 2834 3982 Christo
2883 3937 3076 4000 quam
3099 3919 3178 3982 de
3209 3939 3325 3984 cae-

1769 4019 1915 4082 teris
1938 4015 2298 4079 hominihus
2325 4014 2620 4088 sensisse,
2649 4013 2822 4092 quod
2845 4013 3108 4076 fortasse
3133 4014 3324 4076 etiam

1767 4111 2046 4174 iudicare
2073 4109 2290 4186 voluit,
2337 4107 2714 4188 appellando
2761 4107 3068 4171 Christum
3117 4107 3324 4188 lepro-

1766 4223 1907 4268 sum
1932 4224 1952 4277 ς
1982 4205 2189 4283 potius
2227 4203 2398 4267 enim
2437 4201 2518 4264 ab
2543 4199 2846 4281 spirituali
2873 4218 3066 4281 quam
3101 4221 3140 4263 a
3187 4220 3324 4266 cor-

1765 4297 1966 4380 porali
1981 4298 2157 4378 lepra
2171 4295 2658 4377 appellationem
2673 4293 2846 4356 illam
2868 4295 3208 4374 sumpsisse
3227 4296 3324 4358 vi-

1764 4393 1971 4456 detur.
2015 4392 2171 4454 Item
2192 4390 2273 4452 ob
2301 4389 2466 4452 hanc
2485 4407 2740 4450 causam
2759 4387 2958 4467 magis
2979 4388 3325 4452 admiratur

1764 4486 2100 4557 AdrianuS,
2127 4485 2502 4564 graviusque
2524 4483 2698 4544 illum
2711 4483 3136 4562 reprehendit,
3155 4483 3325 4564 qued

1762 4579 2072 4644 Christum
2101 4577 2510 4658 appellaverit
2557 4595 2829 4651 servum,
2875 4595 3068 4656 quam
3125 4578 3322 4645 filium

1762 4673 2154 4754 adoptivum,
2185 4671 2359 4750 quod
2391 4676 2560 4736 certe
2586 4673 2722 4733 sine
2751 4687 2942 4732 causa
2967 4672 3236 4746 fecisset,
3273 4675 3322 4735 si

1761 4766 2105 4847 Elipandus
2133 4766 2198 4828 iu
2225 4765 2350 4828 alio
2375 4783 2566 4827 sensu
2601 4762 2848 4828 locutus
2890 4764 3133 4840 fuisset,
3177 4783 3321 4828 cum

1765 4857 1977 4922 Sancti
2000 4857 2417 4922 communiter
2435 4861 2660 4920 vocent
2674 4856 3011 4934 Christum,
3029 4864 3098 4919 ut
3123 4856 3322 4926 homi-

1763 4969 1933 5028 nem,
1961 4969 2232 5024 servum,
2266 4969 2392 5014 non
2423 4956 2634 5015 autem
2661 4951 3041 5030 adoptivum.
3075 4953 3154 5014 At
3173 4969 3320 5014 vero

1764 5044 1829 5104 in
1855 5044 2020 5108 dicto
2051 5063 2239 5108 sensu
2261 5045 2407 5123 jure
2449 5043 2796 5106 admiratur
2837 5042 3008 5122 quod
3058 5044 3322 5104 servitu-

1766 5141 1919 5214 tem,
1953 5137 2140 5200 etiam
2163 5143 2233 5200 ut
2252 5156 2330 5200 ex
2357 5142 2616 5217 peccato
2643 5136 2794 5197 oriri
2825 5140 3051 5216 potest,
3081 5133 3322 5198 Christo

1768 5229 2142 5294 attribuerit.
2173 5231 2250 5292 Et
2268 5230 2426 5294 forte
2439 5229 2629 5292 etiam
2645 5227 2728 5290 ob
2747 5228 2910 5290 hanc
2937 5245 3190 5290 causam
3207 5245 3322 5288 sae·

1766 5343 1847 5405 pe
1876 5323 2232 5389 declaratur
2259 5323 2324 5384 in
2353 5324 2456 5386 illo
2483 5321 2780 5394 Concilio,
2811 5321 3148 5391 Christum,
3197 5337 3319 5382 non

1766 5419 1972 5482 solum
1997 5417 2146 5498 quia
2175 5417 2338 5480 Deus
2363 5423 2480 5492 est,
2511 5415 2624 5482 sed
2647 5416 2835 5476 etiam
2875 5416 3022 5493 quia
3079 5431 3158 5474 ex
3187 5413 3322 5492 Spi-

1764 5511 1881 5577 ritu
1915 5511 2140 5575 Sanclo
2171 5513 2508 5592 conceptus
2531 5514 2646 5580 est,
2678 5525 2802 5570 uon
2825 5507 3011 5570 fuisse
3043 5523 3316 5584 servum,
