3892 6167
1789 397 2029 462 QUAEST.
2062 395 2214 450 xxti.
2250 395 2453 449 Amic.
2490 397 2572 450 vt.

2238 497 2400 559 citur
2415 495 2892 572 Melchisedech,
2924 495 3311 560 &similat-ur
3344 496 3506 562 Filio
3528 503 3643 581 Dei,
3666 509 3734 570 di-

2238 596 2467 652 xerunt
2492 591 2684 669 aliqui
2710 609 2788 652 ex
2828 590 2905 652 iis
2925 589 3251 666 haereticis,
3286 609 3415 652 non
3436 591 3605 658 fuisse
3630 617 3735 678 per.
3809 607 3810 632 ³

2240 701 2462 746 sonam
2506 683 2641 746 Filii
2666 685 2793 759 Dei,
2824 683 2939 746 sed
2978 683 3242 764 Spiritus
3274 684 3501 748 Sancti.
3530 688 3738 760 Quaeto.
3809 743 3810 748 ,

2242 785 2307 840 ta
2334 779 2647 840 sententia
2676 777 2947 840 habetur
2976 778 3227 839 nomine
3270 777 3590 856 Augustin.
3618 785 3667 846 in
3692 805 3735 866 q.
3809 775 3810 782 '

2244 873 2361 936 109
2390 873 2629 934 Veteris
2646 871 3029 935 Testamenti
3058 917 3073 944 ,
3102 886 3245 934 cum
3272 877 3487 936 tamen
3510 876 3625 939 sine
3658 882 3743 942 du·
3809 887 3810 912 l

2238 967 2345 1028 bio
2371 965 2707 1048 Augustini
2732 983 2863 1028 non
2886 965 3006 1041 sit3
3038 969 3169 1046 ipse
3200 967 3398 1042 enim,
3424 965 3531 1030 lib.
3558 970 3627 1033 de
3640 973 3741 1036 11oe-

2239 1059 2459 1137 resib.,
2490 1060 2657 1122 inter
2685 1060 2955 1124 haereses
2982 1059 3145 1122 hanc
3168 1059 3387 1135 refert,
3410 1065 3472 1123 et
3500 1070 3585 1126 est
3606 1085 3738 1130 num.
3809 1095 3810 1146 3

2242 1155 2343 1231 34,
2374 1155 2551 1234 cujus
2582 1155 2833 1218 haeresis
2859 1161 3079 1216 auctor
3104 1153 3493 1229 fuitHierax,
3534 1164 3593 1219 ut
3638 1161 3741 1240 Epi·
3809 1183 3810 1204 1

2240 1250 2433 1330 phau.
2464 1247 2680 1322 refert,
2712 1249 2862 1312 haer.
2902 1251 3006 1323 67,
3037 1249 3143 1328 qui
3182 1249 3375 1311 etiam
3423 1249 3488 1310 in
3510 1255 3581 1313 55
3604 1255 3743 1318 refert

2242 1341 2583 1404 nonnullos
2653 1343 2981 1406 haereticos
3052 1341 3283 1404 dixisse
3342 1343 3745 1410 Melchisedech
3809 1343 3810 1400 ἐ

2242 1438 2435 1500 fuisse
2460 1439 2799 1518 quamdam
2830 1439 3122 1500 virtutem
3155 1439 3469 1518 majorem
3496 1440 3631 1502 Filio
3646 1443 3743 1516 Dei,
3809 1503 3810 1510 ,

585 402 705 463 45⁴

589 506 876 570 tudinem
907 505 1127 566 hahuit
1154 519 1297 566 cum
1333 499 1638 564 sacrificio
1667 498 1930 577 Christi,
1970 503 2043 560 ut
2075 497 2155 559 de

593 597 1050 668 Melchisedech
1079 599 1288 660 statim
1319 595 1622 658 dicemus.
1666 597 1745 657 At
1773 611 1922 657 vero
1954 609 2159 655 sacer-

596 696 836 759 dotium
861 693 1018 774 legis
1035 692 1262 754 veteris
1284 687 1752 752 similitudinem
1775 687 2160 750 habuit‘cum

597 787 945 852 sacerdotio
975 785 1218 858 Christi,
1253 783 1397 863 quia
1422 783 1586 846 illius
1613 783 1731 845 fuit
1755 783 1979 844 umbra
2006 785 2067 843 et
2090 779 2161 841 fl-

599 899 779 966 gura‚
810 879 1150 960 praesertim
1175 876 1385 958 quoad
1407 875 1782 938 sacrificium
1803 877 2157 949 cruentum,

599 973 772 1056 quod
816 974 1094 1035 Christus
1123 971 1366 1046 obtulit,
1393 976 1455 1033 et
1487 971 1699 1050 quoad
1729 969 2159 1032 sanctificatio-

598 1085 747 1130 nem
787 1069 1104 1154 posu-am,
1141 1064 1311 1146 quod
1347 1083 1462 1126 suo
1507 1065 1812 1146 sanguine
1853 1061 2151 1144 perfecit3

599 1162 688 1224 sic
709 1161 876 1222 enim
900 1177 1014 1240 per
1033 1159 1448 1221 sacerdotium
1475 1158 1649 1233 illud,
1682 1157 1904 1238 legalis
1930 1156 2159 1218 saneti-

597 1255 805 1316 ficatio
835 1271 948 1335 per
967 1253 1339 1334 sanguinem
1367 1253 1580 1329 fiebat,
1610 1258 1678 1314 ut
1701 1253 1765 1314 in
1791 1251 2053 1332 epistola
2079 1249 2161 1312 ad

599 1347 758 1409 Heb.
791 1347 916 1407 late
941 1352 1169 1408 tractet
1195 1345 1546 1426 Apostolus,
1585 1345 2021 1408 Sacerdotium
2050 1361 2163 1405 au-

599 1450 726 1504 tem
758 1441 918 1520 legis
954 1459 1134 1502 novte
1174 1441 1378 1504 simile
1419 1447 1514 1504 est
1552 1440 1906 1504 sacerdotio
1939 1437 2163 1501 Christi

597 1537 666 1598 in
695 1539 1002 1615 potestate
1035 1533 1341 1596 offerendi
1376 1535 1440 1596 in
1470 1533 1846 1597 sacrificium
1875 1532 2164 1594 eamdem

599 1645 734 1690 rein
765 1645 954 1708 quam
985 1628 1116 1708 ipse
1145 1628 1404 1705 obtulit,
1435 1635 1496 1692 et
1525 1629 1588 1690 in
1619 1633 1928 1708 potestate
1959 1625 2167 1689 confe-

599 1722 782 1785 rendi
811 1739 1026 1783 veram
1056 1722 1448 1784 sanctitatem
1479 1727 1542 1784 et
1568 1721 2003 1784 remissionem
2031 1737 2168 1800 pec-

603 1824 884 1877 catorum
909 1837 926 1889 ;
953 1813 1141 1884 unde,
1168 1830 1291 1894 quo
1314 1815 1445 1876 haec
1467 1815 1802 1877 similitudo
1825 1815 2029 1893 major
2052 1819 2164 1886 est,

607 1925 682 1970 eo
711 1907 828 1968 hoc
851 1907 1267 1968 sacerdotium
1293 1909 1537 1971 excedit
1555 1909 1622 1971 in
1647 1907 2029 1988 perfectione
2058 1925 2169 1968 an-

607 1997 780 2080 tiqua
812 1999 1180 2062 sacerdotia.
1221 2000 1466 2072 Quanto
1495 2003 1664 2062 enim
1694 2001 1795 2064 lex
1830 2000 2045 2082 gratiae
2076 2005 2173 2062 est

603 2094 940 2176 perfectior
969 2095 1107 2174 lege
1135 2099 1376 2155 naturae
1407 2102 1474 2156 et
1495 2097 1692 2157 veteri
1717 2141 1734 2169 ‚
1773 2103 1836 2158 et
1863 2097 2169 2175 quantum

603 2189 837 2250 veritas
869 2192 1122 2267 superat
1155 2187 1425 2268 figuram
1451 2234 1470 2264 ,
1515 2195 1688 2250 tanto
1723 2187 1847 2250 hoc
1880 2187 2170 2250 sacerdo·

603 2281 764 2344 tium
815 2281 1056 2360 reliqua
1109 2281 1440 2344 antecedit,
1507 2281 1686 2343 Unde
1739 2281 1997 2344 tandem
2050 2279 2168 2357 fit,

609 2376 798 2437 etiam
845 2375 897 2435 si
947 2373 1368 2438 sacerdotium
1417 2375 1792 2456 particulare
1844 2373 2169 2440 Melchise-

607 2469 791 2547 dech,
819 2487 964 2531 cum
989 2468 1339 2531 sacerdotio
1363 2470 1522 2550 legis
1547 2485 1722 2532 nevae
1747 2471 2165 2549 comparetur,

609 2561 870 2625 inferius
909 2579 1047 2626 esse
1091 2579 1164 2624 ac
1203 2563 1412 2624 minus
1441 2562 1792 2644 perfectum
1816 2607 1831 2638 ,
1879 2567 1949 2624 ut
1976 2567 2164 2642 patet,

607 2663 744 2718 tum
793 2672 871 2718 ex
916 2653 1216 2719 sacrificio
1256 2655 1466 2720 oblato
1486 2701 1507 2732 ,
1555 2663 1689 2718 tum
1743 2673 1820 2718 ex
1861 2659 2171 2736 potestate

611 2749 938 2830 utriusque
1009 2749 1359 2812 sacerdotii.
1411 2747 1590 2812 Unde
1655 2751 1706 2810 si
1777 2755 2179 2829 comparetur

613 2859 756 2904 cum
789 2843 1134 2906 sacerdotio
1163 2843 1489 2924 ipsiusmet
1517 2841 1743 2904 Christi
1764 2889 1785 2919 ,
1823 2843 2179 2905 invenietur

610 2942 784 2998 tanto
823 2935 1087 2998 inferius
1135 2943 1369 3016 quanto
1409 2935 1872 2998 Melchisedech
1913 2937 2177 2998 inferior

616 3034 712 3092 est
757 3028 1020 3104 Christo,
1067 3037 1136 3092 ut
1182 3049 1258 3092 ex
1303 3029 1588 3108 sequenti
1641 3029 1919 3092 sectione
1970 3029 2175 3107 magis

617 3125 947 3196 constabit,
1009 3123 1116 3186 ubi
1165 3124 1478 3186 solvemus
1533 3124 1815 3187 ultimam
1865 3127 2174 3188 rationem

616 3215 942 3277 dubitandi
990 3216 1052 3277 iu
1097 3217 1400 3298 principio
1450 3217 1642 3297 hujus
1683 3217 1977 3280 sectionis
2009 3220 2176 3298 posi-

617 3315 769 3384 tam,
805 3311 1058 3391 reliquis
1087 3312 1256 3374 enim
1285 3309 1668 3373 satisfactum
1692 3311 1824 3391 jam
1855 3315 1970 3374 est.

1225 3499 1445 3555 sileno
1479 3501 1559 3554 lv,

663 3625 852 3688 Utrum
874 3627 1118 3690 Christus
1157 3633 1232 3690 sie
1259 3631 1518 3690 sacerdos
1555 3629 1858 3689 secundum
1892 3629 2143 3690 ordinem

1185 3715 1601 3776 Melchisedech.

703 3881 758 3944 1.
786 3879 876 3943 Ad
902 3881 1339 3962 explicandam
1365 3885 1770 3964 quaestionem
1785 3883 1974 3958 hanc,
2000 3897 2180 3962 opor·

623 3977 710 4037 tet
745 3975 922 4056 prius
944 3993 1300 4058 supponere
1331 3980 1472 4057 quis
1509 3977 1699 4040 fuerit
1725 3977 1829 4039 hic
1855 3973 2179 4040 Melchise-

621 4069 802 4145 dech,
837 4075 898 4134 et
922 4071 1107 4150 quale
1137 4071 1323 4133 fuerit
1351 4069 1768 4134 sacerdotium
1801 4071 1964 4150 eius,
1984 4069 2181 4150 quod-

619 4177 695 4224 ve
732 4163 1110 4226 sacrificium
1141 4163 1269 4226 Deo
1297 4163 1608 4228 obtulerit.

698 4259 757 4318 ⁰2.
805 4255 1082 4322 Hoeresis
1106 4259 1174 4321 de
1201 4259 1434 4338 oriqine
1456 4257 1904 4323 Melchisedech.
1935 4291 2017 4306 -
2048 4258 2179 4322 Cir-

622 4365 695 4410 ca
723 4347 994 4430 primum
1024 4349 1217 4412 variis
1245 4349 1449 4413 modis
1475 4359 1748 4414 erratum
1767 4357 1880 4426 est,
1912 4355 2040 4414 tam
2060 4353 2177 4414 cir-

620 4461 694 4505 ca
719 4449 1008 4504 naturam
1039 4460 1230 4522 quam
1271 4445 1434 4506 circa
1469 4461 1806 4525 personam
1863 4445 2179 4509 Melchise-

619 4534 799 4599 dech.
829 4535 1097 4608 Quidam
1125 4537 1296 4600 enim
1323 4537 1606 4602 haeretici
1631 4541 1965 4619 negarunt,
1997 4540 2176 4603 illum

613 4628 807 4692 fuisse
837 4646 1056 4692 verum
1085 4632 1356 4712 aliquem
1386 4632 1734 4709 hominem,
1758 4634 1868 4695 sed
1895 4633 2172 4713 aliquam

612 4721 1002 4806 spiritualem
1039 4725 1353 4802 virtutem,
1386 4745 1522 4807 quae
1548 4735 1868 4810 assumpto
1909 4742 2170 4808 corpore

605 4817 876 4881 Abrahae
904 4819 1218 4900 apparuit,
1246 4819 1470 4883 Genes.
1508 4821 1606 4883 14.
1644 4819 1918 4893 Quorum
1945 4817 2169 4882 funda-

607 4917 894 4973 mentum
919 4929 1055 4975 esse
1085 4913 1308 4992 potuit,
1360 4915 1507 4993 quia
1537 4915 1738 4988 Paul„
1771 4912 1853 4974 ad
1909 4913 2066 4975 Heb.
2101 4917 2162 4990 7,

609 5019 753 5065 eum
778 5001 969 5066 fuisse
1000 5003 1170 5081 dicit,
1203 5007 1333 5070 sine
1358 5011 1554 5086 patre,
1589 5007 1718 5071 sine
1745 5012 1960 5080 matre,
1994 5011 2051 5070 et
2078 5009 2167 5070 si-

600 5113 675 5172 ne
701 5095 1066 5179 yenealoyia.
1101 5095 1248 5172 Quae
1272 5116 1399 5161 non
1423 5100 1717 5163 videntur
1743 5115 1894 5160 vero
1919 5097 2162 5163 homini

596 5205 782 5270 posse
831 5193 1188 5268 convenire,
1223 5199 1286 5256 et
1333 5195 1484 5272 quia
1523 5193 1755 5255 ibidem
1793 5193 2025 5255 Paulus
2058 5195 2162 5257 ad·

599 5281 712 5362 dit‘,
737 5301 918 5367 neque
931 5285 1198 5360 initium,
1213 5303 1394 5367 neque
1405 5289 1584 5367 finem
1605 5289 1837 5351 dierum
1854 5289 2153 5354 habuisse.

595 5375 744 5440 Ideo
773 5377 1150 5442 addiderunt
1188 5381 1381 5442 etiam
1427 5381 1531 5443 isti
1581 5379 1756 5442 illum
1787 5381 1979 5444 fuisse
2016 5397 2157 5462 per·
2239 5383 2436 5443 unita.
2464 5381 2620 5443 Cum
2674 5399 2827 5462 ergo
2876 5381 3335 5444 Melchisedech
3364 5377 3535 5441 fuerit
3567 5383 3708 5430 verus
3809 5421 3810 5432 ,

2248 1531 2396 1611 quia
2418 1549 2547 1592 non
2586 1531 2777 1594 trahit
2800 1531 3105 1612 originem
3135 1532 3217 1593 ab
3240 1531 3459 1612 aliquo
3502 1541 3672 1613 patre,
3688 1539 3747 1598 si·
3809 1539 3810 1596 ἶ

2250 1631 2354 1688 cut
2378 1623 2567 1688 Filius
2596 1627 2732 1700 Dei,
2768 1631 2831 1688 et
2858 1625 3004 1706 quia
3036 1627 3203 1688 iuter
3228 1625 3561 1705 dignitates
3582 1627 3745 1692 Christi

2249 1727 2637 1795 recensetur,
2681 1719 2851 1800 quod
2902 1719 3091 1782 fuerit
3146 1720 3526 1783 assimilatus
3558 1723 3747 1785 Melchi-
3809 1717 3810 1776 ἒ

2250 1813 2479 1874 sedech
2508 1813 2573 1875 in
2599 1812 2822 1875 ordine
2868 1813 3225 1876 sacerdotii.
3272 1813 3400 1875 -Alii
3448 1831 3585 1876 vero
3624 1813 3749 1879 dixe·
3809 1807 3810 1880 i

2249 1915 2397 1969 runt
2434 1905 2625 1968 fuisse
2655 1908 2855 1987 ipsam
2886 1923 3224 1988 personam
3256 1907 3401 1970 Filii
3423 1907 3549 1981 Dei,
3572 1913 3746 1988 quein

2250 2001 2465 2064 Veteri
2491 2003 2893 2063 Testamenta
2922 2019 3087 2083 soepe
3117 2019 3431 2084 apparere
3476 2002 3683 2066 solebat
3704 2005 3745 2065 in
3809 2009 3810 2020 ¹

2252 2093 2531 2157 humana
2557 2096 2787 2174 specie,
2826 2099 2891 2159 et
2928 2095 3157 2158 dicitur
3198 2096 3565 2176 apparuisse
3600 2097 3745 2158 Abra-

2251 2189 2370 2264 hm,
2404 2191 2562 2251 Gen.
2590 2193 2690 2263 ss,
2741 2193 2805 2251 et
2850 2198 3347 2271 repraesentasse
3396 2190 3506 2253 Dei
3554 2189 3740 2267 Filium,
3809 2261 3810 2268 ἵ

2252 2283 2529 2364 seipsum
2560 2281 2914 2345 oblaturum
2946 2284 3291 2362 aliquando
3330 2285 3397 2346 ln
3438 2285 3743 2346 sacrificium
3809 2301 3810 2322 ³

2253 2378 2315 2437 in
2336 2395 2484 2438 vera
2512 2377 2793 2438 humana
2819 2383 3065 2452 natura,
3094 2384 3156 2441 et
3186 2377 3339 2440 ideo
3370 2375 3513 2455 dici,
3558 2379 3741 2440 assimi-

2254 2471 2449 2534 latum
2476 2469 2645 2533 Filio
2672 2471 2810 2546 Dei,
2852 2477 2912 2535 et
2942 2471 3077 2534 eine
3108 2477 3312 2553 patre,
3343 2475 3405 2534 et
3428 2474 3553 2535 sinc
3585 2476 3741 2543 matre,
3809 2481 3810 2546 g

2254 2572 2372 2627 etc.
2403 2562 2523 2624 Alii
2556 2563 2809 2625 tandem
2840 2563 3132 2626 dixerunt
3156 2565 3355 2626 fuisse
3380 2563 3630 2646 aliquem
3653 2567 3741 2625 An·
3809 2563 3810 2570 ’

2254 2657 2465 2738 gelum
2496 2657 2557 2717 iu
2579 2661 2897 2737 assumpto
2928 2675 3189 2740 corpore
3232 2659 3533 2732 humane,
3576 2659 3688 2737 quia
3708 2658 3742 2718 si

2260 2757 2425 2813 esset
2452 2769 2637 2813 verus
2658 2769 2729 2812 ac
2757 2769 2955 2832 purus
2980 2753 3194 2829 home,
3230 2770 3365 2814 non
3390 2753 3661 2834 potuisset
3682 2769 3743 2812 es-

2258 2863 2325 2906 se
2352 2846 2555 2924 major
2595 2843 2935 2918 Abraham,
2963 2845 3111 2925 quia
3139 2859 3214 2907 eo
3272 2853 3551 2927 tempore
3588 2844 3745 2904 nullus

2257 2935 2447 2999 homo
2490 2943 2625 2999 erat
2662 2939 2727 2998 in
2760 2937 3021 3011 mundo,
3056 2946 3165 3001 aut
3212 2939 3367 3002 Deo.
3394 2939 3633 3013 charior,
3670 2943 3743 2998 sut

2256 3033 2513 3111 maj0ris
2538 3031 2855 3114 dignitatis
2872 3039 2936 3094 et
2964 3033 3375 3109 excellentiae,
3406 3051 3582 3113 quem
3610 3033 3746 3092 Abra·
3809 3055 3810 3060 ¹

2256 3125 2427 3186 ham.
2460 3125 2535 3188 Et
2553 3125 2740 3207 hujus
2762 3126 3089 3190 sententiae
3120 3127 3381 3190 fuerunt
3404 3127 3651 3207 origen„
3679 3125 3745 3185 Di·

2256 3217 2507 3298 dymus,
2542 3224 2605 3281 et
2626 3220 2755 3294 alii,
2782 3224 2853 3282 ut
2872 3219 3299 3302 Hieronymus
3326 3220 3531 3297 refert,
3560 3226 3680 3282 tom.
3700 3219 3740 3288 3,

2258 3314 2441 3392 epist.
2478 3317 2618 3390 126,
2642 3315 2723 3377 ad
2750 3315 3109 3397 Evagrium.

2342 3413 2399 3471 3.
2448 3411 2878 3476 Melchisedech
2895 3427 3075 3476 cerus
3096 3417 3371 3496 cipum
3388 3409 3741 3477 homa—Ve-
3809 3447 3810 3504 j

2258 3503 2409 3566 ritas
2458 3509 2676 3566 tamen
2732 3503 3039 3578 catholica
3088 3505 3215 3568 duo
3262 3508 3479 3574 docet:
3511 3505 3738 3590 primum,
3809 3507 3810 3552 ³

2256 3597 2719 3661 Melchisedech
2738 3599 2933 3662 tuisse
2948 3617 3172 3662 verum
3200 3602 3540 3666 hominem.
3566 3599 3739 3663 Secun-
3809 3641 3810 3674 3

2260 3689 2435 3764 dum,
2476 3692 2666 3755 fuisse
2718 3707 2947 3774 purum
3000 3695 3351 3758 hominem.
3400 3695 3643 3758 Primum
3667 3690 3741 3752 do·
3809 3687 3810 3752 3

2260 3793 2404 3847 cent
2428 3787 2767 3868 Epiphan.,
2790 3787 3050 3870 August.
3080 3797 3143 3851 et
3158 3787 3517 3872 Hieronym.
3538 3789 3665 3849 locis
3684 3784 3739 3844 ci·

2260 3881 2425 3942 tatis.
2456 3881 2629 3942 Idem
2656 3881 2947 3964 August„
2976 3881 3087 3946 lib.
3144 3885 3225 3947 16
3246 3885 3331 3947 de
3362 3883 3554 3959 Civit„
3580 3899 3627 3942 c.
3654 3879 3735 3947 Ξέἑ
3809 3911 3810 3986 i

2264 3975 2579 4051 Ambros.,
2612 3975 2718 4037 lib.
2750 3980 2788 4038 5
2812 3977 2891 4038 de
2935 3977 3110 4055 Fide,
3144 3995 3199 4041 c.
3232 3980 3293 4054 3,
3328 3987 3389 4042 et
3438 3979 3532 4039 alii
3584 3979 3736 4034 statim
3809 3987 3810 4008 ³

2262 4067 2538 4147 citandi3
2571 4075 2632 4132 et
2657 4068 2969 4150 colligitur
3004 4079 3221 4150 aperte
3254 4087 3333 4133 ex
3378 4069 3613 4132 historia
3656 4065 3737 4125 Ge-

2258 4177 2420 4236 nes„
2458 4179 2511 4224 c.
2543 4164 2642 4241 Μ,
2674 4161 2783 4224 ubi
2810 4163 3039 4226 dicitur
3055 4165 3631 4234 Melchisedech.rec
3651 4157 3731 4220 Sa·

2258 4255 2395 4327 lem,
2424 4261 2483 4320 et
2510 4259 2787 4322 sacerdos
2816 4255 2931 4320 Det·
2974 4259 3291 4336 altissimi,
3323 4265 3379 4323 ee
3420 4257 3641 4322 exivisse
3668 4249 3733 4312 ob·

2256 4349 2417 4411 ciam
2442 4349 2730 4425 Ake-alar,
2764 4357 2817 4415 et
2840 4353 3123 4416 obtulisse
3162 4370 3379 4433 panem
3415 4357 3469 4417 et
3488 4353 3673 4423 vinum,
3696 4351 3730 4406 et

2258 4443 2549 4523 accepisse
2572 4445 2831 4508 decimas
2858 4445 2931 4509 ab
2959 4446 3294 4512 Abraham.
3332 4448 3475 4520 Quae
3510 4461 3615 4505 non
3636 4455 3731 4519 pos·
3809 4495 3810 4498 ,

2257 4543 2402 4598 sunt
2430 4538 2694 4616 (servata
2726 4539 2993 4602 historiae
3014 4543 3301 4618 veritate)
3322 4541 3445 4604 nisi
3487 4540 3543 4601 in
3568 4549 3723 4595 verum

2258 4631 2579 4694 hominem
2608 4635 2964 4696 convenire.
2998 4635 3227 4697 Contra
3268 4635 3456 4697 fldem
3482 4631 3625 4693 enim
3638 4625 3725 4685 his·
3808 4595 3810 4694 Ᾰ

2250 4725 2427 4786 toriae
2450 4731 2566 4798 est,
2597 4727 3021 4804 metaphorice
3054 4732 3117 4790 et
3144 4726 3479 4808 improprie
3504 4719 3722 4786 illumin-

2248 4817 2603 4897 terpretari,
2630 4821 2969 4898 praesertim
2990 4821 3127 4882 sine
3146 4823 3524 4890 necessitate,
3554 4819 3603 4876 et
3618 4827 3721 4872 con-

2246 4915 2341 4972 tra
2364 4927 2767 4974 communem
2798 4913 3050 4976 Petrum
3085 4915 3523 4994 expositionem
3551 4915 3601 4969 et
3620 4919 3717 4966 sen·

2246 5023 2405 5066 sum.
2436 5005 2799 5068 Secundum
2828 5023 2978 5069 vero
3006 5025 3083 5068 ex
3115 5009 3231 5070 hoc
3259 5009 3454 5089 pri'mo
3476 5000 3715 5082 seqnitur,
3809 5049 3810 5054 κ

2244 5099 2391 5177 quia
2412 5099 2761 5161 secundum
2784 5117 2996 5161 veram
3032 5099 3223 5162 fidem
3264 5101 3521 5162 humana
3546 5099 3712 5156 natura

2242 5209 2451 5273 neque
2486 5195 2654 5268 ⁰⁰1⁹,
2700 5185 2909 5273 imque
2948 5199 3091 5274 post
3124 5194 3580 5258 incarnationem
3612 5180 3713 5246 Filii

2242 5287 2379 5364 Dei,
2428 5287 2617 5349 alicui
2662 5303 2951 5368 personae
2998 5287 3362 5351 divinae-est
3402 5278 3707 5366 hypostatice

595 5486 816 5534 sonam
839 5471 1115 5551 aliquam
1145 5471 1445 5548 divinam,
1484 5491 1622 5554 quae
1650 5473 1784 5536 sola
1803 5491 2015 5555 neque
2032 5477 2155 5538 ini·-
2234 5473 2448 5551 home,
2482 5479 2545 5536 et
2570 5477 2742 5536 tanto
2766 5477 2912 5536 ante
2930 5471 3157 5538 Christi
3173 5471 3615 5546 incarnationem
3630 5473 3703 5521 ex·

575 5565 770 5641 ‘tium,
809 5581 1016 5646 neque
1047 5563 1240 5630 finem
1281 5565 1492 5631 habet.
1519 5569 1594 5630 Et
1621 5569 1768 5649 quia
1796 5567 2031 5633 ibidem
2056 5571 2151 5633 di·
2234 5568 2445 5644 titefit,
2478 5573 2716 5634 cendum
2746 5575 2841 5629 est
2868 5569 3104 5629 nullam
3136 5585 3208 5630 ex
3238 5569 3451 5630 divinis
3481 5553 3701 5643 personis
3809 5653 3810 5662 ἵ
