3892 6167
1271 421 1505 490 QuAEsr.
1539 418 1709 474 xvlu.
1743 419 1946 474 sarm.
1982 422 2043 474 11.

117 539 154 596 ).
187 533 442 594 Thomas
470 524 900 608 argumentari
925 523 1002 586 de
1032 523 1410 606 Eutychete,
1455 521 1615 583 sicut

117 627 272 690 ,insuit
317 625 378 686 in
430 621 674 684 Christo
725 637 922 680 unam
963 625 1280 695 naturam,
1312 617 1397 678 ita
1427 615 1616 678 etiam

117 722 339 782 ›osuisse
365 733 556 780 unam
586 715 992 790 voluntatem,
1018 719 1080 776 et
1106 719 1200 776 est
1228 711 1462 794 optima
1492 707 1616 772 eol-

121 815 273 892 ecti0,
303 813 349 875 si
395 812 498 873 ille
539 807 749 892 posuit
781 825 976 870 unam
1004 811 1294 870 naturam
1324 825 1440 888 per
1467 821 1618 866 con-

3132 433 3250 496 275

1694 519 2019 675 putatione
2077 522 2421 588 trademus.
2472 525 2622 592 Aliae
2676 529 3019 600 solutiones
3064 536 3250 602 clarae

1699 630 1816 674 sun
1851 659 1865 676 .

2202 793 2624 860 ARTICULUS
2666 798 2741 862 11.

118 909 430 984 tersionem,
452 923 566 968 seu
595 902 1178 967 transmutationem
1212 900 1396 961 unius
1437 902 1614 959 natu·
1733 925 1741 935 v

118 1021 166 1064 te
185 1003 242 1063 in
267 1001 541 1074 alteram,
557 999 661 1060 vel
685 997 1010 1078 utriusque
1035 993 1101 1056 in
1125 1011 1316 1055 unam
1339 991 1608 1054 tertiam.

117 1099 150 1159 31
175 1103 360 1157 autem
383 1093 704 1176 posuisset
735 1107 930 1152 unam
956 1091 1252 1152 naturam
1277 1087 1479 1150 solum
1505 1103 1617 1166 per

117 1188 605 1270 :ompositionem,
638 1201 765 1247 non
797 1191 890 1247 est
917 1199 1177 1246 neeesse
1220 1188 1290 1244 ut
1333 1179 1614 1261 posuerit

118 1303 256 1344 ‚mam
285 1281 698 1357 voluntatem,
729 1280 848 1341 nisi
877 1279 1080 1340 solum
1107 1277 1348 1338 unitate
1379 1271 1614 1335 ordinis

117 1399 192 1441 :scu
213 1374 644 1439 conformitatis
665 1395 681 1448 3
708 1374 888 1451 siout,
917 1371 1062 1434 licet
1085 1377 1311 1433 natura
1338 1365 1613 1430 hominis

117 1491 202 1533 ina
237 1473 325 1545 sit,
357 1468 588 1550 duplex
620 1467 687 1528 in
739 1486 814 1530 ea
855 1472 1063 1548 potest
1105 1483 1242 1527 esse
1272 1460 1609 1544 appetitus„

118 1573 170 1628 ‚ta
191 1573 376 1626 tamen
404 1567 475 1623 ut
501 1580 674 1624 unus
705 1561 882 1624 alteri
911 1559 1348 1622 subordinatus
1387 1555 1487 1618 sit.
1525 1557 1612 1617 De

117 1659 337 1720 Nestorio
369 1661 583 1718 autem
612 1702 628 1730 ,
663 1674 808 1718 cum
837 1655 939 1716 ille
973 1653 1252 1734 posuerit
1275 1650 1341 1712 in
1370 1649 1612 1713 Christo

117 1755 230 1816 iuas
253 1767 538 1832 personas
564 1755 629 1811 et
662 1747 820 1812 duas
847 1753 1127 1825 naturaS,
1153 1743 1384 1808 mirum
1415 1740 1613 1806 videri

117 1855 266 1927 potest
289 1843 596 1926 quomodo
625 1845 704 1904 D.
723 1841 996 1904 Thomas
1020 1839 1112 1902 ini
1141 1839 1403 1915 tribuat,
1444 1833 1614 1918 quod

117 1959 259 2002 unam
277 1945 507 2002 tantum
529 1936 813 2018 posuerit
835 1935 900 1998 in
931 1935 1171 1998 Christo
1198 1933 1607 1996 voluntatem.

117 2037 205 2100 Sed
240 2031 756 2096 considerandum
785 2035 880 2092 est
925 2028 1095 2093 aliud
1148 2047 1286 2091 esse
1329 2025 1504 2106 loqui
1549 2025 1612 2087 in

117 2129 358 2192 sententia
383 2127 652 2190 Nestorii
683 2123 766 2188 de
792 2123 922 2186 Deo
950 2128 1012 2186 et
1032 2123 1311 2194 homine,
1335 2119 1507 2182 aliud
1532 2118 1611 2180 de

117 2224 332 2297 Chi-isim
360 2222 458 2283 ille
489 2222 664 2284 enim
695 2221 761 2281 in
787 2238 938 2282 vero
965 2218 1097 2282 Deo
1129 2236 1203 2278 ac
1231 2233 1381 2278 vero
1408 2211 1614 2275 homi-

117 2335 170 2378 ne
193 2315 433 2396 ponebat
454 2314 615 2377 duas
642 2331 950 2394 personas
975 2317 1038 2375 et
1059 2312 1217 2374 duas
1246 2315 1526 2384 naturaS,
1551 2313 1614 2370 et

117 2415 508 2488 consequenter
537 2409 736 2471 etiam
767 2407 928 2469 duas
953 2406 1309 2467 voluntates
1323 2419 1346 2484 3
1375 2407 1439 2464 at
1461 2419 1611 2464 vero

117 2503 163 2562 in
185 2503 406 2578 Christo,
444 2521 639 2584 quem
689 2521 728 2564 a
759 2520 908 2564 vero
946 2498 1077 2563 Deo
1107 2499 1241 2580 ipse
1273 2497 1613 2577 distingue·

118 2595 222 2668 bat,
245 2615 414 2658 unam
441 2603 694 2659 tantum
724 2595 1114 2658 voluntatem
1156 2597 1432 2654 creatam
1478 2607 1610 2652 esse

121 2691 340 2762 credidit,
365 2697 422 2753 et
443 2691 543 2752 hie
570 2696 672 2753 est
702 2707 923 2752 sensus
947 2689 1018 2749 D.
1044 2686 1324 2762 Thomae,
1351 2688 1422 2745 ut
1445 2681 1609 2745 bene

124 2785 384 2862 cajetanus
421 2785 744 2848 indicavit.
777 2781 958 2846 Unde
997 2781 1099 2842 hic
1144 2799 1316 2842 error
1343 2777 1610 2842 Nestorii

122 2885 310 2939 nonest
335 2877 558 2941 directe
589 2881 815 2940 contra
842 2874 1168 2937 veritatem
1196 2921 1213 2950 ‚
1253 2891 1444 2954 quam
1491 2871 1612 2933 hoc.

124 2969 223 3031 ioco
243 2973 303 3032 D.
321 2971 582 3034 Thomas
615 2971 850 3033 docere
879 2967 1170 3045 intendit,
1195 2965 1450 3042 scilieet,
1475 2983 1611 3028 esse

127 3061 170 3120 in
193 3065 390 3126 Christo
415 3065 676 3128 homine
702 3064 1090 3128 voluntatem
1113 3067 1388 3124 creatam
1411 3079 1427 3135 ;
1473 3078 1614 3140 sup·

125 3158 255 3233 ponit
278 3159 423 3220 enim
449 3160 659 3241 ipsum
691 3173 830 3220 esse
859 3173 1078 3219 verum
1105 3155 1328 3230 Deum,
1366 3157 1426 3216 et
1469 3171 1616 3215 con-

125 3257 394 3327 sequenter
422 3251 660 3315 habere
689 3251 1080 3314 voluntatem
1111 3247 1408 3325 divinam,
1436 3253 1498 3310 et
1525 3247 1616 3308 in-

128 3341 184 3404 de
200 3344 468 3408 concludit
483 3347 724 3410 hahere
738 3345 898 3408 duas
924 3343 1300 3418 voluntateS,
1328 3343 1472 3420 quia
1501 3359 1617 3405 ne-

129 3451 256 3496 cesse
283 3443 364 3500 est
399 3446 463 3501 ut
506 3441 703 3502 etiam
749 3434 982 3502 habeat
1021 3437 1410 3498 voluntatem
1444 3453 1615 3498 orea-

129 3531 222 3587 tum
236 3549 248 3601 3
265 3549 408 3608 nam,
428 3549 566 3596 cum
581 3533 725 3596 haee
741 3531 1051 3612 pertineat
1069 3529 1151 3592 ad
1165 3527 1615 3610 perfectionem

131 3617 355 3686 humanae
389 3634 624 3689 naturae
649 3674 670 3704 ,
702 3643 970 3706 eamque
999 3624 1350 3687 necessario
1401 3639 1616 3684 conse-

136 3721 323 3792 quatur,
359 3735 607 3782 necesse
647 3726 746 3782 est
790 3718 969 3782 fateri
1013 3717 1186 3779 illam
1229 3721 1614 3796 assumptam

141 3821 234 3867 esse
257 3829 285 3869 a
311 3811 497 3874 Verbo
527 3813 591 3875 in
627 3813 905 3876 humana
934 3818 1180 3873 natura.
1217 3811 1496 3890 Denique
1537 3810 1616 3872 de

143 3896 380 3966 Machario
409 3907 735 3970 sciendum
763 3913 857 3969 est
884 3925 1013 3967 non
1043 3905 1233 3966 fuisse
1260 3905 1468 3985 ipsum
1490 3905 1619 3984 pri-

141 4010 260 4056 mum
283 3999 447 4080 hujus
477 4001 708 4065 erroris
747 4008 1092 4078 auctorem,
1128 3999 1367 4061 namin
1395 4001 1476 4061 VI
1503 3997 1616 4080 Sy-

141 4087 278 4166 nodo,
302 4100 404 4156 aet.
434 4099 530 4170 10,
561 4115 787 4158 versus
829 4095 1046 4170 finem,
1074 4099 1135 4158 et
1165 4102 1286 4157 act.
1319 4095 1418 4167 16,
1451 4092 1517 4155 in
1546 4093 1616 4156 fi-

141 4195 214 4252 ne,
231 4185 542 4252 referuntur
557 4189 963 4267 ThemistiuS,
987 4189 1398 4264 Theodosius,
1428 4193 1489 4252 et
1513 4187 1614 4250 alii

144 4275 446 4356 antiquiores
487 4281 680 4362 hujus
722 4281 975 4344 haeresis
1018 4283 1296 4363 patroni,
1331 4283 1616 4363 quamvis

145 4363 235 4427 sere
275 4390 462 4436 omnes
507 4375 597 4438 illi
651 4393 843 4437 unam
893 4381 1137 4438 tantum
1195 4381 1486 4438 naturam
1546 4375 1616 4438 in

145 4453 320 4522 Christo
339 4475 646 4544 ponerent.
671 4469 1098 4531 Damascenus
1123 4469 1334 4547 etiam,
1359 4469 1465 4550 qui
1484 4469 1617 4532 Ma-

149 4549 302 4615 ehario
337 4561 628 4641 antiquior
674 4561 815 4636 fuit,
859 4566 1078 4625 contra
1120 4561 1283 4626 hano
1327 4563 1616 4626 haeresim

150 4639 428 4728 disputavit,
448 4655 551 4717 lib.
580 4659 620 4719 3
650 4653 728 4718 de
756 4655 927 4729 Fide,
955 4676 1012 4718 e.
1039 4659 1136 4718 14.

210 4741 253 4797 3.
279 4741 332 4800 In
376 4745 671 4811 solutione
724 4748 808 4811 ad
843 4749 1115 4830 primum
1149 4755 1211 4813 et
1243 4747 1613 4830 secundum,

157 4823 363 4896 declarat
385 4837 447 4899 D.
467 4841 736 4904 Thomas
760 4843 1015 4923 optime,
1044 4841 1359 4922 quomodo
1397 4843 1617 4908 huma-

159 4933 215 4978 na
233 4925 468 4994 voluntas
494 4933 708 4997 Christi
736 4935 929 5016 possit
959 4954 1096 4998 esse
1129 4937 1618 5002 instrumentum

161 5013 416 5118 voluntatis
440 5022 672 5106 divinae,
715 5029 890 5091 etad
931 5037 1153 5092 nutum
1183 5030 1346 5092 illius
1393 5031 1620 5114 guber-

165 5117 278 5182 nan,
310 5119 359 5174 ct
395 5119 780 5184 nihilominus
805 5125 1002 5186 libero
1033 5129 1096 5187 et
1123 5125 1400 5206 perfecto
1431 5129 1620 5190 modo

168 5209 218 5254 ac
238 5215 563 5277 connaturali
607 5218 875 5298 operari.
906 5217 981 5280 Et
1021 5219 1333 5299 significat
1357 5219 1430 5284 D.
1461 5221 1622 5284 Tho-

171 5303 266 5353 mas
299 5298 365 5360 ita
404 5305 578 5371 fuisse
621 5318 858 5373 motam
889 5313 1108 5374 Christi
1155 5311 1542 5376 voluntatem
1583 5333 1622 5377 a

175 5379 320 5449 Verbo
344 5395 544 5477 divino,
571 5405 728 5468 sicut
756 5406 957 5468 solent
980 5405 1334 5470 voluntates
1351 5408 1535 5488 justae
1564 5415 1627 5470 et

177 5486 342 5544 ⁵⁸11&ae
361 5489 428 5550 ad
449 5503 658 5561 nutum
674 5498 896 5560 divinae
922 5498 1136 5582 gratiae
1160 5501 1422 5562 moveri.
1448 5501 1626 5577 Quod

179 5569 309 5638 valde
331 5589 634 5658 notandum
655 5600 750 5660 est
775 5599 890 5675 pro
915 5593 991 5658 iis
1016 5609 1156 5676 quse
1184 5596 1474 5676 sequenti
1499 5596 1626 5663 dis-

1707 973 1938 1038 Utrum
1972 975 2042 1040 in
2074 977 2318 1044 Ono-mo
2341 983 2535 1061 fuerit
2560 983 2777 1068 aliqua
2800 987 3083 1058 voluntas
3112 1011 3250 1060 sen-

1811 1070 2151 1147 sualitatis,
2171 1080 2405 1157 proeter
2430 1079 2693 1144 rationis
2726 1081 3096 1150 voluntatem
3122 1091 3167 1152 ¹.

1778 1273 1836 1331 1.
1875 1269 1987 1336 Aa
2040 1279 2359 1342 seeundum
2411 1281 2500 1346 sie
2542 1285 2920 1366 proceditur.
2996 1290 3256 1358 Videtur

1693 1367 1856 1444 quod
1898 1367 1968 1429 in
2014 1367 2257 1436 Christo
2306 1391 2427 1438 non
2470 1377 2665 1456 suerit
2712 1379 2928 1462 aliqua
2972 1383 3255 1450 voluntas

1693 1459 2117 1527 sensualitatis
2146 1473 2383 1548 proeter
2418 1471 2680 1535 rationis
2704 1473 3095 1542 voluntatem.
3128 1479 3256 1541 Di·-

1695 1551 1778 1615 eit
1821 1553 1980 1617 enim
2007 1555 2417 1642 Philosophus
2443 1612 2458 1638 ,
2488 1563 2559 1627 in
2600 1567 2637 1627 3
2666 1568 2737 1630 de
2762 1567 2997 1633 Anima
3016 1571 3063 1646 ²,
3094 1574 3258 1652 quod

1692 1645 1979 1712 voluntas
2001 1650 2069 1714 in
2094 1655 2333 1718 ratione
2358 1662 2446 1721 est
2458 1681 2486 1730 ;
2514 1659 2584 1722 in
2609 1659 2889 1725 sensitivo
2915 1669 3117 1728 autem
3138 1685 3258 1748 ap·-

1683 1743 1890 1822 petitu
1944 1750 2033 1808 est
2080 1747 2413 1816 irascibilis
2469 1757 2527 1816 et
2572 1755 3069 1836 concupiscibilis.
3127 1757 3259 1824 Sed

1693 1835 2064 1904 sensualitas
2115 1840 2433 1925 siqnifieat
2486 1847 2828 1930 appetitum
2880 1850 3249 1918 sensitivam.

1692 1924 1868 2085 ῗνρο
1892 1950 2013 1996 non
2036 1935 2165 2014 fuit
2200 1937 2269 2002 in
2298 1937 2545 2006 Christo
2572 1941 2855 2008 voluntas
2880 1945 3258 2012 sensualita-

1722 2043 1798 2087 is.

1775 2121 1836 2185 2.
1881 2121 2197 2188 Proeterea
2226 2172 2245 2200 ,
2295 2129 2618 2194 seeundum
2672 2130 2939 2216 Anqust.
2972 2179 2991 2207 ,
3049 2137 3126 2198 12
3180 2137 3255 2200 de

1695 2213 1880 2280 Prin.
1905 2217 1953 2292 ³,
2004 2220 2374 2284 sensualitas
2410 2223 2805 2306 significatur
2842 2245 2964 2309 per
3004 2219 3256 2310 serpen-

1693 2312 1831 2374 tem.
1879 2309 2217 2377 Sed-nihil
2256 2318 2666 2397 serpentinum
2706 2319 2836 2399 fuit
2873 2321 2943 2384 in
2979 2319 3251 2398 Christo,

1693 2403 1906 2467 habuit
1950 2407 2109 2470 enim
2144 2405 2613 2474 similitudinem
2652 2413 2948 2478 animalis
2982 2415 3259 2480 venenosi

1691 2496 1822 2560 sine
1854 2517 2097 2576 veneno,
2128 2505 2198 2563 ut
2225 2501 2611 2584 Anqustinus
2650 2507 2825 2582 dicit,
2862 2527 3046 2590 super
3088 2509 3257 2574 illud

1690 2591 1870 2658 Joan.
1907 2597 1944 2656 3
1974 2621 1995 2656 .·
2024 2594 2208 2660 Siout
2235 2598 2534 2663 exaltavit
2558 2601 2802 2681 Moyses
2824 2607 3161 2684 serpentem
3186 2607 3257 2668 in

1693 2688 1921 2752 deserto
1951 2689 1997 2754 ⁴.
2038 2689 2215 2774 Ergo
2260 2692 2330 2756 in
2378 2691 2623 2760 Christo
2646 2713 2765 2760 non
2802 2697 2930 2776 fuit
2974 2697 3259 2764 volumtas

1688 2781 2128 2849 sensualitatis.

1774 2875 1831 2938 3.
1877 2875 2217 2954 Praeterea,
2243 2879 2524 2945 voluntas
2549 2883 2825 2964 sequitur
2847 2889 3159 2960 nattam,
3186 2891 3257 2950 ut

1693 2965 1923 3032 dietum
1953 2974 2037 3034 est
2060 2971 2102 3035 ⁵.
2138 2969 2271 3038 Sed
2291 2972 2361 3035 in
2388 2973 2634 3040 Christo
2661 2994 2781 3040 non
2803 2977 2933 3058 fait
2980 2976 3105 3042 nisi
3131 2997 3259 3044 una

1693 3066 1924 3126 natura
1939 3070 2178 3146 proeter
2210 3067 2505 3134 divinam.
2537 3069 2715 3154 Eryo
2753 3071 2822 3134 in
2864 3069 3109 3136 Christo
3136 3091 3258 3136 non

1695 3157 1822 3234 fuit
1857 3159 1982 3222 nisi
2006 3179 2132 3226 una
2161 3163 2442 3230 voluntas
2470 3167 2756 3231 humana.

1776 3251 1908 3316 Sed
1933 3259 2145 3319 eontra
2176 3259 2263 3320 est
2290 3261 2452 3338 quod
2473 3257 2831 3324 Ambrosius
2852 3261 3007 3326 dicit
3030 3259 3099 3324 in
3117 3265 3157 3324 2
3174 3262 3261 3326 acl

1701 3345 2072 3412 Gratianum
2096 3349 2523 3431 imperatorem
2542 3353 2568 3393 ⁶
2596 3373 2611 3416 :
2646 3353 2793 3418 Mea
2824 3357 2913 3418 est
2950 3353 3253 3430 voluntas,

1695 3457 1878 3518 quam
1906 3459 2079 3504 suam
2106 3442 2279 3518 dicit,
2308 3445 2454 3524 quia
2480 3449 2550 3508 ut
2574 3445 2743 3508 homo
2764 3446 3023 3528 suscepit
3050 3448 3259 3510 tristi-

1696 3535 1852 3595 tiam
1877 3553 2091 3598 meam.
2118 3535 2227 3598 Ea>
2252 3554 2368 3617 quo
2394 3540 2582 3601 datur
2609 3539 2907 3622 intelliyi,
2930 3542 3092 3620 quod
3108 3541 3261 3604 tris-

1696 3627 1842 3690 titia
1890 3629 2201 3708 pertineat
2260 3629 2347 3694 ad
2394 3631 2723 3698 nunonem
2775 3631 3145 3696 voluntatem
3189 3633 3260 3695 in

1703 3717 1966 3784 Christo,
2008 3719 2141 3785 Sed
2166 3723 2431 3788 tristitia
2448 3725 2719 3806 pertinet
2762 3727 2849 3788 acl
2883 3724 3257 3790 sensualita-

1697 3817 1837 3887 tem,
1869 3819 1939 3876 ut
1979 3813 2048 3876 in
2093 3817 2353 3880 secunda
2367 3822 2557 3899 parte
2584 3817 2858 3882 habitum
2885 3821 2974 3884 est
2999 3820 3043 3882 ¹¹.
3078 3817 3259 3899 Eryo

1697 3906 1938 3970 videtur
1964 3910 2126 3988 quod
2151 3909 2218 3972 in
2249 3907 2492 3974 Christo
2535 3911 2619 3975 sit
2645 3911 2926 3976 voluntas
2946 3911 3259 3976 sensuali-

1699 4001 1870 4077 tatis,
1894 4008 2130 4082 proeter
2156 4003 2528 4069 voluntatem
2554 4005 2840 4069 rationis.

1775 4095 2122 4176 Respondeo
2146 4097 2462 4162 dicendum
2496 4097 2677 4178 quod,
2708 4098 2866 4164 sicia
2882 4100 3259 4182 praedictum

1697 4194 1782 4252 est
1799 4191 1846 4263 ⁸,
1877 4188 2093 4253 Filius
2117 4189 2237 4254 Dei
2263 4192 2591 4255 humanam
2610 4195 2902 4256 naturam
2929 4192 3281 4274 assumpsit*

1697 4300 1828 4346 cum
1859 4284 2128 4347 omnibus
2171 4301 2306 4366 quse
2348 4283 2658 4367 pertinent
2705 4285 2792 4348 ad
2822 4286 3259 4368 perfectionem

1695 4375 1891 4456 ipsi-us
1907 4382 2150 4443 nataroe
2175 4379 2475 4444 humanae.
2506 4377 2592 4442 In
2609 4381 2877 4444 humana
2909 4384 3111 4446 autem
3148 4397 3257 4442 na-

1697 4473 1842 4534 tura
1886 4469 2231 4536 includitur
2270 4473 2455 4537 etiam
2480 4477 2710 4540 natura
2736 4472 3053 4550 animalis,
3101 4472 3257 4536 sieut

1783 4663 1800 4698 ¹
1847 4660 2037 4738 Infra,
2064 4679 2124 4722 a.
2154 4663 2214 4736 ὃ,
2246 4681 2419 4744 corp.
2439 4664 2514 4726 Et
2538 4662 2679 4740 3,d.
2716 4666 2816 4740 17,
2842 4683 2903 4726 a.
2933 4666 2991 4740 1,
3021 4678 3083 4740 q.
3107 4661 3169 4738 2,
3191 4667 3259 4722 et

1699 4769 1915 4833 opusc,
1947 4759 2013 4830 2,
2039 4773 2093 4817 c.
2126 4757 2267 4820 230.

1779 4847 1805 4884 ²
1842 4849 1993 4910 TeX.
2026 4851 2129 4925 42,
2157 4854 2310 4910 tom.
2340 4852 2405 4912 2.

1779 4938 1802 4979 ³
1848 4941 1912 5002 C.
1939 4943 2040 5017 13,
2068 4941 2257 5022 paulo
2290 4949 2432 5023 post
2457 4943 2647 5023 prin„
2681 4949 2829 5006 tom.
2861 4945 2924 5004 2.

1781 5034 1804 5072 ⁴
1848 5035 1951 5095 Tr.
1987 5038 2087 5110 11,
2117 5055 2155 5096 a
2186 5035 2379 5113 med.‚
2409 5043 2469 5098 et
2502 5037 2543 5098 l.
2580 5040 2601 5098 ⁴
2642 5036 2723 5098 de
2753 5038 2995 5098 Peccat.
3042 5037 3248 5098 merit.

1701 5134 1766 5191 et
1792 5147 1983 5206 rem„
2008 5149 2063 5191 c.
2094 5131 2196 5191 32.

1784 5222 1806 5260 ⁵
1849 5224 1981 5284 Art.
2014 5239 2201 5302 praec.

1786 5316 1810 5352 ⁰
1846 5315 1976 5376 Lib.
2012 5318 2049 5376 2
2077 5315 2157 5377 de
2196 5313 2346 5377 Fide
2396 5314 2477 5377 ad
2504 5314 2673 5377 Grat.
2698 5361 2719 5392 ,
2761 5333 2815 5376 c.
2850 5316 2909 5390 3,
2954 5334 2991 5375 a
3022 5312 3259 5388 medie,

1789 5503 1812 5542 ⁷
1860 5506 1918 5566 1.
1950 5503 2014 5574 2,
2050 5518 2113 5580 q.
2145 5503 2247 5578 23,
2279 5505 2397 5564 art.
2434 5503 2455 5565 t
2499 5508 2561 5564 et
2586 5503 2644 5562 3.

1789 5597 1812 5640 ⁸
1851 5597 1983 5657 Art.
2020 5611 2201 5673 praeo.
