3892 6167
535 413 782 470 caristus
797 411 1146 470 constituitur
1177 423 1278 470 sua
1305 409 1644 470 humanitate
1683 407 1864 470 bomo.
1885 408 2099 465 divini·

602 493 706 542 tate
733 501 861 542 vero
877 489 1037 553 Deus,
1067 487 1328 546 relatione
1347 501 1478 542 vero
1501 493 1554 542 et
1577 485 1945 550 subsistentia,
1970 498 2098 553 per·

599 573 754 620 tona.
783 577 828 618 s.
861 569 910 618 s.

536 637 780 691 christus
807 643 866 691 ut
890 638 1190 697 subsistens
1225 643 1306 692 est
1336 649 1568 703 persona
1595 635 1836 694 relativa.
1863 639 1926 688 ut
1965 647 2096 689 vero

599 719 680 766 est
712 712 1060 780 individuum
1081 720 1288 770 natum
1308 715 1582 776 humanat,
1606 717 1688 766 est
1712 709 1850 778 quid
1869 710 2097 766 absolu·

599 793 737 843 tum.
755 789 810 844 d.
831 793 908 852 ta,
931 803 974 842 s.
999 795 1049 841 Ω.

535 863 779 918 christus
807 863 1015 918 ratione
1045 862 1400 918 humanitatis
1431 867 1514 916 est
1527 859 1762 916 univoce
1788 861 1954 915 bomo
1992 871 2097 914 no·

600 939 831 996 hiscum.
857 953 968 994 non
999 940 1209 992 ratione
1229 950 1494 1004 pensonae.
1521 938 1598 990 ib.

533 1015 778 1142 chdristus
802 1021 883 1069 ost
901 1029 1045 1070 unus
1071 1015 1234 1068 homo
1257 1013 1436 1082 specie
1463 1025 1590 1068 cum
1613 1011 1737 1066 aliis
1761 1010 2096 1073 hominibus,

642 1126 656 1138 .
679 1095 758 1150 1³,
797 1103 842 1144 s.
865 1093 916 1142 ε.

533 1165 778 1220 christus
796 1166 1048 1232 quamvis
1078 1165 1276 1220 babeat
1293 1164 1430 1218 duas
1453 1169 1673 1218 naturas
1700 1161 2098 1224 substantiales,

597 1240 918 1308 simpliciter
941 1247 1021 1294 est
1051 1253 1164 1294 una
1186 1239 1507 1302 substantia,
1534 1253 1578 1292 s.
1611 1243 1657 1290 t.

530 1315 778 1370 christus
805 1315 1096 1382 assumpsit
1117 1327 1316 1381 corpus
1337 1320 1390 1368 et
1409 1315 1653 1368 animam
1687 1313 1827 1366 inter
1849 1325 1908 1366 se
1944 1311 2099 1366 unita

597 1392 666 1445 ad
686 1391 1123 1458 componendam
1147 1391 1562 1452 humanitatem,
1585 1391 1639 1444 d.
1665 1393 1746 1448 15.
1767 1402 1810 1442 s.
1847 1393 1896 1438 ι.

533 1467 777 1522 cbristus
793 1479 860 1520 ex
881 1467 1056 1520 tribus
1078 1466 1305 1520 naturis.
1333 1478 1502 1520 carne
1519 1503 1534 1524 ‚
1563 1464 1768 1526 anima,
1798 1471 1854 1516 et
1889 1462 2102 1516 divini·-

599 1547 724 1600 tate.
751 1543 1086 1608 compositus
1117 1541 1226 1594 dici
1252 1547 1442 1608 potest.
1466 1554 1508 1594 s.
1542 1545 1588 1592 5.

531 1617 679 1672 Inter
696 1618 894 1672 Christi
915 1625 970 1672 et
987 1623 1224 1671 nostram
1253 1617 1526 1684 originem
1545 1612 1831 1672 diversitas
1849 1618 1949 1676 est,
1970 1611 2103 1679 quia

596 1704 723 1747 caro
753 1700 934 1746 nostra
967 1693 1120 1760 prius
1140 1692 1449 1759 concipitur
1479 1703 1648 1758 quam
1667 1689 1963 1754 animetur,
1988 1700 2099 1742 non

595 1774 776 1822 autem
805 1768 1022 1822 Christi.
1052 1768 1109 1822 d.
1133 1773 1214 1825 16.
1239 1781 1282 1821 s.
1314 1771 1364 1820 8.

533 1845 777 1900 Christus
795 1845 865 1898 ab
896 1844 1056 1897 initio
1083 1855 1194 1898 suae
1222 1843 1598 1910 conceptionis
1613 1846 1798 1908 gratus
1825 1841 2099 1904 Deo,san·

596 1927 715 1974 ctus
738 1925 792 1973 et
828 1920 1114 1982 innocens,
1135 1921 1189 1972 d.
1214 1923 1292 1980 17,
1313 1933 1356 1972 s.
1389 1923 1437 1970 1.

532 1995 795 2061 Christus,
817 2003 876 2051 ut
897 1998 1076 2050 homo.
1103 1995 1406 2048 formaliter
1426 2006 1492 2046 ex
1512 1994 1568 2047 vi
1593 2005 1706 2046 sure
1729 1991 1916 2058 gratiae
1939 1989 2101 2044 unio-

598 2070 689 2124 nis
722 2071 826 2124 fuit
857 2069 1100 2124 absolute
1141 2076 1198 2124 et
1235 2068 1556 2136 simpliciter
1596 2074 1848 2131 sanctus,
1897 2071 1953 2118 et
1992 2065 2099 2118 Deo

593 2153 795 2210 gratus.
829 2145 902 2199 ib.

530 2221 774 2276 christus
785 2233 853 2276 eo
866 2220 988 2275 oleo
1003 2220 1272 2288 spirituali
1291 2219 1392 2274 fuit
1403 2218 1704 2273 formaliter
1715 2215 2099 2280 sanctificatus,

594 2310 706 2364 quo
723 2297 830 2352 fuit
849 2302 1062 2356 unctus.
1081 2303 1133 2350 et
1148 2311 1181 2350 a
1201 2307 1314 2363 quo
1337 2307 1538 2350 nomen
1554 2294 1748 2349 Christi
1772 2293 1999 2359 accepit,
2022 2291 2097 2344 ib.

531 2372 789 2428 Christus.
813 2379 876 2428 ut
895 2375 1076 2430 homo.
1100 2385 1212 2426 non
1239 2371 1476 2438 indiguit
1493 2371 1666 2439 gratia
1679 2378 1860 2424 creata
1883 2376 1946 2423 ut
1964 2373 2102 2422 oesct

593 2456 780 2516 gratus
803 2451 930 2513 Deo,
951 2455 1005 2502 et
1028 2455 1247 2502 sanctus
1265 2447 1607 2515 simpliciter,
1631 2447 1706 2500 ib.

531 2525 777 2580 Christus
824 2531 906 2580 est
943 2525 1249 2592 subjectum
1292 2523 1872 2578 convenientissimum
1909 2519 2099 2588 gratiae

597 2601 909 2662 habitualis,
933 2613 1046 2654 non
1062 2613 1190 2654 vero
1206 2600 1696 2668 proportionatum,
1714 2605 1767 2651 et
1786 2597 1864 2650 illi
1887 2609 2099 2650 conna-

597 2677 790 2741 turale,
815 2690 860 2729 s.
885 2681 932 2729 t.

532 2752 778 2806 Christus
793 2751 848 2804 in
863 2750 1014 2805 omni
1036 2755 1176 2804 statu
1194 2750 1264 2802 ab
1287 2749 1584 2804 intrinseco
1605 2754 1687 2802 est
1708 2745 2097 2814 impeccabilis,

601 2827 680 2880 ib.

532 2904 746 2956 christo
782 2899 1147 2955 necessarium
1186 2900 1291 2953 fuit
1321 2905 1376 2954 et
1402 2899 1648 2954 debitum
1669 2897 1904 2966 speciale
1936 2895 2095 2951 auxi-

596 2978 733 3032 lium
757 2977 828 3032 ad
859 2989 970 3030 non
997 2975 1356 3042 peccandum,
1378 2981 1431 3028 et
1458 2974 1643 3041 negari
1680 2974 1731 3027 ei
1759 2985 1870 3028 non
1901 2971 2093 3040 potuit,

599 3054 673 3107 ib.

531 3130 777 3184 Christus
800 3128 928 3181 licet
951 3139 1064 3182 non
1086 3125 1339 3182 babuerit
1360 3127 1604 3181 habitum
1625 3126 1773 3190 fidei,
1803 3125 1995 3180 habuit
2013 3131 2096 3178 ta-

595 3218 723 3260 men
745 3204 990 3258 babitum
1007 3217 1116 3270 quo
1134 3205 1381 3258 voluntas
1400 3203 1540 3256 bene
1555 3203 1866 3272 disponitur
1879 3201 1950 3256 ad
1969 3202 2098 3256 obe·

594 3281 860 3336 diendum
891 3281 1038 3340 fidei,
1064 3280 1140 3333 ib.

529 3359 593 3411 ln
617 3357 831 3411 cbristo
857 3368 968 3410 non
999 3355 1104 3409 fuit
1119 3355 1356 3422 potentia
1376 3353 1657 3421 peccandi,
1679 3353 1929 3420 quamvis
1953 3355 2009 3406 in
2032 3365 2098 3408 eo

596 3433 763 3487 fucrit
789 3431 1023 3486 liberum
1052 3431 1359 3488 arbitrium.
1382 3429 1436 3483 d.
1471 3434 1548 3489 19,
1578 3443 1620 3482 s.
1653 3434 1699 3480 t.

531 3508 778 3563 Christus
824 3522 859 3561 a
891 3507 1168 3576 principio
1213 3506 1408 3560 habuit
1443 3517 1664 3558 omnem
1708 3503 2097 3572 perfectionem

595 3584 794 3640 unioni
813 3583 1074 3646 debitam,
1099 3583 1256 3648 cujus
1275 3581 1514 3636 carentia
1527 3579 1888 3648 redemptioni
1915 3593 2099 3634 neces·

593 3659 736 3714 saria
763 3671 876 3712 non
905 3665 1038 3716 erat.
1060 3673 1104 3712 s.
1131 3663 1179 3710 2.

531 3734 776 3790 christus
821 3733 880 3788 in
913 3732 1134 3788 instanti
1173 3731 1550 3799 conceptionis
1585 3735 1692 3783 tam
1735 3729 2007 3798 perfectus
2038 3730 2095 3784 in

595 3809 877 3864 sanctitate
904 3817 960 3862 et
978 3808 1208 3862 scientia
1229 3807 1354 3869 fuit,
1375 3813 1435 3860 ut
1456 3818 1606 3860 nunc
1632 3812 1731 3866 est,
1761 3805 1832 3860 ib.

532 3887 594 3940 ln
629 3885 843 3940 Christo
885 3885 991 3938 fuit
1027 3883 1270 3952 caguitio
1318 3881 1572 3936 intuitiva
1601 3882 2097 3948 supernaturalium

595 3962 973 4028 mysteriorum
1007 3959 1157 4018 fidei.
1183 3967 1238 4012 et
1259 3958 1600 4021 abstractiva,
1625 3957 1702 4010 ib.

532 4037 776 4092 cbristus
803 4048 931 4090 vere
949 4040 1002 4088 et
1025 4035 1242 4104 proprie
1267 4033 1372 4088 fuit
1395 4035 1676 4100 Propheta,
1705 4033 1760 4088 d.
1785 4037 1866 4098 21,
1893 4047 1938 4086 s.
1970 4037 2016 4087 1.

532 4113 779 4168 Christus
797 4111 928 4166 nnis
952 4111 1202 4166 omnium
1227 4103 1630 4178 Prophetarum,
1664 4107 1738 4161 ib.

533 4189 778 4243 christus
806 4188 1003 4255 plenus
1023 4187 1194 4254 gratia
1231 4185 1336 4241 fuit
1366 4192 1426 4240 ut
1453 4185 1593 4248 fons,
1622 4181 1786 4238 Maria
1814 4189 1873 4239 ut
1911 4197 2099 4251 aquae-

597 4265 814 4326 ductuS,
839 4261 1020 4318 coeteri
1049 4270 1112 4316 ut
1139 4261 1322 4322 rivuli,
1345 4261 1400 4314 d.
1427 4265 1508 4324 22,
1527 4275 1554 4314 s
1596 4264 1646 4314 2.

534 4341 778 4394 christus
809 4339 1085 4406 quomodo
1111 4337 1180 4390 sit
1207 4342 1370 4404 caput
1413 4342 1656 4392 nostrum
1675 4378 1690 4402 ,
1737 4339 2001 4402 quantum
2030 4335 2098 4388 ad

601 4429 818 4483 corpus,
850 4415 928 4468 ib.

533 4493 780 4548 christus
799 4490 1020 4558 proprie
1039 4495 1120 4543 est
1137 4493 1300 4556 caput
1315 4487 1586 4552 Ecclesiae,
1606 4487 1838 4542 aliarum
1861 4498 1991 4542 vero
2012 4499 2100 4540 re-

597 4581 718 4622 rum
746 4567 1024 4628 dominus,
1045 4565 1101 4618 d.
1130 4569 1212 4630 υ,
1237 4579 1282 4618 s.
1313 4569 1359 4616 1.

535 4644 778 4699 christus
803 4643 1112 4696 membrum
1151 4639 1396 4708 corporis
1433 4639 1686 4694 Ecclesiae
1714 4638 1825 4692 dici
1855 4651 1965 4691 non
1996 4651 2098 4705 po-

600 4725 718 4781 test,
745 4718 819 4786 iq.

533 4795 798 4858 christus,
821 4791 1144 4860 simpliciter
1163 4790 1458 4858 loquendo,
1481 4789 1842 4856 ignorantiam
1866 4803 1978 4846 non
2004 4792 2099 4844 ha-

597 4869 735 4932 buit,
765 4869 863 4923 sed
895 4868 1296 4935 plenitudinem
1319 4866 1584 4928 scientim,
1613 4865 1668 4918 d.
1697 4871 1778 4929 24,
1803 4881 1845 4920 s.
1871 4873 1919 4919 a.

535 4945 806 5002 Christum
828 4945 1011 4998 decuit
1041 4943 1280 4998 similem
1309 4954 1424 4994 esse
1453 4942 1772 4996 bominibus
1812 4943 1870 4996 in
1909 4953 2102 5000 natura

599 5020 867 5089 passibili.
891 5021 986 5072 sed
1017 5032 1128 5074 non
1156 5019 1214 5071 in
1244 5017 1404 5085 culpa
1425 5018 1511 5071 vel
1536 5017 1841 5074 defectibus
1861 5020 1957 5086 qui
1986 5022 2103 5075 cul-

601 5109 684 5164 pae
714 5100 842 5149 sunt
869 5094 1168 5160 conjuncti,
1194 5093 1266 5145 ib.

535 5171 732 5226 christi
759 5184 951 5226 sensus
975 5181 1256 5235 nunquam
1281 5167 1394 5222 falli
1416 5173 1726 5236 potuerunt,
1751 5169 1825 5222 ib.

537 5247 781 5302 Christus
797 5246 1072 5314 quomodo
1105 5244 1426 5310 opinionem
1459 5245 1668 5298 nullam
1691 5245 1896 5308 habuit,
1923 5247 1999 5300 ib.

537 5323 780 5378 christus
803 5323 874 5378 de
901 5321 1141 5390 potentia
1171 5321 1418 5376 absoluta
1439 5319 1556 5374 falli
1581 5333 1829 5376 errareve
1851 5335 1966 5378 non
1995 5335 2096 5392 po-

599 5400 724 5464 tuit,
755 5399 828 5453 ib.

539 5474 782 5530 Christus
793 5472 985 5530 habuit
996 5484 1216 5528 omnem
1236 5471 1522 5527 scientiam
1539 5484 1662 5540 quae
1682 5473 1983 5530 secundum
2006 5486 2105 5542 po-·

1659 5555 1698 5592 Ο

2240 410 2465 464 tentiam
2484 401 2821 462 ordinariam
2839 413 2871 458 a
2887 398 2999 458 Boo
3016 393 3637 457 communicatur-’altem
3656 395 3729 454 ln-

2238 484 2474 539 tellectui
2498 489 2696 544 creato,
2720 481 2775 534 d.
2802 484 2885 542 2⁶,
2918 491 2962 533 s.
2988 485 3035 530 3.

2176 561 2421 614 Christus
2434 573 2545 614 non
2576 570 2676 623 per
2700 569 2799 608 sua
2819 553 3033 618 merita,
3050 553 3151 608 sed
3174 551 3357 606 altiori
3382 549 3547 604 titulo
3574 549 3731 602 beatt-

2238 635 2485 688 tudinem
2512 632 2723 686 babuit.
2750 644 2793 682 s.
2830 635 2879 682 6.

2174 710 2418 764 cbristus
2440 707 2631 764 babuit
2648 706 2939 775 perfectam
2962 703 3305 770 prudentiam
3331 712 3734 754 commensura·

2238 791 2349 839 tam
2394 783 2635 852 potestati
2682 781 3017 836 excellentia
3034 821 3047 842 ,
3094 786 3149 834 et
3185 789 3447 846 supremo
3496 773 3735 830 dominio

2238 863 2387 929 quod
2410 860 2603 915 habuit
2626 865 2688 913 ut
2716 860 2901 917 homo,
2930 857 2983 910 d.
3010 861 3093 916 2⁶1,
3118 870 3163 908 s.
3190 862 3239 909 1.

2178 938 2422 992 Christus
2448 936 2677 990 scientia
2698 933 2901 996 infusa,
2928 931 3105 986 altiori
3136 930 3349 984 lumine
3380 935 3437 980 et
3468 927 3737 980 madoco-

2240 1014 2431 1080 gnovit
2460 1011 2776 1079 singularia.
2795 1022 2960 1076 quam
2986 1007 3195 1074 possint
3212 1007 3283 1060 ab
3302 1003 3521 1071 angelo
3548 1001 3637 1054 vel
3658 1004 3741 1055 bo-

2242 1090 2394 1143 mine
2422 1087 2744 1142 naturaliter
2773 1083 3048 1151 cognosci,
3070 1083 3147 1136 ib.

2178 1167 2423 1221 cbristus
2442 1164 2781 1233 potissimum
2801 1163 2871 1216 de
2885 1157 3306 1227 cogitationibus
3321 1153 3527 1210 liberis
3540 1152 3742 1220 judica-

2242 1249 2398 1296 turus
2423 1247 2522 1305 est,
2556 1255 2599 1293 s.
2631 1244 2680 1292 2.

2178 1317 2423 1372 christus
2442 1317 2709 1370 brae-aim
2747 1314 2950 1367 nomini
2974 1311 3194 1375 dicitur,
3218 1309 3353 1376 quia
3384 1319 3497 1374 per
3530 1317 3647 1358 eum
3664 1313 3731 1358 est

2242 1387 2507 1447 miracula
2536 1396 2811 1459 operatus,
2832 1390 2891 1444 d.
2916 1393 2999 1450 at,
3027 1401 3071 1440 s.
3108 1393 3155 1438 ο.

2178 1469 2391 1523 christo
2416 1470 2523 1522 neo
2546 1467 2703 1520 aliter
2723 1465 3042 1519 tribuuntur
3068 1461 3353 1528 passiones
3372 1455 3741 1516 inmanitatis,

2244 1559 2407 1612 quam
2436 1544 2647 1598 Christo
2678 1541 2891 1596 homini
2922 1538 3225 1592 divinitatis
3248 1537 3529 1591 actiones.
3560 1531 3637 1584 ib.

2180 1621 2423 1676 Christus
2450 1628 2529 1674 est
2558 1619 2683 1673 fons
2712 1617 2899 1685 gratim
2922 1615 2980 1668 in
2998 1625 3197 1681 genere
3222 1622 3404 1668 caum
3434 1606 3743 1668 meritoria,

2246 1709 2357 1751 non
2387 1694 2672 1750 efficientis
2700 1692 2955 1760 physicae.
2978 1703 3023 1744 s.
3060 1695 3111 1743 ε.

2180 1772 2423 1828 christus
2470 1783 2566 1839 per
2608 1778 3001 1838 quamcunque
3044 1765 3319 1820 actionem
3351 1769 3405 1814 et
3442 1759 3751 1827 passionem

2242 1860 2395 1900 suam
2420 1859 2485 1900 eo
2510 1855 2751 1912 tempore
2764 1857 2876 1911 quo
2900 1842 2993 1897 illa
3008 1840 3285 1900 existebat,
3302 1837 3511 1905 potuit.
3530 1835 3621 1888 vel
3640 1848 3753 1900 gra-

2242 1923 2393 1981 tiam.
2414 1921 2499 1976 vel
2524 1922 2663 1976 alios
2674 1919 2899 1974 effectus
2914 1916 3353 1986 supernaturales
3370 1911 3621 1974 efficere,
3644 1924 3689 1962 s.
3710 1914 3752 1963 ε.

2179 1998 2424 2052 christus
2448 2009 2550 2052 cur
2574 1997 2775 2050 animae
2800 1995 3045 2050 defectus
3066 2006 3178 2049 non
3203 1987 3594 2056 assumpserit.
3626 1987 3753 2038 sicut

2242 2072 2507 2139 corporis,
2535 2087 2563 2126 s
2604 2079 2653 2125 9.

2180 2149 2423 2205 christus
2450 2147 2673 2216 reliquit
2708 2146 3001 2211 mundum,
3026 2146 3193 2200 etiam
3220 2142 3265 2198 si
3314 2141 3375 2195 in
3408 2138 3751 2195 Eucharistia

2242 2224 2522 2286 manserit,
2546 2224 2602 2278 d.
2639 2229 2720 2285 ³2,
2743 2236 2787 2276 s.
2817 2227 2867 2274 t.

2180 2301 2424 2356 christus
2452 2313 2579 2354 vere
2602 2298 2765 2354 nobis
2780 2305 2859 2352 est
2881 2297 3081 2352 absens
3110 2303 3165 2352 et
3190 2307 3457 2363 presens».
3492 2292 3571 2346 ib.

2180 2377 2420 2430 Christus
2441 2377 2631 2443 ul-t'qteo
2670 2381 2745 2428 ont
2784 2374 2963 2438 homo;
2990 2373 3269 2440 quomodo
3300 2373 3429 2425 haeo
3456 2365 3748 2436 propositio

2243 2451 2315 2506 sit
2336 2452 2490 2514 falsa,
2514 2453 2598 2505 vel
2621 2463 2768 2512 vera,
2798 2450 2874 2503 ib.

2178 2529 2423 2584 Christus
2446 2541 2573 2582 vere
2597 2528 2701 2582 fuit
2728 2526 2972 2581 localiter
2989 2531 3187 2584 motus.
3214 2524 3291 2578 ib.

2178 2605 2426 2660 christus
2466 2617 2578 2659 non
2622 2604 2797 2672 potuit
2824 2601 3069 2666 mentiri,
3108 2602 3243 2669 quia
3268 2605 3357 2654 est
3386 2598 3515 2665 ipsa
3544 2595 3739 2651 veritas.

2244 2681 2299 2735 d.
2328 2686 2411 2744 88,
2438 2693 2484 2734 s.
2514 2685 2563 2732 2.

2176 2756 2420 2812 cbristus
2446 2755 2657 2822 accepit
2680 2759 2849 2808 status
2868 2752 3217 2808 innocentie.
3236 2754 3291 2802 et
3306 2748 3509 2814 glorias
3534 2746 3719 2812 perfec·

2240 2832 2469 2894 tionem,
2498 2836 2721 2896 excepto
2748 2841 2976 2895 corpore
3022 2824 3381 2893 impassibili,
3408 2823 3469 2876 d.
3496 2825 3567 2880 u,
3600 2835 3641 2874 s.
3677 2824 3719 2870 t.

2178 2905 2435 2966 Christus,
2456 2919 2551 2958 seu
2563 2905 2645 2958 llic
2670 2905 2842 2966 homes,
2864 2910 2936 2956 est
2958 2903 3155 2966 domu
3181 2897 3498 2968 propositio
3516 2898 3625 2950 bisc
3640 2893 3731 2948 ad-

2241 2981 2377 3035 mitti
2410 2987 2601 3048 potest,
2630 2979 2686 3034 d.
2722 2984 2805 3043 35,
2832 2993 2877 3032 s.
2913 2984 2961 3030 2.

2174 3059 2249 3113 De
2268 3057 2482 3113 christo
2511 3061 2689 3125 partae
2711 3057 2830 3120 ejus
2848 3053 3140 3121 integrales
3162 3047 3463 3119 praedicari
3494 3058 3610 3100 non
3630 3058 3737 3112 pos-

2241 3140 2390 3194 sunt,
2424 3134 2501 3187 ib.

2178 3209 2421 3262 Christus
2452 3213 2529 3260 ost
2556 3206 2880 3266 humanitas,
2922 3211 2973 3258 et
3012 3203 3271 3258 divinitas
3296 3199 3467 3256 simul
3508 3203 3743 3264 mptoe:

2240 3281 2421 3349 qualis
2448 3282 2519 3335 sit
2540 3280 2858 3349 propositio,
2888 3279 2964 3332 ib.

2176 3357 2421 3414 Christus
2443 3370 2553 3412 non
2579 3356 2799 3420 dicitur,
2824 3355 2975 3408 homo
2996 3355 3177 3421 deifer,
3208 3352 3305 3407 sed
3332 3355 3487 3406 Deus
3512 3349 3747 3412 comiter.

2240 3449 2284 3490 8.
2312 3439 2361 3488 8.

2241 3511 2346 3564 Seu
2374 3510 2557 3577 potius
2575 3507 2862 3568 dicendus,
2898 3509 3065 3575 [erem
3087 3504 3493 3566 humanitatem,
3526 3501 3605 3554 ib.

2178 3587 2421 3641 Christus
2442 3597 2552 3640 non
2584 3592 2755 3652 potest
2774 3585 2885 3639 dici
2920 3585 3069 3634 homo
3089 3581 3379 3644 ‹lementa-n,
3403 3578 3467 3631 ib

2176 3664 2251 3718 De
2267 3662 2479 3717 Christo
2502 3661 2775 3715 contraria
2790 3667 2846 3712 vt
2858 3669 3143 3724 corporeus
3162 3661 3206 3706 et
3220 3655 3600 3721 fatcor-porcas,
3620 3663 3753 3702 ntor-

2241 3737 2365 3791 talo'a
2382 3743 2431 3789 et
2450 3737 2783 3790 immortates.
2807 3734 2919 3789 dici
2944 3736 3189 3800 possunt,
3226 3731 3301 3784 ib.

2177 3815 2251 3868 Dc
2274 3811 2485 3868 Christo
2506 3813 2758 3878 quaedam
2780 3812 3062 3873 dicuntur,
3080 3820 3205 3876 quae
3224 3804 3487 3862 deverbo
3506 3803 3629 3858 dici
3652 3812 3750 3854 non

2242 3893 2486 3955 possunt,
2514 3893 2568 3940 et
2600 3887 2787 3953 qualia
2812 3887 2943 3948 sint,
2965 3899 3011 3938 s.
3044 3888 3091 3935 t.

2178 3963 2421 4020 cbristus
2434 3963 2673 4027 etiesus,
2697 3969 2807 4016 tam
2828 3973 2925 4030 per
2942 3973 3002 4016 se
3026 3965 3081 4014 et
3094 3955 3463 4014 essentialiter
3476 3959 3563 4008 est
3580 3954 3755 4014 bomo,

2243 4051 2307 4092 ac
2332 4039 2538 4101 Petrus,
2567 4035 2643 4090 ib.

2179 4113 2423 4170 christus
2442 4127 2553 4181 qua
2576 4112 2787 4169 ratione.
2814 4112 2925 4166 dici
2955 4109 3125 4179 possit
3146 4110 3393 4170 humana
3416 4117 3663 4176 persona
3678 4101 3757 4158 vei

2244 4190 2440 4245 non.d
2486 4195 2567 4251 ³5,
2590 4203 2634 4242 s.
2667 4193 2716 4240 t.

2176 4265 2421 4322 christus
2446 4278 2546 4320 cur
2572 4265 2721 4318 homo
2746 4265 3043 4318 nominicus
3070 4261 3182 4316 dici
3210 4271 3325 4314 non
3360 4255 3555 4326 possit,
3590 4255 3669 4308 ib.

2176 4341 2419 4394 Christus
2448 4342 2616 4405 ructus
2646 4347 2720 4392 ost
2740 4339 2909 4399 homo,
2936 4350 3067 4392 vera
3087 4340 3169 4390 est
3206 4332 3515 4402 propositio
3546 4329 3753 4384 ratione

2242 4416 2530 4484 suppositi,
2562 4415 2637 4469 ib.

2181 4492 2419 4546 Christus
2444 4505 2548 4543 non
2574 4491 2765 4558 incepit
2796 4503 2923 4554 esso,
2956 4489 3015 4541 in
3042 4487 3219 4554 rigore
3242 4497 3375 4538 vera
3393 4487 3480 4538 est
3508 4479 3753 4552 proposi-

2242 4569 2336 4630 tio,
2362 4567 2438 4620 ib.

2178 4642 2417 4696 Christus
2438 4642 2627 4708 incepit
2659 4655 2767 4694 esso
2790 4643 2942 4699 Deus,
2972 4639 3109 4693 salsa
3133 4641 3215 4689 est
3233 4633 3568 4702 propositio,
3589 4631 3661 4684 ib.

2179 4717 2435 4773 Christus.
2459 4717 2733 4769 securtdum
2750 4718 2886 4782 quod
2906 4715 3073 4774 homo,
3097 4718 3172 4764 est
3192 4716 3425 4764 cretum.
3458 4721 3576 4776 quo
3596 4705 3742 4758 modo

2240 4793 2311 4848 sit
2338 4807 2465 4848 vera
2488 4793 2573 4846 vel
2604 4792 2739 4844 falsa
2762 4789 3081 4858 propositio,
3111 4788 3186 4841 ib.

2181 4871 2425 4925 Christus
2446 4869 2769 4936 simpliciter
2788 4879 2900 4922 non
2934 4873 3017 4920 est
3041 4871 3307 4924 creatura,
3328 4861 3408 4914 ib.

2184 4948 2446 5008 Christus,
2468 4947 2745 4998 secundum
2780 4945 2919 5010 quod
2956 4943 3123 5003 homo,
3151 4946 3227 4993 est
3268 4941 3425 5002 Deua,
3472 4935 3635 5004 magis
3662 4934 3731 4984 est

2247 5022 2499 5090 neganda
2530 5034 2694 5088 quam
2715 5019 3054 5076 affirmanda,
3091 5017 3167 5070 ib.

2180 5098 2441 5152 Christus.
2468 5100 2521 5148 in
2536 5103 2791 5164 quasnam
2810 5097 2979 5160 homo,
2998 5101 3179 5160 eatper
3198 5101 3333 5144 sona
3348 5089 3605 5148 amna,
3620 5093 3739 5150 pro-

2244 5172 2439 5240 positio
2472 5180 2552 5224 est
2572 5184 2719 5234 vera,
2746 5171 2822 5223 ib.

2175 5251 2418 5305 Christus
2436 5255 2516 5302 est
2539 5263 2699 5310 unus,
2720 5249 2886 5302 etiam
2908 5247 2953 5302 si
2977 5243 3329 5315 praedicatum
3356 5253 3509 5296 unus
3542 5247 3739 5293 mascu-

2238 5325 2353 5380 line
2374 5330 2637 5380 sumatur.
2663 5325 2736 5378 ib.

2178 5401 2419 5458 Christus
2442 5406 2523 5454 cst
2544 5413 2717 5455 unum
2747 5397 3087 5467 simpliciter.
3119 5395 3375 5464 quamvis
3396 5391 3735 5462 predicatum

2242 5491 2405 5530 unum
2429 5483 2621 5532 neutro
2646 5488 2847 5545 genere
2869 5481 3135 5538 sumatur,
3158 5472 3232 5526 ib.
