3892 6167
473 467 649 514 casse
690 449 913 522 Deum,
968 445 1318 524 dominum,
1368 447 1480 510 sod
1503 469 1511 476 ·
1532 448 1774 511 Patrem
1824 463 2032 520 suum,

473 545 733 609 dicens:
769 543 998 619 Pater,
1036 543 1097 606 ci
1132 543 1273 620 fieri
1305 548 1499 621 potest
1521 589 1537 616 ,
1582 547 1853 606 transeat
1881 560 1920 606 a
1945 559 2039 605 mo

476 639 647 702 calix
676 639 812 700 iste.
853 635 931 696 Et
968 635 1035 696 in
1067 653 1251 697 eruce
1284 654 1299 696 :
1337 635 1564 709 Pater,
1601 635 1837 700 dimitte
1862 637 1994 698 illis
2015 679 2032 708 ‚

472 747 595 795 non
618 729 777 794 eni-m
806 729 1003 791 sciunt
1030 727 1179 810 quid
1199 729 1461 804 faciunt.
1493 729 1570 791 Et
1598 728 1823 792 iterum
1856 743 1871 790 ε
1908 729 2036 792 Ρα-

474 830 591 898 ter,
623 823 689 885 in
714 837 935 884 manns
969 826 1109 883 tuas
1136 821 1468 885 commendo
1496 822 1783 904 spiritum
1816 840 2034 885 meum.

474 917 541 981 Si
570 915 739 980 enim
762 913 1039 978 Christus
1062 931 1130 976 se
1162 931 1413 976 servum
1440 921 1832 995 agnosceret,
1870 919 2039 978 certe

473 1007 815 1089 aliquando
842 1007 1052 1069 verbis
1085 1007 1213 1069 suis
1252 1009 1371 1071 hoc
1402 1015 1570 1072 esset
1600 1009 1939 1090 professus,
1976 1013 2042 1070 et

472 1101 747 1164 maxime
782 1101 851 1161 in
894 1117 970 1162 eo
1002 1106 1286 1180 ternpore
1319 1101 1385 1163 in
1416 1121 1541 1182 quo
1575 1119 1887 1164 summam
1914 1103 2036 1162 im-

472 1195 881 1258 becillitatem
913 1196 1246 1274 assumptae
1276 1201 1518 1257 naturoe
1549 1197 2030 1276 expeiiebatur3

474 1295 537 1351 et
562 1295 778 1350 tamen
802 1287 870 1349 id
900 1304 1027 1348 non
1056 1287 1205 1350 fecit
1233 1309 1251 1364 3
1300 1290 1455 1368 quin
1482 1291 1690 1370 potius
1718 1291 1781 1350 in
1812 1287 2039 1351 eodem

474 1381 736 1444 articulo
760 1380 1073 1462 passionis
1101 1397 1239 1442 sese
1263 1379 1589 1442 dominum
1616 1388 1679 1443 et
1702 1397 1919 1460 regem
1944 1399 2037 1441 os·

470 1475 694 1549 tendit,
722 1475 956 1536 latroni
980 1473 1341 1554 paradisum
1371 1475 1761 1555 promittens.
1792 1473 1919 1535 Neo
1938 1491 2040 1534 re·-

470 1569 593 1631 fert
618 1567 790 1649 quod
818 1569 882 1628 in
918 1585 1103 1629 cruce
1135 1568 1381 1629 Patrem
1406 1612 1427 1644 ,
1480 1567 1680 1629 Deum
1722 1585 1903 1628 suurn
1932 1583 2042 1646 ap-

473 1662 821 1744 pellaverit,
869 1661 1018 1739 quia
1063 1659 1353 1722 distincta
1398 1667 1494 1722 est
1534 1660 1647 1722 Dei
1690 1669 1747 1723 et
1798 1657 2040 1722 domini

474 1753 836 1834 appellatiO,
878 1753 1251 1815 utsumitur
1287 1771 1365 1814 ex
1392 1752 1707 1828 Damaso„
1747 1753 1856 1814 lib.
1895 1754 1933 1813 4
1959 1751 2038 1813 de

477 1846 649 1921 Fide,
681 1865 737 1908 c.
768 1847 809 1908 8
836 1852 898 1908 et
927 1847 1043 1919 19;
1093 1845 1226 1920 ubi,
1276 1853 1549 1908 tractans
1575 1846 1763 1908 verba
1794 1845 2039 1921 Christi,

474 1941 705 2002 Joann.
738 1941 818 2002 20
846 1957 859 2000 :
896 1940 1165 2004 Ascendo
1194 1941 1276 2004 ad
1294 1939 1487 2002 Deum
1516 1957 1734 2016 menon,
1766 1943 1821 2002 ee
1848 1939 2044 2002 Deum

476 2039 742 2097 vestrum
762 2078 783 2110 ,
826 2031 1139 2114 significat
1174 2035 1257 2095 ita
1286 2033 1603 2095 Christum
1642 2032 1998 2095 distinxisse
2022 2077 2041 2106 ,

479 2127 627 2208 quia
658 2125 841 2188 aliter
867 2133 960 2189 est
982 2127 1151 2188 Deus
1178 2133 1416 2201 noster,
1449 2127 1633 2189 aliter
1654 2127 1849 2206 ipsius
1874 2124 2046 2187 Chri-

484 2219 560 2282 sti
583 2241 603 2297 3
635 2224 848 2282 noster
875 2221 1043 2282 enim
1068 2220 1153 2281 ita
1174 2225 1267 2282 est
1294 2221 1483 2294 Deus,
1514 2227 1586 2281 ut
1610 2221 1691 2282 sit
1716 2219 1906 2281 etiam
1932 2218 2046 2280 do-

482 2313 737 2386 minus3
784 2332 912 2374 non
961 2313 1049 2374 sio
1095 2321 1307 2376 autem
1348 2313 1597 2390 Christi,
1642 2313 1753 2375 sed
1795 2318 2043 2374 tantum

478 2408 662 2469 DeuS.
696 2407 1036 2468 Possumus
1067 2405 1253 2469 etiam
1282 2406 1751 2487 addere‚.quod
1776 2407 1840 2466 in
1871 2408 2043 2468 Novo

472 2501 873 2562 Testamento
904 2517 1034 2560 non
1072 2499 1276 2561 solum
1308 2499 1583 2562 Christus
1621 2517 1749 2561 non
1786 2504 2046 2560 vocatur

474 2609 687 2654 servus
712 2636 731 2666 ,
774 2609 995 2653 verum
1037 2592 1225 2654 etiam
1262 2592 1618 2654 differentia
1646 2593 1713 2653 in
1744 2593 1865 2653 hoo
1894 2609 2043 2654 con-

475 2686 749 2746 stituitur
779 2683 1178 2766 interipsum
1204 2690 1267 2747 et
1292 2684 1449 2746 alios
1476 2685 1838 2765 Prophetas,
1872 2685 2044 2764 quod

474 2777 782 2858 imprimis
808 2783 1012 2857 potest
1039 2777 1201 2839 sumi
1230 2795 1307 2839 ex
1340 2777 1668 2858 parabola,
1695 2777 1910 2839 Matth.
1937 2777 2041 2850 21,

477 2871 559 2934 de
608 2869 1060 2932 patrefamilias
1103 2871 1375 2932 habente
1416 2871 1692 2946 vineam,
1732 2868 1816 2930 ad
1852 2887 2046 2948 quam

476 2965 711 3027 iterum
760 2967 953 3044 atque
997 2964 1228 3026 iterum
1276 2981 1491 3026 servos
1538 2963 1745 3038 misit,
1788 2961 2045 3024 tandem

476 3076 629 3121 vero
664 3057 865 3120 filium
892 3063 956 3118 et
980 3055 1335 3134 haeredem,
1378 3059 1498 3118 hoc
1531 3063 1658 3130 est,
1704 3055 2042 3132 Christum,

478 3151 587 3232 qui
623 3151 759 3229 jam
801 3169 930 3211 non
970 3166 1187 3212 servus
1216 3149 1590 3230 appellatur.
1644 3151 1821 3212 Sumi
1854 3150 2044 3212 etiam

476 3250 683 3324 potest
725 3261 804 3304 ex
848 3243 957 3304 illo
1008 3243 1221 3317 Pauli,
1260 3243 1341 3306 ad
1384 3243 1542 3307 Heb.
1578 3245 1615 3304 3
1654 3259 1668 3303 ε
1702 3243 2046 3322 Amplior-is

478 3335 698 3416 qlorioe
741 3335 859 3400 iste
902 3355 1041 3418 proe
1088 3337 1301 3418 Moyse
1345 3337 1563 3420 dignus
1617 3341 1706 3400 est
1758 3337 2040 3413 habitus,

477 3434 701 3510 quanto
743 3428 1093 3510 ampliorem
1133 3429 1407 3494 honorem
1450 3430 1621 3493 habet
1664 3431 1894 3505 domm,
1938 3431 2047 3510 qui

477 3523 813 3600 fabricavit
868 3522 1067 3585 illam.
1122 3523 1214 3586 Et
1271 3525 1517 3602 Moyses
1564 3519 1799 3604 quidem
1841 3522 2048 3598 fidelis

479 3621 612 3679 erat
638 3617 709 3678 in
734 3617 902 3678 domo
929 3616 1060 3696 ejus
1092 3623 1381 3698 tanquam
1421 3617 1723 3694 famulus,
1764 3613 2047 3679 Christus

479 3723 615 3770 vero
644 3711 933 3790 tanquam
956 3707 1132 3784 filius
1159 3711 1227 3772 in
1246 3709 1415 3771 domo
1435 3725 1567 3772 sua.
1602 3708 1782 3770 Unde
1808 3711 2049 3788 Augus·

486 3799 655 3862 tinus
672 3846 693 3878 ,
743 3807 919 3863 tract.
956 3803 1035 3864 14
1062 3801 1126 3862 in
1152 3801 1463 3863 Joannem
1489 3847 1505 3877 ,
1552 3802 1915 3879 expendens
1942 3803 2048 3864 illa

482 3895 678 3957 verba
708 3915 725 3956 ε
766 3895 958 3958 Pater
984 3895 1195 3976 diliyit
1222 3895 1458 3958 Filium
1480 3939 1498 3969 ‚
1538 3899 1595 3958 et
1638 3895 1839 3960 omnia
1882 3897 2048 3960 dedit

482 3987 551 4050 in
596 4005 781 4051 manu
810 3986 945 4068 ejvs
964 4036 982 4064 ,
1018 3992 1091 4052 ut
1116 4005 1319 4052 nosses
1354 3988 1601 4067 (inquit)
1635 4005 1757 4069 qua
1787 3985 2042 4054 distino-

481 4079 643 4144 tione
670 4081 898 4144 dictum
926 4081 1009 4144 sic
1022 4125 1043 4158 ,
1073 4081 1266 4145 Pater
1294 4080 1502 4162 diliqz‘t
1528 4080 1791 4144 Filium.
1842 4081 2043 4157 Quare

482 4175 639 4236 enim
660 4177 689 4235 ἓ
730 4175 923 4237 Pater
949 4191 1069 4236 mm
1102 4175 1309 4256 diliyit
1346 4176 1399 4237 J
1402 4175 1647 4240 oannem
1665 4177 1696 4236 ἓ
1722 4177 1821 4241 Et
1842 4182 2041 4240 tamen

482 4283 603 4328 non
648 4267 851 4329 omnia
909 4267 1071 4329 dedit
1118 4268 1189 4328 in
1228 4283 1415 4330 manu
1472 4268 1625 4346 ojus.
1684 4269 1875 4332 Pater
1919 4287 2040 4333 non

484 4357 685 4439 diliqic
709 4359 977 4422 Paulum
994 4360 1024 4419 ἓ
1058 4359 1151 4422 Bt
1178 4364 1377 4422 tamen
1412 4377 1531 4423 non
1562 4361 1763 4424 omnia
1791 4363 1952 4426 dedic
1977 4363 2046 4427 iu

480 4467 669 4513 manu
696 4451 849 4531 ejvs.
882 4451 1076 4514 Pater
1096 4451 1309 4529 diliyit
1326 4451 1567 4514 Filium
1590 4497 1610 4528 ‚
1634 4455 1741 4516 sed
1762 4458 2044 4534 quomodo

476 4547 657 4624 pater
690 4541 896 4618 filium
928 4587 945 4616 ‚
984 4559 1106 4607 non
1140 4543 1421 4622 quomodo
1448 4545 1724 4608 dominus
1760 4565 1998 4611 smum
2019 4575 2046 4622 ;

480 4635 767 4717 quomodo
793 4635 1037 4699 unicum
1060 4681 1081 4712 ,
1118 4653 1239 4699 mm
1266 4639 1547 4716 quomodo
1572 4639 1940 4716 adoptatum.

562 4731 626 4791 5.
666 4726 1029 4792 Rationibus
1049 4730 1347 4811 probatur
1377 4732 1583 4811 prima
1615 4735 1931 4797 sentencia.
1961 4767 2044 4782 --

480 4823 714 4895 Quarto
732 4865 751 4898 ,
784 4823 1011 4884 afferre
1038 4840 1374 4902 possumus
1396 4823 1669 4886 rationes
1696 4843 1855 4904 quas
1881 4845 2046 4906 pree-

478 4913 662 4994 cipue
688 4915 1117 4977 Damasoenus
1146 4921 1209 4977 et
1236 4915 1549 4978 Adrianus
1574 4917 1875 4981 indicant.
1920 4919 2049 4982 Pri-

474 5025 583 5070 ma
613 5012 727 5085 est,
760 5010 908 5088 quia
936 5009 1237 5084 Christus,
1266 5017 1337 5072 ut
1364 5011 1576 5088 homo,
1604 5029 1733 5073 non
1760 5019 1855 5074 est
1880 5013 2047 5076 filius

478 5101 807 5181 adoptivus
838 5121 855 5175 3
904 5119 1056 5182 ergo
1087 5119 1295 5182 neque
1334 5121 1571 5165 servus.
1620 5107 1795 5167 Patet
1824 5123 2047 5168 conse-

476 5199 778 5276 quentia,
822 5197 973 5278 quia
1008 5199 1212 5278 magis
1251 5199 1454 5260 aliena
1488 5206 1583 5262 est
1614 5219 1653 5260 a
1692 5200 1824 5262 filio
1864 5208 2048 5264 natu-

478 5291 593 5352 rali
624 5290 899 5354 conditio
930 5291 1245 5352 servitutis
1274 5309 1464 5372 qnam
1498 5291 1879 5373 adoptionis„
1908 5313 2048 5358 ma-

480 5385 701 5464 gisque
740 5390 1041 5448 extranea
1070 5391 1169 5446 est
1208 5403 1480 5466 persona
1516 5386 1681 5465 seryi
1710 5403 1901 5465 quam
1934 5389 2044 5451 filii

484 5477 780 5559 adoptivi.
830 5479 1013 5544 Unde
1050 5479 1335 5544 Christus
1363 5480 1552 5546 etiam
1592 5481 1673 5544 ad
1701 5481 1861 5545 filios
1894 5483 2042 5546 ado-

1720 347 1954 420 QUAEST.
1991 349 2096 407 XX.
2131 347 2331 408 Amic.
2369 353 2429 409 ΙΙ.

2115 451 2275 512 tivos
2317 449 2513 512 dixitt
2554 449 2702 515 ,Iam
2751 461 2864 508 non
2907 445 3106 510 dicam
3153 457 3258 506 vos
3299 451 3554 504 amoc.
3585 433 3698 498 ⁸04

2117 539 2369 617 amicos,
2402 541 2548 621 quia
2580 559 2729 601 vera
2761 537 3032 600 amicitia
3061 551 3204 595 oum
3235 532 3400 600 Deo,
3433 531 3507 590 et
3529 525 3696 584 filia-

2117 635 2204 696 tio
2247 635 2538 714 adoptiva
2575 634 2662 696 ita
2699 631 2946 712 perficit
2979 627 3300 690 hominem
3323 663 3346 697 ,
3393 625 3459 682 et
3487 618 3698 680 elevat

2119 727 2200 790 ad
2231 728 2617 789 consortium
2653 725 2882 787 divinae
2909 725 3168 790 naturae,
3210 721 3284 778 ut
3309 709 3698 776 denomina-

2115 821 2551 883 tionemservi
2579 817 2763 897 quasi
2792 815 3106 895 expellere
3135 815 3244 872 aut
3272 820 3594 886 superare
3616 802 3702 862 vi-

2119 913 2390 987 deatur;
2437 929 2588 993 ergo
2625 909 2824 972 multo
2865 905 3070 986 magis
3113 901 3331 966 filiatio
3374 893 3704 961 naturalis

2119 1007 2482 1088 hujusmodi
2511 1001 3089 1067 denominationem
3111 997 3380 1060 autem.

2197 1106 2259 1164 6.
2303 1101 2630 1164 Secunda:
2677 1097 2995 1168 Christus,
3043 1098 3114 1153 ut
3157 1092 3350 1152 homo
3379 1131 3403 1160 ,
3439 1083 3700 1146 nullam

2115 1195 2336 1258 hahuit
2361 1193 2786 1256 conditionem
2809 1188 2997 1262 servi,
3029 1185 3152 1246 nisi
3173 1179 3624 1248 obedientiam
3643 1183 3702 1236 et

2121 1290 2576 1370 subjectionem
2607 1286 2691 1347 ad
2714 1286 2950 1358 Deum3
2995 1280 3108 1342 sed
3142 1280 3275 1340 hoeo
3300 1271 3706 1338 non-suffieit

2121 1385 2204 1446 ad
2232 1381 2742 1445 constituendum
2777 1394 3070 1448 servum3
3103 1391 3278 1455 ergo.
3315 1372 3566 1433 Totum
3591 1385 3706 1426 au·

2119 1477 2416 1540 tecedens
2443 1475 2711 1536 sumitur
2733 1489 2811 1534 ex
2829 1470 3014 1550 epist.
3041 1465 3300 1529 Concilii
3320 1459 3708 1525 Franoofor-

2119 1569 2264 1632 dien
2276 1615 2289 1630 .
2302 1615 2316 1642 ‚
2339 1569 2448 1630 uhi
2473 1568 2562 1630 sio
2583 1565 2845 1628 dieitur:
2871 1561 3026 1626 Etsi
3045 1560 3360 1626 christum
3379 1553 3710 1634 stapam

2119 1681 2357 1728 servum
2391 1661 2763 1734 nominavit,
2801 1675 2922 1720 mm
2958 1661 3159 1719 tamem
3193 1651 3542 1718 conditione
3565 1662 3704 1708 ..ur-

2119 1758 2359 1830 vitutis,
2389 1756 2492 1819 sed
2517 1771 2590 1818 em
2617 1751 2995 1815 humilitatis
3021 1745 3374 1817 obedientia,
3411 1759 3550 1824 qua
3579 1744 3706 1817 tw

2125 1855 2224 1914 tus
2248 1853 2336 1912 est
2362 1847 2548 1910 Patri
2570 1846 2838 1908 obediens
2857 1857 3044 1922 neque
3067 1841 3148 1902 ad
3167 1851 3426 1902 ntorum
3442 1857 3470 1906 ;
3505 1833 3584 1894 in
3611 1831 3708 1892 his

2125 1942 2296 2005 enim
2321 1940 2528 2001 verbis
2557 1945 2620 2000 et
2645 1935 3076 1998 conditionem
3107 1930 3274 1993 servi
3301 1945 3338 1992 a
3367 1928 3527 2007 jure
3557 1923 3712 1984 suh-

2125 2034 2412 2118 jeotionis
2457 2039 2522 2094 et
2575 2029 2948 2093 obedientioe
3001 2021 3366 2102 distinguit,
3427 2019 3706 2089 docens,

2123 2126 2438 2209 posterius
2463 2126 2586 2186 hoo
2619 2141 2750 2184 non
2780 2121 3070 2184 sufficere
3100 2116 3180 2179 ad
3204 2113 3546 2196 proprium
3577 2129 3712 2174 ser·

2125 2241 2270 2284 vum
2307 2217 2854 2290 constituendum3
2891 2211 3064 2292 quod
3097 2216 3265 2275 certe
3295 2225 3412 2288 per
3449 2225 3528 2268 se
3571 2223 3710 2266 ma-

2125 2317 2418 2378 nifestum
2441 2319 2536 2375 est
2556 2329 2574 2386 ς
2595 2313 2784 2372 homo
2803 2308 2974 2371 enim
2987 2309 3304 2385 ingenuus
3315 2301 3626 2366 subditus
3645 2305 3712 2360 et

2127 2409 2430 2472 obediens
2455 2413 2552 2470 est
2575 2406 2632 2467 ei
2661 2405 2844 2484 cujus
2869 2419 2998 2462 non
3027 2405 3126 2461 est
3147 2413 3400 2470 servus;
3431 2401 3494 2458 et
3517 2393 3708 2456 dein·

2125 2503 2204 2564 de
2231 2507 2428 2580 negat
2467 2501 2534 2561 in
2567 2497 2809 2559 Christo
2853 2495 3042 2555 fuisse
3079 2509 3228 2554 eam
3263 2487 3706 2552 conditionem

2127 2594 2462 2669 servitutis,
2507 2608 2649 2670 quae
2685 2594 2912 2670 praeter
2951 2585 3410 2666 subjectionem
3439 2580 3528 2646 ad
3557 2597 3706 2660 pro-

2123 2687 2328 2768 priam
2357 2687 2520 2748 servi
2559 2683 2869 2746 rationem
2901 2679 3264 2760 requiritur.
3318 2677 3452 2741 1100
3479 2679 3704 2741 amem

2123 2779 2439 2861 nequeibi
2479 2778 2803 2859 probatur,
2845 2793 2970 2838 nec
3009 2773 3366 2835 declaratur
3397 2785 3704 2849 quaenam

2127 2875 2208 2935 sit
2246 2875 2380 2935 hoeo
2411 2871 2684 2934 conditio
2725 2868 3062 2931 servitutis.
3105 2864 3290 2928 Unde
3321 2862 3584 2942 quidam
3617 2861 3704 2920 ita

2129 2975 2467 3046 utrumque
2483 2969 2806 3045 praestant,
2827 2960 2980 3041 quia
2993 2961 3152 3022 ratio
3178 2963 3244 3021 et
3267 2955 3548 3020 conditio
3572 2975 3706 3018 ser-

2126 3061 2339 3124 vitutis
2372 3065 2601 3140 proeter
2633 3057 3091 3136 subjectionem
3120 3051 3390 3115 includit
3413 3051 3705 3130 negatio-

2126 3173 2272 3216 nem
2319 3151 2659 3234 quamdam
2709 3145 3302 3212 communicationis
3325 3145 3394 3208 in
3429 3141 3702 3224 propriis

2123 3249 2307 3310 honis
2347 3247 2546 3326 ipsius
2585 3243 2858 3319 domini,
2901 3249 2964 3304 et
3001 3245 3468 3320 consequenter
3501 3238 3696 3300 etiam

2123 3341 2388 3404 includit
2429 3339 2834 3418 negationem
2879 3337 3048 3398 illius
3087 3335 3324 3396 intimae
3351 3330 3610 3396 unionis
3641 3333 3702 3392 et

2126 3433 2626 3514 conjunctionis,
2677 3430 2759 3491 ad
2797 3445 2990 3510 quam
3031 3429 3138 3488 illa
3183 3428 3500 3488 bonorum
3533 3443 3702 3486 rom-

2125 3527 2468 3590 municatio
2495 3530 2955 3604 consequatur3
3003 3522 3116 3584 sed
3139 3521 3462 3595 Christus,
3497 3525 3570 3580 ut
3593 3519 3698 3578 ho·

2128 3641 2256 3695 mo,
2295 3621 2383 3681 ita
2409 3619 2530 3680 fuit
2557 3618 2878 3698 subjectus
2906 3619 3060 3692 Deo,
3095 3621 3168 3677 ut
3195 3631 3330 3676 non
3355 3613 3544 3676 fuerit
3573 3612 3698 3674 dis-

2127 3715 2356 3778 tinctus
2387 3713 2802 3793 personaliter
2829 3729 2866 3772 a
2891 3711 3022 3772 Deo
3047 3731 3066 3786 3
3103 3727 3182 3770 ex
3212 3725 3339 3786 quo
3372 3714 3584 3769 ortum
3609 3711 3698 3766 est

2130 3813 2202 3869 ut
2225 3823 2540 3868 summam
2567 3823 2710 3866 oum
2735 3805 2842 3866 illo
2865 3803 3159 3866 habuerit
3185 3800 3698 3864 communicatio-

2129 3919 2282 3964 nem
2313 3902 2379 3962 in
2411 3900 2782 3963 excellentia
2821 3905 2888 3962 et
2923 3899 3254 3977 majestate
3295 3903 3361 3958 et
3393 3895 3696 3957 omnihus

2121 3995 2346 4074 honis3
2384 3996 2504 4056 hac
2533 4011 2685 4074 ergo
2722 3991 2964 4056 ratione
2993 3992 3110 4054 fuit
3133 3990 3416 4054 Christus
3445 3989 3690 4067 subjee-

2121 4093 2222 4151 tus
2249 4089 2387 4150 sine
2417 4086 2778 4150 conditione
2807 4084 3040 4148 servili.
3087 4084 3288 4163 Major
3319 4081 3697 4162 supponitur

2119 4187 2192 4244 ut
2217 4181 2550 4243 manifesta
2577 4199 2655 4242 ex
2687 4179 3018 4242 Aristotele
3043 4223 3060 4252 ‚
3099 4182 3130 4238 1
3161 4175 3346 4238 Polit.
3373 4221 3394 4250 ,
3429 4195 3492 4236 o.
3523 4177 3562 4236 3
3581 4217 3598 4249 ,
3639 4181 3700 4235 et

2129 4293 2208 4337 ex
2243 4276 2514 4356 ipsomet
2541 4274 2799 4335 nomine
2825 4273 3028 4348 servi3
3073 4288 3226 4332 nam
3243 4313 3264 4345 ,
3311 4269 3370 4330 si
3397 4269 3468 4330 in
3491 4268 3698 4342 honiS,

2123 4369 2191 4430 in
2221 4369 2466 4430 honore
2491 4373 2556 4429 et
2585 4367 2738 4428 sede
2767 4385 2914 4427 oum
2943 4363 3200 4426 domino
3231 4362 3698 4434 communicat,

2125 4462 2278 4541 quid
2307 4469 2402 4523 est
2430 4479 2543 4523 our
2571 4463 2770 4541 possit
2799 4477 3018 4522 servus
3045 4457 3401 4538 appellari?

2207 4559 2267 4616 7.
2313 4557 2389 4616 Et
2417 4559 2622 4634 potest
2654 4559 2958 4634 praeterea
2995 4552 3062 4614 in
3092 4553 3262 4612 imno
3295 4549 3566 4612 modum
3597 4567 3699 4610 ex·

2127 4648 2368 4728 plicari,
2403 4649 2550 4728 quia
2575 4649 2782 4709 omnis
2809 4647 2933 4708 alia
2963 4645 3236 4708 conditio
3283 4643 3458 4705 servi
3494 4648 3699 4722 potest

2125 4742 2194 4802 in
2223 4760 2350 4804 non
2383 4761 2566 4805 servo
2596 4743 2856 4823 reperiri
2891 4759 2908 4816 3
2951 4741 3002 4804 si
3039 4741 3178 4802 hoeo
3203 4757 3358 4800 vem
3385 4755 3536 4800 cum
3559 4737 3695 4798 aliis

2125 4833 2310 4908 adsit,
2341 4851 2558 4896 servus
2581 4835 2941 4897 necessario
2966 4833 3406 4908 constituitur-3
3439 4849 3596 4911 ergo
3621 4830 3697 4892 si·

2129 4945 2324 5008 gnum
2349 4935 2444 4989 est
2463 4929 2628 4990 hano
2648 4945 2790 4990 esse
2811 4927 3234 4992 necessariam
3258 4932 3324 4988 et
3339 4925 3534 5005 quasi
3556 4941 3696 5003 pro·

2127 5022 2332 5100 priam
2353 5021 2780 5083 conditionem
2801 5019 3114 5084 servitutis
3139 5037 3156 5080 2
3183 5017 3572 5081 antecedens
3590 5033 3696 5096 pa-

2127 5119 2217 5174 tet
2241 5157 2257 5187 ,
2289 5113 2438 5193 quia
2469 5115 2643 5193 quod
2671 5131 2890 5176 servus
2916 5131 3046 5175 non
3071 5114 3154 5174 sit
3181 5129 3382 5192 capax
3399 5109 3694 5184 dominii,

2129 5206 2242 5268 sed
2264 5205 2568 5286 quidquid
2589 5207 2884 5286 adquirit,
2911 5207 3202 5286 adquirat
3217 5205 3508 5279 domino,
3531 5221 3696 5266 com·

2127 5317 2320 5362 mune
2343 5307 2550 5380 potest
2573 5319 2710 5362 esse
2735 5299 2904 5376 filiis,
2935 5300 2984 5361 si
3013 5301 3292 5362 humant
3307 5299 3458 5378 jura
3483 5298 3552 5360 id
3575 5303 3691 5359 sla·

2125 5397 2328 5470 tuant,
2359 5397 2426 5455 et
2450 5394 2588 5456 aliis
2619 5395 2883 5456 subditis
2907 5393 3222 5474 ingenuis,
3251 5393 3309 5454 si
3334 5393 3457 5456 hae
3482 5391 3689 5454 eondi-

2125 5485 2296 5552 tione
2338 5487 2768 5567 subjiciantur.
2817 5487 3140 5564 Similiter,
3185 5486 3360 5566 quod
3397 5485 3682 5550 domiuus
