<?xml version="1.0" encoding="UTF-8"?>
<!DOCTYPE html PUBLIC "-//W3C//DTD XHTML 1.0 Transitional//EN"
    "http://www.w3.org/TR/xhtml1/DTD/xhtml1-transitional.dtd">
<html xmlns="http://www.w3.org/1999/xhtml" xml:lang="en" lang="en">
 <head>
  <title>
</title>
<meta http-equiv="Content-Type" content="text/html;charset=utf-8" />
  <meta name='ocr-system' content='tesseract 3.04.00' />
  <meta name='ocr-capabilities' content='ocr_page ocr_carea ocr_par ocr_line ocrx_word'/>
</head>
<body>
  <div class='ocr_page' id='page_1' title='image "./rpfranciscisuar00unkngoog_0339.png"; bbox 0 0 3892 6167; ppageno 0'>
   <div class='ocr_carea' id='block_1_1' title="bbox 1413 368 2261 426">
    <p class='ocr_par' dir='ltr' id='par_1_1' title="bbox 1413 368 2261 426">
     <span class='ocr_line' id='line_1_1' title="bbox 1413 368 2261 426; baseline 0.005 -6"><span class='ocrx_word' id='word_1_1' title='bbox 1413 369 1730 422; x_wconf 66' lang='lat' dir='ltr'><strong>ntsrnmt&#39;.</strong></span> <span class='ocrx_word' id='word_1_2' title='bbox 1769 368 1985 423; x_wconf 73' lang='grc' dir='ltr'><strong>ΧΧΧΙΧ.</strong></span> <span class='ocrx_word' id='word_1_3' title='bbox 2018 371 2188 425; x_wconf 73' lang='lat' dir='ltr'><strong>SECT.</strong></span> <span class='ocrx_word' id='word_1_4' title='bbox 2226 376 2261 426; x_wconf 87' lang='grc' dir='ltr'><strong>Ι.</strong></span> 
     </span>
    </p>
   </div>
   <div class='ocr_carea' id='block_1_2' title="bbox 211 463 1814 5602">
    <p class='ocr_par' dir='ltr' id='par_1_2' title="bbox 211 463 1792 2885">
     <span class='ocr_line' id='line_1_2' title="bbox 211 463 1770 546; baseline 0.002 -21"><span class='ocrx_word' id='word_1_5' title='bbox 211 463 534 538; x_wconf 56' lang='lat' dir='ltr'><strong>sensistin</strong></span> <span class='ocrx_word' id='word_1_6' title='bbox 565 481 726 546; x_wconf 84' lang='lat' dir='ltr'><strong>ergo</strong></span> <span class='ocrx_word' id='word_1_7' title='bbox 777 483 903 528; x_wconf 85' lang='lat' dir='ltr'><strong>nee</strong></span> <span class='ocrx_word' id='word_1_8' title='bbox 939 471 1154 546; x_wconf 80' lang='lat' dir='ltr'><strong>posset</strong></span> <span class='ocrx_word' id='word_1_9' title='bbox 1191 466 1471 528; x_wconf 79' lang='lat' dir='ltr'><strong>actiones</strong></span> <span class='ocrx_word' id='word_1_10' title='bbox 1517 485 1664 528; x_wconf 87' lang='lat' dir='ltr'><strong>suas</strong></span> <span class='ocrx_word' id='word_1_11' title='bbox 1703 469 1770 528; x_wconf 86' lang='lat' dir='ltr'><strong>in</strong></span> 
     </span>
     <span class='ocr_line' id='line_1_3' title="bbox 213 557 1772 638; baseline 0.003 -21"><span class='ocrx_word' id='word_1_12' title='bbox 213 557 388 618; x_wconf 77' lang='lat' dir='ltr'><strong>illum</strong></span> <span class='ocrx_word' id='word_1_13' title='bbox 411 557 614 620; x_wconf 75' lang='lat' dir='ltr'><strong>finam</strong></span> <span class='ocrx_word' id='word_1_14' title='bbox 639 558 914 637; x_wconf 72' lang='lat' dir='ltr'><strong>refert-03</strong></span> <span class='ocrx_word' id='word_1_15' title='bbox 941 577 1092 638; x_wconf 85' lang='lat' dir='ltr'><strong>ergo</strong></span> <span class='ocrx_word' id='word_1_16' title='bbox 1122 575 1240 620; x_wconf 87' lang='lat' dir='ltr'><strong>nec</strong></span> <span class='ocrx_word' id='word_1_17' title='bbox 1271 561 1524 620; x_wconf 82' lang='lat' dir='ltr'><strong>mereri.</strong></span> <span class='ocrx_word' id='word_1_18' title='bbox 1555 561 1772 622; x_wconf 85' lang='lat' dir='ltr'><strong>Dicen-</strong></span> 
     </span>
     <span class='ocr_line' id='line_1_4' title="bbox 213 650 1772 731; baseline 0.002 -20"><span class='ocrx_word' id='word_1_19' title='bbox 213 650 368 712; x_wconf 84' lang='lat' dir='ltr'><strong>dum</strong></span> <span class='ocrx_word' id='word_1_20' title='bbox 405 667 564 712; x_wconf 70' lang='lat' dir='ltr'><strong>vero</strong></span> <span class='ocrx_word' id='word_1_21' title='bbox 611 651 898 713; x_wconf 66' lang='lat' dir='ltr'><strong>absolute</strong></span> <span class='ocrx_word' id='word_1_22' title='bbox 947 657 1013 713; x_wconf 88' lang='lat' dir='ltr'><strong>et</strong></span> <span class='ocrx_word' id='word_1_23' title='bbox 1056 651 1421 731; x_wconf 76' lang='lat' dir='ltr'><strong>sirapliciter</strong></span> <span class='ocrx_word' id='word_1_24' title='bbox 1454 660 1572 728; x_wconf 85' lang='lat' dir='ltr'><strong>est,</strong></span> <span class='ocrx_word' id='word_1_25' title='bbox 1609 655 1772 714; x_wconf 86' lang='lat' dir='ltr'><strong>hanc</strong></span> 
     </span>
     <span class='ocr_line' id='line_1_5' title="bbox 217 745 1774 824; baseline 0.003 -19"><span class='ocrx_word' id='word_1_26' title='bbox 217 745 484 824; x_wconf 56' lang='lat' dir='ltr'><strong>gatiam</strong></span> <span class='ocrx_word' id='word_1_27' title='bbox 521 761 654 808; x_wconf 80' lang='lat' dir='ltr'><strong>non</strong></span> <span class='ocrx_word' id='word_1_28' title='bbox 695 745 890 807; x_wconf 83' lang='lat' dir='ltr'><strong>fnisse</strong></span> <span class='ocrx_word' id='word_1_29' title='bbox 917 745 1158 808; x_wconf 76' lang='lat' dir='ltr'><strong>Christo</strong></span> <span class='ocrx_word' id='word_1_30' title='bbox 1188 745 1450 808; x_wconf 84' lang='lat' dir='ltr'><strong>Domino</strong></span> <span class='ocrx_word' id='word_1_31' title='bbox 1488 765 1774 809; x_wconf 83' lang='lat' dir='ltr'><strong>neeessa-</strong></span> 
     </span>
     <span class='ocr_line' id='line_1_6' title="bbox 215 839 1778 917; baseline 0.003 -17"><span class='ocrx_word' id='word_1_32' title='bbox 215 839 378 903; x_wconf 81' lang='lat' dir='ltr'><strong>riam</strong></span> <span class='ocrx_word' id='word_1_33' title='bbox 405 839 494 900; x_wconf 81' lang='lat' dir='ltr'><strong>ad</strong></span> <span class='ocrx_word' id='word_1_34' title='bbox 510 840 893 900; x_wconf 82' lang='lat' dir='ltr'><strong>merendum</strong></span> <span class='ocrx_word' id='word_1_35' title='bbox 919 855 940 917; x_wconf 84' lang='lat'>3</span> <span class='ocrx_word' id='word_1_36' title='bbox 969 839 1220 900; x_wconf 82' lang='lat' dir='ltr'><strong>dnobus</strong></span> <span class='ocrx_word' id='word_1_37' title='bbox 1249 839 1416 902; x_wconf 86' lang='lat' dir='ltr'><strong>enim</strong></span> <span class='ocrx_word' id='word_1_38' title='bbox 1451 841 1656 902; x_wconf 88' lang='lat' dir='ltr'><strong>modis</strong></span> <span class='ocrx_word' id='word_1_39' title='bbox 1681 841 1778 904; x_wconf 88' lang='lat' dir='ltr'><strong>in·</strong></span> 
     </span>
     <span class='ocr_line' id='line_1_7' title="bbox 219 932 1775 1012; baseline 0 -18"><span class='ocrx_word' id='word_1_40' title='bbox 219 932 415 1012; x_wconf 79' lang='lat' dir='ltr'><strong>telligi</strong></span> <span class='ocrx_word' id='word_1_41' title='bbox 441 938 674 1012; x_wconf 81' lang='lat' dir='ltr'><strong>potest,</strong></span> <span class='ocrx_word' id='word_1_42' title='bbox 709 935 872 994; x_wconf 84' lang='lat' dir='ltr'><strong>hanc</strong></span> <span class='ocrx_word' id='word_1_43' title='bbox 891 933 1158 1012; x_wconf 77' lang='lat' dir='ltr'>gratiam</span> <span class='ocrx_word' id='word_1_44' title='bbox 1183 949 1322 994; x_wconf 85' lang='lat' dir='ltr'><strong>esse</strong></span> <span class='ocrx_word' id='word_1_45' title='bbox 1353 935 1775 996; x_wconf 84' lang='lat' dir='ltr'><strong>necessariam</strong></span> 
     </span>
     <span class='ocr_line' id='line_1_8' title="bbox 217 1025 1775 1107; baseline 0.002 -21"><span class='ocrx_word' id='word_1_46' title='bbox 217 1025 302 1086; x_wconf 87' lang='lat' dir='ltr'><strong>ad</strong></span> <span class='ocrx_word' id='word_1_47' title='bbox 326 1025 648 1087; x_wconf 81' lang='lat' dir='ltr'><strong>meritum.</strong></span> <span class='ocrx_word' id='word_1_48' title='bbox 681 1027 911 1099; x_wconf 81' lang='lat' dir='ltr'><strong>Primo,</strong></span> <span class='ocrx_word' id='word_1_49' title='bbox 936 1032 1008 1087; x_wconf 81' lang='lat' dir='ltr'><strong>nt</strong></span> <span class='ocrx_word' id='word_1_50' title='bbox 1027 1027 1112 1088; x_wconf 83' lang='lat' dir='ltr'><strong>sit</strong></span> <span class='ocrx_word' id='word_1_51' title='bbox 1125 1025 1498 1107; x_wconf 80' lang='lat' dir='ltr'><strong>principiam</strong></span> <span class='ocrx_word' id='word_1_52' title='bbox 1525 1027 1775 1088; x_wconf 81' lang='lat' dir='ltr'><strong>elevans</strong></span> 
     </span>
     <span class='ocr_line' id='line_1_9' title="bbox 217 1119 1778 1200; baseline 0.002 -20"><span class='ocrx_word' id='word_1_53' title='bbox 217 1119 570 1198; x_wconf 76' lang='lat' dir='ltr'><strong>potentiam</strong></span> <span class='ocrx_word' id='word_1_54' title='bbox 595 1120 680 1180; x_wconf 86' lang='lat' dir='ltr'><strong>ad</strong></span> <span class='ocrx_word' id='word_1_55' title='bbox 719 1119 1100 1198; x_wconf 70' lang='lat' dir='ltr'><strong>eliciendum</strong></span> <span class='ocrx_word' id='word_1_56' title='bbox 1143 1126 1354 1181; x_wconf 84' lang='lat' dir='ltr'><strong>actum</strong></span> <span class='ocrx_word' id='word_1_57' title='bbox 1397 1121 1602 1200; x_wconf 84' lang='lat' dir='ltr'><strong>ipsum</strong></span> <span class='ocrx_word' id='word_1_58' title='bbox 1643 1139 1778 1183; x_wconf 85' lang='lat' dir='ltr'><strong>me-</strong></span> 
     </span>
     <span class='ocr_line' id='line_1_10' title="bbox 217 1213 1772 1295; baseline 0.005 -22"><span class='ocrx_word' id='word_1_59' title='bbox 217 1213 530 1274; x_wconf 82' lang='lat' dir='ltr'><strong>ritoriam.</strong></span> <span class='ocrx_word' id='word_1_60' title='bbox 559 1215 632 1276; x_wconf 79' lang='lat' dir='ltr'><strong>Et</strong></span> <span class='ocrx_word' id='word_1_61' title='bbox 651 1213 774 1276; x_wconf 80' lang='lat' dir='ltr'><strong>hoc</strong></span> <span class='ocrx_word' id='word_1_62' title='bbox 792 1228 984 1276; x_wconf 83' lang='lat' dir='ltr'><strong>sensu</strong></span> <span class='ocrx_word' id='word_1_63' title='bbox 1005 1213 1278 1276; x_wconf 76' lang='lat' dir='ltr'><strong>diximus</strong></span> <span class='ocrx_word' id='word_1_64' title='bbox 1304 1231 1516 1295; x_wconf 81' lang='lat' dir='ltr'><strong>supra,</strong></span> <span class='ocrx_word' id='word_1_65' title='bbox 1539 1232 1682 1277; x_wconf 85' lang='lat' dir='ltr'><strong>cum</strong></span> <span class='ocrx_word' id='word_1_66' title='bbox 1709 1217 1772 1279; x_wconf 91' lang='lat' dir='ltr'><strong>S.</strong></span> 
     </span>
     <span class='ocr_line' id='line_1_11' title="bbox 217 1307 1778 1383; baseline 0.003 -15"><span class='ocrx_word' id='word_1_67' title='bbox 217 1307 444 1369; x_wconf 82' lang='lat' dir='ltr'><strong>Thom.</strong></span> <span class='ocrx_word' id='word_1_68' title='bbox 485 1313 550 1369; x_wconf 82' lang='lat' dir='ltr'><strong>et</strong></span> <span class='ocrx_word' id='word_1_69' title='bbox 575 1307 716 1369; x_wconf 84' lang='lat' dir='ltr'><strong>aliis</strong></span> <span class='ocrx_word' id='word_1_70' title='bbox 745 1307 1130 1383; x_wconf 80' lang='lat' dir='ltr'><strong>auctoribus,</strong></span> <span class='ocrx_word' id='word_1_71' title='bbox 1163 1308 1370 1370; x_wconf 77' lang='lat' dir='ltr'><strong>sotum</strong></span> <span class='ocrx_word' id='word_1_72' title='bbox 1395 1309 1582 1371; x_wconf 78' lang='lat' dir='ltr'><strong>fuisse</strong></span> <span class='ocrx_word' id='word_1_73' title='bbox 1613 1311 1778 1372; x_wconf 83' lang='lat' dir='ltr'><strong>banc</strong></span> 
     </span>
     <span class='ocr_line' id='line_1_12' title="bbox 221 1400 1777 1482; baseline 0.001 -20"><span class='ocrx_word' id='word_1_74' title='bbox 221 1400 492 1480; x_wconf 78' lang='lat' dir='ltr'><strong>gratiam</strong></span> <span class='ocrx_word' id='word_1_75' title='bbox 511 1401 754 1462; x_wconf 77' lang='lat' dir='ltr'><strong>Christo</strong></span> <span class='ocrx_word' id='word_1_76' title='bbox 775 1401 1198 1463; x_wconf 83' lang='lat' dir='ltr'><strong>necessariam</strong></span> <span class='ocrx_word' id='word_1_77' title='bbox 1225 1401 1308 1464; x_wconf 86' lang='lat' dir='ltr'><strong>ad</strong></span> <span class='ocrx_word' id='word_1_78' title='bbox 1335 1407 1777 1482; x_wconf 82' lang='lat' dir='ltr'><strong>supernatura-</strong></span> 
     </span>
     <span class='ocr_line' id='line_1_13' title="bbox 215 1493 1780 1560; baseline 0.004 -7"><span class='ocrx_word' id='word_1_79' title='bbox 215 1494 316 1554; x_wconf 75' lang='lat' dir='ltr'><strong>les</strong></span> <span class='ocrx_word' id='word_1_80' title='bbox 345 1499 522 1554; x_wconf 83' lang='lat' dir='ltr'><strong>actas</strong></span> <span class='ocrx_word' id='word_1_81' title='bbox 552 1493 944 1556; x_wconf 81' lang='lat' dir='ltr'><strong>connaturali</strong></span> <span class='ocrx_word' id='word_1_82' title='bbox 969 1494 1158 1556; x_wconf 88' lang='lat' dir='ltr'><strong>modo</strong></span> <span class='ocrx_word' id='word_1_83' title='bbox 1187 1495 1569 1559; x_wconf 85' lang='lat' dir='ltr'><strong>efficiendos.</strong></span> <span class='ocrx_word' id='word_1_84' title='bbox 1600 1497 1780 1560; x_wconf 89' lang='lat' dir='ltr'><strong>Unde</strong></span> 
     </span>
     <span class='ocr_line' id='line_1_14' title="bbox 217 1587 1781 1668; baseline 0.003 -20"><span class='ocrx_word' id='word_1_85' title='bbox 217 1587 292 1648; x_wconf 79' lang='lat' dir='ltr'><strong>at</strong></span> <span class='ocrx_word' id='word_1_86' title='bbox 315 1587 527 1667; x_wconf 78' lang='lat' dir='ltr'><strong>primo</strong></span> <span class='ocrx_word' id='word_1_87' title='bbox 565 1588 686 1650; x_wconf 81' lang='lat' dir='ltr'><strong>hac</strong></span> <span class='ocrx_word' id='word_1_88' title='bbox 723 1588 995 1666; x_wconf 82' lang='lat' dir='ltr'><strong>ratione,</strong></span> <span class='ocrx_word' id='word_1_89' title='bbox 1023 1605 1237 1668; x_wconf 86' lang='lat' dir='ltr'><strong>neque</strong></span> <span class='ocrx_word' id='word_1_90' title='bbox 1283 1588 1367 1650; x_wconf 89' lang='lat' dir='ltr'><strong>ad</strong></span> <span class='ocrx_word' id='word_1_91' title='bbox 1398 1605 1652 1652; x_wconf 86' lang='lat' dir='ltr'><strong>omnem</strong></span> <span class='ocrx_word' id='word_1_92' title='bbox 1681 1609 1781 1652; x_wconf 88' lang='lat' dir='ltr'><strong>ac·</strong></span> 
     </span>
     <span class='ocr_line' id='line_1_15' title="bbox 217 1679 1782 1764; baseline 0.003 -22"><span class='ocrx_word' id='word_1_93' title='bbox 217 1686 358 1742; x_wconf 79' lang='lat' dir='ltr'><strong>tmn</strong></span> <span class='ocrx_word' id='word_1_94' title='bbox 387 1679 780 1743; x_wconf 84' lang='lat' dir='ltr'><strong>meritorium</strong></span> <span class='ocrx_word' id='word_1_95' title='bbox 807 1679 1005 1743; x_wconf 80' lang='lat' dir='ltr'><strong>fuisse</strong></span> <span class='ocrx_word' id='word_1_96' title='bbox 1035 1682 1478 1758; x_wconf 82' lang='lat' dir='ltr'><strong>necessariam,</strong></span> <span class='ocrx_word' id='word_1_97' title='bbox 1506 1684 1681 1764; x_wconf 85' lang='lat' dir='ltr'><strong>quia,</strong></span> <span class='ocrx_word' id='word_1_98' title='bbox 1711 1691 1782 1746; x_wconf 86' lang='lat' dir='ltr'><strong>nt</strong></span> 
     </span>
     <span class='ocr_line' id='line_1_16' title="bbox 219 1773 1784 1858; baseline 0.003 -22"><span class='ocrx_word' id='word_1_99' title='bbox 219 1774 384 1836; x_wconf 79' lang='lat' dir='ltr'><strong>int&#39;ra</strong></span> <span class='ocrx_word' id='word_1_100' title='bbox 415 1773 646 1852; x_wconf 85' lang='lat' dir='ltr'><strong>dicam,</strong></span> <span class='ocrx_word' id='word_1_101' title='bbox 672 1774 956 1838; x_wconf 81' lang='lat' dir='ltr'><strong>Christus</strong></span> <span class='ocrx_word' id='word_1_102' title='bbox 977 1793 1108 1838; x_wconf 85' lang='lat' dir='ltr'><strong>non</strong></span> <span class='ocrx_word' id='word_1_103' title='bbox 1135 1781 1382 1839; x_wconf 84' lang='lat' dir='ltr'><strong>tantum</strong></span> <span class='ocrx_word' id='word_1_104' title='bbox 1411 1779 1642 1840; x_wconf 85' lang='lat' dir='ltr'><strong>meruit</strong></span> <span class='ocrx_word' id='word_1_105' title='bbox 1671 1797 1784 1858; x_wconf 89' lang='lat' dir='ltr'><strong>per</strong></span> 
     </span>
     <span class='ocr_line' id='line_1_17' title="bbox 221 1868 1776 1949; baseline 0.003 -21"><span class='ocrx_word' id='word_1_106' title='bbox 221 1875 402 1928; x_wconf 85' lang='lat' dir='ltr'><strong>actus</strong></span> <span class='ocrx_word' id='word_1_107' title='bbox 423 1868 958 1947; x_wconf 76' lang='lat' dir='ltr'><strong>supernaturaleS,</strong></span> <span class='ocrx_word' id='word_1_108' title='bbox 975 1868 1086 1931; x_wconf 89' lang='lat' dir='ltr'><strong>sed</strong></span> <span class='ocrx_word' id='word_1_109' title='bbox 1098 1887 1213 1949; x_wconf 89' lang='lat' dir='ltr'><strong>per</strong></span> <span class='ocrx_word' id='word_1_110' title='bbox 1229 1871 1551 1934; x_wconf 81' lang='lat' dir='ltr'><strong>naturales</strong></span> <span class='ocrx_word' id='word_1_111' title='bbox 1563 1872 1751 1934; x_wconf 88' lang='lat' dir='ltr'><strong>etiam</strong></span> <span class='ocrx_word' id='word_1_112' title='bbox 1762 1917 1776 1932; x_wconf 99' lang='lat'><strong>.</strong></span> 
     </span>
     <span class='ocr_line' id='line_1_18' title="bbox 221 1959 1786 2047; baseline 0.003 -25"><span class='ocrx_word' id='word_1_113' title='bbox 221 1961 321 2022; x_wconf 83' lang='lat' dir='ltr'><strong>Fit</strong></span> <span class='ocrx_word' id='word_1_114' title='bbox 361 1959 670 2036; x_wconf 77' lang='lat' dir='ltr'><strong>secundo,</strong></span> <span class='ocrx_word' id='word_1_115' title='bbox 715 1979 926 2042; x_wconf 84' lang='lat' dir='ltr'><strong>neque</strong></span> <span class='ocrx_word' id='word_1_116' title='bbox 953 1961 1034 2024; x_wconf 83' lang='lat' dir='ltr'><strong>ad</strong></span> <span class='ocrx_word' id='word_1_117' title='bbox 1061 1961 1232 2044; x_wconf 82' lang='lat' dir='ltr'><strong>ipsos</strong></span> <span class='ocrx_word' id='word_1_118' title='bbox 1267 1971 1446 2026; x_wconf 87' lang='lat' dir='ltr'><strong>aetus</strong></span> <span class='ocrx_word' id='word_1_119' title='bbox 1481 1983 1786 2047; x_wconf 82' lang='lat' dir='ltr'><strong>superna-</strong></span> 
     </span>
     <span class='ocr_line' id='line_1_19' title="bbox 223 2055 1784 2138; baseline 0.003 -20"><span class='ocrx_word' id='word_1_120' title='bbox 223 2055 467 2120; x_wconf 80' lang='lat' dir='ltr'><strong>turales·</strong></span> <span class='ocrx_word' id='word_1_121' title='bbox 484 2055 673 2118; x_wconf 63' lang='lat' dir='ltr'><strong>finisse</strong></span> <span class='ocrx_word' id='word_1_122' title='bbox 701 2056 1068 2136; x_wconf 84' lang='lat' dir='ltr'><strong>simpliciter</strong></span> <span class='ocrx_word' id='word_1_123' title='bbox 1098 2063 1160 2120; x_wconf 91' lang='lat' dir='ltr'><strong>et</strong></span> <span class='ocrx_word' id='word_1_124' title='bbox 1187 2059 1268 2120; x_wconf 89' lang='lat' dir='ltr'><strong>de</strong></span> <span class='ocrx_word' id='word_1_125' title='bbox 1293 2060 1576 2138; x_wconf 84' lang='lat' dir='ltr'><strong>potentia</strong></span> <span class='ocrx_word' id='word_1_126' title='bbox 1603 2060 1784 2122; x_wconf 77' lang='lat' dir='ltr'><strong>abso·</strong></span> 
     </span>
     <span class='ocr_line' id='line_1_20' title="bbox 222 2151 1786 2226; baseline 0.003 -16"><span class='ocrx_word' id='word_1_127' title='bbox 222 2151 358 2212; x_wconf 86' lang='lat' dir='ltr'><strong>lnta</strong></span> <span class='ocrx_word' id='word_1_128' title='bbox 387 2151 840 2226; x_wconf 84' lang='lat' dir='ltr'><strong>necessa-riam,</strong></span> <span class='ocrx_word' id='word_1_129' title='bbox 865 2151 976 2212; x_wconf 84' lang='lat' dir='ltr'><strong>sed</strong></span> <span class='ocrx_word' id='word_1_130' title='bbox 1003 2151 1209 2213; x_wconf 85' lang='lat' dir='ltr'><strong>solum</strong></span> <span class='ocrx_word' id='word_1_131' title='bbox 1241 2154 1591 2217; x_wconf 85' lang='lat' dir='ltr'><strong>secundam</strong></span> <span class='ocrx_word' id='word_1_132' title='bbox 1621 2155 1786 2216; x_wconf 85' lang='lat' dir='ltr'><strong>ordi-</strong></span> 
     </span>
     <span class='ocr_line' id='line_1_21' title="bbox 221 2243 1787 2328; baseline 0.003 -22"><span class='ocrx_word' id='word_1_133' title='bbox 221 2245 476 2306; x_wconf 78' lang='lat' dir='ltr'><strong>nariam</strong></span> <span class='ocrx_word' id='word_1_134' title='bbox 517 2243 748 2324; x_wconf 79' lang='lat' dir='ltr'><strong>legem‚</strong></span> <span class='ocrx_word' id='word_1_135' title='bbox 777 2261 888 2306; x_wconf 84' lang='lat' dir='ltr'><strong>sen</strong></span> <span class='ocrx_word' id='word_1_136' title='bbox 923 2243 1006 2305; x_wconf 87' lang='lat' dir='ltr'><strong>ad</strong></span> <span class='ocrx_word' id='word_1_137' title='bbox 1049 2245 1428 2307; x_wconf 86' lang='lat' dir='ltr'><strong>eliciendum</strong></span> <span class='ocrx_word' id='word_1_138' title='bbox 1461 2247 1602 2309; x_wconf 86' lang='lat' dir='ltr'><strong>illos</strong></span> <span class='ocrx_word' id='word_1_139' title='bbox 1643 2265 1787 2328; x_wconf 87' lang='lat' dir='ltr'><strong>per-</strong></span> 
     </span>
     <span class='ocr_line' id='line_1_22' title="bbox 223 2337 1789 2402; baseline 0.002 -3"><span class='ocrx_word' id='word_1_140' title='bbox 223 2339 392 2400; x_wconf 69' lang='lat' dir='ltr'><strong>fecto</strong></span> <span class='ocrx_word' id='word_1_141' title='bbox 431 2343 513 2399; x_wconf 85' lang='lat' dir='ltr'><strong>et·</strong></span> <span class='ocrx_word' id='word_1_142' title='bbox 537 2337 932 2400; x_wconf 80' lang='lat' dir='ltr'><strong>connaturali</strong></span> <span class='ocrx_word' id='word_1_143' title='bbox 959 2337 1176 2400; x_wconf 89' lang='lat' dir='ltr'><strong>modo.</strong></span> <span class='ocrx_word' id='word_1_144' title='bbox 1203 2339 1278 2402; x_wconf 87' lang='lat' dir='ltr'><strong>Et</strong></span> <span class='ocrx_word' id='word_1_145' title='bbox 1317 2338 1598 2402; x_wconf 84' lang='lat' dir='ltr'><strong>existimo</strong></span> <span class='ocrx_word' id='word_1_146' title='bbox 1629 2358 1789 2402; x_wconf 86' lang='lat' dir='ltr'><strong>non-</strong></span> 
     </span>
     <span class='ocr_line' id='line_1_23' title="bbox 225 2431 1790 2496; baseline 0.003 -4"><span class='ocrx_word' id='word_1_147' title='bbox 225 2431 438 2493; x_wconf 79' lang='lat' dir='ltr'><strong>nullos</strong></span> <span class='ocrx_word' id='word_1_148' title='bbox 465 2447 546 2493; x_wconf 83' lang='lat' dir='ltr'><strong>ex</strong></span> <span class='ocrx_word' id='word_1_149' title='bbox 573 2431 776 2496; x_wconf 79' lang='lat' dir='ltr'><strong>citatis</strong></span> <span class='ocrx_word' id='word_1_150' title='bbox 815 2432 1176 2494; x_wconf 85' lang='lat' dir='ltr'><strong>auctoribus</strong></span> <span class='ocrx_word' id='word_1_151' title='bbox 1201 2433 1358 2494; x_wconf 87' lang='lat' dir='ltr'><strong>nihil</strong></span> <span class='ocrx_word' id='word_1_152' title='bbox 1387 2433 1558 2496; x_wconf 86' lang='lat' dir='ltr'><strong>alind</strong></span> <span class='ocrx_word' id='word_1_153' title='bbox 1587 2435 1790 2496; x_wconf 88' lang='lat' dir='ltr'><strong>inten-</strong></span> 
     </span>
     <span class='ocr_line' id='line_1_24' title="bbox 227 2525 1782 2607; baseline 0.003 -20"><span class='ocrx_word' id='word_1_154' title='bbox 227 2526 432 2604; x_wconf 85' lang='lat' dir='ltr'><strong>disse3</strong></span> <span class='ocrx_word' id='word_1_155' title='bbox 457 2526 622 2588; x_wconf 85' lang='lat' dir='ltr'><strong>etita</strong></span> <span class='ocrx_word' id='word_1_156' title='bbox 637 2525 828 2588; x_wconf 84' lang='lat' dir='ltr'><strong>etiam</strong></span> <span class='ocrx_word' id='word_1_157' title='bbox 845 2543 984 2590; x_wconf 84' lang='lat' dir='ltr'><strong>esse</strong></span> <span class='ocrx_word' id='word_1_158' title='bbox 1005 2525 1446 2607; x_wconf 83' lang='lat' dir='ltr'><strong>explicandum</strong></span> <span class='ocrx_word' id='word_1_159' title='bbox 1470 2527 1538 2590; x_wconf 90' lang='lat' dir='ltr'><strong>D.</strong></span> <span class='ocrx_word' id='word_1_160' title='bbox 1561 2531 1782 2591; x_wconf 87' lang='lat' dir='ltr'><strong>Thom.</strong></span> 
     </span>
     <span class='ocr_line' id='line_1_25' title="bbox 229 2621 1786 2700; baseline 0.001 -18"><span class='ocrx_word' id='word_1_161' title='bbox 229 2635 448 2700; x_wconf 82' lang='lat' dir='ltr'><strong>supra,</strong></span> <span class='ocrx_word' id='word_1_162' title='bbox 473 2637 538 2700; x_wconf 90' lang='lat' dir='ltr'><strong>q.</strong></span> <span class='ocrx_word' id='word_1_163' title='bbox 565 2623 630 2692; x_wconf 77' lang='lat'><strong>7,</strong></span> <span class='ocrx_word' id='word_1_164' title='bbox 669 2626 788 2681; x_wconf 87' lang='lat' dir='ltr'><strong>art.</strong></span> <span class='ocrx_word' id='word_1_165' title='bbox 819 2623 880 2694; x_wconf 98' lang='grc'><strong>1,</strong></span> <span class='ocrx_word' id='word_1_166' title='bbox 911 2625 974 2681; x_wconf 93' lang='lat' dir='ltr'><strong>et</strong></span> <span class='ocrx_word' id='word_1_167' title='bbox 997 2637 1063 2698; x_wconf 88' lang='lat' dir='ltr'><strong>q.</strong></span> <span class='ocrx_word' id='word_1_168' title='bbox 1103 2621 1182 2683; x_wconf 76' lang='lat'><strong>29</strong></span> <span class='ocrx_word' id='word_1_169' title='bbox 1215 2621 1294 2682; x_wconf 89' lang='lat' dir='ltr'><strong>de</strong></span> <span class='ocrx_word' id='word_1_170' title='bbox 1329 2621 1543 2698; x_wconf 65' lang='lat' dir='ltr'><strong>verit„</strong></span> <span class='ocrx_word' id='word_1_171' title='bbox 1571 2629 1687 2684; x_wconf 87' lang='lat' dir='ltr'><strong>art.</strong></span> <span class='ocrx_word' id='word_1_172' title='bbox 1726 2625 1786 2698; x_wconf 89' lang='grc'><strong>1,</strong></span> 
     </span>
     <span class='ocr_line' id='line_1_26' title="bbox 233 2713 1792 2792; baseline 0.003 -18"><span class='ocrx_word' id='word_1_173' title='bbox 233 2721 296 2774; x_wconf 89' lang='lat' dir='ltr'><strong>et</strong></span> <span class='ocrx_word' id='word_1_174' title='bbox 319 2713 714 2792; x_wconf 80' lang='lat' dir='ltr'><strong>ubicumque</strong></span> <span class='ocrx_word' id='word_1_175' title='bbox 727 2713 996 2792; x_wconf 78' lang='lat' dir='ltr'><strong>gratiam</strong></span> <span class='ocrx_word' id='word_1_176' title='bbox 1009 2713 1396 2776; x_wconf 78' lang='lat' dir='ltr'><strong>habitualem</strong></span> <span class='ocrx_word' id='word_1_177' title='bbox 1419 2715 1502 2777; x_wconf 90' lang='lat' dir='ltr'><strong>ad</strong></span> <span class='ocrx_word' id='word_1_178' title='bbox 1522 2715 1644 2778; x_wconf 88' lang='lat' dir='ltr'><strong>hoc</strong></span> <span class='ocrx_word' id='word_1_179' title='bbox 1662 2733 1792 2778; x_wconf 86' lang='lat' dir='ltr'><strong>me·</strong></span> 
     </span>
     <span class='ocr_line' id='line_1_27' title="bbox 231 2805 1003 2885; baseline -0.001 -17"><span class='ocrx_word' id='word_1_180' title='bbox 231 2807 430 2868; x_wconf 76' lang='lat' dir='ltr'><strong>ritum</strong></span> <span class='ocrx_word' id='word_1_181' title='bbox 453 2805 683 2870; x_wconf 76' lang='lat' dir='ltr'><strong>Christi</strong></span> <span class='ocrx_word' id='word_1_182' title='bbox 717 2806 1003 2885; x_wconf 79' lang='lat' dir='ltr'><strong>requirit.</strong></span> 
     </span>
    </p>

    <p class='ocr_par' dir='ltr' id='par_1_3' title="bbox 221 2900 1814 5602">
     <span class='ocr_line' id='line_1_28' title="bbox 309 2900 1796 2984; baseline 0 -20"><span class='ocrx_word' id='word_1_183' title='bbox 309 2905 370 2964; x_wconf 84' lang='lat'><strong>6.</strong></span> <span class='ocrx_word' id='word_1_184' title='bbox 418 2900 740 2976; x_wconf 69' lang='lat' dir='ltr'><strong>Secunde,</strong></span> <span class='ocrx_word' id='word_1_185' title='bbox 767 2907 975 2980; x_wconf 85' lang='lat' dir='ltr'><strong>potest</strong></span> <span class='ocrx_word' id='word_1_186' title='bbox 997 2903 1232 2981; x_wconf 81' lang='lat' dir='ltr'><strong>requiri</strong></span> <span class='ocrx_word' id='word_1_187' title='bbox 1251 2904 1386 2966; x_wconf 75' lang='lat' dir='ltr'><strong>haec</strong></span> <span class='ocrx_word' id='word_1_188' title='bbox 1418 2903 1616 2984; x_wconf 82' lang='lat' dir='ltr'><strong>gratia</strong></span> <span class='ocrx_word' id='word_1_189' title='bbox 1640 2921 1796 2984; x_wconf 77' lang='lat' dir='ltr'><strong>prae-</strong></span> 
     </span>
     <span class='ocr_line' id='line_1_29' title="bbox 227 2993 1796 3074; baseline 0.002 -19"><span class='ocrx_word' id='word_1_190' title='bbox 227 2994 361 3056; x_wconf 80' lang='lat' dir='ltr'><strong>cise</strong></span> <span class='ocrx_word' id='word_1_191' title='bbox 401 2997 667 3074; x_wconf 81' lang='lat' dir='ltr'><strong>propter</strong></span> <span class='ocrx_word' id='word_1_192' title='bbox 705 2993 907 3073; x_wconf 84' lang='lat' dir='ltr'><strong>ipsam</strong></span> <span class='ocrx_word' id='word_1_193' title='bbox 952 2995 1260 3058; x_wconf 84' lang='lat' dir='ltr'><strong>rationem</strong></span> <span class='ocrx_word' id='word_1_194' title='bbox 1308 2997 1550 3072; x_wconf 82' lang='lat' dir='ltr'><strong>meriti,</strong></span> <span class='ocrx_word' id='word_1_195' title='bbox 1581 3015 1696 3058; x_wconf 89' lang='lat' dir='ltr'><strong>seu</strong></span> <span class='ocrx_word' id='word_1_196' title='bbox 1725 3003 1796 3058; x_wconf 88' lang='lat' dir='ltr'><strong>ut</strong></span> 
     </span>
     <span class='ocr_line' id='line_1_30' title="bbox 229 3087 1795 3170; baseline 0.001 -21"><span class='ocrx_word' id='word_1_197' title='bbox 229 3095 412 3150; x_wconf 83' lang='lat' dir='ltr'><strong>actas</strong></span> <span class='ocrx_word' id='word_1_198' title='bbox 441 3089 582 3168; x_wconf 83' lang='lat' dir='ltr'><strong>ipse</strong></span> <span class='ocrx_word' id='word_1_199' title='bbox 605 3087 838 3150; x_wconf 86' lang='lat' dir='ltr'><strong>habeat</strong></span> <span class='ocrx_word' id='word_1_200' title='bbox 867 3087 1168 3162; x_wconf 79' lang='lat' dir='ltr'><strong>valorem,</strong></span> <span class='ocrx_word' id='word_1_201' title='bbox 1211 3096 1274 3152; x_wconf 84' lang='lat' dir='ltr'><strong>et</strong></span> <span class='ocrx_word' id='word_1_202' title='bbox 1303 3089 1795 3170; x_wconf 82' lang='lat' dir='ltr'><strong>condignitatem</strong></span> 
     </span>
     <span class='ocr_line' id='line_1_31' title="bbox 229 3181 1797 3260; baseline 0.001 -18"><span class='ocrx_word' id='word_1_203' title='bbox 229 3199 452 3242; x_wconf 86' lang='lat' dir='ltr'><strong>coram</strong></span> <span class='ocrx_word' id='word_1_204' title='bbox 473 3181 627 3243; x_wconf 87' lang='lat' dir='ltr'><strong>Dec.</strong></span> <span class='ocrx_word' id='word_1_205' title='bbox 651 3182 950 3260; x_wconf 87' lang='lat' dir='ltr'><strong>Suppono</strong></span> <span class='ocrx_word' id='word_1_206' title='bbox 969 3183 1138 3244; x_wconf 89' lang='lat' dir='ltr'><strong>enim</strong></span> <span class='ocrx_word' id='word_1_207' title='bbox 1171 3199 1248 3244; x_wconf 80' lang='lat' dir='ltr'><strong>ex</strong></span> <span class='ocrx_word' id='word_1_208' title='bbox 1276 3185 1538 3246; x_wconf 84' lang='lat' dir='ltr'><strong>materia</strong></span> <span class='ocrx_word' id='word_1_209' title='bbox 1559 3184 1638 3245; x_wconf 90' lang='lat' dir='ltr'><strong>de</strong></span> <span class='ocrx_word' id='word_1_210' title='bbox 1668 3201 1797 3244; x_wconf 83' lang='lat' dir='ltr'><strong>me-</strong></span> 
     </span>
     <span class='ocr_line' id='line_1_32' title="bbox 229 3275 1796 3354; baseline -0.001 -17"><span class='ocrx_word' id='word_1_211' title='bbox 229 3275 380 3344; x_wconf 84' lang='lat' dir='ltr'><strong>rito.</strong></span> <span class='ocrx_word' id='word_1_212' title='bbox 415 3275 584 3336; x_wconf 87' lang='lat' dir='ltr'><strong>hanc</strong></span> <span class='ocrx_word' id='word_1_213' title='bbox 609 3275 978 3354; x_wconf 82' lang='lat' dir='ltr'><strong>dignitatem</strong></span> <span class='ocrx_word' id='word_1_214' title='bbox 1006 3293 1121 3337; x_wconf 83' lang='lat' dir='ltr'><strong>sen</strong></span> <span class='ocrx_word' id='word_1_215' title='bbox 1147 3276 1422 3338; x_wconf 82' lang='lat' dir='ltr'><strong>valorem</strong></span> <span class='ocrx_word' id='word_1_216' title='bbox 1461 3283 1638 3338; x_wconf 85' lang='lat' dir='ltr'><strong>actus</strong></span> <span class='ocrx_word' id='word_1_217' title='bbox 1669 3295 1796 3336; x_wconf 89' lang='lat' dir='ltr'><strong>non</strong></span> 
     </span>
     <span class='ocr_line' id='line_1_33' title="bbox 229 3367 1798 3448; baseline 0 -19"><span class='ocrx_word' id='word_1_218' title='bbox 229 3369 444 3430; x_wconf 87' lang='lat' dir='ltr'><strong>solum</strong></span> <span class='ocrx_word' id='word_1_219' title='bbox 479 3368 763 3448; x_wconf 85' lang='lat' dir='ltr'><strong>pendere</strong></span> <span class='ocrx_word' id='word_1_220' title='bbox 797 3385 876 3428; x_wconf 82' lang='lat' dir='ltr'><strong>ex</strong></span> <span class='ocrx_word' id='word_1_221' title='bbox 923 3368 1059 3446; x_wconf 83' lang='lat' dir='ltr'><strong>ipsa</strong></span> <span class='ocrx_word' id='word_1_222' title='bbox 1104 3367 1396 3448; x_wconf 81' lang='lat' dir='ltr'><strong>specifica</strong></span> <span class='ocrx_word' id='word_1_223' title='bbox 1441 3371 1686 3432; x_wconf 86' lang='lat' dir='ltr'><strong>ratione</strong></span> <span class='ocrx_word' id='word_1_224' title='bbox 1735 3371 1798 3430; x_wconf 89' lang='lat' dir='ltr'><strong>et</strong></span> 
     </span>
     <span class='ocr_line' id='line_1_34' title="bbox 225 3459 1798 3533; baseline 0.001 -11"><span class='ocrx_word' id='word_1_225' title='bbox 225 3461 566 3524; x_wconf 81' lang='lat' dir='ltr'><strong>honestate</strong></span> <span class='ocrx_word' id='word_1_226' title='bbox 597 3467 798 3533; x_wconf 77' lang='lat' dir='ltr'><strong>actua,</strong></span> <span class='ocrx_word' id='word_1_227' title='bbox 831 3459 944 3521; x_wconf 85' lang='lat' dir='ltr'><strong>sed</strong></span> <span class='ocrx_word' id='word_1_228' title='bbox 992 3460 1180 3522; x_wconf 87' lang='lat' dir='ltr'><strong>etiam</strong></span> <span class='ocrx_word' id='word_1_229' title='bbox 1221 3479 1300 3522; x_wconf 88' lang='lat' dir='ltr'><strong>ex</strong></span> <span class='ocrx_word' id='word_1_230' title='bbox 1335 3463 1694 3524; x_wconf 82' lang='lat' dir='ltr'><strong>conditione</strong></span> <span class='ocrx_word' id='word_1_231' title='bbox 1736 3468 1798 3523; x_wconf 84' lang='lat' dir='ltr'><strong>et</strong></span> 
     </span>
     <span class='ocr_line' id='line_1_35' title="bbox 223 3555 1797 3634; baseline 0 -18"><span class='ocrx_word' id='word_1_232' title='bbox 223 3556 562 3616; x_wconf 73' lang='lat' dir='ltr'><strong>sanctitate</strong></span> <span class='ocrx_word' id='word_1_233' title='bbox 603 3571 894 3634; x_wconf 80' lang='lat' dir='ltr'><strong>personae</strong></span> <span class='ocrx_word' id='word_1_234' title='bbox 939 3555 1294 3634; x_wconf 83' lang='lat' dir='ltr'><strong>operantis;</strong></span> <span class='ocrx_word' id='word_1_235' title='bbox 1335 3555 1486 3617; x_wconf 90' lang='lat' dir='ltr'><strong>inde</strong></span> <span class='ocrx_word' id='word_1_236' title='bbox 1523 3556 1690 3618; x_wconf 86' lang='lat' dir='ltr'><strong>enim</strong></span> <span class='ocrx_word' id='word_1_237' title='bbox 1725 3555 1797 3616; x_wconf 82' lang='lat' dir='ltr'><strong>fit</strong></span> 
     </span>
     <span class='ocr_line' id='line_1_36' title="bbox 223 3647 1792 3730; baseline 0 -20"><span class='ocrx_word' id='word_1_238' title='bbox 223 3656 299 3710; x_wconf 82' lang='lat' dir='ltr'><strong>nt</strong></span> <span class='ocrx_word' id='word_1_239' title='bbox 315 3648 650 3728; x_wconf 71' lang='lat' dir='ltr'><strong>dispositio</strong></span> <span class='ocrx_word' id='word_1_240' title='bbox 677 3654 941 3725; x_wconf 78' lang='lat' dir='ltr'><strong>remota,</strong></span> <span class='ocrx_word' id='word_1_241' title='bbox 962 3653 1074 3711; x_wconf 85' lang='lat' dir='ltr'><strong>aut</strong></span> <span class='ocrx_word' id='word_1_242' title='bbox 1093 3647 1374 3730; x_wconf 86' lang='lat' dir='ltr'><strong>proxima</strong></span> <span class='ocrx_word' id='word_1_243' title='bbox 1401 3650 1482 3712; x_wconf 87' lang='lat' dir='ltr'><strong>ad</strong></span> <span class='ocrx_word' id='word_1_244' title='bbox 1502 3651 1792 3728; x_wconf 81' lang='lat' dir='ltr'><strong>gratiam,</strong></span> 
     </span>
     <span class='ocr_line' id='line_1_37' title="bbox 221 3741 1795 3824; baseline 0.001 -21"><span class='ocrx_word' id='word_1_245' title='bbox 221 3759 362 3803; x_wconf 83' lang='lat' dir='ltr'><strong>non</strong></span> <span class='ocrx_word' id='word_1_246' title='bbox 401 3743 479 3802; x_wconf 81' lang='lat' dir='ltr'><strong>sit</strong></span> <span class='ocrx_word' id='word_1_247' title='bbox 505 3741 828 3804; x_wconf 85' lang='lat' dir='ltr'><strong>meritoria</strong></span> <span class='ocrx_word' id='word_1_248' title='bbox 852 3742 934 3804; x_wconf 89' lang='lat' dir='ltr'><strong>de</strong></span> <span class='ocrx_word' id='word_1_249' title='bbox 961 3742 1276 3822; x_wconf 83' lang='lat' dir='ltr'><strong>condigno</strong></span> <span class='ocrx_word' id='word_1_250' title='bbox 1305 3743 1554 3824; x_wconf 70' lang='lat' dir='ltr'><strong>gratim,</strong></span> <span class='ocrx_word' id='word_1_251' title='bbox 1584 3761 1795 3822; x_wconf 89' lang='lat' dir='ltr'><strong>neque</strong></span> 
     </span>
     <span class='ocr_line' id='line_1_38' title="bbox 227 3834 1796 3916; baseline -0.001 -19"><span class='ocrx_word' id='word_1_252' title='bbox 227 3836 560 3914; x_wconf 78' lang='lat' dir='ltr'><strong>augmenti</strong></span> <span class='ocrx_word' id='word_1_253' title='bbox 603 3834 752 3898; x_wconf 80' lang='lat' dir='ltr'><strong>fidei</strong></span> <span class='ocrx_word' id='word_1_254' title='bbox 801 3839 914 3899; x_wconf 84' lang='lat' dir='ltr'><strong>ant</strong></span> <span class='ocrx_word' id='word_1_255' title='bbox 957 3837 1131 3916; x_wconf 86' lang='lat' dir='ltr'><strong>spei,</strong></span> <span class='ocrx_word' id='word_1_256' title='bbox 1165 3853 1309 3898; x_wconf 83' lang='lat' dir='ltr'><strong>cum</strong></span> <span class='ocrx_word' id='word_1_257' title='bbox 1338 3844 1552 3899; x_wconf 86' lang='lat' dir='ltr'><strong>tamen</strong></span> <span class='ocrx_word' id='word_1_258' title='bbox 1575 3835 1796 3898; x_wconf 86' lang='lat' dir='ltr'><strong>similis</strong></span> 
     </span>
     <span class='ocr_line' id='line_1_39' title="bbox 229 3929 1798 4010; baseline 0 -19"><span class='ocrx_word' id='word_1_259' title='bbox 229 3937 414 3992; x_wconf 86' lang='lat' dir='ltr'><strong>aetus</strong></span> <span class='ocrx_word' id='word_1_260' title='bbox 441 3929 509 3990; x_wconf 83' lang='lat' dir='ltr'><strong>in</strong></span> <span class='ocrx_word' id='word_1_261' title='bbox 533 3944 802 4010; x_wconf 85' lang='lat' dir='ltr'><strong>persona</strong></span> <span class='ocrx_word' id='word_1_262' title='bbox 829 3930 964 4009; x_wconf 86' lang='lat' dir='ltr'><strong>jam</strong></span> <span class='ocrx_word' id='word_1_263' title='bbox 1001 3936 1178 4010; x_wconf 85' lang='lat' dir='ltr'><strong>grata</strong></span> <span class='ocrx_word' id='word_1_264' title='bbox 1209 3937 1271 3992; x_wconf 87' lang='lat' dir='ltr'><strong>ct</strong></span> <span class='ocrx_word' id='word_1_265' title='bbox 1298 3931 1524 4010; x_wconf 85' lang='lat' dir='ltr'><strong>digna,</strong></span> <span class='ocrx_word' id='word_1_266' title='bbox 1559 3932 1638 3992; x_wconf 87' lang='lat' dir='ltr'><strong>sit</strong></span> <span class='ocrx_word' id='word_1_267' title='bbox 1661 3948 1798 3991; x_wconf 88' lang='lat' dir='ltr'><strong>me-</strong></span> 
     </span>
     <span class='ocr_line' id='line_1_40' title="bbox 230 4021 1798 4103; baseline -0.002 -18"><span class='ocrx_word' id='word_1_268' title='bbox 230 4022 492 4086; x_wconf 77' lang='lat' dir='ltr'><strong>ritorios</strong></span> <span class='ocrx_word' id='word_1_269' title='bbox 507 4025 592 4086; x_wconf 80' lang='lat' dir='ltr'><strong>de</strong></span> <span class='ocrx_word' id='word_1_270' title='bbox 611 4021 926 4103; x_wconf 75' lang='lat' dir='ltr'><strong>condigno</strong></span> <span class='ocrx_word' id='word_1_271' title='bbox 943 4025 1269 4103; x_wconf 76' lang='lat' dir='ltr'><strong>augmenti</strong></span> <span class='ocrx_word' id='word_1_272' title='bbox 1293 4023 1536 4103; x_wconf 82' lang='lat' dir='ltr'><strong>gratiae,</strong></span> <span class='ocrx_word' id='word_1_273' title='bbox 1563 4029 1628 4085; x_wconf 85' lang='lat' dir='ltr'><strong>et</strong></span> <span class='ocrx_word' id='word_1_274' title='bbox 1647 4021 1798 4084; x_wconf 87' lang='lat' dir='ltr'><strong>alia-</strong></span> 
     </span>
     <span class='ocr_line' id='line_1_41' title="bbox 229 4116 1796 4198; baseline -0.001 -20"><span class='ocrx_word' id='word_1_275' title='bbox 229 4135 376 4178; x_wconf 83' lang='lat' dir='ltr'><strong>rum</strong></span> <span class='ocrx_word' id='word_1_276' title='bbox 415 4116 736 4180; x_wconf 74' lang='lat' dir='ltr'><strong>virtatem.</strong></span> <span class='ocrx_word' id='word_1_277' title='bbox 787 4117 878 4178; x_wconf 76' lang='lat' dir='ltr'><strong>Ex</strong></span> <span class='ocrx_word' id='word_1_278' title='bbox 919 4116 1040 4178; x_wconf 84' lang='lat' dir='ltr'><strong>boc</strong></span> <span class='ocrx_word' id='word_1_279' title='bbox 1085 4135 1235 4198; x_wconf 79' lang='lat' dir='ltr'><strong>ergo</strong></span> <span class='ocrx_word' id='word_1_280' title='bbox 1283 4119 1490 4197; x_wconf 85' lang='lat' dir='ltr'><strong>capite</strong></span> <span class='ocrx_word' id='word_1_281' title='bbox 1541 4117 1796 4178; x_wconf 87' lang='lat' dir='ltr'><strong>omniuo</strong></span> 
     </span>
     <span class='ocr_line' id='line_1_42' title="bbox 229 4207 1798 4286; baseline 0 -16"><span class='ocrx_word' id='word_1_282' title='bbox 229 4217 480 4272; x_wconf 83' lang='lat' dir='ltr'><strong>certum</strong></span> <span class='ocrx_word' id='word_1_283' title='bbox 523 4215 586 4270; x_wconf 87' lang='lat' dir='ltr'><strong>et</strong></span> <span class='ocrx_word' id='word_1_284' title='bbox 627 4207 1049 4271; x_wconf 78' lang='lat' dir='ltr'><strong>indubitatam</strong></span> <span class='ocrx_word' id='word_1_285' title='bbox 1097 4209 1408 4286; x_wconf 85' lang='lat' dir='ltr'><strong>existimo,</strong></span> <span class='ocrx_word' id='word_1_286' title='bbox 1447 4227 1574 4271; x_wconf 87' lang='lat' dir='ltr'><strong>non</strong></span> <span class='ocrx_word' id='word_1_287' title='bbox 1603 4209 1798 4270; x_wconf 84' lang='lat' dir='ltr'><strong>fuisse</strong></span> 
     </span>
     <span class='ocr_line' id='line_1_43' title="bbox 229 4301 1800 4383; baseline -0.001 -18"><span class='ocrx_word' id='word_1_288' title='bbox 229 4303 480 4366; x_wconf 81' lang='lat' dir='ltr'><strong>Christo</strong></span> <span class='ocrx_word' id='word_1_289' title='bbox 502 4303 926 4365; x_wconf 83' lang='lat' dir='ltr'><strong>necessariam</strong></span> <span class='ocrx_word' id='word_1_290' title='bbox 952 4301 1405 4365; x_wconf 86' lang='lat' dir='ltr'><strong>accidentalem</strong></span> <span class='ocrx_word' id='word_1_291' title='bbox 1429 4304 1696 4383; x_wconf 76' lang='lat' dir='ltr'><strong>gratiam</strong></span> <span class='ocrx_word' id='word_1_292' title='bbox 1715 4302 1800 4364; x_wconf 89' lang='lat' dir='ltr'><strong>ad</strong></span> 
     </span>
     <span class='ocr_line' id='line_1_44' title="bbox 229 4395 1796 4478; baseline 0.001 -21"><span class='ocrx_word' id='word_1_293' title='bbox 229 4397 586 4478; x_wconf 73' lang='lat' dir='ltr'><strong>perfectam</strong></span> <span class='ocrx_word' id='word_1_294' title='bbox 613 4395 928 4472; x_wconf 85' lang='lat' dir='ltr'><strong>meritam,</strong></span> <span class='ocrx_word' id='word_1_295' title='bbox 949 4403 1022 4458; x_wconf 87' lang='lat' dir='ltr'><strong>ut</strong></span> <span class='ocrx_word' id='word_1_296' title='bbox 1039 4396 1208 4459; x_wconf 82' lang='lat' dir='ltr'><strong>bene</strong></span> <span class='ocrx_word' id='word_1_297' title='bbox 1231 4397 1445 4461; x_wconf 82' lang='lat' dir='ltr'><strong>docuit</strong></span> <span class='ocrx_word' id='word_1_298' title='bbox 1463 4399 1636 4472; x_wconf 89' lang='lat' dir='ltr'><strong>Soto,</strong></span> <span class='ocrx_word' id='word_1_299' title='bbox 1653 4399 1718 4456; x_wconf 87' lang='lat' dir='ltr'><strong>in</strong></span> <span class='ocrx_word' id='word_1_300' title='bbox 1733 4400 1796 4472; x_wconf 78' lang='lat'><strong>4,</strong></span> 
     </span>
     <span class='ocr_line' id='line_1_45' title="bbox 232 4489 1798 4568; baseline -0.001 -17"><span class='ocrx_word' id='word_1_301' title='bbox 232 4492 386 4552; x_wconf 84' lang='lat' dir='ltr'><strong>dist.</strong></span> <span class='ocrx_word' id='word_1_302' title='bbox 413 4491 514 4562; x_wconf 85' lang='grc'><strong>19,</strong></span> <span class='ocrx_word' id='word_1_303' title='bbox 535 4506 598 4568; x_wconf 84' lang='lat' dir='ltr'><strong>q.</strong></span> <span class='ocrx_word' id='word_1_304' title='bbox 636 4493 694 4564; x_wconf 87' lang='grc'><strong>1,</strong></span> <span class='ocrx_word' id='word_1_305' title='bbox 725 4495 844 4550; x_wconf 82' lang='lat' dir='ltr'><strong>art.</strong></span> <span class='ocrx_word' id='word_1_306' title='bbox 872 4493 948 4567; x_wconf 72' lang='lat'><strong>23</strong></span> <span class='ocrx_word' id='word_1_307' title='bbox 981 4489 1170 4552; x_wconf 88' lang='lat' dir='ltr'><strong>etlib.</strong></span> <span class='ocrx_word' id='word_1_308' title='bbox 1190 4493 1230 4552; x_wconf 87' lang='lat'><strong>3</strong></span> <span class='ocrx_word' id='word_1_309' title='bbox 1249 4489 1330 4552; x_wconf 92' lang='lat' dir='ltr'><strong>de</strong></span> <span class='ocrx_word' id='word_1_310' title='bbox 1353 4491 1494 4552; x_wconf 89' lang='lat' dir='ltr'><strong>Nat.</strong></span> <span class='ocrx_word' id='word_1_311' title='bbox 1521 4497 1586 4551; x_wconf 87' lang='lat' dir='ltr'><strong>et</strong></span> <span class='ocrx_word' id='word_1_312' title='bbox 1609 4495 1798 4568; x_wconf 64' lang='lat' dir='ltr'><strong>grat„</strong></span> 
     </span>
     <span class='ocr_line' id='line_1_46' title="bbox 235 4581 1798 4664; baseline 0.001 -22"><span class='ocrx_word' id='word_1_313' title='bbox 235 4601 382 4662; x_wconf 72' lang='lat' dir='ltr'><strong>cap.</strong></span> <span class='ocrx_word' id='word_1_314' title='bbox 413 4581 493 4659; x_wconf 80' lang='lat'><strong>63</strong></span> <span class='ocrx_word' id='word_1_315' title='bbox 517 4583 716 4662; x_wconf 75' lang='lat' dir='ltr'><strong>Vaga,</strong></span> <span class='ocrx_word' id='word_1_316' title='bbox 745 4581 854 4644; x_wconf 88' lang='lat' dir='ltr'><strong>lib.</strong></span> <span class='ocrx_word' id='word_1_317' title='bbox 906 4585 942 4642; x_wconf 80' lang='lat'><strong>7</strong></span> <span class='ocrx_word' id='word_1_318' title='bbox 985 4583 1048 4644; x_wconf 85' lang='lat' dir='ltr'><strong>in</strong></span> <span class='ocrx_word' id='word_1_319' title='bbox 1073 4583 1269 4660; x_wconf 70' lang='lat' dir='ltr'><strong>&#39;ri-id„</strong></span> <span class='ocrx_word' id='word_1_320' title='bbox 1299 4601 1438 4664; x_wconf 86' lang='lat' dir='ltr'><strong>cap.</strong></span> <span class='ocrx_word' id='word_1_321' title='bbox 1469 4587 1544 4661; x_wconf 80' lang='lat'><strong>93</strong></span> <span class='ocrx_word' id='word_1_322' title='bbox 1569 4583 1798 4660; x_wconf 88' lang='lat' dir='ltr'><strong>Tolet.,</strong></span> 
     </span>
     <span class='ocr_line' id='line_1_47' title="bbox 235 4675 1800 4754; baseline 0.001 -19"><span class='ocrx_word' id='word_1_323' title='bbox 235 4677 302 4736; x_wconf 89' lang='lat' dir='ltr'><strong>in</strong></span> <span class='ocrx_word' id='word_1_324' title='bbox 323 4675 540 4750; x_wconf 65' lang='lat' dir='ltr'><strong>Joan„</strong></span> <span class='ocrx_word' id='word_1_325' title='bbox 559 4691 697 4754; x_wconf 84' lang='lat' dir='ltr'><strong>cap.</strong></span> <span class='ocrx_word' id='word_1_326' title='bbox 726 4678 784 4748; x_wconf 85' lang='lat'><strong>1,</strong></span> <span class='ocrx_word' id='word_1_327' title='bbox 805 4681 1024 4736; x_wconf 87' lang='lat' dir='ltr'><strong>annot.</strong></span> <span class='ocrx_word' id='word_1_328' title='bbox 1047 4677 1160 4750; x_wconf 70' lang='lat'><strong>473</strong></span> <span class='ocrx_word' id='word_1_329' title='bbox 1189 4677 1422 4752; x_wconf 70' lang='lat' dir='ltr'><strong>Peren,</strong></span> <span class='ocrx_word' id='word_1_330' title='bbox 1445 4677 1512 4737; x_wconf 85' lang='lat' dir='ltr'><strong>in</strong></span> <span class='ocrx_word' id='word_1_331' title='bbox 1532 4675 1770 4738; x_wconf 84' lang='lat' dir='ltr'><strong>Daniel.</strong></span> <span class='ocrx_word' id='word_1_332' title='bbox 1777 4719 1800 4752; x_wconf 90' lang='lat'><strong>,</strong></span> 
     </span>
     <span class='ocr_line' id='line_1_48' title="bbox 239 4769 1805 4847; baseline -0.001 -16"><span class='ocrx_word' id='word_1_333' title='bbox 239 4787 300 4831; x_wconf 88' lang='lat' dir='ltr'><strong>c.</strong></span> <span class='ocrx_word' id='word_1_334' title='bbox 333 4774 400 4844; x_wconf 82' lang='grc'><strong>9,</strong></span> <span class='ocrx_word' id='word_1_335' title='bbox 429 4785 494 4847; x_wconf 85' lang='lat' dir='ltr'><strong>q.</strong></span> <span class='ocrx_word' id='word_1_336' title='bbox 529 4772 630 4830; x_wconf 77' lang='grc'><strong>1-5.</strong></span> <span class='ocrx_word' id='word_1_337' title='bbox 657 4769 732 4829; x_wconf 91' lang='lat' dir='ltr'><strong>Et</strong></span> <span class='ocrx_word' id='word_1_338' title='bbox 755 4769 912 4830; x_wconf 88' lang='lat' dir='ltr'><strong>ratic</strong></span> <span class='ocrx_word' id='word_1_339' title='bbox 942 4775 1040 4830; x_wconf 82' lang='lat' dir='ltr'><strong>est</strong></span> <span class='ocrx_word' id='word_1_340' title='bbox 1078 4770 1334 4832; x_wconf 85' lang='lat' dir='ltr'><strong>evidens</strong></span> <span class='ocrx_word' id='word_1_341' title='bbox 1372 4787 1450 4831; x_wconf 86' lang='lat' dir='ltr'><strong>ex</strong></span> <span class='ocrx_word' id='word_1_342' title='bbox 1477 4769 1658 4832; x_wconf 86' lang='lat' dir='ltr'><strong>dictis</strong></span> <span class='ocrx_word' id='word_1_343' title='bbox 1705 4787 1805 4830; x_wconf 89' lang='lat' dir='ltr'><strong>su-</strong></span> 
     </span>
     <span class='ocr_line' id='line_1_49' title="bbox 237 4861 1806 4943; baseline -0.001 -19"><span class='ocrx_word' id='word_1_344' title='bbox 237 4881 384 4942; x_wconf 82' lang='lat' dir='ltr'><strong>pra,</strong></span> <span class='ocrx_word' id='word_1_345' title='bbox 414 4877 480 4940; x_wconf 86' lang='lat' dir='ltr'><strong>q.</strong></span> <span class='ocrx_word' id='word_1_346' title='bbox 515 4865 591 4936; x_wconf 79' lang='grc'><strong>9,</strong></span> <span class='ocrx_word' id='word_1_347' title='bbox 623 4861 770 4941; x_wconf 86' lang='lat' dir='ltr'><strong>quia</strong></span> <span class='ocrx_word' id='word_1_348' title='bbox 802 4861 905 4923; x_wconf 86' lang='lat' dir='ltr'><strong>hic-</strong></span> <span class='ocrx_word' id='word_1_349' title='bbox 933 4863 1124 4924; x_wconf 87' lang='lat' dir='ltr'><strong>bomo</strong></span> <span class='ocrx_word' id='word_1_350' title='bbox 1161 4861 1440 4926; x_wconf 87' lang='lat' dir='ltr'><strong>Christus</strong></span> <span class='ocrx_word' id='word_1_351' title='bbox 1487 4880 1600 4943; x_wconf 89' lang='lat' dir='ltr'><strong>per</strong></span> <span class='ocrx_word' id='word_1_352' title='bbox 1631 4881 1700 4924; x_wconf 89' lang='lat' dir='ltr'><strong>se</strong></span> <span class='ocrx_word' id='word_1_353' title='bbox 1741 4867 1806 4924; x_wconf 91' lang='lat' dir='ltr'><strong>et</strong></span> 
     </span>
     <span class='ocr_line' id='line_1_50' title="bbox 243 4955 1808 5038; baseline -0.001 -21"><span class='ocrx_word' id='word_1_354' title='bbox 243 4955 772 5030; x_wconf 79' lang='lat' dir='ltr'><strong>substantialiter,</strong></span> <span class='ocrx_word' id='word_1_355' title='bbox 817 4955 1057 5018; x_wconf 85' lang='lat' dir='ltr'><strong>ratione</strong></span> <span class='ocrx_word' id='word_1_356' title='bbox 1099 4958 1293 5038; x_wconf 86' lang='lat' dir='ltr'><strong>ipsius</strong></span> <span class='ocrx_word' id='word_1_357' title='bbox 1338 4975 1622 5038; x_wconf 75' lang='lat' dir='ltr'><strong>personoe</strong></span> <span class='ocrx_word' id='word_1_358' title='bbox 1648 5001 1663 5030; x_wconf 92' lang='lat'><strong>‚</strong></span> <span class='ocrx_word' id='word_1_359' title='bbox 1714 4961 1808 5018; x_wconf 86' lang='lat' dir='ltr'><strong>est</strong></span> 
     </span>
     <span class='ocr_line' id='line_1_51' title="bbox 239 5050 1808 5130; baseline -0.001 -19"><span class='ocrx_word' id='word_1_360' title='bbox 239 5051 520 5112; x_wconf 80' lang='lat' dir='ltr'><strong>maxime</strong></span> <span class='ocrx_word' id='word_1_361' title='bbox 549 5055 770 5130; x_wconf 82' lang='lat' dir='ltr'><strong>gratus</strong></span> <span class='ocrx_word' id='word_1_362' title='bbox 799 5051 928 5111; x_wconf 86' lang='lat' dir='ltr'><strong>Deo</strong></span> <span class='ocrx_word' id='word_1_363' title='bbox 952 5093 970 5120; x_wconf 88' lang='lat'><strong>,</strong></span> <span class='ocrx_word' id='word_1_364' title='bbox 1001 5057 1065 5112; x_wconf 81' lang='lat' dir='ltr'><strong>et</strong></span> <span class='ocrx_word' id='word_1_365' title='bbox 1092 5050 1372 5112; x_wconf 80' lang='lat' dir='ltr'><strong>similiter</strong></span> <span class='ocrx_word' id='word_1_366' title='bbox 1399 5051 1540 5130; x_wconf 85' lang='lat' dir='ltr'><strong>ejus</strong></span> <span class='ocrx_word' id='word_1_367' title='bbox 1581 5052 1808 5111; x_wconf 84' lang='lat' dir='ltr'><strong>huma-</strong></span> 
     </span>
     <span class='ocr_line' id='line_1_52' title="bbox 239 5141 1810 5222; baseline -0.001 -18"><span class='ocrx_word' id='word_1_368' title='bbox 239 5145 412 5205; x_wconf 85' lang='lat' dir='ltr'><strong>nitas</strong></span> <span class='ocrx_word' id='word_1_369' title='bbox 433 5143 708 5222; x_wconf 84' lang='lat' dir='ltr'><strong>ipsamet</strong></span> <span class='ocrx_word' id='word_1_370' title='bbox 731 5145 970 5206; x_wconf 82' lang='lat' dir='ltr'><strong>unione</strong></span> <span class='ocrx_word' id='word_1_371' title='bbox 1018 5143 1100 5204; x_wconf 87' lang='lat' dir='ltr'><strong>ad</strong></span> <span class='ocrx_word' id='word_1_372' title='bbox 1145 5145 1349 5205; x_wconf 85' lang='lat' dir='ltr'><strong>Deum</strong></span> <span class='ocrx_word' id='word_1_373' title='bbox 1392 5143 1510 5206; x_wconf 81' lang='lat' dir='ltr'><strong>fuit</strong></span> <span class='ocrx_word' id='word_1_374' title='bbox 1539 5141 1810 5204; x_wconf 86' lang='lat' dir='ltr'><strong>sanctifi-</strong></span> 
     </span>
     <span class='ocr_line' id='line_1_53' title="bbox 241 5236 1810 5318; baseline -0.003 -18"><span class='ocrx_word' id='word_1_375' title='bbox 241 5245 386 5300; x_wconf 85' lang='lat' dir='ltr'><strong>cata</strong></span> <span class='ocrx_word' id='word_1_376' title='bbox 415 5243 478 5298; x_wconf 88' lang='lat' dir='ltr'><strong>et</strong></span> <span class='ocrx_word' id='word_1_377' title='bbox 505 5243 714 5318; x_wconf 79' lang='lat' dir='ltr'><strong>grata;</strong></span> <span class='ocrx_word' id='word_1_378' title='bbox 742 5253 894 5317; x_wconf 81' lang='lat' dir='ltr'><strong>ergo</strong></span> <span class='ocrx_word' id='word_1_379' title='bbox 923 5237 1056 5298; x_wconf 79' lang='lat' dir='ltr'><strong>haec</strong></span> <span class='ocrx_word' id='word_1_380' title='bbox 1077 5236 1214 5298; x_wconf 87' lang='lat' dir='ltr'><strong>sola</strong></span> <span class='ocrx_word' id='word_1_381' title='bbox 1241 5237 1592 5318; x_wconf 87' lang='lat' dir='ltr'><strong>personalis</strong></span> <span class='ocrx_word' id='word_1_382' title='bbox 1611 5237 1810 5317; x_wconf 81' lang='lat' dir='ltr'><strong>digni·</strong></span> 
     </span>
     <span class='ocr_line' id='line_1_54' title="bbox 245 5329 1807 5410; baseline -0.002 -17"><span class='ocrx_word' id='word_1_383' title='bbox 245 5337 344 5394; x_wconf 83' lang='lat' dir='ltr'><strong>tas</strong></span> <span class='ocrx_word' id='word_1_384' title='bbox 369 5337 506 5393; x_wconf 87' lang='lat' dir='ltr'><strong>erat</strong></span> <span class='ocrx_word' id='word_1_385' title='bbox 543 5349 658 5410; x_wconf 85' lang='lat' dir='ltr'><strong>per</strong></span> <span class='ocrx_word' id='word_1_386' title='bbox 697 5347 766 5394; x_wconf 89' lang='lat' dir='ltr'><strong>se</strong></span> <span class='ocrx_word' id='word_1_387' title='bbox 807 5331 1128 5393; x_wconf 82' lang='lat' dir='ltr'><strong>sufficiens</strong></span> <span class='ocrx_word' id='word_1_388' title='bbox 1154 5331 1238 5393; x_wconf 89' lang='lat' dir='ltr'><strong>ad</strong></span> <span class='ocrx_word' id='word_1_389' title='bbox 1264 5333 1544 5394; x_wconf 81' lang='lat' dir='ltr'><strong>valorem</strong></span> <span class='ocrx_word' id='word_1_390' title='bbox 1578 5329 1807 5406; x_wconf 89' lang='lat' dir='ltr'><strong>meriti,</strong></span> 
     </span>
     <span class='ocr_line' id='line_1_55' title="bbox 247 5424 1812 5506; baseline -0.001 -19"><span class='ocrx_word' id='word_1_391' title='bbox 247 5425 589 5506; x_wconf 73' lang='lat' dir='ltr'><strong>suppositis</strong></span> <span class='ocrx_word' id='word_1_392' title='bbox 611 5425 752 5486; x_wconf 86' lang='lat' dir='ltr'><strong>aliis</strong></span> <span class='ocrx_word' id='word_1_393' title='bbox 779 5425 1242 5488; x_wconf 87' lang='lat' dir='ltr'><strong>conditionibus</strong></span> <span class='ocrx_word' id='word_1_394' title='bbox 1287 5441 1365 5488; x_wconf 86' lang='lat' dir='ltr'><strong>ex</strong></span> <span class='ocrx_word' id='word_1_395' title='bbox 1394 5432 1572 5506; x_wconf 85' lang='lat' dir='ltr'><strong>parte</strong></span> <span class='ocrx_word' id='word_1_396' title='bbox 1605 5424 1812 5505; x_wconf 85' lang='lat' dir='ltr'><strong>operis</strong></span> 
     </span>
     <span class='ocr_line' id='line_1_56' title="bbox 249 5519 1814 5602; baseline -0.001 -21"><span class='ocrx_word' id='word_1_397' title='bbox 249 5519 644 5584; x_wconf 79' lang='lat' dir='ltr'><strong>necessariis.</strong></span> <span class='ocrx_word' id='word_1_398' title='bbox 699 5519 1157 5599; x_wconf 80' lang='lat' dir='ltr'><strong>confirmatur,</strong></span> <span class='ocrx_word' id='word_1_399' title='bbox 1206 5521 1354 5602; x_wconf 89' lang='lat' dir='ltr'><strong>quia</strong></span> <span class='ocrx_word' id='word_1_400' title='bbox 1399 5539 1570 5584; x_wconf 86' lang='lat' dir='ltr'><strong>nunc</strong></span> <span class='ocrx_word' id='word_1_401' title='bbox 1621 5535 1814 5599; x_wconf 85' lang='lat' dir='ltr'><strong>opera</strong></span> 
     </span>
    </p>
   </div>
   <div class='ocr_carea' id='block_1_3' title="bbox 575 5641 753 5690">
    <p class='ocr_par' dir='ltr' id='par_1_4' title="bbox 575 5641 753 5690">
     <span class='ocr_line' id='line_1_57' title="bbox 575 5641 753 5690; baseline -0.022 0"><span class='ocrx_word' id='word_1_402' title='bbox 575 5641 731 5690; x_wconf 75' lang='lat' dir='ltr'><strong>xvlu</strong></span> <span class='ocrx_word' id='word_1_403' title='bbox 741 5670 753 5686; x_wconf 89' lang='lat'><strong>.</strong></span> 
     </span>
    </p>
   </div>
   <div class='ocr_carea' id='block_1_4' title="bbox 1851 369 3483 3719">
    <p class='ocr_par' dir='ltr' id='par_1_5' title="bbox 1851 369 3483 3719">
     <span class='ocr_line' id='line_1_58' title="bbox 3298 369 3411 434; baseline -0.009 0"><span class='ocrx_word' id='word_1_404' title='bbox 3298 369 3411 434; x_wconf 73' lang='lat'><strong>321</strong></span> 
     </span>
     <span class='ocr_line' id='line_1_59' title="bbox 1851 467 3415 553; baseline 0.003 -22"><span class='ocrx_word' id='word_1_405' title='bbox 1851 467 2073 531; x_wconf 76' lang='lat' dir='ltr'><strong>Christi</strong></span> <span class='ocrx_word' id='word_1_406' title='bbox 2120 489 2198 530; x_wconf 78' lang='lat' dir='ltr'><strong>ex</strong></span> <span class='ocrx_word' id='word_1_407' title='bbox 2242 469 2361 530; x_wconf 82' lang='lat' dir='ltr'><strong>hac</strong></span> <span class='ocrx_word' id='word_1_408' title='bbox 2414 469 2719 548; x_wconf 69' lang='lat' dir='ltr'><strong>dignitato</strong></span> <span class='ocrx_word' id='word_1_409' title='bbox 2766 485 3051 549; x_wconf 73' lang='lat' dir='ltr'><strong>perseum</strong></span> <span class='ocrx_word' id='word_1_410' title='bbox 3094 477 3415 553; x_wconf 79' lang='lat' dir='ltr'><strong>operantis</strong></span> 
     </span>
     <span class='ocr_line' id='line_1_60' title="bbox 1853 562 3411 644; baseline 0.008 -24"><span class='ocrx_word' id='word_1_411' title='bbox 1853 562 2089 623; x_wconf 79' lang='lat' dir='ltr'><strong>habent</strong></span> <span class='ocrx_word' id='word_1_412' title='bbox 2114 563 2419 624; x_wconf 81' lang='lat' dir='ltr'><strong>infinitam</strong></span> <span class='ocrx_word' id='word_1_413' title='bbox 2454 563 2795 642; x_wconf 87' lang='lat' dir='ltr'><strong>quamdam</strong></span> <span class='ocrx_word' id='word_1_414' title='bbox 2828 566 3139 628; x_wconf 84' lang='lat' dir='ltr'><strong>rationem</strong></span> <span class='ocrx_word' id='word_1_415' title='bbox 3178 570 3411 644; x_wconf 83' lang='lat' dir='ltr'><strong>meriti,</strong></span> 
     </span>
     <span class='ocr_line' id='line_1_61' title="bbox 1854 656 3417 736; baseline 0.006 -21"><span class='ocrx_word' id='word_1_416' title='bbox 1854 663 2168 735; x_wconf 85' lang='lat' dir='ltr'><strong>quatenus</strong></span> <span class='ocrx_word' id='word_1_417' title='bbox 2208 656 2477 735; x_wconf 87' lang='lat' dir='ltr'><strong>ipsamet</strong></span> <span class='ocrx_word' id='word_1_418' title='bbox 2524 674 2713 736; x_wconf 86' lang='lat' dir='ltr'><strong>opera</strong></span> <span class='ocrx_word' id='word_1_419' title='bbox 2765 674 2841 718; x_wconf 83' lang='lat' dir='ltr'><strong>ex</strong></span> <span class='ocrx_word' id='word_1_420' title='bbox 2868 658 2931 717; x_wconf 82' lang='lat' dir='ltr'><strong>vi</strong></span> <span class='ocrx_word' id='word_1_421' title='bbox 2961 659 3211 720; x_wconf 81' lang='lat' dir='ltr'><strong>unionis</strong></span> <span class='ocrx_word' id='word_1_422' title='bbox 3236 662 3417 724; x_wconf 78' lang='lat' dir='ltr'><strong>deifi-</strong></span> 
     </span>
     <span class='ocr_line' id='line_1_62' title="bbox 1856 747 3410 830; baseline 0.005 -22"><span class='ocrx_word' id='word_1_423' title='bbox 1856 756 2080 809; x_wconf 83' lang='lat' dir='ltr'><strong>cantur</strong></span> <span class='ocrx_word' id='word_1_424' title='bbox 2106 747 2594 827; x_wconf 80' lang='lat' dir='ltr'><strong>quodammode,</strong></span> <span class='ocrx_word' id='word_1_425' title='bbox 2640 755 2714 810; x_wconf 82' lang='lat' dir='ltr'><strong>nt</strong></span> <span class='ocrx_word' id='word_1_426' title='bbox 2754 767 2976 830; x_wconf 86' lang='lat' dir='ltr'><strong>supra,</strong></span> <span class='ocrx_word' id='word_1_427' title='bbox 3010 767 3070 829; x_wconf 88' lang='lat' dir='ltr'><strong>q.</strong></span> <span class='ocrx_word' id='word_1_428' title='bbox 3106 754 3165 827; x_wconf 81' lang='lat'><strong>1,</strong></span> <span class='ocrx_word' id='word_1_429' title='bbox 3199 761 3315 814; x_wconf 85' lang='lat' dir='ltr'><strong>art.</strong></span> <span class='ocrx_word' id='word_1_430' title='bbox 3348 756 3410 828; x_wconf 73' lang='grc' dir='ltr'><strong>Ξ,</strong></span> 
     </span>
     <span class='ocr_line' id='line_1_63' title="bbox 1855 840 3416 926; baseline 0.005 -26"><span class='ocrx_word' id='word_1_431' title='bbox 1855 840 1983 901; x_wconf 86' lang='lat' dir='ltr'><strong>late</strong></span> <span class='ocrx_word' id='word_1_432' title='bbox 2016 841 2320 919; x_wconf 82' lang='lat' dir='ltr'><strong>diximus3</strong></span> <span class='ocrx_word' id='word_1_433' title='bbox 2364 859 2517 921; x_wconf 83' lang='lat' dir='ltr'><strong>ergo</strong></span> <span class='ocrx_word' id='word_1_434' title='bbox 2566 842 2765 903; x_wconf 70' lang='lat' dir='ltr'><strong>mutto</strong></span> <span class='ocrx_word' id='word_1_435' title='bbox 2802 844 3009 922; x_wconf 84' lang='lat' dir='ltr'><strong>magis</strong></span> <span class='ocrx_word' id='word_1_436' title='bbox 3046 845 3273 907; x_wconf 82' lang='lat' dir='ltr'><strong>sufficit</strong></span> <span class='ocrx_word' id='word_1_437' title='bbox 3300 863 3416 926; x_wconf 83' lang='lat' dir='ltr'><strong>per</strong></span> 
     </span>
     <span class='ocr_line' id='line_1_64' title="bbox 1855 934 3412 1012; baseline 0.004 -18"><span class='ocrx_word' id='word_1_438' title='bbox 1855 951 1924 994; x_wconf 86' lang='lat' dir='ltr'><strong>se</strong></span> <span class='ocrx_word' id='word_1_439' title='bbox 1952 934 2087 995; x_wconf 85' lang='lat' dir='ltr'><strong>haec</strong></span> <span class='ocrx_word' id='word_1_440' title='bbox 2108 935 2381 1012; x_wconf 74' lang='lat' dir='ltr'><strong>dignitas</strong></span> <span class='ocrx_word' id='word_1_441' title='bbox 2412 935 2491 995; x_wconf 88' lang='lat' dir='ltr'><strong>ad</strong></span> <span class='ocrx_word' id='word_1_442' title='bbox 2516 935 2827 996; x_wconf 86' lang='lat' dir='ltr'><strong>rationem</strong></span> <span class='ocrx_word' id='word_1_443' title='bbox 2856 937 3085 998; x_wconf 83' lang='lat' dir='ltr'><strong>meriti.</strong></span> <span class='ocrx_word' id='word_1_444' title='bbox 3122 940 3212 1000; x_wconf 74' lang='lat' dir='ltr'><strong>Ex</strong></span> <span class='ocrx_word' id='word_1_445' title='bbox 3242 941 3412 1002; x_wconf 78' lang='lat' dir='ltr'><strong>mitto</strong></span> 
     </span>
     <span class='ocr_line' id='line_1_65' title="bbox 1855 1027 3413 1110; baseline 0.004 -23"><span class='ocrx_word' id='word_1_446' title='bbox 1855 1043 2008 1106; x_wconf 81' lang='lat' dir='ltr'><strong>ergo</strong></span> <span class='ocrx_word' id='word_1_447' title='bbox 2048 1027 2249 1106; x_wconf 85' lang='lat' dir='ltr'><strong>capite</strong></span> <span class='ocrx_word' id='word_1_448' title='bbox 2302 1028 2423 1088; x_wconf 79' lang='lat' dir='ltr'><strong>tuit</strong></span> <span class='ocrx_word' id='word_1_449' title='bbox 2461 1027 2825 1107; x_wconf 82' lang='lat' dir='ltr'><strong>simpliciter</strong></span> <span class='ocrx_word' id='word_1_450' title='bbox 2870 1029 3173 1108; x_wconf 86' lang='lat' dir='ltr'><strong>requisita</strong></span> <span class='ocrx_word' id='word_1_451' title='bbox 3209 1032 3413 1110; x_wconf 51' lang='lat' dir='ltr'><strong>&gt;gratia</strong></span> 
     </span>
     <span class='ocr_line' id='line_1_66' title="bbox 1857 1119 3411 1199; baseline 0.005 -20"><span class='ocrx_word' id='word_1_452' title='bbox 1857 1119 2193 1181; x_wconf 79' lang='lat' dir='ltr'><strong>habitualis</strong></span> <span class='ocrx_word' id='word_1_453' title='bbox 2238 1121 2321 1182; x_wconf 87' lang='lat' dir='ltr'><strong>ad</strong></span> <span class='ocrx_word' id='word_1_454' title='bbox 2372 1121 2593 1182; x_wconf 89' lang='lat' dir='ltr'><strong>Christi</strong></span> <span class='ocrx_word' id='word_1_455' title='bbox 2626 1121 2939 1184; x_wconf 85' lang='lat' dir='ltr'><strong>meritum.</strong></span> <span class='ocrx_word' id='word_1_456' title='bbox 2980 1124 3108 1185; x_wconf 83' lang='lat' dir='ltr'><strong>Sed</strong></span> <span class='ocrx_word' id='word_1_457' title='bbox 3154 1130 3369 1186; x_wconf 86' lang='lat' dir='ltr'><strong>contra</strong></span> <span class='ocrx_word' id='word_1_458' title='bbox 3395 1171 3411 1199; x_wconf 89' lang='lat'>‚</span> 
     </span>
     <span class='ocr_line' id='line_1_67' title="bbox 1857 1215 3415 1296; baseline 0.004 -22"><span class='ocrx_word' id='word_1_459' title='bbox 1857 1231 2008 1275; x_wconf 85' lang='lat' dir='ltr'><strong>nam</strong></span> <span class='ocrx_word' id='word_1_460' title='bbox 2054 1215 2187 1276; x_wconf 83' lang='lat' dir='ltr'><strong>sola</strong></span> <span class='ocrx_word' id='word_1_461' title='bbox 2226 1215 2426 1296; x_wconf 87' lang='lat' dir='ltr'><strong>gratia</strong></span> <span class='ocrx_word' id='word_1_462' title='bbox 2460 1216 2715 1278; x_wconf 86' lang='lat' dir='ltr'><strong>unionis</strong></span> <span class='ocrx_word' id='word_1_463' title='bbox 2749 1216 2885 1278; x_wconf 88' lang='lat' dir='ltr'><strong>sinc</strong></span> <span class='ocrx_word' id='word_1_464' title='bbox 2931 1217 3237 1280; x_wconf 85' lang='lat' dir='ltr'><strong>habitu-ali</strong></span> <span class='ocrx_word' id='word_1_465' title='bbox 3288 1237 3415 1280; x_wconf 91' lang='lat' dir='ltr'><strong>non</strong></span> 
     </span>
     <span class='ocr_line' id='line_1_68' title="bbox 1858 1301 3419 1392; baseline 0.004 -24"><span class='ocrx_word' id='word_1_466' title='bbox 1858 1307 2111 1369; x_wconf 85' lang='lat' dir='ltr'><strong>ordinat</strong></span> <span class='ocrx_word' id='word_1_467' title='bbox 2135 1301 2253 1369; x_wconf 78' lang='lat' dir='ltr'><strong>nee</strong></span> <span class='ocrx_word' id='word_1_468' title='bbox 2286 1308 2490 1371; x_wconf 75' lang='lat' dir='ltr'><strong>elevat</strong></span> <span class='ocrx_word' id='word_1_469' title='bbox 2512 1309 2837 1370; x_wconf 87' lang='lat' dir='ltr'><strong>hominem</strong></span> <span class='ocrx_word' id='word_1_470' title='bbox 2874 1309 2959 1370; x_wconf 87' lang='lat' dir='ltr'><strong>ad</strong></span> <span class='ocrx_word' id='word_1_471' title='bbox 2984 1309 3179 1372; x_wconf 88' lang='lat' dir='ltr'><strong>finem</strong></span> <span class='ocrx_word' id='word_1_472' title='bbox 3202 1327 3419 1392; x_wconf 86' lang='lat' dir='ltr'><strong>super-</strong></span> 
     </span>
     <span class='ocr_line' id='line_1_69' title="bbox 1861 1400 3420 1482; baseline 0.003 -20"><span class='ocrx_word' id='word_1_473' title='bbox 1861 1400 2241 1475; x_wconf 80' lang='lat' dir='ltr'><strong>naturalem3</strong></span> <span class='ocrx_word' id='word_1_474' title='bbox 2267 1420 2417 1482; x_wconf 84' lang='lat' dir='ltr'><strong>ergo</strong></span> <span class='ocrx_word' id='word_1_475' title='bbox 2450 1420 2580 1463; x_wconf 89' lang='lat' dir='ltr'><strong>non</strong></span> <span class='ocrx_word' id='word_1_476' title='bbox 2610 1409 2819 1482; x_wconf 86' lang='lat' dir='ltr'><strong>potest</strong></span> <span class='ocrx_word' id='word_1_477' title='bbox 2845 1403 3129 1465; x_wconf 84' lang='lat' dir='ltr'><strong>sufficere</strong></span> <span class='ocrx_word' id='word_1_478' title='bbox 3158 1404 3240 1466; x_wconf 88' lang='lat' dir='ltr'><strong>ad</strong></span> <span class='ocrx_word' id='word_1_479' title='bbox 3265 1421 3420 1466; x_wconf 87' lang='lat' dir='ltr'><strong>con-</strong></span> 
     </span>
     <span class='ocr_line' id='line_1_70' title="bbox 1861 1494 3417 1576; baseline 0.003 -21"><span class='ocrx_word' id='word_1_480' title='bbox 1861 1494 2125 1574; x_wconf 83' lang='lat' dir='ltr'><strong>dignam</strong></span> <span class='ocrx_word' id='word_1_481' title='bbox 2152 1495 2445 1556; x_wconf 87' lang='lat' dir='ltr'><strong>meritam</strong></span> <span class='ocrx_word' id='word_1_482' title='bbox 2470 1495 2528 1573; x_wconf 89' lang='lat' dir='ltr'><strong>ej</strong></span> <span class='ocrx_word' id='word_1_483' title='bbox 2539 1511 2631 1555; x_wconf 86' lang='lat' dir='ltr'><strong>ns.</strong></span> <span class='ocrx_word' id='word_1_484' title='bbox 2658 1495 3102 1574; x_wconf 80' lang='lat' dir='ltr'><strong>Respondetnr</strong></span> <span class='ocrx_word' id='word_1_485' title='bbox 3122 1499 3417 1576; x_wconf 83' lang='lat' dir='ltr'><strong>negando</strong></span> 
     </span>
     <span class='ocr_line' id='line_1_71' title="bbox 1859 1587 3421 1668; baseline 0.003 -21"><span class='ocrx_word' id='word_1_486' title='bbox 1859 1588 2227 1668; x_wconf 84' lang='lat' dir='ltr'><strong>simpliciter</strong></span> <span class='ocrx_word' id='word_1_487' title='bbox 2258 1587 2664 1665; x_wconf 80' lang='lat' dir='ltr'><strong>antecedens,</strong></span> <span class='ocrx_word' id='word_1_488' title='bbox 2706 1605 2878 1663; x_wconf 88' lang='lat' dir='ltr'><strong>nam,</strong></span> <span class='ocrx_word' id='word_1_489' title='bbox 2914 1589 3061 1651; x_wconf 87' lang='lat' dir='ltr'><strong>licet</strong></span> <span class='ocrx_word' id='word_1_490' title='bbox 3087 1603 3214 1652; x_wconf 89' lang='lat' dir='ltr'><strong>non</strong></span> <span class='ocrx_word' id='word_1_491' title='bbox 3254 1591 3421 1654; x_wconf 83' lang='lat' dir='ltr'><strong>ordi-</strong></span> 
     </span>
     <span class='ocr_line' id='line_1_72' title="bbox 1861 1681 3423 1762; baseline 0.004 -20"><span class='ocrx_word' id='word_1_492' title='bbox 1861 1687 1973 1742; x_wconf 88' lang='lat' dir='ltr'><strong>net</strong></span> <span class='ocrx_word' id='word_1_493' title='bbox 2024 1682 2328 1762; x_wconf 83' lang='lat' dir='ltr'><strong>proxime,</strong></span> <span class='ocrx_word' id='word_1_494' title='bbox 2388 1681 2638 1744; x_wconf 86' lang='lat' dir='ltr'><strong>ordinat</strong></span> <span class='ocrx_word' id='word_1_495' title='bbox 2686 1687 2899 1744; x_wconf 84' lang='lat' dir='ltr'><strong>tamen</strong></span> <span class='ocrx_word' id='word_1_496' title='bbox 2954 1684 3307 1747; x_wconf 72' lang='lat' dir='ltr'><strong>radicaliter</strong></span> <span class='ocrx_word' id='word_1_497' title='bbox 3358 1692 3423 1750; x_wconf 87' lang='lat' dir='ltr'><strong>et</strong></span> 
     </span>
     <span class='ocr_line' id='line_1_73' title="bbox 1861 1771 3419 1855; baseline 0.004 -21"><span class='ocrx_word' id='word_1_498' title='bbox 1861 1774 2321 1854; x_wconf 82' lang='lat' dir='ltr'><strong>principaliter,</strong></span> <span class='ocrx_word' id='word_1_499' title='bbox 2366 1787 2517 1836; x_wconf 84' lang='lat' dir='ltr'><strong>nam</strong></span> <span class='ocrx_word' id='word_1_500' title='bbox 2556 1775 2704 1838; x_wconf 76' lang='lat' dir='ltr'><strong>iacit</strong></span> <span class='ocrx_word' id='word_1_501' title='bbox 2736 1793 2853 1838; x_wconf 88' lang='lat' dir='ltr'><strong>suo</strong></span> <span class='ocrx_word' id='word_1_502' title='bbox 2884 1777 3072 1838; x_wconf 87' lang='lat' dir='ltr'><strong>modo</strong></span> <span class='ocrx_word' id='word_1_503' title='bbox 3120 1771 3419 1855; x_wconf 84' lang='lat' dir='ltr'><strong>debitam,</strong></span> 
     </span>
     <span class='ocr_line' id='line_1_74' title="bbox 1861 1867 3421 1948; baseline 0.003 -20"><span class='ocrx_word' id='word_1_504' title='bbox 1861 1869 2051 1929; x_wconf 82' lang='lat' dir='ltr'><strong>etiam</strong></span> <span class='ocrx_word' id='word_1_505' title='bbox 2078 1868 2281 1948; x_wconf 82' lang='lat' dir='ltr'><strong>ipsam</strong></span> <span class='ocrx_word' id='word_1_506' title='bbox 2310 1867 2697 1930; x_wconf 80' lang='lat' dir='ltr'><strong>habitualem</strong></span> <span class='ocrx_word' id='word_1_507' title='bbox 2732 1868 3017 1947; x_wconf 84' lang='lat' dir='ltr'><strong>gratiam.</strong></span> <span class='ocrx_word' id='word_1_508' title='bbox 3060 1867 3233 1932; x_wconf 73' lang='lat' dir='ltr'><strong>Addo</strong></span> <span class='ocrx_word' id='word_1_509' title='bbox 3270 1886 3421 1934; x_wconf 72' lang='lat' dir='ltr'><strong>vero</strong></span> 
     </span>
     <span class='ocr_line' id='line_1_75' title="bbox 1863 1961 3425 2043; baseline 0.003 -22"><span class='ocrx_word' id='word_1_510' title='bbox 1863 1961 2107 2036; x_wconf 85' lang='lat' dir='ltr'><strong>ultime,</strong></span> <span class='ocrx_word' id='word_1_511' title='bbox 2140 1963 2429 2040; x_wconf 84' lang='lat' dir='ltr'><strong>quamvis</strong></span> <span class='ocrx_word' id='word_1_512' title='bbox 2456 1961 2561 2022; x_wconf 86' lang='lat' dir='ltr'><strong>illa</strong></span> <span class='ocrx_word' id='word_1_513' title='bbox 2600 1962 2797 2040; x_wconf 82' lang='lat' dir='ltr'><strong>gratia</strong></span> <span class='ocrx_word' id='word_1_514' title='bbox 2820 1979 2952 2023; x_wconf 88' lang='lat' dir='ltr'><strong>non</strong></span> <span class='ocrx_word' id='word_1_515' title='bbox 2978 1963 3163 2025; x_wconf 84' lang='lat' dir='ltr'><strong>fuerit</strong></span> <span class='ocrx_word' id='word_1_516' title='bbox 3184 1963 3425 2043; x_wconf 88' lang='lat' dir='ltr'><strong>simpli-</strong></span> 
     </span>
     <span class='ocr_line' id='line_1_76' title="bbox 1867 2053 3425 2129; baseline 0.003 -15"><span class='ocrx_word' id='word_1_517' title='bbox 1867 2053 2023 2115; x_wconf 86' lang='lat' dir='ltr'><strong>citer</strong></span> <span class='ocrx_word' id='word_1_518' title='bbox 2046 2053 2425 2129; x_wconf 82' lang='lat' dir='ltr'><strong>necessaria,</strong></span> <span class='ocrx_word' id='word_1_519' title='bbox 2448 2062 2659 2116; x_wconf 85' lang='lat' dir='ltr'><strong>tamen</strong></span> <span class='ocrx_word' id='word_1_520' title='bbox 2691 2054 2771 2116; x_wconf 87' lang='lat' dir='ltr'><strong>de</strong></span> <span class='ocrx_word' id='word_1_521' title='bbox 2794 2053 2961 2116; x_wconf 85' lang='lat' dir='ltr'><strong>facto</strong></span> <span class='ocrx_word' id='word_1_522' title='bbox 2984 2073 3125 2116; x_wconf 89' lang='lat' dir='ltr'><strong>cum</strong></span> <span class='ocrx_word' id='word_1_523' title='bbox 3150 2056 3425 2118; x_wconf 88' lang='lat' dir='ltr'><strong>Christus</strong></span> 
     </span>
     <span class='ocr_line' id='line_1_77' title="bbox 1865 2147 3425 2227; baseline 0.003 -20"><span class='ocrx_word' id='word_1_524' title='bbox 1865 2147 2041 2208; x_wconf 85' lang='lat' dir='ltr'><strong>illam</strong></span> <span class='ocrx_word' id='word_1_525' title='bbox 2076 2147 2393 2222; x_wconf 86' lang='lat' dir='ltr'><strong>habuerit,</strong></span> <span class='ocrx_word' id='word_1_526' title='bbox 2423 2148 2612 2210; x_wconf 84' lang='lat' dir='ltr'><strong>etiam</strong></span> <span class='ocrx_word' id='word_1_527' title='bbox 2646 2165 2725 2209; x_wconf 84' lang='lat' dir='ltr'><strong>ex</strong></span> <span class='ocrx_word' id='word_1_528' title='bbox 2750 2148 2857 2209; x_wconf 87' lang='lat' dir='ltr'><strong>illo</strong></span> <span class='ocrx_word' id='word_1_529' title='bbox 2892 2149 3099 2227; x_wconf 78' lang='lat' dir='ltr'><strong>capite</strong></span> <span class='ocrx_word' id='word_1_530' title='bbox 3128 2149 3425 2212; x_wconf 78' lang='lat' dir='ltr'><strong>habuisse</strong></span> 
     </span>
     <span class='ocr_line' id='line_1_78' title="bbox 1869 2239 3429 2321; baseline 0.001 -19"><span class='ocrx_word' id='word_1_531' title='bbox 1869 2257 2063 2321; x_wconf 84' lang='lat' dir='ltr'><strong>opera</strong></span> <span class='ocrx_word' id='word_1_532' title='bbox 2108 2239 2335 2304; x_wconf 84' lang='lat' dir='ltr'><strong>Christi</strong></span> <span class='ocrx_word' id='word_1_533' title='bbox 2380 2239 2659 2302; x_wconf 83' lang='lat' dir='ltr'><strong>valorem</strong></span> <span class='ocrx_word' id='word_1_534' title='bbox 2706 2247 2771 2302; x_wconf 87' lang='lat' dir='ltr'><strong>et</strong></span> <span class='ocrx_word' id='word_1_535' title='bbox 2812 2242 3303 2320; x_wconf 83' lang='lat' dir='ltr'><strong>condignitatem</strong></span> <span class='ocrx_word' id='word_1_536' title='bbox 3340 2241 3429 2303; x_wconf 84' lang='lat' dir='ltr'><strong>ad</strong></span> 
     </span>
     <span class='ocr_line' id='line_1_79' title="bbox 1867 2333 3483 2416; baseline 0 -22"><span class='ocrx_word' id='word_1_537' title='bbox 1867 2335 2187 2408; x_wconf 84' lang='lat' dir='ltr'><strong>meritum,</strong></span> <span class='ocrx_word' id='word_1_538' title='bbox 2216 2334 2367 2414; x_wconf 87' lang='lat' dir='ltr'><strong>quia</strong></span> <span class='ocrx_word' id='word_1_539' title='bbox 2394 2335 2497 2396; x_wconf 88' lang='lat' dir='ltr'><strong>illa</strong></span> <span class='ocrx_word' id='word_1_540' title='bbox 2526 2333 2731 2414; x_wconf 82' lang='lat' dir='ltr'><strong>gratia</strong></span> <span class='ocrx_word' id='word_1_541' title='bbox 2770 2353 2899 2395; x_wconf 86' lang='lat' dir='ltr'><strong>non</strong></span> <span class='ocrx_word' id='word_1_542' title='bbox 2948 2334 3067 2396; x_wconf 74' lang='lat' dir='ltr'><strong>fuit</strong></span> <span class='ocrx_word' id='word_1_543' title='bbox 3116 2334 3427 2398; x_wconf 82' lang='lat' dir='ltr'><strong>interioris</strong></span> <span class='ocrx_word' id='word_1_544' title='bbox 3472 2403 3483 2416; x_wconf 50' lang='grc'><strong>,</strong></span> 
     </span>
     <span class='ocr_line' id='line_1_80' title="bbox 1869 2427 3429 2507; baseline 0 -17"><span class='ocrx_word' id='word_1_545' title='bbox 1869 2429 2245 2490; x_wconf 82' lang='lat' dir='ltr'><strong>conditionis</strong></span> <span class='ocrx_word' id='word_1_546' title='bbox 2290 2429 2356 2488; x_wconf 90' lang='lat' dir='ltr'><strong>in</strong></span> <span class='ocrx_word' id='word_1_547' title='bbox 2400 2427 2641 2490; x_wconf 84' lang='lat' dir='ltr'><strong>Christo</strong></span> <span class='ocrx_word' id='word_1_548' title='bbox 2679 2445 2870 2507; x_wconf 87' lang='lat' dir='ltr'><strong>quam</strong></span> <span class='ocrx_word' id='word_1_549' title='bbox 2916 2429 2983 2490; x_wconf 90' lang='lat' dir='ltr'><strong>in</strong></span> <span class='ocrx_word' id='word_1_550' title='bbox 3028 2427 3229 2490; x_wconf 86' lang='lat' dir='ltr'><strong>nobis.</strong></span> <span class='ocrx_word' id='word_1_551' title='bbox 3264 2429 3429 2501; x_wconf 83' lang='lat' dir='ltr'><strong>Quo-</strong></span> 
     </span>
     <span class='ocr_line' id='line_1_81' title="bbox 1870 2521 3421 2602; baseline -0.001 -18"><span class='ocrx_word' id='word_1_552' title='bbox 1870 2523 2055 2598; x_wconf 80' lang='lat' dir='ltr'><strong>circa,</strong></span> <span class='ocrx_word' id='word_1_553' title='bbox 2088 2523 2259 2602; x_wconf 86' lang='lat' dir='ltr'><strong>quod</strong></span> <span class='ocrx_word' id='word_1_554' title='bbox 2288 2522 2578 2584; x_wconf 84' lang='lat' dir='ltr'><strong>Richard.</strong></span> <span class='ocrx_word' id='word_1_555' title='bbox 2614 2521 2790 2594; x_wconf 79' lang='lat' dir='ltr'><strong>dixit,</strong></span> <span class='ocrx_word' id='word_1_556' title='bbox 2814 2522 2881 2582; x_wconf 90' lang='lat' dir='ltr'><strong>in</strong></span> <span class='ocrx_word' id='word_1_557' title='bbox 2910 2523 2973 2596; x_wconf 89' lang='lat'><strong>3,</strong></span> <span class='ocrx_word' id='word_1_558' title='bbox 3005 2521 3149 2583; x_wconf 85' lang='lat' dir='ltr'><strong>dist.</strong></span> <span class='ocrx_word' id='word_1_559' title='bbox 3176 2524 3273 2596; x_wconf 83' lang='grc'><strong>13,</strong></span> <span class='ocrx_word' id='word_1_560' title='bbox 3301 2529 3421 2584; x_wconf 83' lang='lat' dir='ltr'><strong>art.</strong></span> 
     </span>
     <span class='ocr_line' id='line_1_82' title="bbox 1872 2613 3429 2695; baseline 0 -17"><span class='ocrx_word' id='word_1_561' title='bbox 1872 2620 1900 2678; x_wconf 94' lang='grc'><strong>1</strong></span> <span class='ocrx_word' id='word_1_562' title='bbox 1915 2662 1932 2691; x_wconf 95' lang='grc'><strong>,</strong></span> <span class='ocrx_word' id='word_1_563' title='bbox 1953 2633 2015 2695; x_wconf 89' lang='lat' dir='ltr'><strong>q.</strong></span> <span class='ocrx_word' id='word_1_564' title='bbox 2038 2620 2066 2678; x_wconf 81' lang='grc'><strong>1</strong></span> <span class='ocrx_word' id='word_1_565' title='bbox 2080 2659 2097 2690; x_wconf 88' lang='grc'><strong>,</strong></span> <span class='ocrx_word' id='word_1_566' title='bbox 2114 2617 2197 2678; x_wconf 87' lang='lat' dir='ltr'><strong>ad</strong></span> <span class='ocrx_word' id='word_1_567' title='bbox 2210 2616 2523 2689; x_wconf 84' lang='lat' dir='ltr'><strong>ultimum,</strong></span> <span class='ocrx_word' id='word_1_568' title='bbox 2542 2614 2803 2694; x_wconf 80' lang='lat' dir='ltr'><strong>gratiam</strong></span> <span class='ocrx_word' id='word_1_569' title='bbox 2826 2613 3209 2678; x_wconf 77' lang='lat' dir='ltr'><strong>habitualem</strong></span> <span class='ocrx_word' id='word_1_570' title='bbox 3232 2615 3429 2678; x_wconf 81' lang='lat' dir='ltr'><strong>fnisse</strong></span> 
     </span>
     <span class='ocr_line' id='line_1_83' title="bbox 1873 2706 3429 2789; baseline 0 -19"><span class='ocrx_word' id='word_1_571' title='bbox 1873 2709 2249 2789; x_wconf 86' lang='lat' dir='ltr'><strong>principiam</strong></span> <span class='ocrx_word' id='word_1_572' title='bbox 2278 2725 2405 2788; x_wconf 87' lang='lat' dir='ltr'><strong>qao</strong></span> <span class='ocrx_word' id='word_1_573' title='bbox 2450 2706 2671 2770; x_wconf 84' lang='lat' dir='ltr'><strong>Christi</strong></span> <span class='ocrx_word' id='word_1_574' title='bbox 2716 2725 2912 2786; x_wconf 87' lang='lat' dir='ltr'><strong>opera</strong></span> <span class='ocrx_word' id='word_1_575' title='bbox 2964 2715 3176 2772; x_wconf 86' lang='lat' dir='ltr'><strong>essent</strong></span> <span class='ocrx_word' id='word_1_576' title='bbox 3226 2707 3429 2789; x_wconf 80' lang='lat' dir='ltr'><strong>magis</strong></span> 
     </span>
     <span class='ocr_line' id='line_1_84' title="bbox 1873 2799 3433 2882; baseline 0.001 -20"><span class='ocrx_word' id='word_1_577' title='bbox 1873 2803 2189 2865; x_wconf 85' lang='lat' dir='ltr'><strong>meritoria</strong></span> <span class='ocrx_word' id='word_1_578' title='bbox 2215 2847 2231 2876; x_wconf 90' lang='lat'><strong>‚</strong></span> <span class='ocrx_word' id='word_1_579' title='bbox 2272 2802 2327 2862; x_wconf 83' lang='lat' dir='ltr'><strong>si</strong></span> <span class='ocrx_word' id='word_1_580' title='bbox 2381 2802 2462 2862; x_wconf 90' lang='lat' dir='ltr'><strong>de</strong></span> <span class='ocrx_word' id='word_1_581' title='bbox 2490 2806 2835 2882; x_wconf 80' lang='lat' dir='ltr'><strong>augmento</strong></span> <span class='ocrx_word' id='word_1_582' title='bbox 2868 2799 3179 2864; x_wconf 81' lang='lat' dir='ltr'><strong>intensive</strong></span> <span class='ocrx_word' id='word_1_583' title='bbox 3205 2801 3433 2864; x_wconf 86' lang='lat' dir='ltr'><strong>intelli·</strong></span> 
     </span>
     <span class='ocr_line' id='line_1_85' title="bbox 1877 2895 3429 2977; baseline -0.001 -19"><span class='ocrx_word' id='word_1_584' title='bbox 1877 2904 2083 2977; x_wconf 84' lang='lat' dir='ltr'><strong>gatar,</strong></span> <span class='ocrx_word' id='word_1_585' title='bbox 2112 2895 2341 2958; x_wconf 83' lang='lat' dir='ltr'><strong>falsum</strong></span> <span class='ocrx_word' id='word_1_586' title='bbox 2381 2899 2497 2968; x_wconf 89' lang='lat' dir='ltr'><strong>est,</strong></span> <span class='ocrx_word' id='word_1_587' title='bbox 2532 2895 2683 2974; x_wconf 82' lang='lat' dir='ltr'><strong>quia</strong></span> <span class='ocrx_word' id='word_1_588' title='bbox 2708 2895 2986 2956; x_wconf 85' lang='lat' dir='ltr'><strong>diximus</strong></span> <span class='ocrx_word' id='word_1_589' title='bbox 3012 2913 3201 2975; x_wconf 82' lang='lat' dir='ltr'><strong>supra</strong></span> <span class='ocrx_word' id='word_1_590' title='bbox 3219 2940 3238 2971; x_wconf 92' lang='lat'>‚</span> <span class='ocrx_word' id='word_1_591' title='bbox 3269 2913 3331 2974; x_wconf 66' lang='grc' dir='ltr'><strong>(Γ.</strong></span> <span class='ocrx_word' id='word_1_592' title='bbox 3367 2898 3429 2970; x_wconf 80' lang='grc'><strong>1,</strong></span> 
     </span>
     <span class='ocr_line' id='line_1_86' title="bbox 1875 2988 3433 3070; baseline -0.001 -18"><span class='ocrx_word' id='word_1_593' title='bbox 1875 2997 1995 3052; x_wconf 84' lang='lat' dir='ltr'><strong>art.</strong></span> <span class='ocrx_word' id='word_1_594' title='bbox 2032 2995 2073 3052; x_wconf 73' lang='lat'><strong>2</strong></span> <span class='ocrx_word' id='word_1_595' title='bbox 2097 3036 2115 3065; x_wconf 94' lang='lat'><strong>,</strong></span> <span class='ocrx_word' id='word_1_596' title='bbox 2164 3007 2359 3070; x_wconf 85' lang='lat' dir='ltr'><strong>opera</strong></span> <span class='ocrx_word' id='word_1_597' title='bbox 2402 2988 2625 3050; x_wconf 84' lang='lat' dir='ltr'><strong>Christi</strong></span> <span class='ocrx_word' id='word_1_598' title='bbox 2658 3005 2735 3049; x_wconf 85' lang='lat' dir='ltr'><strong>ex</strong></span> <span class='ocrx_word' id='word_1_599' title='bbox 2772 2989 3089 3068; x_wconf 83' lang='lat' dir='ltr'><strong>personali</strong></span> <span class='ocrx_word' id='word_1_600' title='bbox 3128 2988 3433 3069; x_wconf 83' lang='lat' dir='ltr'><strong>dignitate</strong></span> 
     </span>
     <span class='ocr_line' id='line_1_87' title="bbox 1875 3081 3433 3156; baseline -0.001 -11"><span class='ocrx_word' id='word_1_601' title='bbox 1875 3083 2173 3145; x_wconf 79' lang='lat' dir='ltr'><strong>habuisse</strong></span> <span class='ocrx_word' id='word_1_602' title='bbox 2215 3082 2531 3143; x_wconf 86' lang='lat' dir='ltr'><strong>infinitum</strong></span> <span class='ocrx_word' id='word_1_603' title='bbox 2560 3081 2839 3144; x_wconf 83' lang='lat' dir='ltr'><strong>valorem</strong></span> <span class='ocrx_word' id='word_1_604' title='bbox 2886 3081 3133 3156; x_wconf 85' lang='lat' dir='ltr'><strong>meriti,</strong></span> <span class='ocrx_word' id='word_1_605' title='bbox 3184 3088 3251 3142; x_wconf 86' lang='lat' dir='ltr'><strong>et</strong></span> <span class='ocrx_word' id='word_1_606' title='bbox 3290 3081 3433 3144; x_wconf 87' lang='lat' dir='ltr'><strong>ideo</strong></span> 
     </span>
     <span class='ocr_line' id='line_1_88' title="bbox 1878 3173 3429 3255; baseline -0.001 -18"><span class='ocrx_word' id='word_1_607' title='bbox 1878 3175 1996 3237; x_wconf 88' lang='lat' dir='ltr'><strong>sub</strong></span> <span class='ocrx_word' id='word_1_608' title='bbox 2027 3193 2101 3236; x_wconf 85' lang='lat' dir='ltr'><strong>ea</strong></span> <span class='ocrx_word' id='word_1_609' title='bbox 2128 3175 2371 3238; x_wconf 83' lang='lat' dir='ltr'><strong>ratione</strong></span> <span class='ocrx_word' id='word_1_610' title='bbox 2398 3193 2525 3236; x_wconf 88' lang='lat' dir='ltr'><strong>non</strong></span> <span class='ocrx_word' id='word_1_611' title='bbox 2554 3174 2833 3254; x_wconf 84' lang='lat' dir='ltr'><strong>potu-isse</strong></span> <span class='ocrx_word' id='word_1_612' title='bbox 2856 3173 3169 3236; x_wconf 76' lang='lat' dir='ltr'><strong>intensive</strong></span> <span class='ocrx_word' id='word_1_613' title='bbox 3188 3174 3429 3255; x_wconf 76' lang='lat' dir='ltr'><strong>augeri3</strong></span> 
     </span>
     <span class='ocr_line' id='line_1_89' title="bbox 1879 3267 3435 3348; baseline -0.001 -18"><span class='ocrx_word' id='word_1_614' title='bbox 1879 3270 1929 3330; x_wconf 89' lang='lat' dir='ltr'><strong>si</strong></span> <span class='ocrx_word' id='word_1_615' title='bbox 1972 3276 2187 3330; x_wconf 86' lang='lat' dir='ltr'><strong>autem</strong></span> <span class='ocrx_word' id='word_1_616' title='bbox 2216 3270 2417 3330; x_wconf 83' lang='lat' dir='ltr'><strong>solnm</strong></span> <span class='ocrx_word' id='word_1_617' title='bbox 2463 3267 2921 3347; x_wconf 82' lang='lat' dir='ltr'><strong>intelligeretur</strong></span> <span class='ocrx_word' id='word_1_618' title='bbox 2968 3267 3049 3328; x_wconf 88' lang='lat' dir='ltr'><strong>de</strong></span> <span class='ocrx_word' id='word_1_619' title='bbox 3089 3273 3435 3348; x_wconf 85' lang='lat' dir='ltr'><strong>augmento</strong></span> 
     </span>
     <span class='ocr_line' id='line_1_90' title="bbox 1877 3359 3437 3442; baseline -0.001 -18"><span class='ocrx_word' id='word_1_620' title='bbox 1877 3359 2345 3442; x_wconf 83' lang='lat' dir='ltr'><strong>quodammodo</strong></span> <span class='ocrx_word' id='word_1_621' title='bbox 2390 3359 2711 3422; x_wconf 82' lang='lat' dir='ltr'><strong>extensive</strong></span> <span class='ocrx_word' id='word_1_622' title='bbox 2733 3405 2749 3434; x_wconf 90' lang='lat'><strong>,</strong></span> <span class='ocrx_word' id='word_1_623' title='bbox 2779 3361 2843 3421; x_wconf 89' lang='lat' dir='ltr'><strong>id</strong></span> <span class='ocrx_word' id='word_1_624' title='bbox 2874 3367 3009 3435; x_wconf 86' lang='lat' dir='ltr'><strong>est,</strong></span> <span class='ocrx_word' id='word_1_625' title='bbox 3054 3366 3125 3420; x_wconf 88' lang='lat' dir='ltr'><strong>ut</strong></span> <span class='ocrx_word' id='word_1_626' title='bbox 3152 3361 3437 3440; x_wconf 86' lang='lat' dir='ltr'><strong>pluribus</strong></span> 
     </span>
     <span class='ocr_line' id='line_1_91' title="bbox 1877 3455 3439 3534; baseline -0.001 -16"><span class='ocrx_word' id='word_1_627' title='bbox 1877 3457 2085 3518; x_wconf 89' lang='lat' dir='ltr'><strong>modis</strong></span> <span class='ocrx_word' id='word_1_628' title='bbox 2116 3461 2181 3518; x_wconf 85' lang='lat' dir='ltr'><strong>et</strong></span> <span class='ocrx_word' id='word_1_629' title='bbox 2209 3455 2559 3517; x_wconf 81' lang='lat' dir='ltr'><strong>rationibus</strong></span> <span class='ocrx_word' id='word_1_630' title='bbox 2594 3455 2701 3516; x_wconf 86' lang='lat' dir='ltr'><strong>illa</strong></span> <span class='ocrx_word' id='word_1_631' title='bbox 2742 3471 2935 3534; x_wconf 87' lang='lat' dir='ltr'><strong>opera</strong></span> <span class='ocrx_word' id='word_1_632' title='bbox 2978 3460 3193 3515; x_wconf 87' lang='lat' dir='ltr'><strong>essent</strong></span> <span class='ocrx_word' id='word_1_633' title='bbox 3224 3455 3439 3516; x_wconf 89' lang='lat' dir='ltr'><strong>condi-</strong></span> 
     </span>
     <span class='ocr_line' id='line_1_92' title="bbox 1877 3545 3439 3632; baseline -0.004 -18"><span class='ocrx_word' id='word_1_634' title='bbox 1877 3569 2005 3632; x_wconf 80' lang='lat' dir='ltr'><strong>gna</strong></span> <span class='ocrx_word' id='word_1_635' title='bbox 2034 3557 2101 3612; x_wconf 86' lang='lat' dir='ltr'><strong>et</strong></span> <span class='ocrx_word' id='word_1_636' title='bbox 2124 3548 2593 3630; x_wconf 80' lang='lat' dir='ltr'><strong>proportionata</strong></span> <span class='ocrx_word' id='word_1_637' title='bbox 2616 3547 2698 3608; x_wconf 87' lang='lat' dir='ltr'><strong>ad</strong></span> <span class='ocrx_word' id='word_1_638' title='bbox 2728 3548 3038 3623; x_wconf 82' lang='lat' dir='ltr'><strong>meritum,</strong></span> <span class='ocrx_word' id='word_1_639' title='bbox 3064 3547 3129 3607; x_wconf 84' lang='lat' dir='ltr'><strong>in</strong></span> <span class='ocrx_word' id='word_1_640' title='bbox 3156 3545 3279 3609; x_wconf 84' lang='lat' dir='ltr'><strong>hoc</strong></span> <span class='ocrx_word' id='word_1_641' title='bbox 3298 3563 3439 3608; x_wconf 86' lang='lat' dir='ltr'><strong>sen-</strong></span> 
     </span>
     <span class='ocr_line' id='line_1_93' title="bbox 1879 3639 3435 3719; baseline -0.004 -12"><span class='ocrx_word' id='word_1_642' title='bbox 1879 3665 1956 3707; x_wconf 80' lang='lat' dir='ltr'><strong>sa</strong></span> <span class='ocrx_word' id='word_1_643' title='bbox 1976 3661 2195 3705; x_wconf 79' lang='lat' dir='ltr'><strong>verum</strong></span> <span class='ocrx_word' id='word_1_644' title='bbox 2227 3648 2321 3704; x_wconf 87' lang='lat' dir='ltr'><strong>est</strong></span> <span class='ocrx_word' id='word_1_645' title='bbox 2348 3640 2506 3702; x_wconf 89' lang='lat' dir='ltr'><strong>illud</strong></span> <span class='ocrx_word' id='word_1_646' title='bbox 2532 3640 2793 3718; x_wconf 87' lang='lat' dir='ltr'><strong>dictum,</strong></span> <span class='ocrx_word' id='word_1_647' title='bbox 2816 3647 2887 3701; x_wconf 86' lang='lat' dir='ltr'><strong>ut</strong></span> <span class='ocrx_word' id='word_1_648' title='bbox 2914 3639 3289 3719; x_wconf 84' lang='lat' dir='ltr'><strong>explicatum</strong></span> <span class='ocrx_word' id='word_1_649' title='bbox 3318 3652 3435 3701; x_wconf 84' lang='lat' dir='ltr'><strong>est.</strong></span> 
     </span>
    </p>
   </div>
   <div class='ocr_carea' id='block_1_5' title="bbox 1851 3733 3439 3816">
    <p class='ocr_par' dir='ltr' id='par_1_6' title="bbox 1851 3733 3439 3816">
     <span class='ocr_line' id='line_1_94' title="bbox 1851 3733 3439 3816; baseline -0.004 -16"><span class='ocrx_word' id='word_1_650' title='bbox 1851 3785 1858 3790; x_wconf 82' lang='lat'><strong>.</strong></span> <span class='ocrx_word' id='word_1_651' title='bbox 1878 3740 2136 3801; x_wconf 86' lang='lat' dir='ltr'><strong>Constat</strong></span> <span class='ocrx_word' id='word_1_652' title='bbox 2156 3736 2347 3816; x_wconf 83' lang='lat' dir='ltr'><strong>igitur</strong></span> <span class='ocrx_word' id='word_1_653' title='bbox 2366 3735 2529 3796; x_wconf 86' lang='lat' dir='ltr'><strong>hanc</strong></span> <span class='ocrx_word' id='word_1_654' title='bbox 2546 3739 2836 3813; x_wconf 86' lang='lat' dir='ltr'><strong>quartam</strong></span> <span class='ocrx_word' id='word_1_655' title='bbox 2860 3733 3281 3794; x_wconf 87' lang='lat' dir='ltr'><strong>conditionem</strong></span> <span class='ocrx_word' id='word_1_656' title='bbox 3296 3749 3439 3812; x_wconf 77' lang='lat' dir='ltr'><strong>per-</strong></span> 
     </span>
    </p>
   </div>
   <div class='ocr_carea' id='block_1_6' title="bbox 1876 3821 3456 5590">
    <p class='ocr_par' dir='ltr' id='par_1_7' title="bbox 1876 3821 3441 4187">
     <span class='ocr_line' id='line_1_95' title="bbox 1876 3821 3440 3893; baseline -0.004 0"><span class='ocrx_word' id='word_1_657' title='bbox 1876 3831 2215 3893; x_wconf 83' lang='lat' dir='ltr'><strong>fectissimo</strong></span> <span class='ocrx_word' id='word_1_658' title='bbox 2246 3828 2435 3890; x_wconf 87' lang='lat' dir='ltr'><strong>modo</strong></span> <span class='ocrx_word' id='word_1_659' title='bbox 2462 3828 2781 3889; x_wconf 81' lang='lat' dir='ltr'><strong>inventam</strong></span> <span class='ocrx_word' id='word_1_660' title='bbox 2810 3841 2949 3888; x_wconf 85' lang='lat' dir='ltr'><strong>esse</strong></span> <span class='ocrx_word' id='word_1_661' title='bbox 2968 3821 3035 3886; x_wconf 85' lang='lat' dir='ltr'><strong>in</strong></span> <span class='ocrx_word' id='word_1_662' title='bbox 3057 3825 3299 3887; x_wconf 86' lang='lat' dir='ltr'><strong>Christo</strong></span> <span class='ocrx_word' id='word_1_663' title='bbox 3324 3827 3440 3888; x_wconf 90' lang='lat' dir='ltr'><strong>Do·</strong></span> 
     </span>
     <span class='ocr_line' id='line_1_96' title="bbox 1877 3917 3441 4000; baseline -0.004 -14"><span class='ocrx_word' id='word_1_664' title='bbox 1877 3927 2076 3988; x_wconf 90' lang='lat' dir='ltr'><strong>mino.</strong></span> <span class='ocrx_word' id='word_1_665' title='bbox 2106 3926 2202 3984; x_wconf 84' lang='lat' dir='ltr'><strong>An</strong></span> <span class='ocrx_word' id='word_1_666' title='bbox 2232 3939 2376 3984; x_wconf 80' lang='lat' dir='ltr'><strong>vero</strong></span> <span class='ocrx_word' id='word_1_667' title='bbox 2407 3920 2749 4000; x_wconf 84' lang='lat' dir='ltr'><strong>indiguerit</strong></span> <span class='ocrx_word' id='word_1_668' title='bbox 2768 3920 3046 3982; x_wconf 82' lang='lat' dir='ltr'><strong>Christus</strong></span> <span class='ocrx_word' id='word_1_669' title='bbox 3072 3917 3285 3996; x_wconf 82' lang='lat' dir='ltr'><strong>aliqua</strong></span> <span class='ocrx_word' id='word_1_670' title='bbox 3316 3918 3441 3980; x_wconf 85' lang='lat' dir='ltr'><strong>alia</strong></span> 
     </span>
     <span class='ocr_line' id='line_1_97' title="bbox 1881 4011 3435 4099; baseline -0.005 -18"><span class='ocrx_word' id='word_1_671' title='bbox 1881 4018 2081 4099; x_wconf 83' lang='lat' dir='ltr'><strong>gratia</strong></span> <span class='ocrx_word' id='word_1_672' title='bbox 2120 4015 2369 4089; x_wconf 85' lang='lat' dir='ltr'><strong>actuali,</strong></span> <span class='ocrx_word' id='word_1_673' title='bbox 2416 4013 2518 4076; x_wconf 81' lang='lat' dir='ltr'><strong>vel</strong></span> <span class='ocrx_word' id='word_1_674' title='bbox 2564 4011 3022 4093; x_wconf 85' lang='lat' dir='ltr'><strong>supernaturali</strong></span> <span class='ocrx_word' id='word_1_675' title='bbox 3050 4011 3435 4092; x_wconf 82' lang='lat' dir='ltr'><strong>cognitione,</strong></span> 
     </span>
     <span class='ocr_line' id='line_1_98' title="bbox 1879 4104 3085 4187; baseline -0.007 -14"><span class='ocrx_word' id='word_1_676' title='bbox 1879 4113 2163 4174; x_wconf 86' lang='lat' dir='ltr'><strong>dicemus</strong></span> <span class='ocrx_word' id='word_1_677' title='bbox 2190 4109 2253 4171; x_wconf 93' lang='lat' dir='ltr'><strong>in</strong></span> <span class='ocrx_word' id='word_1_678' title='bbox 2274 4107 2401 4170; x_wconf 82' lang='lat' dir='ltr'><strong>tine</strong></span> <span class='ocrx_word' id='word_1_679' title='bbox 2423 4107 2745 4187; x_wconf 83' lang='lat' dir='ltr'><strong>sequentis</strong></span> <span class='ocrx_word' id='word_1_680' title='bbox 2772 4104 3085 4169; x_wconf 83' lang='lat' dir='ltr'><strong>sectionis.</strong></span> 
     </span>
    </p>

    <p class='ocr_par' dir='ltr' id='par_1_8' title="bbox 1879 4199 3456 5590">
     <span class='ocr_line' id='line_1_99' title="bbox 1964 4199 3439 4284; baseline -0.004 -17"><span class='ocrx_word' id='word_1_681' title='bbox 1964 4209 2023 4268; x_wconf 84' lang='lat'><strong>7.</strong></span> <span class='ocrx_word' id='word_1_682' title='bbox 2072 4203 2438 4284; x_wconf 76' lang='lat' dir='ltr'><strong>objecti0.-</strong></span> <span class='ocrx_word' id='word_1_683' title='bbox 2460 4200 2897 4283; x_wconf 75' lang='lat' dir='ltr'><strong>Respmio.--</strong></span> <span class='ocrx_word' id='word_1_684' title='bbox 2913 4199 3141 4270; x_wconf 83' lang='lat' dir='ltr'><strong>Quinta</strong></span> <span class='ocrx_word' id='word_1_685' title='bbox 3166 4199 3439 4264; x_wconf 84' lang='lat' dir='ltr'><strong>conditio</strong></span> 
     </span>
     <span class='ocr_line' id='line_1_100' title="bbox 1881 4293 3443 4379; baseline -0.005 -17"><span class='ocrx_word' id='word_1_686' title='bbox 1881 4317 1961 4363; x_wconf 81' lang='lat' dir='ltr'><strong>ex</strong></span> <span class='ocrx_word' id='word_1_687' title='bbox 2003 4304 2185 4379; x_wconf 85' lang='lat' dir='ltr'><strong>parte</strong></span> <span class='ocrx_word' id='word_1_688' title='bbox 2232 4297 2423 4358; x_wconf 85' lang='lat' dir='ltr'><strong>etiam</strong></span> <span class='ocrx_word' id='word_1_689' title='bbox 2466 4309 2755 4374; x_wconf 77' lang='lat' dir='ltr'><strong>personae</strong></span> <span class='ocrx_word' id='word_1_690' title='bbox 2784 4293 3109 4365; x_wconf 84' lang='lat' dir='ltr'><strong>merentis,</strong></span> <span class='ocrx_word' id='word_1_691' title='bbox 3140 4295 3239 4354; x_wconf 89' lang='lat' dir='ltr'><strong>est</strong></span> <span class='ocrx_word' id='word_1_692' title='bbox 3266 4298 3336 4354; x_wconf 89' lang='lat' dir='ltr'><strong>ut</strong></span> <span class='ocrx_word' id='word_1_693' title='bbox 3362 4293 3443 4354; x_wconf 85' lang='lat' dir='ltr'><strong>sit</strong></span> 
     </span>
     <span class='ocr_line' id='line_1_101' title="bbox 1879 4385 3441 4470; baseline -0.004 -15"><span class='ocrx_word' id='word_1_694' title='bbox 1879 4394 2105 4465; x_wconf 75' lang='lat' dir='ltr'><strong>viator,</strong></span> <span class='ocrx_word' id='word_1_695' title='bbox 2131 4405 2323 4470; x_wconf 86' lang='lat' dir='ltr'><strong>qaam</strong></span> <span class='ocrx_word' id='word_1_696' title='bbox 2350 4387 2771 4449; x_wconf 85' lang='lat' dir='ltr'><strong>necessariam</strong></span> <span class='ocrx_word' id='word_1_697' title='bbox 2790 4403 2931 4448; x_wconf 85' lang='lat' dir='ltr'><strong>esse</strong></span> <span class='ocrx_word' id='word_1_698' title='bbox 2954 4386 3179 4447; x_wconf 85' lang='lat' dir='ltr'><strong>saltem</strong></span> <span class='ocrx_word' id='word_1_699' title='bbox 3200 4385 3441 4467; x_wconf 82' lang='lat' dir='ltr'><strong>exlege</strong></span> 
     </span>
     <span class='ocr_line' id='line_1_102' title="bbox 1881 4479 3445 4560; baseline -0.004 -11"><span class='ocrx_word' id='word_1_700' title='bbox 1881 4485 1995 4549; x_wconf 88' lang='lat' dir='ltr'><strong>Dei</strong></span> <span class='ocrx_word' id='word_1_701' title='bbox 2044 4483 2359 4547; x_wconf 85' lang='lat' dir='ltr'><strong>ordinaria</strong></span> <span class='ocrx_word' id='word_1_702' title='bbox 2400 4479 2747 4560; x_wconf 81' lang='lat' dir='ltr'><strong>(quidquid</strong></span> <span class='ocrx_word' id='word_1_703' title='bbox 2775 4481 2854 4541; x_wconf 84' lang='lat' dir='ltr'><strong>sit</strong></span> <span class='ocrx_word' id='word_1_704' title='bbox 2897 4479 2979 4540; x_wconf 86' lang='lat' dir='ltr'><strong>de</strong></span> <span class='ocrx_word' id='word_1_705' title='bbox 3006 4480 3297 4542; x_wconf 82' lang='lat' dir='ltr'><strong>absoluta</strong></span> <span class='ocrx_word' id='word_1_706' title='bbox 3331 4497 3445 4559; x_wconf 86' lang='lat' dir='ltr'><strong>po-</strong></span> 
     </span>
     <span class='ocr_line' id='line_1_103' title="bbox 1883 4572 3447 4659; baseline -0.008 -16"><span class='ocrx_word' id='word_1_707' title='bbox 1883 4581 2115 4659; x_wconf 82' lang='lat' dir='ltr'><strong>tentia)</strong></span> <span class='ocrx_word' id='word_1_708' title='bbox 2146 4593 2363 4640; x_wconf 83' lang='lat' dir='ltr'><strong>omnes</strong></span> <span class='ocrx_word' id='word_1_709' title='bbox 2388 4573 2693 4652; x_wconf 81' lang='lat' dir='ltr'><strong>Theologi</strong></span> <span class='ocrx_word' id='word_1_710' title='bbox 2728 4572 2998 4648; x_wconf 86' lang='lat' dir='ltr'><strong>docent,</strong></span> <span class='ocrx_word' id='word_1_711' title='bbox 3032 4578 3101 4634; x_wconf 87' lang='lat' dir='ltr'><strong>ut</strong></span> <span class='ocrx_word' id='word_1_712' title='bbox 3128 4572 3317 4634; x_wconf 86' lang='lat' dir='ltr'><strong>latius</strong></span> <span class='ocrx_word' id='word_1_713' title='bbox 3348 4572 3447 4632; x_wconf 82' lang='lat' dir='ltr'><strong>vi-</strong></span> 
     </span>
     <span class='ocr_line' id='line_1_104' title="bbox 1881 4665 3447 4744; baseline -0.005 -8"><span class='ocrx_word' id='word_1_714' title='bbox 1881 4673 2173 4736; x_wconf 85' lang='lat' dir='ltr'><strong>debimus</strong></span> <span class='ocrx_word' id='word_1_715' title='bbox 2202 4667 2439 4744; x_wconf 89' lang='lat' dir='ltr'><strong>statim,</strong></span> <span class='ocrx_word' id='word_1_716' title='bbox 2494 4670 2645 4729; x_wconf 85' lang='lat' dir='ltr'><strong>sect.</strong></span> <span class='ocrx_word' id='word_1_717' title='bbox 2685 4667 2749 4740; x_wconf 82' lang='lat'><strong>3,</strong></span> <span class='ocrx_word' id='word_1_718' title='bbox 2798 4666 2908 4727; x_wconf 87' lang='lat' dir='ltr'><strong>ubi</strong></span> <span class='ocrx_word' id='word_1_719' title='bbox 2938 4666 3125 4728; x_wconf 78' lang='lat' dir='ltr'><strong>simul</strong></span> <span class='ocrx_word' id='word_1_720' title='bbox 3152 4665 3447 4728; x_wconf 86' lang='lat' dir='ltr'><strong>ostende·</strong></span> 
     </span>
     <span class='ocr_line' id='line_1_105' title="bbox 1884 4758 3447 4830; baseline -0.006 0"><span class='ocrx_word' id='word_1_721' title='bbox 1884 4785 2027 4830; x_wconf 87' lang='lat' dir='ltr'><strong>mus</strong></span> <span class='ocrx_word' id='word_1_722' title='bbox 2052 4763 2474 4827; x_wconf 82' lang='lat' dir='ltr'><strong>conditionem</strong></span> <span class='ocrx_word' id='word_1_723' title='bbox 2520 4761 2689 4822; x_wconf 86' lang='lat' dir='ltr'><strong>hanc</strong></span> <span class='ocrx_word' id='word_1_724' title='bbox 2734 4759 2922 4822; x_wconf 86' lang='lat' dir='ltr'><strong>etiam</strong></span> <span class='ocrx_word' id='word_1_725' title='bbox 2952 4759 3017 4819; x_wconf 89' lang='lat' dir='ltr'><strong>in</strong></span> <span class='ocrx_word' id='word_1_726' title='bbox 3056 4758 3295 4821; x_wconf 87' lang='lat' dir='ltr'><strong>Christo</strong></span> <span class='ocrx_word' id='word_1_727' title='bbox 3324 4761 3447 4820; x_wconf 89' lang='lat' dir='ltr'><strong>Do-</strong></span> 
     </span>
     <span class='ocr_line' id='line_1_106' title="bbox 1885 4852 3447 4925; baseline -0.006 -2"><span class='ocrx_word' id='word_1_728' title='bbox 1885 4863 2059 4923; x_wconf 88' lang='lat' dir='ltr'><strong>mino</strong></span> <span class='ocrx_word' id='word_1_729' title='bbox 2088 4859 2283 4919; x_wconf 84' lang='lat' dir='ltr'><strong>fuisse</strong></span> <span class='ocrx_word' id='word_1_730' title='bbox 2310 4853 2758 4917; x_wconf 84' lang='lat' dir='ltr'><strong>necessariam.</strong></span> <span class='ocrx_word' id='word_1_731' title='bbox 2808 4853 2991 4925; x_wconf 86' lang='lat' dir='ltr'><strong>Quod</strong></span> <span class='ocrx_word' id='word_1_732' title='bbox 3032 4853 3201 4914; x_wconf 87' lang='lat' dir='ltr'><strong>enim</strong></span> <span class='ocrx_word' id='word_1_733' title='bbox 3246 4852 3447 4914; x_wconf 81' lang='lat' dir='ltr'><strong>viator</strong></span> 
     </span>
     <span class='ocr_line' id='line_1_107' title="bbox 1889 4947 3447 5033; baseline -0.006 -17"><span class='ocrx_word' id='word_1_734' title='bbox 1889 4951 2227 5033; x_wconf 83' lang='lat' dir='ltr'><strong>aliquando</strong></span> <span class='ocrx_word' id='word_1_735' title='bbox 2254 4950 2463 5022; x_wconf 84' lang='lat' dir='ltr'><strong>fuerit,</strong></span> <span class='ocrx_word' id='word_1_736' title='bbox 2497 4947 2754 5024; x_wconf 84' lang='lat' dir='ltr'><strong>scilicet,</strong></span> <span class='ocrx_word' id='word_1_737' title='bbox 2788 4963 2863 5008; x_wconf 87' lang='lat' dir='ltr'><strong>eo</strong></span> <span class='ocrx_word' id='word_1_738' title='bbox 2889 4953 3175 5026; x_wconf 73' lang='lat' dir='ltr'><strong>tempore</strong></span> <span class='ocrx_word' id='word_1_739' title='bbox 3202 4965 3330 5028; x_wconf 89' lang='lat' dir='ltr'><strong>quo</strong></span> <span class='ocrx_word' id='word_1_740' title='bbox 3358 4947 3447 5008; x_wconf 80' lang='lat' dir='ltr'><strong>vi·</strong></span> 
     </span>
     <span class='ocr_line' id='line_1_108' title="bbox 1887 5039 3447 5124; baseline -0.007 -13"><span class='ocrx_word' id='word_1_741' title='bbox 1887 5049 1979 5112; x_wconf 76' lang='lat' dir='ltr'><strong>xit</strong></span> <span class='ocrx_word' id='word_1_742' title='bbox 1998 5048 2067 5109; x_wconf 91' lang='lat' dir='ltr'><strong>in</strong></span> <span class='ocrx_word' id='word_1_743' title='bbox 2094 5059 2359 5124; x_wconf 88' lang='lat' dir='ltr'><strong>corpore</strong></span> <span class='ocrx_word' id='word_1_744' title='bbox 2382 5040 2688 5121; x_wconf 86' lang='lat' dir='ltr'><strong>passibili,</strong></span> <span class='ocrx_word' id='word_1_745' title='bbox 2712 5039 3164 5102; x_wconf 86' lang='lat' dir='ltr'><strong>demonstravit</strong></span> <span class='ocrx_word' id='word_1_746' title='bbox 3191 5042 3265 5104; x_wconf 90' lang='lat' dir='ltr'><strong>D.</strong></span> <span class='ocrx_word' id='word_1_747' title='bbox 3284 5040 3447 5101; x_wconf 83' lang='lat' dir='ltr'><strong>Tho·</strong></span> 
     </span>
     <span class='ocr_line' id='line_1_109' title="bbox 1889 5131 3447 5219; baseline -0.007 -14"><span class='ocrx_word' id='word_1_748' title='bbox 1889 5159 2027 5204; x_wconf 88' lang='lat' dir='ltr'><strong>mas</strong></span> <span class='ocrx_word' id='word_1_749' title='bbox 2056 5155 2269 5219; x_wconf 85' lang='lat' dir='ltr'><strong>supra,</strong></span> <span class='ocrx_word' id='word_1_750' title='bbox 2300 5151 2367 5214; x_wconf 91' lang='lat' dir='ltr'><strong>q.</strong></span> <span class='ocrx_word' id='word_1_751' title='bbox 2400 5137 2500 5207; x_wconf 81' lang='grc'><strong>15,</strong></span> <span class='ocrx_word' id='word_1_752' title='bbox 2534 5139 2651 5194; x_wconf 86' lang='lat' dir='ltr'><strong>art.</strong></span> <span class='ocrx_word' id='word_1_753' title='bbox 2694 5135 2793 5208; x_wconf 85' lang='grc'><strong>10,</strong></span> <span class='ocrx_word' id='word_1_754' title='bbox 2822 5139 2886 5194; x_wconf 88' lang='lat' dir='ltr'><strong>et</strong></span> <span class='ocrx_word' id='word_1_755' title='bbox 2912 5131 3055 5193; x_wconf 89' lang='lat' dir='ltr'><strong>ideo</strong></span> <span class='ocrx_word' id='word_1_756' title='bbox 3081 5131 3303 5195; x_wconf 86' lang='lat' dir='ltr'><strong>saltem</strong></span> <span class='ocrx_word' id='word_1_757' title='bbox 3332 5149 3447 5212; x_wconf 87' lang='lat' dir='ltr'><strong>pro</strong></span> 
     </span>
     <span class='ocr_line' id='line_1_110' title="bbox 1891 5223 3449 5311; baseline -0.008 -14"><span class='ocrx_word' id='word_1_758' title='bbox 1891 5253 1969 5297; x_wconf 93' lang='lat' dir='ltr'><strong>eo</strong></span> <span class='ocrx_word' id='word_1_759' title='bbox 1991 5241 2279 5311; x_wconf 88' lang='lat' dir='ltr'><strong>tempore</strong></span> <span class='ocrx_word' id='word_1_760' title='bbox 2302 5226 2495 5289; x_wconf 88' lang='lat' dir='ltr'><strong>fuisse</strong></span> <span class='ocrx_word' id='word_1_761' title='bbox 2517 5225 2831 5288; x_wconf 79' lang='lat' dir='ltr'><strong>Christum</strong></span> <span class='ocrx_word' id='word_1_762' title='bbox 2858 5225 2925 5286; x_wconf 88' lang='lat' dir='ltr'><strong>in</strong></span> <span class='ocrx_word' id='word_1_763' title='bbox 2956 5232 3119 5288; x_wconf 83' lang='lat' dir='ltr'><strong>stata</strong></span> <span class='ocrx_word' id='word_1_764' title='bbox 3138 5223 3449 5300; x_wconf 87' lang='lat' dir='ltr'><strong>merendi,</strong></span> 
     </span>
     <span class='ocr_line' id='line_1_111' title="bbox 1891 5317 3452 5410; baseline -0.008 -20"><span class='ocrx_word' id='word_1_765' title='bbox 1891 5330 2041 5410; x_wconf 87' lang='lat' dir='ltr'><strong>quia</strong></span> <span class='ocrx_word' id='word_1_766' title='bbox 2066 5343 2211 5388; x_wconf 91' lang='lat' dir='ltr'><strong>cum</strong></span> <span class='ocrx_word' id='word_1_767' title='bbox 2233 5319 3078 5399; x_wconf 73' lang='lat' dir='ltr'><strong>haberetcorpus·passibile,</strong></span> <span class='ocrx_word' id='word_1_768' title='bbox 3100 5317 3452 5382; x_wconf 78' lang='lat' dir='ltr'><strong>secandum</strong></span> 
     </span>
     <span class='ocr_line' id='line_1_112' title="bbox 1895 5411 3456 5494; baseline -0.01 -9"><span class='ocrx_word' id='word_1_769' title='bbox 1895 5439 2037 5485; x_wconf 88' lang='lat' dir='ltr'><strong>eam</strong></span> <span class='ocrx_word' id='word_1_770' title='bbox 2054 5419 2367 5482; x_wconf 80' lang='lat' dir='ltr'><strong>rationem</strong></span> <span class='ocrx_word' id='word_1_771' title='bbox 2394 5415 2607 5494; x_wconf 83' lang='lat' dir='ltr'><strong>aliquo</strong></span> <span class='ocrx_word' id='word_1_772' title='bbox 2634 5413 2825 5474; x_wconf 88' lang='lat' dir='ltr'><strong>modo</strong></span> <span class='ocrx_word' id='word_1_773' title='bbox 2851 5412 3152 5476; x_wconf 85' lang='lat' dir='ltr'><strong>tendebat</strong></span> <span class='ocrx_word' id='word_1_774' title='bbox 3173 5413 3237 5474; x_wconf 88' lang='lat' dir='ltr'><strong>in</strong></span> <span class='ocrx_word' id='word_1_775' title='bbox 3256 5411 3456 5473; x_wconf 87' lang='lat' dir='ltr'><strong>beati-</strong></span> 
     </span>
     <span class='ocr_line' id='line_1_113' title="bbox 1894 5506 3453 5590; baseline -0.009 -10"><span class='ocrx_word' id='word_1_776' title='bbox 1894 5515 2175 5581; x_wconf 87' lang='lat' dir='ltr'><strong>tudinem</strong></span> <span class='ocrx_word' id='word_1_777' title='bbox 2202 5557 2222 5590; x_wconf 90' lang='lat'><strong>,</strong></span> <span class='ocrx_word' id='word_1_778' title='bbox 2256 5517 2319 5574; x_wconf 86' lang='lat' dir='ltr'><strong>et</strong></span> <span class='ocrx_word' id='word_1_779' title='bbox 2341 5511 2463 5572; x_wconf 88' lang='lat' dir='ltr'><strong>hoc</strong></span> <span class='ocrx_word' id='word_1_780' title='bbox 2490 5512 2581 5570; x_wconf 88' lang='lat' dir='ltr'><strong>est</strong></span> <span class='ocrx_word' id='word_1_781' title='bbox 2613 5523 2747 5569; x_wconf 87' lang='lat' dir='ltr'><strong>esse</strong></span> <span class='ocrx_word' id='word_1_782' title='bbox 2774 5506 3075 5569; x_wconf 84' lang='lat' dir='ltr'><strong>viatorem</strong></span> <span class='ocrx_word' id='word_1_783' title='bbox 3094 5549 3119 5582; x_wconf 90' lang='lat'><strong>,</strong></span> <span class='ocrx_word' id='word_1_784' title='bbox 3148 5509 3213 5569; x_wconf 84' lang='lat' dir='ltr'><strong>et</strong></span> <span class='ocrx_word' id='word_1_785' title='bbox 3234 5520 3453 5567; x_wconf 84' lang='lat' dir='ltr'><strong>conse·</strong></span> 
     </span>
    </p>
   </div>
   <div class='ocr_carea' id='block_1_7' title="bbox 3046 5611 3122 5675">
    <p class='ocr_par' dir='ltr' id='par_1_9' title="bbox 3046 5611 3122 5675">
     <span class='ocr_line' id='line_1_114' title="bbox 3046 5611 3122 5675; baseline -0.013 0"><span class='ocrx_word' id='word_1_786' title='bbox 3046 5611 3122 5675; x_wconf 77' lang='lat'><strong>21</strong></span> 
     </span>
    </p>
   </div>
  </div>
 </body>
</html>
