3892 6167
1498 314 1686 369 tubex
1720 312 1927 369 timuit
1936 330 1962 367 .·

164 412 245 469 ne
268 410 491 471 cbristo
506 416 677 472 muita
686 418 1057 487 metaphorice
1066 418 1230 482 dicta,
1250 416 1321 473 ad
1340 416 1575 474 litteram
1594 416 1679 472 in-

168 488 501 555 telligentes.
526 494 697 547 Judaei
727 501 995 560 errarunt,
1018 496 1093 551 ib.

166 562 326 619 Sicut
360 566 525 620 etiam
568 578 752 625 errant
790 572 1067 641 duplicem
1094 572 1214 639 ejus
1244 571 1539 627 adventum
1568 582 1681 627 non

168 640 595 711 distinguentes
623 646 699 701 ib.

90 716 392 775 christum
412 733 605 779 verum
632 724 913 783 hominem
946 734 1062 781 εειο
1089 720 1411 785 ostenditur,
1432 720 1509 777 lb.

92 792 393 849 Christum
414 808 607 853 verum
627 800 797 857 Deum
816 800 987 871 quiet
1013 806 1147 871 quot
1182 798 1422 855 haeretici
1450 810 1686 867 negave-

176 870 317 933 rint,
354 872 410 925 d.
438 879 545 937 2,s.
576 881 623 929 2.

92 944 401 1075 eng-istum·
412 962 603 1005 verum
618 952 787 1009 Deum
806 963 925 1009 esse
936 952 1105 1010 variis
1122 950 1260 1009 locis
1272 950 1547 1018 scriptura
1563 960 1689 1019 pro-

93 1024 764 1159 cnrssssffiinssiimooenoem
787 1118 887 1173 pro
906 1104 1234 1163 nocentibus
1250 1104 1390 1161 mori
1420 1116 1559 1173 opus
1581 1101 1688 1161 fuit

168 1188 411 1305 Ξυιὲιωεε
440 1180 851 1245 misericordiae,
872 1187 927 1236 et
944 1195 1055 1237 non
1075 1184 1296 1249 justitiae
1320 1188 1537 1249 nostrae,
1558 1182 1613 1236 d.
1636 1184 1685 1246 ὅ,

96 1328 803 1399 cbristum'redemptorem
822 1344 1130 1403 corporum,
1147 1346 1259 1389 non
1274 1332 1583 1389 animarum
1606 1332 1691 1387 in-

173 1404 373 1459 fideles
400 1407 681 1461 eredentes
705 1409 1123 1477 redarguuntur,
1159 1409 1237 1463 ib.

106 1482 366 1539 cbristus
389 1496 503 1541 non
522 1484 698 1543 solum
726 1500 825 1555 pro
846 1486 1169 1543 hominibus
1195 1490 1317 1554 post
1338 1488 1517 1555 ipsum
1546 1486 1689 1541 rutu-

178 1559 278 1622 ris,
306 1558 405 1617 sed
432 1560 597 1619 etiam
622 1574 723 1629 pro
740 1562 1196 1629 praecedentibus,
1227 1568 1435 1619 mortus
1462 1565 1559 1626 est,
1575 1562 1651 1616 ib.

100 1633 367 1688 christus
394 1632 721 1690 sufficienter
744 1644 853 1693 tam
874 1652 973 1709 pro
994 1638 1249 1707 originali
1276 1645 1497 1707 peccato
1520 1650 1685 1707 quam

174 1722 287 1777 pro
315 1712 589 1769 universis
612 1713 903 1771 bominum
924 1715 1159 1785 peccatis
1180 1713 1458 1771 satisfecit.
1497 1712 1573 1769 ib.

172 1784 259 1839 Ea
288 1786 501 1843 ratione
527 1800 629 1843 nos
660 1788 953 1847 redemisse
980 1796 1035 1847 et
1054 1792 1249 1847 emisse
1272 1789 1493 1849 dicitur.
1516 1788 1591 1843 ib.

102 1862 373 1919 christus
392 1876 507 1921 non
530 1865 705 1922 solum
734 1879 833 1935 pro
854 1868 1088 1937 peccatis
1114 1866 1295 1937 quoad
1318 1864 1554 1935 culpam,
1592 1866 1689 1920 sed

178 1938 353 2065 <setiam
380 1950 477 2067 pti-o
499 1942 683 2009 poenis
704 1942 913 2001 eisdem
954 1942 1155 2003 debitis
1180 1940 1511 1999 sufficienter
1528 1942 1690 1997 setis-

210 2014 343 2075 ecit,
378 2012 394 2066 i
442 2057 451 2067 .

104 2089 372 2219 Cirigstus
399 2090 649 2149 liberavit
668 2106 771 2151 nos
790 2108 823 2149 a
844 2099 1103 2165 potestate
1122 2094 1406 2161 daemonis,
1428 2098 1482 2149 et
1500 2106 1687 2161 quare,

188 2180 205 2218 1
254 2202 269 2215 .

106 2242 371 2297 Christus
394 2244 623 2311 januam
655 2248 812 2313 regni
836 2248 1073 2305 coelestis
1100 2250 1260 2305 antea
1290 2246 1531 2305 clausam
1558 2260 1688 2315 pro-

188 2324 379 2383 pterea
400 2320 681 2385 aperuisse
704 2323 921 2385 dieitur.
952 2321 1027 2377 ib.

178 2394 243 2445 Et
272 2400 499 2447 mortem
525 2410 827 2462 superasse,
855 2410 971 2451 'non
998 2402 1061 2453 ut
1080 2410 1199 2454 eam
1222 2410 1335 2453 non
1364 2396 1687 2461 subiremuS,

186 2467 287 2521 sed
314 2476 377 2521 ut
398 2470 453 2522 in
486 2483 553 2524 ea
580 2484 693 2527 non
716 2484 1177 2539 permaneremus.
1210 2471 1285 2529 ib.

116 2543 567 2673 Christushnobis
591 2547 766 2606 multo
806 2549 931 2616 plus
956 2548 1165 2618 proruit
1184 2562 1351 2617 quam
1389 2548 1561 2605 Adam
1588 2560 1693 2607 no·-

192 2619 324 2683 cuit,
350 2619 366 2672 i
413 2662 423 2673 .

120 2693 391 2827 christug,
431 2696 677 2753 absolute
698 2698 993 2769 loquendo,
1021 2705 1081 2757 ut
1105 2702 1245 2757 Deus
1284 2700 1448 2758 bomo
1480 2697 1691 2757 satisfe-

186 2769 283 2833 cit,
314 2770 329 2822 i
372 2806 391 2825 .

118 2844 376 2903 cbristus
408 2858 521 2905 non
570 2846 747 2905 solum
784 2850 922 2913 Deo.
966 2850 1065 2909 sed
1090 2852 1254 2909 etiam
1292 2850 1613 2909 bominibus
1640 2856 1697 2907 et

189 2922 469 2976 catoribus
499 2937 557 2977 se
576 2926 841 2991 subdidit,
866 2926 943 2981 ib.

122 2998 379 3055 christus
416 2999 571 3067 pluro
606 3008 861 3069 operatur
896 3002 1201 3061 secundum
1242 3003 1611 3061 intensionem
1644 3008 1699 3061 et

198 3071 589 3135 perfectionem
620 3076 677 3129 in
701 3077 1041 3135 hominibus.
1058 3091 1225 3143 quam
1251 3084 1527 3143 peccatum
1546 3078 1695 3141 Adoe,

200 3146 331 3201 licet
358 3160 467 3203 non
493 3151 783 3207 secundum
814 3160 1207 3217 extensionem,
1234 3167 1276 3207 s.
1304 3157 1353 3206 t.

199 3222 327 3286 Cur,
360 3222 615 3281 existente
639 3228 836 3283 christi
868 3228 1243 3298 redemptione
1276 3234 1385 3283 tam
1408 3228 1629 3297 eopiosa
1647 3234 1702 3283 et

198 3296 435 3362 infinita,
466 3306 571 3357 tam
596 3304 756 3369 pauci
792 3304 1045 3361 homines
1070 3304 1366 3369 salventur,
1391 3318 1435 3359 ε.
1470 3309 1519 3357 ⁴.

127 3370 377 3425 Christus
404 3386 515 3428 non
540 3380 909 3433 communicat
942 3380 1190 3435 membro
1218 3392 1318 3434 suo
1344 3379 1599 3433 virtutem
1629 3378 1701 3433 ad

193 3448 639 3509 satisfaciendum
664 3456 825 3512 modo
845 3456 953 3513 sibi
973 3456 1215 3525 proprio,
1230 3456 1329 3513 sed
1344 3455 1453 3511 alio
1480 3454 1563 3511 illi
1578 3466 1703 3524 1)ΐο-

196 3523 526 3589 portionem,
562 3542 607 3583 ε.
630 3532 711 3581 12.

132 3598 379 3655 Christus
406 3602 718 3659 exhibuisse
748 3602 1023 3663 sufficiens
1044 3604 1348 3665 remedium
1372 3606 1443 3665 ad
1468 3604 1699 3663 deletio·

197 3688 325 3727 nem
361 3678 611 3733 omnium
659 3688 1025 3749 peccatorum,
1068 3690 1151 3739 est
1176 3684 1595 3755 intelligendum
1630 3684 1701 3738 de

198 3750 541 3819 hominihus.
578 3760 635 3811 et
660 3769 771 3815 non
791 3757 861 3815 de
880 3759 1123 3827 Angelis.
1142 3762 1199 3817 d.
1218 3768 1266 3824 tt,
1300 3776 1344 3817 s.
1362 3766 1409 3817 1.

133 3826 381 3881 Christus
400 3842 513 3883 non
530 3830 715 3885 minus
735 3833 1110 3903 principaliter
1126 3836 1275 3894 venil
1297 3842 1517 3907 propter
1530 3834 1702 3893 Adam

196 3917 363 3971 quam
396 3914 614 3975 propter
639 3909 795 3975 alios,
832 3910 907 3965 ib.

135 3978 382 4033 Christus
395 3994 495 4048 pro
510 3996 674 4049 poena
692 3982 881 4038 damni
898 4000 1034 4053 quas
1048 4001 1243 4055 poenas
1264 3988 1603 4055 sustinuerit,
1626 3986 1701 4043 ih.

136 4054 385 4111 Christus
404 4071 513 4127 qun
546 4059 755 4113 ratione
782 4060 997 4117 dicatur
1022 4078 1140 4119 esse
1176 4077 1338 4122 causa
1366 4064 1549 4121 finalis
1574 4076 1707 4121 nos·

198 4129 295 4177 trae
315 4126 502 4191 gratim
535 4134 589 4182 et
607 4128 849 4195 justitiae.
872 4146 917 4185 s,
940 4137 989 4184 2.

136 4200 543 4257 christusneus
570 4206 735 4263 homo
753 4206 929 4263 factus
948 4214 1046 4276 est,
1070 4215 1130 4267 ut
1155 4216 1297 4269 esset
1318 4216 1480 4281 caput
1504 4216 1559 4269 et
1578 4210 1707 4267 finis

203 4276 521 4337 divinorum
542 4293 789 4351 operum.
818 4282 895 4339 ih.

138 4351 385 4481 chti'istus
402 4354 719 4423 unigenitus
730 4360 955 4425 uilicus.
972 4368 1027 4415 et
1042 4360 1436 4431 primogenitus
1448 4368 1510 4422 ut
1522 4364 1705 4431 houm,

208 4442 223 4479 1
274 4468 284 4479 .

138 4501 391 4557 Christus
416 4508 478 4557 ut
504 4505 669 4561 homo
694 4513 777 4563 est
799 4509 929 4565 finis
956 4516 1176 4579 propter
1203 4526 1367 4580 quem
1394 4516 1448 4567 et
1468 4512 1527 4573 in
1550 4514 1710 4583 cujus

207 4580 473 4639 honorem
492 4584 633 4641 Deus
654 4586 841 4645 omnia
860 4588 1084 4645 creavit.

134 4656 204 4715 In
236 4654 433 4714 christi
460 4658 693 4725 storiam
712 4660 859 4720 cedit
892 4663 1167 4737 quidquid
1193 4666 1514 4725 homnibus
1540 4666 1711 4725 coitu·

212 4736 327 4785 tum
357 4738 439 4786 est
468 4735 655 4801 gratiae
683 4743 736 4791 et
754 4737 961 4807 gioriae,
988 4740 1063 4797 ib.

136 4806 343 4860 Christi
369 4809 747 4869 immortalitas
767 4818 847 4867 est
876 4814 1153 4883 exemplar
1180 4821 1377 4873 ποατ-ω
1398 4816 1713 4875 immortali-

206 4882 473 5013 ffiishsled
505 4892 689 4943 nostre
710 4886 1007 4947 ωσι-πολίω
1024 4896 1105 4947 est
1130 4890 1439 4959 exemplum
1464 4892 1714 4949 mortali-⁰

288 4970 333 5011 ιε
429 4960 567 5026 risti,
588 4974 633 5015 s.
664 4966 711 5015 3.

137 5030 390 5090 Christus
417 5035 485 5095 de
518 5037 659 5097 sacto
684 5038 999 5097 incarnatus
1012 5046 1099 5099 est
1118 5050 1341 5112 propter
1362 5036 1714 5099 redimendos

208 5106 483 5175 homines,
514 5125 627 5167 non
652 5120 863 5169 tantum
899 5112 969 5171 nh
1002 5114 1279 5187 originali,
1314 5116 1411 5177 sed
1442 5116 1608 5179 etiam
1640 5114 1711 5173 ab

204 5183 335 5241 otiis
356 5188 681 5255 actualibus,
705 5205 749 5247 s.
772 5198 823 5247 ὅ.

140 5250 391 5314 Christus
415 5264 593 5328 quatis
617 5266 803 5320 ruisset
824 5264 1054 5323 durante
1083 5264 1413 5327 innocentia
1436 5271 1599 5333 stetu,
1630 5266 1706 5323 ib.

140 5334 391 5395 Christus
416 5340 571 5399 venit
590 5343 965 5413 principaliter
980 5346 1053 5407 ad
1080 5342 1381 5407 tollendum
1410 5350 1709 5419 peccatum.

211 5417 321 5468 tm
359 5414 628 5501 originale
661 5430 827 5493 quam
852 5422 1093 5491 ιοωιιο,
1122 5424 1221 5485 σαι
1249 5420 1609 5495 „annuntius
1636 5422 1711 5479 ⁸⁶1

213 5486 515 5545 tollendum
539 5490 825 5561 originale,
844 5511 896 5567 s.
936 5502 979 5549 t.

3206 307 3324 377 08¹1

1758 414 2003 469 Christus
2021 424 2134 469 non
2165 412 2406 471 venisset
2435 406 2714 481 passibilis
2739 410 2811 469 nd
2833 412 3186 471 redimendos
3223 416 3330 473 ho·-

1820 490 2002 544 mines
2031 490 2088 543 in
2117 495 2257 543 statu
2285 496 2493 543 naturae
2517 488 2742 553 integrae
2777 498 3078 556 peccantes.
3103 504 3147 547 s.
3175 497 3222 549 ο.

1762 567 2008 621 Christus
2033 567 2281 633 singulos
2309 564 2562 619 homines
2581 566 2653 619 ita
2675 564 2881 632 dilexit,
2913 573 2971 621 ut
2991 578 3091 635 pro
3113 568 3194 623 eis
3211 569 3330 627 sin·

1824 642 1970 709 gulis
1997 642 2135 697 mori
2163 650 2383 709 paratus
2407 640 2589 705 suerit,
2626 641 2702 695 ih.

1765 717 2009 771 christus
2033 716 2186 771 venit
2211 723 2520 783 peccatores
2541 729 2733 771 omnes
2747 716 2927 772 salvos
2945 717 3122 777 facere
3149 720 3330 791 quoad

1828 794 2228 849 sufficientiam.
2254 807 2367 849 non
2394 795 2576 863 quoad
2596 794 2910 861 efficaciam,
2933 809 2976 851 s.
2999 802 3046 853 6.

1764 870 2040 924 Christum
2079 870 2360 927 hominem
2393 872 2620 927 existere
2662 876 2788 927 ante
2825 882 3018 931 omnes
3060 876 3334 931 creaturas

1828 959 1927 1001 cur
1951 958 2171 1001 necesse
2193 960 2306 1003 non
2333 946 2515 1001 fuerit.
2551 948 2626 1001 ib.

1765 1022 2009 1077 Christus
2037 1029 2196 1075 natus
2219 1027 2300 1075 est
2323 1022 2588 1089 vigesima
2610 1022 2804 1089 quinta
2821 1020 3155 1087 Decembris,
3185 1034 3334 1079 anno

1829 1098 2248 1166 quadragesimo
2275 1099 2518 1156 secundo
2565 1100 2782 1169 imperii
2821 1098 3044 1171 Augusti
3089 1099 3330 1164 caeseris.

1829 1176 1883 1227 d.
1916 1179 1965 1239 6,
1997 1189 2040 1227 ε.
2075 1178 2124 1227 2.

1766 1252 1912 1307 Inter
1932 1252 2132 1307 Christi
2158 1251 2608 1321 compositionem
2630 1264 2694 1309 ex
2712 1250 2889 1309 Verbo
2917 1257 2971 1308 et
2994 1255 3188 1309 natura
3227 1252 3336 1309 bu·-

1832 1340 2013 1393 mana,
2037 1332 2090 1381 et
2108 1333 2348 1385 nostram
2367 1340 2432 1383 ex
2450 1340 2675 1396 corpore
2698 1333 2751 1385 et
2777 1328 2981 1396 enimn,
3003 1326 3140 1399 quid
3161 1327 3332 1383 inter-

1832 1403 1919 1459 sit.
1950 1402 2026 1457 ib.

1768 1478 2040 1532 Christum
2063 1491 2175 1532 non
2205 1478 2461 1535 habuisse
2489 1479 2732 1537 animam
2764 1477 3085 1537 rationalem
3113 1478 3337 1535 hoeresis

1828 1567 2048 1621 semper
2075 1554 2199 1621 suit,
2225 1554 2300 1611 ib.

1776 1628 2022 1689 Christus
2042 1630 2195 1687 nullo
2236 1630 2400 1689 modo
2440 1629 2864 1689 instrumentum
2890 1628 3195 1689 divinitatis
3223 1628 3334 1687 dici

1832 1712 2024 1775 potest,
2053 1708 2149 1761 sed
2177 1709 2298 1773 ejus
2321 1706 2658 1773 humanitas,
2683 1712 2738 1763 et
2755 1719 2873 1770 cur,
2897 1706 2953 1761 d.
2977 1708 3027 1767 ⁶7.
3057 1720 3102 1762 ε.
3131 1710 3182 1763 1.

1770 1785 1923 1841 Circa
1943 1789 2230 1851 utramque
2251 1785 2447 1841 Christi
2471 1790 2724 1841 naturam
2746 1794 2957 1839 errores
2973 1782 3132 1847 varii,
3165 1780 3242 1839 ib.

1769 1861 1830 1913 In
1860 1860 2072 1913 Christo
2107 1864 2226 1926 post
2267 1858 2702 1915 incarnationem
2750 1858 2876 1915 duae
2921 1861 3341 1930 permanserunt

1836 1942 2044 1991 naturae
2079 1935 2302 2001 integrae
2337 1941 2392 1991 et
2411 1935 2736 1999 inconfusae,
2763 1934 2842 1987 ih.

1770 2014 1831 2069 In
1859 2012 2068 2067 christo
2095 2026 2208 2067 una
2232 2018 2312 2067 est
2337 2018 2548 2069 tantum
2576 2024 2808 2083 persona
2851 2010 2910 2067 in
2945 2009 3158 2069 duabus
3184 2014 3339 2067 natu-

1832 2088 1911 2141 ris
1941 2086 2263 2146 subsistens,
2289 2101 2334 2140 ε.
2367 2092 2412 2140 3.

1768 2164 2014 2219 Christus
2040 2176 2168 2219 vere
2188 2168 2242 2217 et
2269 2162 2490 2233 proprie
2517 2161 2721 2219 dicitur
2751 2164 2892 2219 Deus
2923 2167 2978 2217 et
3003 2160 3189 2229 home,
3216 2158 3290 2221 ib.

1830 2240 1921 2295 Est
1945 2252 2059 2295 una
2079 2238 2396 2307 hypostasis,
2425 2252 2522 2293 seu
2545 2238 2885 2307 suppositum
2907 2250 3102 2305 unum,
3126 2236 3199 2293 ib.

1770 2314 2014 2370 Christus
2031 2321 2112 2369 est
2137 2328 2370 2382 persona
2395 2315 2713 2383 composita,
2733 2329 2776 2371 s.
2807 2320 2857 2371 t.

1771 2388 1894 2444 Haec
1916 2390 2240 2457 compositio
2266 2390 2513 2457 proxime
2539 2388 2824 2447 intercedit
2853 2388 2995 2448 inter
3033 2386 3338 2447 subsisten-

1840 2470 1974 2524 tiam
1997 2468 2156 2523 Verbi
2182 2474 2234 2521 et
2255 2468 2668 2533 humanitatem,
2697 2466 2773 2521 ib.
3265 2497 3280 2510 ·

1836 2544 1900 2599 Et
1925 2550 2324 2611 consequenter
2337 2550 2417 2601 est
2441 2542 2764 2611 compositio
2779 2554 2845 2597 ex
2873 2540 3087 2599 duabus
3107 2542 3335 2607 naturis,

1840 2620 1916 2674 ib.

1775 2696 2022 2753 Christus
2049 2696 2173 2766 pius
2193 2696 2426 2753 includit
2451 2708 2616 2763 quam
2639 2695 2895 2761 Verbum,
2927 2690 3002 2753 ib.

1774 2772 2019 2826 Christus
2048 2771 2324 2839 quomodo
2351 2770 2706 2837 distinguitur
2733 2784 2764 2823 a
2785 2770 2981 2824 Verbo.
3009 2771 3081 2824 ih.

1774 2850 1836 2903 ln
1858 2849 2074 2904 christo
2093 2860 2206 2905 non
2231 2860 2348 2903 esse
2369 2847 2540 2903 elium
2563 2847 2820 2911 etalium.
2845 2859 2962 2903 esse
2990 2852 3172 2905 tamen
3187 2842 3343 2903 eliud

1839 2930 1893 2980 et
1923 2922 2096 2993 aliud,
2123 2923 2400 2991 quomodo
2429 2922 2874 2991 intelligendum,
2903 2923 2978 2979 ib.

1776 3000 2049 3055 Christum
2075 3012 2191 3053 esse
2218 3011 2508 3066 personam
2533 2998 2887 3065 compositam
2921 2999 3121 3053 rectius
3145 2997 3346 3055 dicitur

1840 3088 2006 3145 quam
2027 3076 2264 3131 Verbum
2296 3076 2676 3143 compositum.
2709 3075 2785 3129 ib.

1778 3151 2022 3207 Christus
2053 3150 2333 3218 quomodo
2357 3150 2570 3208 dicatur
2589 3150 2726 3219 quid
2753 3154 3014 3213 creatum.
3037 3162 3083 3207 ο.
3109 3156 3158 3205 ⁸.

1780 3224 1992 3279 Christo
2017 3224 2156 3277 nihil
2185 3226 2336 3278 deest
2359 3231 2419 3279 ut
2446 3225 2516 3279 sit
2535 3224 2807 3299 perfectus
2839 3226 3021 3285 homo.
3041 3237 3206 3293 quam
3227 3226 3348 3295 ojus

1844 3302 2156 3357 humanitas
2174 3302 2396 3369 propria
2416 3299 2765 3357 subsistentia
2787 3305 2986 3367 careat,
3011 3298 3062 3356 d.
3087 3305 3136 3362 8.
3157 3313 3202 3357 ε.
3234 3303 3283 3356 4.

1781 3376 1979 3431 Christi
1999 3375 2094 3429 Dei
2115 3383 2170 3431 et
2193 3376 2436 3431 bominis
2467 3375 2643 3444 major
2658 3383 2742 3433 est
2759 3376 2944 3431 unitas
2964 3388 3130 3443 quam
3149 3388 3348 3433 nume·

1844 3453 2000 3509 ralis.
2019 3453 2096 3508 ib.

1782 3530 1845 3587 in
1874 3530 2086 3587 Christo
2117 3535 2200 3585 est
2229 3530 2412 3585 unitas
2439 3534 2647 3585 naturae
2666 3529 2942 3595 humenis,
2967 3528 3081 3586 nod
3103 3538 3352 3597 personae

1848 3614 2058 3670 crentae,
2085 3607 2157 3661 ib.

1782 3683 2044 3739 Christus.
2070 3691 2132 3737 ut
2163 3682 2398 3739 includit
2415 3688 2586 3741 totum
2617 3682 2676 3739 id
2695 3681 2847 3748 quod
2867 3687 2966 3739 est.
2997 3692 3110 3739 non
3129 3684 3212 3739 eet
3240 3679 3352 3737 mi-

1847 3771 1952 3813 nor
1975 3760 2148 3823 Patre,
2169 3770 2328 3815 secus
2343 3764 2408 3815 ut
2429 3757 2780 3817 constituitur
2809 3770 2908 3827 per
2937 3757 3348 3821 humanitatem,

1848 3836 1901 3891 d.
1927 3840 1979 3898 0.
2009 3850 2054 3891 ε.
2081 3838 2129 3887 t.

1787 3911 2000 3967 christo
2019 3910 2232 3965 homini
2255 3923 2366 3981 que
2385 3910 2596 3968 ratione
2613 3908 2788 3977 gretia
2813 3908 3041 3967 unionis
3058 3908 3133 3965 sit
3151 3920 3355 3967 conna-

1850 3985 2057 4049 turalis,
2083 3985 2137 4039 d.
2161 3990 2242 4051 10,
2261 3998 2306 4039 ε.
2335 3989 2383 4039 t.

1786 4061 2030 4115 Christus
2053 4060 2432 4115 exaltationem
2453 4070 2570 4117 ⁸11oe
2598 4058 2954 4117 humanitatis
2985 4070 3097 4117 nou
3135 4057 3353 4125 meruit,

1848 4136 1949 4191 sed
1973 4136 2208 4202 gloriam
2237 4141 2296 4189 et
2325 4136 2590 4191 honorem
2611 4146 2776 4205 quem
2799 4142 2922 4207 post
2935 4135 3244 4204 passionem
3261 4146 3356 4191 aa·

1850 4218 2068 4266 secutus
2090 4218 2186 4274 est,
2222 4225 2264 4265 s.
2294 4217 2340 4265 8.

1787 4288 2036 4345 christus
2051 4300 2166 4345 non
2181 4292 2264 4345 est
2278 4286 2459 4343 meriti
2479 4299 2668 4357 capu.
2683 4287 2790 4345 nisi
2807 4292 2869 4345 ut
2885 4288 3026 4345 Dens
3039 4288 3222 4351 bomo,
3237 4286 3352 4346 (1.4.

1787 4363 2034 4419 Christus
2055 4376 2167 4417 non
2199 4362 2376 4430 potuit
2395 4363 2592 4416 mereri
2615 4363 3150 4430 praedestinationem
3173 4362 3356 4423 incor—

1854 4439 2116 4505 nationis,
2145 4438 2222 4497 ib.

1789 4516 2037 4571 christus
2064 4516 2133 4570 de
2157 4515 2397 4583 potentia
2423 4514 2669 4574 absoluta
2692 4516 2891 4577 mereri
2909 4516 3252 4587 potuitsuam
3275 4514 3360 4571 in-

1852 4592 2250 4653 carnationem.
2281 4591 2360 4649 ih.

1853 4666 1972 4719 Non
2002 4672 2185 4729 temen
2201 4666 2272 4719 de
2293 4664 2434 4719 facto
2463 4620 2681 4721 merluit.
2707 4664 2782 4719 ib.

1792 4742 2038 4798 Christus
2059 4752 2174 4797 non
2195 4740 2394 4799 meruit
2413 4753 2478 4797 ea
2493 4753 2620 4809 quae
2634 4752 2791 4799 ruem
2811 4740 3243 4799 incarnationem
3261 4752 3361 4799 au·

1856 4822 2208 4876 teceseerunt.
2245 4815 2358 4871 nisi
2401 4816 2529 4872 talin
2573 4816 2812 4881 ruerint,
2837 4829 2966 4885 qu·
2991 4816 3063 4871 ad
3108 4816 3362 4871 homines

1856 4890 2278 4949 sanctificando·
2303 4892 2684 4961 pertinuerint.
2715 4890 2790 4945 ib.

1793 4964 2069 5025 christum
2089 4980 2204 5023 non
2235 4967 2504 5025 meruisse
2533 4962 3002 5024 continuationem
3023 4967 3360 5025 incarnatio-

1858 5042 1966 5107 ιιίε,
1992 5052 2174 5109 neque
2195 5051 2254 5098 ut
2277 5050 2474 5111 partes,
2495 5054 2618 5108 quae
2634 5052 2731 5109 per
2749 5041 3109 5097 nutritionem
3133 5043 3184 5099 ei
3199 5048 3360 5101 oote-

1858 5121 2082 5191 debant,
2103 5134 2138 5177 a
2164 5121 2340 5177 Verbo
2361 5125 2812 5183 sustentarentur.
2840 5115 3124 5187 probabile
3153 5124 3254 5183 eet,
3279 5116 3356 5177 ib.

1854 5196 2056 5251 Tamen
2079 5197 2431 5255 contrarium.
2455 5201 2515 5251 ut
2547 5190 2890 5261 probabilius
2911 5194 3194 5261 asseritur,
3213 5190 3293 5251 ib.

1792 5273 2038 5331 christus
2057 5268 2476 5331 tundamentum
2491 5271 2678 5329 omnis
2707 5270 2890 5329 nteritt
2909 5276 2966 5329 ot
2983 5270 3359 5341 bonoeopere·

1860 5350 2050 5415 tionis,
2072 5364 2117 5405 s,
2149 5356 2198 5405 6.

1790 5426 2038 5488 christu
2064 5425 2276 5499 bobono
2299 5428 2554 5490 autumn
2571 5421 2820 5486 divinem
2843 5428 2898 5481 et
2917 5422 3236 5489 humum,
3259 5434 3360 5482 eur

1857 5498 1927 5555 sit
1960 5505 2153 5565 unum,
2191 5498 2244 5567 ὁ.
2274 5492 2352 5563 1¹,
2375 5510 2416 5553 s.
2443 5504 2487 5553 t.
