3892 6167
1387 345 1706 402 nlspurA'r.
1741 345 1818 400 u.
1853 344 2025 400 SECT.
2061 346 2099 398 l.
3226 341 3339 402 541

117 451 230 524 sit,
259 453 510 530 oportet
555 443 857 507 nonnulla
912 443 992 507 de
1043 445 1252 508 divina
1308 452 1372 510 et
1424 445 1703 510 humana
1785 443 1957 524 quod
1996 444 2149 508 dixit
2176 444 2421 517 Anast„
2458 443 2660 524 Episc.
2692 442 3105 523 Theopoleos,
3147 442 3213 505 in
3239 443 3345 506 vu

117 543 502 606 adoratione
531 539 765 613 dicere,
788 555 901 601 seu
932 537 1012 602 de
1049 537 1156 603 illa
1193 559 1333 622 quae
1355 541 1483 605 Deo
1510 539 1704 604 debe·
1781 537 2047 618 Synod„
2082 542 2201 600 act.
2250 539 2314 612 4,
2348 534 2786 598 adorationem
2834 552 2974 596 esse
3019 534 3350 617 emphasim

115 642 258 714 tur,
291 641 356 700 et
384 651 527 716 quae
583 631 946 696 hominibus
991 634 1443 698 communicari
1472 638 1696 717 potest.
1782 629 2053 708 honoris,
2098 629 2167 692 id
2218 635 2336 704 est,
2370 628 2753 710 symbolum,
2784 633 2856 690 ut
2890 627 3125 690 ibidem
3156 627 3347 709 paulo

121 731 318 792 Prius
345 737 582 804 tamen,
614 726 765 806 qnid
793 725 1078 792 adoratio
1107 728 1209 803 sit,
1243 734 1305 792 et
1331 727 1697 810 quotuplex,
1782 723 2044 786 inferius
2080 721 2421 786 Therasius
2466 720 2828 786 declaravit.
2861 720 2970 784 Est
2994 725 3209 784 autem
3234 737 3351 784 em·

121 823 448 904 quibusve
472 819 836 883 nominibus
875 821 1204 904 significari
1236 822 1460 900 soleat,
1496 821 1704 888 decla·
1778 819 2018 902 phasis,
2048 816 2099 879 si
2140 816 2266 879 vim
2316 815 2493 880 verbi
2536 815 2956 890 attendamus,
2982 831 3113 878 non
3154 814 3351 896 quod·

123 935 278 979 rare
309 933 573 981 necesse
598 921 716 978 est.

781 1089 997 1144 513ch
1023 1090 1064 1143 ῐ.

199 1221 345 1290 Quid
371 1221 448 1280 sit
491 1219 766 1294 adoratio,
792 1228 845 1280 ct
886 1223 1042 1296 cujus
1079 1221 1304 1281 virtutis
1355 1229 1514 1282 actus
1551 1223 1642 1280 sit.

223 1393 250 1449 1
269 1435 284 1451 .
317 1389 536 1452 Honor
563 1385 709 1472 quid
748 1387 856 1460 sit,
883 1392 943 1452 et
975 1387 1256 1470 quomodo
1279 1405 1340 1453 se
1383 1386 1592 1453 haheat
1626 1385 1706 1450 ad

127 1480 576 1546 adorationem.
591 1515 670 1529 -
692 1480 1016 1560 Admitto,
1035 1481 1242 1563 inquit
1258 1482 1706 1556 Damascenus,

133 1583 310 1638 orat.
363 1578 389 1638 1
445 1575 525 1638 de
572 1575 978 1658 Imaginibus,
1023 1593 1222 1658 prope
1270 1575 1350 1640 ab
1393 1574 1590 1651 initio,
1624 1580 1715 1641 est

131 1667 567 1732 submissionis
596 1675 651 1733 et
673 1667 1118 1733 humiliationis
1145 1676 1328 1744 notem
1345 1674 1407 1732 et
1450 1673 1607 1730 orat.
1637 1670 1711 1732 3:

137 1761 302 1838 Est,
330 1759 555 1838 influit,
577 1763 770 1824 animi
793 1762 1074 1839 cedentis,
1103 1760 1391 1826 submissi
1406 1768 1582 1844 atque
1608 1761 1718 1826 ku·

137 1855 330 1918 milis
357 1854 749 1932 siqnificatiO,
775 1871 915 1932 quae
936 1853 1272 1935 descriptio
1301 1873 1379 1918 ex
1423 1853 1592 1917 vocis
1631 1855 1716 1917 si·

143 1947 558 2029 gnificatione
587 1949 650 2010 et
697 1948 1016 2010 communi
1059 1947 1341 2010 omnium
1387 1948 1714 2011 hominum

139 2059 276 2102 usu
305 2046 553 2122 sumpta
583 2047 719 2118 est;
756 2039 1068 2122 significat
1096 2060 1248 2123 ergo
1297 2040 1581 2104 adoratio
1616 2060 1716 2104 ac-

145 2142 292 2196 tum
344 2151 468 2216 quo
497 2151 665 2195 unus
711 2132 888 2196 alteri
937 2151 1004 2196 se
1047 2134 1372 2210 submittit,
1398 2133 1501 2198 vel
1543 2134 1718 2196 illum

142 2226 428 2289 honorat
463 2225 533 2288 in
572 2227 1071 2306 recognitionem
1120 2227 1503 2290 excellentias
1556 2228 1714 2310 ejus.

147 2320 252 2382 Ad
282 2319 454 2399 quod
505 2319 774 2402 amplius
821 2321 1284 2401 explicandum,
1316 2327 1565 2402 oportet
1609 2322 1722 2385 has

149 2429 346 2475 voces
363 2411 768 2494 distinguere,
790 2420 852 2475 et
872 2431 1089 2476 earum
1100 2415 1386 2497 proprias
1414 2413 1724 2495 siguifica-

151 2507 388 2582 tiones,
411 2506 664 2582 scilicet,
681 2507 996 2582 honorare,
1009 2507 1294 2584 revereri,
1311 2507 1586 2572 venerari
1593 2557 1607 2581 ‚
1633 2526 1723 2572 co·

155 2600 312 2674 lere,
335 2599 610 2677 laudare,
643 2606 702 2664 et
724 2600 1107 2680 almificas-Q
1134 2600 1272 2663 haec
1311 2602 1481 2664 enim
1513 2601 1724 2662 omnia

155 2692 240 2754 ad
265 2693 699 2754 adorationem
720 2693 1034 2773 pertinere
1057 2699 1344 2775 possunt,
1369 2699 1432 2756 et
1455 2693 1726 2757 multum

157 2803 308 2848 cum
333 2785 438 2847 illa
465 2791 528 2848 et
555 2785 720 2848 inter
745 2803 814 2848 se
830 2786 1234 2862 conveniunt,
1257 2789 1544 2869 quamvis
1569 2805 1726 2852 non·

155 2879 318 2941 nihil
351 2880 541 2942 etiam
579 2879 892 2942 differant.
929 2881 1146 2944 Honor
1186 2901 1362 2962 erg0,
1391 2888 1462 2946 ut
1501 2900 1578 2944 ex
1603 2883 1724 2944 Au-

158 2973 414 3052 gustino
479 2973 789 3054 colligitur
819 3019 835 3048 ,
886 2973 996 3036 lib.
1073 2981 1291 3037 contra
1354 2976 1724 3038 Sermonem

157 3067 561 3142 Arianorum,
584 3087 639 3130 c.
663 3069 766 3142 23,
795 3068 982 3131 latius
1009 3073 1184 3150 patet
1202 3087 1393 3150 quam
1415 3069 1721 3133 adoratio:

161 3161 448 3224 Hormo-at
488 3162 668 3238 enim,
693 3161 922 3242 inquit,
953 3162 1146 3226 omnis
1185 3165 1292 3244 qui
1321 3164 1562 3240 adorat,
1611 3181 1730 3228 non

163 3257 362 3318 autem
393 3255 613 3317 adorat
639 3257 835 3319 omnis
881 3256 986 3338 qvi
1032 3257 1308 3330 honorat,
1338 3273 1488 3318 uam
1526 3255 1732 3318 honor

165 3353 370 3428 potest
397 3354 536 3410 e‘sse
566 3348 648 3408 ad
673 3348 1005 3429 aequalem,
1028 3349 1206 3429 juxta
1235 3348 1391 3411 illud
1421 3349 1506 3411 ad
1545 3351 1726 3412 Rom.

167 3443 242 3502 12
275 3461 290 3503 t
335 3441 586 3504 Honore
643 3442 897 3505 invicem
929 3442 1361 3522 praevenientes
1384 3487 1399 3518 ‚
1448 3441 1730 3506 adoratio

161 3552 314 3596 vero
341 3533 597 3613 respicit
637 3533 852 3610 alium,
881 3541 949 3596 ut
977 3535 1390 3598 excellentem
1435 3540 1499 3598 et
1544 3553 1734 3616 supe·-

163 3626 400 3688 riorem
428 3642 451 3705 3
480 3626 652 3690 unde
699 3632 870 3690 recte
897 3629 969 3690 D.
995 3628 1270 3690 Thomas
1299 3629 1360 3690 2.
1393 3629 1453 3705 2,
1492 3646 1554 3708 q.
1591 3629 1729 3705 103,

162 3725 282 3782 art.
316 3723 348 3781 1
384 3725 447 3782 61
471 3723 534 3798 2,
559 3721 766 3800 inquit
794 3720 1102 3784 honorem
1153 3739 1292 3784 esse
1334 3723 1584 3804 signum
1631 3740 1737 3786 ex-

161 3812 476 3876 cellentiae
519 3813 619 3876 vel
657 3815 925 3890 virtutis,
965 3815 1097 3877 sive
1135 3815 1422 3878 absolute
1451 3815 1736 3878 censide-

161 3913 367 3985 retur,
401 3909 532 3970 sive
569 3927 688 3990 per
730 3909 1268 3989 comparationem
1303 3908 1388 3971 ad
1423 3909 1736 3972 honoran-

164 4007 322 4078 tem,
353 4001 482 4065 sive
537 4002 618 4065 ad
671 4001 872 4076 alios:
925 4001 1118 4064 habet
1164 4008 1374 4064 autem
1423 4003 1737 4066 rationem

161 4095 558 4159 adorationis
607 4097 861 4177 quando
892 4103 990 4159 est
1039 4097 1291 4176 signum
1347 4097 1737 4159 excellentiae

159 4209 286 4274 per
313 4191 850 4271 comparationem
885 4190 972 4253 ad
1003 4191 1440 4264 honorantem,
1473 4191 1580 4269 qui
1617 4189 1739 4251 sci-

159 4285 316 4347 licet
337 4283 610 4346 honorat
636 4284 832 4346 alium
871 4290 1176 4363 tanquam
1204 4283 1598 4363 superiorem
1635 4281 1735 4345 cui

159 4397 234 4441 se
271 4377 601 4441 submittit.
632 4380 1092 4460 Comparantur
1119 4395 1270 4459 ergo
1297 4378 1434 4439 baec
1467 4376 1594 4439 duo
1621 4391 1764 4457 per-

165 4469 438 4533 modum
457 4471 710 4552 generis
737 4478 802 4533 et
843 4471 1100 4552 speciei,
1133 4472 1282 4552 quia
1315 4472 1518 4533 honor
1545 4475 1618 4531 ut
1647 4470 1736 4532 sic

163 4567 415 4626 tantum
437 4570 534 4626 est
559 4563 876 4643 quoddam
925 4564 1178 4645 siguum
1229 4562 1524 4626 bonitatis
1557 4563 1692 4643 ejus
1713 4608 1731 4637 ,

164 4658 280 4737 qui
317 4657 684 4732 honoratur,
717 4663 788 4720 ut
815 4657 1108 4720 indicavit
1133 4657 1524 4734 Aristoteles,
1553 4657 1666 4720 lib.
1697 4660 1739 4719 4

163 4749 400 4826 Ethic„
417 4751 550 4828 c.3,
567 4750 685 4813 etl.
701 4753 764 4828 8,
777 4767 831 4812 c.
847 4753 920 4825 83
940 4756 1004 4813 et
1021 4749 1106 4832 ibi
1123 4749 1356 4812 clarius
1374 4751 1442 4814 D.
1463 4752 1737 4814 Thomas

163 4842 490 4924 explicuit,
519 4843 666 4907 lect.
701 4847 784 4918 ὃς
823 4844 1105 4906 adoratio
1146 4861 1296 4908 vero
1335 4844 1596 4908 includit
1617 4846 1737 4908 bo-

162 4955 420 5012 norem,
449 4943 515 5000 et
539 4936 714 5000 addit
747 4937 1229 5000 submissionem
1273 4943 1336 5001 et
1361 4939 1737 5019 recognitio-

163 5047 322 5091 nem
349 5029 734 5094 excellentiae
775 5031 912 5111 ejns
942 5031 1052 5111 qui
1094 5031 1412 5102 adoratur,
1445 5037 1736 5112 respectu

167 5123 517 5200 adorantis,
575 5129 642 5186 ut
679 5124 963 5187 Damasc.
1007 5123 1184 5186 dixit.
1224 5123 1548 5197 Quocirca,
1592 5141 1738 5188 cum

165 5215 241 5278 D.
279 5216 558 5278 Thomas
587 5215 713 5293 hic,
749 5223 869 5280 art.
914 5221 976 5296 1,
1005 5217 1440 5280 adorationem
1487 5216 1740 5281 videtur

167 5327 318 5370 cum
341 5309 582 5373 honore
623 5311 1036 5388 confundere,
1066 5309 1344 5392 loquitur
1363 5309 1543 5394 juxta
1597 5311 1743 5375 sub-

163 5404 406 5483 jectam
435 5405 785 5478 materiam,
826 5405 975 5486 quia
1025 5403 1308 5470 adoratio
1349 5403 1608 5487 quidam
1628 5405 1743 5470 ho-

173 5513 294 5561 nor
345 5505 474 5580 est,
524 5503 586 5564 et
626 5498 852 5564 eodem
894 5497 1082 5563 modo
1146 5497 1580 5581 accipiendum
1646 5504 1742 5563 est

1785 927 2035 990 cunque
2084 911 2361 992 signum,
2420 909 2535 973 sed
2583 928 2711 991 quo
2766 908 2911 990 plus
2966 905 3353 990 significatur

1789 1019 1981 1082 quam
2000 1009 2219 1086 aperte
2247 1002 2493 1066 dicatur
2516 1021 2632 1066 seu
2650 1001 3061 1084 exprimatur,
3088 1005 3154 1064 et
3175 1001 3265 1062 ita
3284 999 3351 1062 it-

1787 1094 1848 1158 la
1894 1113 2049 1158 voce
2077 1095 2423 1160 indicatum
2448 1096 2721 1174 videtur,
2751 1094 3184 1159 adorationem
3212 1110 3353 1158 esse

1789 1187 2144 1269 symbolum
2184 1190 2464 1268 honoris,
2496 1207 2623 1269 quo
2658 1189 2925 1270 insignis
2964 1195 3029 1252 et
3066 1186 3355 1268 superior

1789 1281 2160 1346 excellentia
2188 1281 2517 1346 indicatur.
2549 1284 2687 1346 Huc
2708 1283 2897 1346 etiam
2920 1286 3159 1362 spectat
3182 1279 3357 1359 quod

1793 1375 1980 1439 Arist.
1987 1422 2009 1455 ,
2043 1376 2085 1440 1.
2122 1380 2161 1440 2
2187 1393 2565 1458 magnorum
2590 1377 2837 1451 Mol-al„
2866 1393 3005 1456 cap.
3035 1377 3138 1450 11,
3176 1373 3353 1448 dixit,

1789 1467 2010 1550 qlorioe
2037 1469 2321 1554 cupidum
2348 1469 2733 1534 eminentiam
2760 1467 3217 1551 affectare,·lib.
3246 1485 3357 1530 au·

1791 1568 1922 1626 tem
1946 1566 1975 1626 1
1999 1563 2343 1648 Rhetoric„
2359 1581 2418 1626 c.
2432 1566 2493 1638 5,
2524 1563 2697 1638 dicit,
2710 1564 2987 1628 honorem
3002 1578 3127 1626 seeo
3146 1561 3361 1626 eristi·

1793 1655 2085 1720 mationis
2108 1655 2480 1726 bmfaocivoe
2504 1655 2820 1731 indicium,
2842 1673 2983 1736 quae
3010 1671 3139 1718 non
3178 1653 3359 1718 vide·

1797 1753 1900 1809 tur
1921 1747 2255 1828 adaequata
2284 1747 2566 1812 definitio
2589 1747 2873 1824 honoris,
2902 1745 3019 1810 sed
3030 1745 3360 1828 cujusdam

1799 1841 2037 1921 speciei
2058 1841 2225 1904 illius
2264 1841 2527 1906 notioris
2578 1849 2641 1906 et
2666 1843 2871 1922 magis
2916 1841 3188 1914 usitatae,
3220 1857 3363 1921 quae

1797 1933 1879 1995 ad
1908 1933 2343 1997 adorationem
2369 1935 2639 2016 pertinet
2652 1951 2675 2014 3
2694 1935 2907 1998 statim
2925 1951 3077 1999 vero
3102 1933 3312 1996 subdit
3341 1951 3359 1998 2

1797 2027 2201 2092 Homo-antur
2236 2031 2523 2106 maoeim,
2548 2034 2726 2110 atque
2752 2027 2986 2104 mrito,
3016 2028 3123 2109 qni
3149 2027 3362 2106 benefi-

1799 2118 1896 2183 cia
1941 2120 2345 2198 contulerunt,
2382 2121 2591 2186 deindo
2634 2123 2741 2204 qui
2772 2125 3047 2200 confess-0
3094 2126 3319 2204 queunt
3331 2145 3360 2197 ,·

1802 2211 1884 2275 ad
1911 2213 2034 2278 hoc
2060 2211 2065 2216 ’
2088 2217 2303 2276 autem
2348 2215 2661 2294 posterius
2716 2213 3075 2277 membrum
3100 2219 3365 2296 possunt

1803 2323 2023 2368 omnes
2071 2305 2375 2384 studiosi,
2404 2306 2505 2370 vel
2540 2309 2605 2368 in
2652 2306 2955 2388 dignitate
3000 2307 3361 2383 constituti,

1801 2399 2107 2477 revocari,
2138 2403 2201 2464 et
2226 2400 2347 2463 hoc
2368 2400 2557 2464 modo
2588 2405 2793 2482 potest
2821 2401 2931 2464 illa
2954 2399 3235 2464 definitio
3270 2400 3367 2462 fa-

1804 2491 1924 2555 cile
1964 2493 2047 2554 ad
2073 2511 2297 2556 omnes
2324 2495 2598 2556 honores
2628 2492 2934 2574 adaptari.

1885 2589 1946 2648 2.
2001 2587 2312 2654 Venor-atio
2340 2592 2398 2652 et
2424 2587 2623 2653 cultus
2651 2588 2817 2672 quid.
2836 2619 2919 2635 —
2946 2585 3095 2651 Haec
3125 2600 3363 2666 autem,

1805 2697 1947 2760 quae
1983 2680 2064 2743 de
2092 2681 2332 2743 honore
2362 2679 2527 2744 dicta
2555 2685 2731 2760 sunt,
2762 2681 2989 2744 eodem
3015 2680 3148 2744 fere
3174 2682 3367 2746 modo

1806 2771 1884 2836 de
1915 2775 2085 2836 cultu
2117 2780 2180 2837 et
2205 2775 2609 2839 veneratione
2628 2776 2893 2858 intelligi
2910 2780 3196 2858 possunt,
3218 2776 3369 2856 quia

1807 2868 1902 2930 bas
1929 2867 2073 2930 duee
2102 2886 2289 2932 voces
2325 2867 2491 2932 idem
2524 2869 2656 2934 fere
2684 2870 2858 2951 quod
2883 2871 3085 2934 honor
3126 2868 3367 2952 signifi-

1809 2979 1953 3024 care
1982 2961 2273 3025 videntur
2287 2978 2310 3043 ;
2343 2963 2530 3028 colere
2558 2963 2749 3040 enim,
2778 2963 3077 3039 venerari,
3104 2969 3169 3027 et
3194 2965 3373 3030 hono·

1807 3073 1973 3133 rare,
2004 3053 2195 3119 latine
2222 3054 2356 3120 fere
2384 3057 2781 3138 oequivalent,
2806 3057 2975 3122 unde
3008 3059 3081 3122 fit
3107 3063 3176 3122 ut
3202 3075 3371 3122 eam-

1810 3146 1957 3210 dem
1978 3147 2412 3214 habitudinem
2433 3169 2549 3213 seu
2572 3149 2885 3215 rationem
2907 3159 3199 3234 respectu
3220 3154 3371 3216 ado·

1810 3241 2072 3304 rationis
2098 3241 2392 3306 habeant.
2428 3245 2535 3306 Est
2563 3245 2732 3308 enim
2763 3245 3045 3310 adoratio
3082 3247 3371 3328 quoedam

1810 3336 2156 3413 veneratio,
2186 3343 2249 3400 et
2272 3336 2535 3417 quidam
2562 3339 2799 3418 cuitus3
2825 3341 2996 3406 addit
3023 3359 3174 3407 vero
3212 3361 3375 3424 prae-

1812 3429 2041 3493 dictam
2086 3431 2571 3495 submissionem
2604 3440 2666 3496 et
2697 3435 3191 3518 recognitionem
3218 3437 3373 3500 alte·

1813 3525 1944 3586 rius
1984 3529 2054 3586 ut
2080 3525 2453 3605 superioris;
2492 3525 2668 3590 unde
2701 3531 2965 3611 August.
2984 3574 3007 3610 ,
3034 3530 3147 3594 lib.
3184 3533 3263 3594 10
3292 3531 3373 3594 de

1813 3615 2018 3695 civit„
2045 3635 2183 3696 cap.
2214 3619 2279 3696 4,
2309 3617 2478 3682 circa
2503 3619 2644 3696 fin..
2675 3639 2819 3684 cum
2847 3623 3124 3703 dixisset,
3155 3624 3375 3687 deho-

1815 3709 2096 3772 minibus
2119 3709 2239 3773 dici
2267 3729 2452 3792 posse
2479 3713 2649 3794 quod
2672 3723 2819 3778 sunt
2836 3716 3083 3780 colendi
3106 3723 3168 3782 et
3187 3735 3377 3782 vene-

1815 3804 2019 3880 randi,
2045 3803 2253 3866 subdit
2280 3824 2293 3866 :
2324 3805 2409 3872 Si
2429 3813 2627 3872 autem
2649 3810 2739 3873 eis
2764 3810 3023 3876 multum
3048 3811 3372 3888 addiderit,

1817 3903 1874 3963 et
1897 3899 2214 3963 adorandi.

1902 3995 1961 4054 3.
2008 3993 2181 4059 Laus
2208 3999 2267 4060 et
2292 3995 2493 4080 aleria
2524 3999 2677 4082 quid
2698 3997 2845 4064 sint.
2871 4032 2954 4048 —
2981 4001 3213 4068 Eodem
3242 4003 3375 4074 fere

1817 4086 2011 4149 modo
2038 4089 2119 4151 de
2141 4088 2331 4152 laude
2348 4097 2411 4152 et
2437 4091 2638 4172 gloria
2663 4093 3055 4175 loquendum
3082 4103 3208 4171 est;
3236 4095 3377 4159 laus

1817 4181 1987 4242 enim
2006 4187 2103 4244 est
2132 4183 2424 4263 quaedam
2462 4187 2703 4266 species
2730 4187 3013 4268 honoris,
3043 4197 3115 4256 ut
3138 4192 3379 4254 Aristo-

1819 4274 1975 4336 teles
2005 4275 2179 4354 dixit,
2212 4280 2240 4340 1
2282 4277 2569 4357 Rhetor.,
2608 4299 2665 4342 c.
2704 4283 2779 4360 53
2815 4300 3179 4365 quanquam
3208 4284 3377 4348 enim

1818 4367 1988 4430 idem
2006 4370 2397 4448 Aristoteles,
2421 4374 2451 4433 1
2480 4371 2708 4451 Ethic.,
2725 4393 2780 4437 c.
2810 4377 2911 4454 12,
2930 4384 2994 4440 et
3014 4379 3089 4440 D.
3106 4379 3381 4442 Thomas

1817 4466 1876 4526 2.
1898 4465 1959 4541 2,
1980 4483 2042 4544 q.
2067 4467 2207 4544 103,
2225 4485 2285 4528 a.
2310 4467 2469 4545 1,ad
2498 4472 2559 4546 3,
2581 4468 2813 4544 dicant,
2834 4472 3125 4538 honorari
3152 4491 3222 4538 ea
3247 4491 3383 4555 quoe

1812 4574 1926 4638 per
1958 4577 2023 4624 se
2062 4561 2213 4624 bona
2252 4568 2417 4638 sust,
2447 4563 2694 4627 laudari
2732 4581 2869 4628 vero
2916 4583 3047 4648 μω
3090 4568 3175 4632 ad
3212 4567 3389 4633 aliud

1817 4655 1963 4714 sunt
2014 4651 2227 4730 utilia,
2286 4673 2418 4716 non
2468 4662 2563 4718 est
2612 4661 2823 4720 tamen
2870 4658 3379 4739 intelligendum,

1816 4743 2073 4806 laudem
2102 4746 2307 4810 solum
2337 4747 2503 4812 circa
2531 4749 2707 4812 utilia
2734 4754 2993 4826 versari,
3020 4753 3131 4816 sed
3159 4752 3241 4817 ad
3274 4754 3383 4817 illa

1817 4838 2106 4918 extendi;
2138 4841 2371 4922 alioqui
2414 4844 2585 4905 enim
2622 4851 2866 4908 certum
2909 4853 3005 4910 est
3044 4847 3235 4910 etiam
3278 4867 3378 4924 ea,

1817 4950 1959 5012 quae.
1981 4951 2095 5014 per
2121 4953 2189 4998 se
2217 4935 2489 5000 maxime
2515 4937 2682 5000 bona
2707 4946 2875 5013 sunt,
2896 4940 3171 5004 maxime
3194 4961 3381 5024 posse

1816 5025 2114 5090 laudibus
2142 5029 2377 5107 extolli,
2400 5031 2490 5095 sic
2518 5031 2687 5093 enim
2716 5037 2783 5094 et
2803 5033 3067 5098 Sanctus
3090 5039 3154 5098 et
3186 5037 3383 5099 Deum

1817 5121 2029 5202 ipsum
2064 5122 2423 5186 laudamus.
2454 5124 2604 5186 Haec
2642 5141 2797 5208 ergo
2840 5127 2982 5190 laus
3017 5129 3223 5192 honor
3248 5131 3384 5210 qui·

1823 5216 1973 5278 dam
2002 5221 2131 5296 est;
2162 5221 2228 5279 et
2256 5217 2311 5278 si
2338 5235 2483 5280 cum
2509 5217 2721 5280 debita
2750 5221 3160 5284 submissione
3192 5228 3258 5285 et
3286 5241 3385 5285 re-

1823 5308 2181 5392 cognitione
2208 5309 2322 5375 fiat
2338 5355 2357 5387 ,
2385 5311 2698 5375 rationem
2734 5313 3122 5378 adorationis
3166 5316 3378 5381 hahet.

1820 5403 2030 5468 Gloria
2085 5421 2237 5467 vero
2284 5403 2454 5468 idem
2497 5403 2632 5469 fere
2676 5414 2771 5471 est
2822 5408 2995 5488 quod
3039 5410 3385 5475 honorifica

1819 5497 2002 5578 laus3
2035 5498 2211 5562 addit
2250 5499 2419 5562 enim
2466 5499 2754 5566 effectum
2800 5503 3165 5584 quemdam,
3192 5523 3381 5588 quem
