3892 6167
636 368 753 432 260

634 491 754 539 esse
771 490 1045 553 pers-oneo
1065 478 1298 555 prcecer
1342 490 1459 535 esso
1503 480 1779 544 mmmm
1808 479 1865 538 ec
1908 476 2042 538 ideo
2070 478 2195 537 tres

624 582 899 646 pers-once
926 582 1044 627 non
1073 567 1289 627 habent
1332 567 1453 627 nisi-
1482 584 1666 629 vnum
1718 584 1856 630 esse.
1883 568 2194 630 Haberent

632 664 831 723 autem
854 658 1087 741 triplex
1109 676 1248 737 esso,
1279 660 1336 721 si
1354 660 1422 720 in
1454 661 1539 723 eis
1553 664 1702 723 esset
1730 660 1909 725 aliud
1924 679 2041 724 esse
2050 678 2196 741 per-

632 768 812 825 sonoe,
848 754 905 814 et
943 750 1123 814 aliud
1154 770 1272 815 esse
1296 756 1553 815 naturae.

716 845 824 907 Ad
836 851 1121 925 quartum
1143 846 1479 923 dicendum,
1504 850 1663 927 quod
1682 846 1889 911 anima
1908 848 1979 911 in
2007 846 2096 911 (⁷72
2105 848 2199 909 ri-

634 944 726 1000 sco
752 941 859 1002 dat
884 958 1005 1002 esse
1032 942 1291 1021 corpori,
1338 940 1405 1003 in
1458 946 1755 1021 quantum
1795 940 1955 1023 facit
2001 942 2200 1025 ipsum

634 1036 778 1095 actu
803 1032 1182 1103 animatu-m;
1204 1034 1365 1113 quod
1384 1040 1473 1097 ost
1516 1034 1663 1098 dare
1694 1034 1750 1098 ei
1800 1034 2200 1119 complemen-

636 1130 764 1187 tum
780 1130 1021 1188 naturae
1047 1131 1105 1188 ot
1130 1128 1363 1209 speciei.
1399 1126 1529 1191 Sed
1548 1128 1605 1191 si
1632 1127 2030 1211 intelliqatur
2065 1148 2200 1195 cor-

624 1238 748 1301 pus
763 1223 1109 1303 perfeetum
1159 1238 1278 1303 per
1319 1220 1591 1285 anima-m
1636 1224 1854 1303 absque
1884 1223 2203 1307 hypostasi

634 1314 884 1377 habente
924 1319 1263 1394 utrumque,
1323 1316 1429 1381 Ιιοσ
1483 1321 1675 1381 totum
1704 1319 2090 1399 compositum
2127 1336 2201 1381 ex

571 1486 583 1495 ⁸
634 1406 843 1470 anima
897 1412 955 1470 et
996 1426 1239 1491 corpore
1280 1405 1485 1491 (prout
1521 1411 1916 1494 siynifieatur
1963 1414 2200 1476 nomine

634 1502 1087 1589 humanitatis),
1110 1522 1229 1566 non
1249 1506 1417 1587 εἰμί
1428 1506 1645 1570 foetur
1665 1510 1731 1569 ut
1776 1508 1937 1589 quod
1959 1510 2067 1581 est,
2094 1508 2202 1571 sed

634 1599 704 1657 ut
724 1612 840 1676 quo
880 1594 1126 1677 aliquid
1152 1598 1261 1659 est.
1293 1596 1388 1659 Ec
1406 1598 1537 1661 ideo
1565 1599 1765 1681 ipsvm
1793 1618 1913 1664 esse
1944 1604 2033 1664 est
2055 1618 2202 1683 per-

633 1705 795 1751 some
836 1691 1240 1769 subsistentis,
1270 1694 1593 1757 secundum
1617 1694 1779 1774 quod
1805 1695 1980 1759 habet
2019 1692 2200 1756 habi-

636 1780 909 1851 tudinem
934 1784 1020 1847 ad
1046 1784 1234 1848 talem
1261 1789 1553 1851 naturam
1568 1808 1595 1857 ‚·
1622 1786 1795 1867 cujus
1821 1784 2201 1850 habitudinis

637 1891 819 1943 cama
842 1883 931 1941 est
947 1879 1176 1955 anima,
1202 1879 1270 1941 in
1292 1884 1587 1960 quanam
1603 1880 1855 1963 perficit
1871 1882 2199 1945 humanam

646 1974 958 2045 notiorem,
983 1972 1372 2053 inseminando
1401 1992 1632 2056 corpus.

1108 2176 1726 2243 COMMENTARIUS.

715 2342 781 2407 Iu
825 2346 939 2407 hoo
968 2344 1253 2419 articulo,
1292 2365 1416 2407 non
1444 2347 1648 2409 solum
1688 2352 1781 2410 est
1807 2348 2064 2429 quaestio
2113 2346 2192 2408 de

635 2438 823 2501 modo
848 2438 1166 2518 loquendi,
1201 2438 1311 2501 sed
1337 2440 1525 2501 etiam
1546 2441 1625 2503 de
1656 2442 1909 2520 reipsa.
1933 2440 2009 2501 Et
2042 2456 2195 2519 quo·

636 2530 805 2591 niam
840 2548 1020 2592 mens
1042 2532 1116 2592 D.
1150 2532 1405 2594 Thomas
1450 2533 1516 2593 in
1563 2540 1692 2595 toto
1745 2532 2004 2595 articulo
2053 2532 2194 2594 obs·

636 2642 785 2685 eura
836 2630 951 2698 est,
1000 2625 1173 2705 prius
1219 2644 1322 2687 res
1348 2624 1487 2707 ipsa
1511 2624 1889 2707 disputanda
1919 2624 2187 2699 videtur,

634 2722 695 2777 et
731 2716 960 2778 deinde
1008 2736 1229 2781 sensus
1282 2719 1353 2781 D.
1407 2718 1688 2792 Thomae,
1740 2734 1801 2780 et
1856 2736 2005 2779 vera
2055 2717 2194 2797 ejus

636 2828 817 2871 mens
845 2827 918 2870 ac
934 2811 1246 2873 sententia
1269 2812 1631 2891 explicanda
1653 2828 1675 2891 3
1702 2812 1833 2891 ipse
1853 2811 2018 2873 enim
2045 2811 2194 2872 sim-

636 2904 878 2985 pliciter
904 2904 1109 2980 docet,
1145 2906 1209 2966 in
1238 2906 1480 2969 Christo
1529 2924 1667 2969 esse
1698 2913 1939 2969 tantum
1997 2924 2192 2967 unum

637 3016 779 3059 esse
804 2999 1157 3079 personale.
1186 2998 1345 3071 Quid
1367 3006 1579 3062 autem
1612 3000 1911 3082 intelligat
1936 3000 2191 3062 nomine

556 3096 565 3105 '
634 3110 771 3153 esse
822 3090 1191 3171 personalis,
1253 3092 1570 3173 quomodo
1630 3092 1817 3155 etiam
1846 3092 2000 3154 illud
2031 3092 2194 3155 affir-

636 3191 767 3247 met
795 3202 931 3245 esse
982 3204 1204 3259 unum,
1261 3204 1391 3248 non
1438 3187 1587 3248 satis
1641 3186 1938 3260 declarat,
1983 3205 2194 3268 neque

636 3276 823 3341 etiam
854 3268 1446 3359 exponitquomo'do
1476 3298 1590 3359 per
1611 3279 1764 3341 illud
1792 3296 1929 3341 esse
1969 3280 2194 3343 huma-

634 3372 799 3433 nitas
819 3372 948 3451 ipsa
972 3371 1229 3445 existat;
1266 3371 1476 3433 omnia
1500 3390 1648 3453 ergo
1668 3373 1803 3435 haee
1833 3390 1909 3433 ex
1931 3392 2196 3455 sequen·

638 3464 685 3527 ti
713 3464 1136 3545 disputatione
1171 3466 1565 3530 constabunt.

986 3612 1479 3727 'mspu'rmo
1520 3662 1805 3736 xxxw,

974 3796 1035 3847 ln
1068 3793 1208 3847 duas
1236 3790 1506 3849 sectiones
1536 3793 1842 3848 distributa.

697 3968 773 4015 DE
798 3968 939 4017 :sss
966 3967 1337 4015 Ensm'rm
1364 3926 1597 4016 annisu
1620 3967 1697 4015 m·
1723 3966 2136 4015 autumnus

1326 4061 1486 4111 Esus,

716 4218 855 4281 Duo
878 4215 1150 4303 breviter
1170 4215 1236 4277 in
1268 4214 1385 4278 bae
1413 4214 1835 4297 disputatione
1868 4212 2194 4277 tractanda

636 4318 800 4374 sunt.
837 4312 1112 4373 Primum
1144 4316 1260 4387 est,
1291 4328 1407 4391 per
1436 4328 1625 4389 quam
1657 4308 2047 4370 existentiam
2085 4308 2198 4367 hu-

636 4406 905 4467 manitas
933 4402 1159 4466 Christi
1204 4402 1268 4465 in
1294 4422 1504 4464 rerum
1551 4408 1775 4465 natura
1810 4400 2064 4479 existat3
2109 4401 2198 4463 al-

638 4504 841 4561 terum
868 4514 1018 4559 vero
1048 4501 1231 4557 estan
1260 4501 1321 4556 et
1340 4494 1657 4573 quomodo
1685 4512 1825 4556 esse
1853 4494 2194 4557 existentiae

634 4591 1080 4653 Christianum
1110 4589 1189 4650 sit
1218 4611 1237 4665 3
1278 4606 1417 4667 quae
1474 4586 1833 4669 disputatIO,
1888 4587 2060 4666 quod
2117 4586 2197 4649 ad

634 4703 767 4746 rem
797 4684 997 4764 ipsam
1035 4682 1277 4755 attinet,
1312 4687 1374 4743 et
1420 4680 1759 4763 praesertim
1814 4678 2026 4759 quoad
2070 4682 2196 4762 pri-

631 4796 803 4839 mam
830 4776 967 4857 ejus
988 4780 1255 4855 partem,
1284 4773 1367 4835 ad
1396 4774 1804 4855 quaestionem
1847 4772 2190 4835 secundam

632 4870 702 4931 D.
732 4870 983 4930 Thomae
1012 4866 1388 4948 pertinebat,
1426 4866 1536 4927 ubi
1558 4866 1934 4947 mysterium
1981 4866 2192 4947 ipsum

630 4963 691 5026 et
712 4964 860 5024 unio
889 4961 1337 5025 incarnationis
1375 4958 1680 5040 explicata
1726 4966 1841 5022 est.
1872 4960 1966 5021 Ibi
2017 4960 2187 5022 enim

627 5056 967 5119 videndum
998 5061 1132 5119 erat
1160 5074 1241 5117 an
1278 5052 1410 5117 haee
1456 5054 1606 5115 unio
1634 5054 1711 5114 sit
1756 5052 1819 5115 in
1850 5054 1984 5135 ipsa
2027 5054 2190 5116 exis·

626 5150 820 5214 tentia
847 5149 1146 5222 increata,
1178 5166 1381 5211 necne
1400 5170 1417 5223 ;
1450 5146 1753 5209 tamenin
1778 5146 1950 5209 hune
1975 5148 2186 5211 locum

623 5246 883 5309 remissa
915 5250 1029 5319 est,
1052 5249 1125 5304 ut
1152 5240 1272 5309 hoc
1304 5238 1740 5304 consuetudini
1774 5240 2090 5319 dawmm,
2124 5248 2187 5305 et

622 5338 771 5421 quia
794 5337 1067 5401 maxime
1101 5334 1346 5399 videtur
1372 5336 1507 5396 baee
1528 5332 1865 5414 disputatio
1894 5352 2186 5398 neeessa—
2265 5338 2724 5403 humanitatem
2753 5342 3011 5403 existere
3063 5344 3129 5403 in
3171 5358 3388 5403 rerum
3440 5344 3626 5401 natura
3655 5344 3722 5409 per

620 5524 880 5589 articulo
918 5522 1125 5589 tradit.

1861 378 2097 445 QUAEST.
2129 376 2279 435 XVI!-
2317 379 2516 435 Anne.
2557 382 2614 437 u.

2259 5524 2432 5589 unde
2457 5544 2717 5591 neeesse
2763 5535 2855 5592 est
2883 5534 2950 5591 ut
3001 5529 3224 5591 existat
3261 5546 3384 5609 per
3426 5518 3717 5591 existentiam

2909 574 3125 626 sacrm
3159 576 3196 627 Ι.

2275 698 2356 755 An
2379 700 2695 758 humanitas
2720 700 2924 759 Christi
2947 702 3262 771 formaliter
3280 713 3329 763 et
3349 708 3580 771 intrinsece
3595 727 3677 779 em.
3753 684 3756 759 Τ

2354 791 2432 841 tat
2457 786 2516 841 in
2553 800 2740 843 rerum
2763 794 2964 844 natura
2982 803 3088 861 per
3115 789 3450 849 existentiam
3475 794 3678 865 increatas,

2353 870 2439 925 vel
2463 886 2566 943 per
2589 870 2878 945 propriam
2904 878 2956 927 et
2981 879 3246 931 creatam.
3753 870 3756 897 ⁸

2367 1036 2424 1096 l.
2470 1035 2676 1097 Prima
2703 1038 3011 1117 sententia
3037 1046 3233 1119 negat
3257 1038 3318 1101 in
3355 1042 3686 1114 Christihuun-
3754 1072 3755 1079 ¹

2281 1127 2475 1191 nitate
2507 1148 2645 1193 esse
2675 1130 2952 1211 aliquam
2977 1134 3365 1197 existentiam
3388 1144 3613 1215 creatam,
3631 1150 3689 1209 sed
3753 1160 3755 1175 ¹

2281 1240 2396 1303 per
2421 1223 2722 1287 unionem
2755 1232 3144 1308 assumptam
3173 1244 3312 1290 esse
3340 1228 3414 1289 ad
3434 1232 3690 1301 existendum

2281 1336 2396 1397 per
2422 1318 2623 1395 ipsam
2663 1319 3058 1382 existentiam
3080 1320 3416 1383 increatam
3447 1324 3589 1387 Verbi
3613 1330 3690 1393 divi-

2279 1412 2366 1473 ni.
2413 1412 2558 1474 Haeo
2610 1418 2705 1475 est
2755 1414 3065 1477 sententia
3112 1416 3452 1477 eommunis
3475 1418 3692 1486 Themista-

2279 1522 2460 1566 rum:
2497 1504 2691 1587 cajet.
2725 1506 2864 1581 hie;
2897 1508 3212 1588 Capreol.‚
3233 1508 3300 1569 in
3329 1508 3387 1581 3,
3413 1507 3694 1588 dist.6;Fer-

2279 1616 2432 1673 rar„
2466 1602 2504 1661 4
2541 1606 2758 1661 contra
2787 1600 2996 1675 Gent.‚
3029 1621 3084 1664 e.
3117 1604 3197 1664 35
3215 1607 3280 1662 et
3302 1602 3372 1663 41
3395 1616 3417 1679 ;
3443 1606 3573 1665 tenet
3592 1609 3696 1669 etiam
3754 1604 3755 1641 ⁴

2283 1694 2559 1768 Henrie.,
2583 1692 2874 1768 Quodlib.
2903 1698 2963 1770 3,
2995 1714 3058 1775 q.
3087 1697 3152 1769 2,
3173 1700 3240 1758 et
3261 1698 3698 1763 communitates·

2282 1792 2454 1849 setur
2485 1804 2622 1848 esse
2655 1788 2726 1848 D.
2763 1788 2988 1849 Thom.
3025 1790 3174 1863 Quae
3203 1789 3498 1851 sententia
3521 1798 3698 1870 supponit
3753 1790 3756 1829 1

2282 1896 2478 1941 unum
2509 1880 3008 1961 metaphysicum
3045 1882 3528 1959 fundamentum,
3549 1886 3696 1951 scilieet.
3753 1882 3756 1921 ²

2284 1974 2680 2036 existentiam
2707 1981 2770 2036 et
2798 1976 3138 2038 essentiam
3165 1978 3232 2038 in
3261 1974 3442 2039 rebus
3469 1980 3632 2040 creatis
3655 2000 3705 2043 re·
3753 1976 3756 2015 ⁹

2279 2069 2482 2145 aliter,
2508 2086 2616 2130 seu
2649 2084 2724 2129 ex
2751 2074 2976 2130 natura
3003 2070 3120 2145 rei,
3142 2068 3231 2131 ita
3259 2069 3608 2149 distingui,ut
3626 2092 3702 2153 pm·
3753 2070 3756 2105 2

2280 2168 2358 2229 sit
2385 2170 2610 2225 natura
2651 2167 2860 2225 ereata
2902 2163 2965 2224 in
3011 2162 3286 2225 essentia
3329 2180 3436 2225 sua
3461 2168 3703 2241 consensi,

2279 2268 2340 2324 et
2399 2255 2629 2339 privari
2688 2272 2802 2316 sua
2851 2255 3176 2319 existentia
3199 2301 3220 2331 ,
3281 2262 3344 2317 et
3395 2271 3500 2337 per
3541 2258 3700 2319 aliem
3753 2286 3755 2293 2

2275 2352 2621 2415 terminari.
2652 2350 2807 2410 Nam
2839 2366 2916 2410 ex
2946 2347 3068 2411 hoc
3095 2348 3498 2411 fundamento
3513 2354 3705 2429 sequitur,
3753 2350 3756 2389 ¹

2277 2442 2578 2527 possibile
2619 2460 2758 2503 esse
2785 2442 3246 2505 humanitatem
3275 2442 3487 2504 Christi
3525 2444 3702 2524 essepti·
3754 2472 3755 2479 κ

2273 2544 2482 2600 vatam
2508 2534 2762 2618 propria
2793 2534 3122 2597 existentia
3163 2542 3400 2612 creata,
3432 2543 3489 2598 et
3507 2555 3595 2617 per
3623 2538 3706 2599 exit·
3753 2537 3756 2575 ¹

2273 2632 2534 2694 tentiam
2551 2627 2744 2690 Verbi
2770 2629 2855 2689 ita
2877 2646 3014 2691 esse
3039 2628 3460 2705 terminatam,
3477 2635 3532 2691 ut
3545 2648 3705 2709 perena
3753 2630 3756 2641 '

2275 2722 2620 2787 formaliter
2649 2722 2892 2783 existat.
2927 2722 3099 2784 Sicut
3129 2722 3303 2783 enim
3349 2742 3521 2801 supra
3560 2722 3706 2783 dieeba-
3753 2722 3756 2761 4

2275 2836 2440 2892 mus,
2467 2816 2737 2877 Verbum
2769 2815 3048 2895 potuisse
3077 2834 3405 2877 assumere
3431 2814 3704 2875 naturam&
3753 2802 3756 2857 ἱ

2277 2930 2454 2974 suam
2481 2908 2969 2983 subsistentiam,
2993 2908 3140 2989 quia
3157 2928 3238 2971 ex
3269 2914 3444 2990 parte
3467 2914 3707 2969 nature-s

2276 3004 2586 3068 distinctio
2626 3002 2962 3080 sufficiens„
3010 3011 3180 3065 etex
3211 3010 3395 3085 parte
3437 3003 3592 3063 Verbi
3617 3002 3705 3061 nuh

2277 3106 2372 3161 est
2401 3097 2806 3179 impet-femie,
2840 3116 2953 3159 seu
2982 3096 3273 3160 defectus
3295 3096 3636 3178 perfeetionis
3655 3112 3710 3155 a
3754 3172 3755 3187 χ

2275 3192 2355 3256 de
2370 3194 2490 3255 hoe
2522 3192 2715 3273 possit
2739 3190 3052 3273 impediri,
3097 3192 3210 3265 ita,
3241 3192 3549 3273 supposita
3567 3190 3714 3251 distint-
3754 3244 3755 3247 ,

2277 3288 2444 3349 tione
2492 3284 2832 3349 existentiis.
2887 3290 3112 3347 ereatae
3161 3284 3248 3346 ab
3288 3285 3571 3359 essentia,
3597 3288 3658 3343 est
3677 3296 3717 3341 a

2275 3388 2450 3463 parte
2475 3384 2713 3442 naturae
2733 3378 3048 3440 sufficiens
3075 3377 3566 3451 fundamentum,
3583 3383 3718 3453 utpot-

2278 3475 2358 3537 sit
2397 3472 2628 3553 privari
2679 3470 2933 3553 propria
2985 3472 3341 3548 existentia,
3389 3480 3450 3534 et
3487 3462 3718 3532 assumta

2280 3564 2675 3631 existendum
2727 3565 3057 3628 existentia
3086 3564 3301 3627 aliena
3331 3581 3457 3645 ;ex
3499 3570 3638 3644 parte
3665 3576 3721 3619 an-

2279 3666 2409 3723 tem
2446 3659 2638 3722 Verbi
2663 3666 2756 3721 est
2785 3659 3100 3721 sufficiens
3149 3658 3478 3738 perfectio,
3519 3663 3577 3717 ut
3611 3652 3720 3734 posit

2280 3752 2572 3837 supplere
2605 3752 2999 3814 existentiam
3028 3752 3334 3828 alienam,
3366 3752 3506 3831 quia
3537 3754 3608 3810 est
3621 3762 3722 3806 suas

2279 3866 2419 3911 esse
2443 3846 2970 3929 perfectissimum
3014 3852 3076 3907 et
3104 3844 3449 3919 infinitum,
3491 3844 3722 3906 eminente

2280 3942 2607 4003 continens
2649 3956 2837 4001 omne
2886 3956 3024 4001 esse
3074 3942 3420 4015 ereatnrse,
3459 3942 3518 4000 et
3545 3938 3645 3996 sine
3669 3934 3724 3991 ia·

2272 4034 2651 4117 perfectione
2668 4034 2789 4095 hoe
2807 4032 2865 4094 fa
2875 4050 3018 4095 cere
3051 4038 3257 4115 potest
3285 4050 3409 4114 per
3431 4030 3724 4094 mutationes

2276 4134 2603 4202 creaturae,
2633 4127 2768 4188 sine
2814 4124 3159 4189 mutatione
3209 4126 3332 4188 sui.
3390 4124 3556 4198 Quod
3595 4123 3634 4183 si
3665 4120 3727 4179 hm

2276 4218 2413 4283 fleri
2447 4224 2676 4301 potest,
2712 4236 2842 4279 non
2883 4224 2980 4281 est
3009 4218 3384 4298 negandum
3427 4218 3564 4298 quin
3585 4216 3726 4276 factm

2279 4314 2358 4375 sit
2379 4313 2446 4373 in
2475 4312 2594 4374 hoe
2622 4312 2958 4391 mysterio:
2990 4314 3191 4393 primo
3245 4312 3526 4391 quidem,
3569 4308 3670 4387 quia
3685 4304 3728 4363 itt

2278 4406 2594 4468 insinuant
2615 4422 2724 4467 san
2734 4404 2810 4467 cti
2838 4406 3073 4481 Patres,
3095 4406 3440 4484 Sophron„
3469 4406 3683 4465 Damasc-
3697 4399 3730 4455 et

2279 4499 2350 4559 D.
2383 4498 2678 4559 Thomas.
2708 4498 2786 4558 Et
2805 4496 3056 4573 deinde,
3081 4499 3225 4577 quia
3250 4498 3377 4559 hoe
3402 4496 3572 4558 modo
3591 4492 3728 4553 melius

2279 4592 2644 4675 intelligitur
2671 4591 3098 4653 substantialis
3133 4593 3283 4653 unio
3316 4608 3395 4653 ae
3421 4609 3531 4672 per
3561 4606 3632 4658 se,
3651 4600 3728 4662 (με

2277 4685 2397 4747 alia
2421 4686 2665 4747 ratione
2691 4684 2794 4747 vix
2831 4690 3040 4767 potest
3086 4684 3381 4766 intelligi.
3437 4685 3569 4758 Quae
3602 4676 3728 4739 omnia

2277 4780 2664 4842 commodius
2689 4796 3115 4861 proponemus
3142 4779 3332 4853 infra,
3349 4795 3492 4840 eum
3515 4776 3611 4837 illis
3625 4769 3726 4832 satis-

2271 4874 2632 4937 faciendum
2676 4873 2834 4949 erit;
2867 4892 3038 4935 nune
3067 4872 3272 4935 solum
3322 4873 3611 4934 insinuata
3647 4869 3728 4924 suni

2272 4966 2353 5028 ad
2405 4966 2842 5049 explicandum
2902 4966 3390 5031 fundamentum
3444 4964 3604 5043 hujus
3645 4972 3725 5018 sen·

2271 5062 2500 5123 tentia’.

2348 5157 2408 5215 2.
2436 5154 2821 5237 Impossibile
2839 5159 2928 5217 est
2948 5155 3384 5219 humanitatem
3401 5143 3726 5217 ee'istereais-

2270 5246 2462 5310 tentia
2487 5248 2779 5311 increata.
2805 5248 3033 5309 -Dioo
3060 5250 3261 5328 primo
3289 5266 3306 5308 ε
3337 5240 3722 5327 impossibile&
