3892 6167
1299 389 1619 446 mspmwr.
1653 389 1824 448 xux,
1859 393 2030 449 SECT.
2065 395 2129 452 n.

107 499 300 579 potius
349 492 614 574 respicit
633 492 810 555 illum
845 497 915 553 ut
939 507 1277 571 personam
1325 489 1664 554 intrinsece

107 591 406 672 perillam
437 587 879 650 resultantem.

177 689 274 747 21.
319 685 570 758 Quarta
595 682 759 744 ratio
795 681 1172 762 supenditur.
1197 711 1282 730 -
1307 679 1538 752 Quarta
1565 697 1670 741 ra-

105 781 184 843 tio
213 776 443 838 adduci
477 774 664 852 solet,
702 773 852 854 quia
877 773 1130 853 adoptio
1172 791 1302 834 non
1332 772 1480 834 facit
1503 773 1672 834 inter

107 873 500 951 adoptantem
527 873 598 929 et
615 865 982 949 adoptatum
1009 868 1310 929 unionem
1323 867 1668 929 secundum

107 982 250 1038 rem,
281 962 400 1035 sed
445 962 804 1024 secundnm
857 961 1152 1024 affectum
1195 964 1440 1023 tautum
1469 976 1490 1038 3
1517 959 1670 1022 unio

107 1065 302 1122 autem
347 1054 752 1140 hypostatica
782 1055 928 1117 tecit
959 1055 1026 1116 in
1071 1053 1312 1117 Christo
1357 1072 1486 1116 non
1535 1059 1670 1115 tan-

107 1160 227 1214 tum
255 1151 776 1230 conjunctionem
801 1149 1088 1225 affectus,
1109 1149 1219 1211 sed
1237 1149 1426 1210 etiam
1459 1153 1529 1209 ut
1553 1148 1674 1208 hu·

106 1247 357 1307 manitas
385 1245 455 1304 in
485 1243 714 1320 eadem
743 1261 1016 1324 persona
1043 1261 1189 1306 cum
1211 1241 1418 1304 divina
1441 1248 1671 1304 natura

105 1339 478 1412 conveniret,
513 1343 708 1417 atque
735 1338 896 1400 adeo
931 1342 1002 1398 ut
1025 1339 1190 1398 Deus
1235 1341 1301 1398 et
1319 1335 1512 1399 homo
1537 1353 1669 1397 una

108 1440 256 1496 esset
283 1450 565 1512 persona
587 1450 604 1506 3
631 1448 782 1512 ergo
803 1432 906 1493 hie
929 1432 1120 1492 homo
1167 1429 1446 1492 Christus
1475 1429 1666 1491 etiam

107 1535 166 1588 ut
186 1528 372 1588 homo
396 1542 533 1587 non
552 1531 650 1588 est
677 1525 1036 1606 adoptatus;
1057 1541 1230 1598 nam,
1254 1527 1326 1584 nt
1348 1522 1668 1586 dixitCon-

107 1622 299 1681 cilium
351 1619 768 1684 Francoford.
794 1664 812 1694 ,
863 1619 1030 1680 dicta
1080 1618 1386 1698 epistola:
1445 1617 1668 1682 Unitae

101 1733 375 1798 personoe,
397 1731 540 1796 quoe
565 1719 658 1776 oet
672 1714 742 1776 in
766 1713 881 1776 Dei
910 1709 1080 1776 Folio
1107 1717 1164 1775 ot
1188 1711 1324 1790 filio
1365 1709 1664 1792 Virqinie,

109 1810 432 1890 adoptionis
462 1807 634 1872 toltit
667 1807 988 1888 imo-iam.
1019 1806 1172 1878 Quae
1217 1804 1472 1884 quidem
1505 1804 1664 1867 ratio

111 1903 326 1963 directe
354 1906 418 1962 et
453 1899 829 1964 immediate
863 1898 1144 1980 procedit
1167 1898 1248 1960 de
1275 1897 1666 1959 humanitate

117 1995 351 2068 Chi-istit
381 1999 450 2055 et
475 1993 817 2056 idenillam
846 2009 923 2054 ex
937 1992 1221 2072 professo
1257 1991 1664 2053 tractabimus

114 2089 366 2150 sectione
397 2093 738 2168 sequente,
774 2104 904 2148 non
941 2085 1111 2148 enim
1157 2084 1526 2147 difficultate
1553 2101 1664 2146 ca·-

115 2189 214 2244 ret.
248 2183 570 2263 Applicata
597 2199 746 2243 vero
775 2181 858 2242 ad
883 2181 1198 2244 Christum
1225 2179 1666 2256 inhominem,

115 2277 396 2356 imprimis
425 2275 732 2356 supponit
771 2273 926 2335 illud
966 2273 1344 2354 priucipium
1369 2273 1434 2335 in
1463 2272 1667 2353 prima

116 2369 417 2449 principali
453 2371 705 2431 ratione·
731 2367 1032 2447 positum,
1055 2365 1228 2446 quod
1243 2365 1499 2446 adoptio
1529 2383 1670 2427 ver-

121 2465 228 2525 sari
279 2464 467 2525 debet
512 2464 684 2526 circa
711 2478 1054 2543 personam
1104 2470 1494 2535 extraneam,
1525 2477 1670 2521 eam

123 2557 440 2620 liberaliter
474 2575 552 2620 ac
582 2556 858 2637 gratuito
887 2553 1272 2635 acceptando
1303 2554 1385 2616 ad
1407 2553 1671 2616 haredi-

121 2655 312 2712 tatem.
343 2653 499 2728 Imo,
537 2653 590 2714 si
629 2657 800 2714 recte
841 2649 1336 2724 consideremus,
1364 2647 1476 2710 illa
1515 2647 1668 2710 unio

117 2743 434 2806 secundum
460 2746 767 2809 affectum
796 2743 952 2806 nihil
981 2742 1152 2805 aliud
1179 2748 1276 2804 est
1301 2759 1496 2823 quam
1533 2742 1670 2804 haec

115 2837 366 2900 liberalis
410 2839 798 2920 acceptatio,
827 2841 900 2900 ut
929 2838 996 2898 in
1021 2835 1304 2898 humana
1331 2836 1668 2916 adoptione

119 2937 374 3006 constat:
407 2934 472 2995 in
502 2932 721 2996 diviua
759 2937 971 2994 autem
1001 2931 1204 2994 altiori
1233 2929 1420 2992 modo
1445 2936 1542 2992 est
1573 2929 1670 2991 in·

116 3025 422 3105 telligeuda
440 3071 463 3104 ,
537 3038 606 3089 ut
654 3026 946 3106 sequenti
995 3024 1278 3088 sectione
1327 3040 1662 3103 exponam.

113 3119 240 3180 Ideo
265 3127 472 3182 autem
515 3121 650 3182 hmo
677 3119 1038 3199 conjunctio
1067 3135 1188 3198 per
1205 3117 1534 3179 liberalem
1562 3135 1672 3179 ac-

119 3213 522 3293 ceptationem
575 3213 935 3276 necessario
989 3210 1386 3274 intercedere
1429 3210 1662 3286 dehet,

120 3309 246 3385 quia
293 3323 598 3389 pei-soma,
631 3325 774 3390 quae
824 3305 1184 3388 adoptatur,
1211 3307 1418 3369 aliena
1447 3312 1566 3384 est,
1603 3313 1669 3369 et

120 3419 185 3464 ex
211 3421 274 3464 se
299 3411 610 3466 extranea
641 3419 892 3483 semper
915 3408 1136 3464 manet
1159 3407 1450 3482 respectu
1477 3403 1671 3464 heere·

119 3496 340 3574 ditatis,
369 3505 434 3561 et
457 3499 620 3562 ideo
633 3501 882 3578 oportet
905 3501 974 3560 ut
992 3513 1071 3558 ex
1100 3496 1374 3576 gratuita
1399 3495 1674 3557 benevo-

117 3591 292 3654 lentia
317 3595 395 3656 ad
417 3594 608 3655 issam
643 3592 1029 3655 admittatur.
1060 3589 1324 3666 Deinde,
1345 3589 1482 3652 luno
1511 3589 1674 3652 ratio

128 3685 460 3752 immediate
491 3687 700 3750 solum
731 3687 980 3768 probat,
1012 3686 1325 3748 Christum
1363 3691 1438 3747 ut
1461 3682 1672 3746 homi·

131 3797 263 3841 nem
287 3800 410 3844 non
463 3799 610 3845 esse
654 3781 1021 3861 adoptatum
1049 3781 1129 3842 ad
1177 3797 1316 3842 esse
1345 3777 1676 3859 personale

133 3873 252 3934 Filii
266 3875 985 3958 Dei,quia‚quantumvis
1005 3880 1290 3936 sumatur
1305 3873 1586 3936 Christus
1605 3875 1678 3934 ut

131 3967 322 4044 home,
348 3979 442 4036 est
486 3989 618 4032 una
662 3987 936 4050 persona
963 3985 1111 4030 cum
1159 3968 1312 4030 Filio
1367 3965 1514 4040 Dei3
1543 3983 1676 4028 non

131 4077 264 4123 vero
307 4065 536 4144 probat
577 4063 686 4126 illa
714 4062 876 4125 ratio
924 4079 1040 4142 per
1077 4079 1146 4124 se
1194 4067 1470 4142 sumpta,
1501 4058 1676 4122 Chri·-

132 4163 278 4217 stum
326 4167 396 4221 ut
429 4159 756 4222 hominem
809 4176 940 4219 non
989 4175 1127 4220 esse
1175 4157 1543 4237 adoptatum
1593 4154 1676 4218 ad

132 4255 410 4315 aeternam
455 4253 936 4325 beatitudinem,
963 4251 1136 4332 quia,
1185 4251 1238 4312 si
1287 4265 1677 4330 supponere-

133 4361 280 4420 mus,
307 4363 438 4409 non
487 4347 776 4410 obstante
829 4346 1068 4408 unitate
1121 4361 1409 4426 personas
1451 4343 1676 4406 Christi

133 4435 229 4499 Dei
251 4448 310 4503 et
333 4443 629 4516 hominis,
659 4441 972 4503 Christum
1005 4446 1078 4502 ut
1117 4439 1436 4502 hominem
1467 4455 1678 4516 neque

134 4547 258 4594 esse
284 4533 562 4612 beatum,
597 4552 810 4614 neque
842 4535 1078 4596 habere
1121 4533 1532 4596 intrinsecum
1567 4532 1680 4593 ali-

131 4629 284 4704 quod
300 4632 404 4708 jus
421 4631 507 4692 ad
533 4627 970 4691 haereditatem
1009 4627 1206 4702 illam,
1233 4632 1450 4708 utpote
1477 4627 1530 4688 si
1556 4624 1674 4688 fin-

132 4735 336 4798 gamus
359 4727 532 4788 nullo
575 4724 768 4787 modo
793 4739 934 4785 esse
977 4723 1068 4784 im
1119 4723 1398 4785 debitam
1427 4723 1674 4785 ratione

132 4816 385 4895 unionis,
408 4828 560 4883 tunc
579 4835 800 4882 revera
818 4837 948 4880 non
964 4825 1348 4898 repugnaret
1366 4817 1502 4879 hoec
1525 4817 1676 4878 ado-

131 4909 248 4986 ptio
270 4915 348 4976 ad
369 4915 544 4978 illam
566 4913 995 4976 haereditatem
1021 4929 1165 4974 cum
1191 4912 1432 4974 unitate
1461 4929 1678 4991 perso-

133 5019 218 5065 nae
251 5007 354 5070 Dei
403 5009 696 5086 hominis,
741 5008 887 5087 quia
923 5006 1069 5069 lieet
1119 5007 1331 5087 quoad
1370 5007 1678 5069 unitatem

134 5112 398 5174 personas
425 5107 596 5168 esset
616 5102 804 5165 realis
839 5101 1017 5174 unio,
1047 5107 1110 5164 et
1141 5117 1272 5162 non
1299 5107 1546 5163 tantum
1589 5099 1681 5162 at*-

133 5189 340 5258 t'eetiva
372 5199 534 5262 inter
573 5200 917 5260 humanam
954 5201 1020 5258 et
1055 5195 1330 5258 divinam
1356 5201 1672 5274 naturam,

135 5289 190 5346 et
207 5291 547 5368 personalis
573 5291 780 5354 unitas
797 5290 964 5353 inter
989 5289 1190 5352 Deum
1220 5292 1286 5352 et
1311 5287 1636 5352 hominem
1656 5333 1672 5365 ,

138 5383 350 5461 tamen,
379 5389 684 5472 qnantum
722 5385 804 5448 ad
829 5383 1286 5466 acceptandum
1317 5382 1630 5446 Christum
1654 5429 1672 5458 ,

135 5477 199 5533 ut
243 5474 594 5558 hominem,
641 5479 726 5543 ad
767 5477 1260 5553 beatitudinem,
1295 5481 1465 5538 esset
1509 5475 1683 5537 inter

139 5565 320 5633 Deum
334 5579 394 5637 et
407 5569 715 5640 Christum
731 5573 900 5637 utsic
923 5572 1076 5634 unio
1101 5577 1348 5635 tantum
1359 5569 1666 5649 affectiva3

3198 391 3238 453 4

1745 491 1892 570 quia
1942 509 2151 573 neque
2180 494 2461 557 Christus
2491 501 2560 557 ut
2592 495 2783 558 homo
2818 511 2897 558 ex
2944 512 3012 559 se
3059 395 3323 559 habeizit

1739 583 1846 663 jus
1873 586 1955 648 ad
1979 585 2149 649 illam
2186 587 2647 667 haereditatem,
2672 594 2742 652 ut
2770 586 3163 670 supponitur,
3204 607 3320 654 ne·

1749 699 1872 760 que
1905 683 1989 744 ad
2034 683 2205 746 illam
2236 684 2695 762 admitteretur,
2720 683 2837 746 nisi
2866 701 2978 765 per
3018 687 3319 749 extrinse-

1749 793 1887 839 cam
1915 777 2028 839 Dei
2073 777 2607 854 benevolentiam,
2632 785 2694 841 et
2722 778 3101 841 infusionem
3162 780 3320 842 acci-

1748 869 2092 934 dentalium
2120 873 2455 948 donorum,
2480 891 2608 956 quo
2654 874 2845 937 modo
2895 873 3000 936 alii
3030 873 3319 936 homines

1749 961 2151 1042 adoptantur.

1827 1059 1931 1118 22.
1964 1058 2043 1120 Ut
2062 1075 2213 1140 ergo
2236 1059 2395 1123 ratio
2418 1059 2666 1140 probet,
2694 1061 3055 1125 necessario
3084 1059 3319 1126 adden-

1751 1147 1902 1212 dum
1933 1155 2031 1212 est
2053 1151 2205 1215 illud
2232 1153 2703 1216 fundamentale
2722 1156 3118 1236 principium,
3150 1155 3320 1237 quod

1749 1240 2049 1320 Christus,
2081 1245 2270 1308 etiam
2292 1253 2365 1310 ιιι
2383 1246 2597 1322 homo,
2630 1264 2757 1309 uon
2788 1255 2883 1310 est
2909 1267 3183 1329 persona
3210 1267 3321 1314 ex·

1747 1340 1971 1398 tranea
1998 1345 2289 1418 respectu
2332 1341 2716 1403 haereditatis
2746 1348 2996 1404 aeternoe
3028 1361 3045 1417 ;
3086 1344 3235 1424 quia
3266 1343 3319 1406 si

1749 1429 1890 1492 talia
1936 1436 2125 1508 esset,
2151 1434 2441 1512 quamvis
2488 1433 2726 1515 alioqui
2762 1435 3029 1500 haberet
3082 1437 3323 1500 realem

1745 1523 2047 1586 unionem
2069 1525 2174 1588 vel
2201 1527 2506 1590 unitatem
2529 1547 2673 1590 cum
2700 1531 2854 1605 Deo,
2878 1537 3097 1610 posset
3126 1531 3209 1594 ad
3248 1531 3325 1594 il-

1746 1616 1877 1680 lam
1905 1617 2335 1682 hareditatem
2360 1621 2671 1701 adoptari.
2692 1621 2863 1684 Sicut
2890 1621 2954 1683 iu
2978 1623 3319 1703 adoptione

1746 1711 2052 1789 humana,
2078 1714 2270 1776 etiam
2293 1714 2345 1776 si
2372 1731 2572 1796 nepos
2592 1715 2671 1776 sit
2688 1717 2997 1796 sanguine
3025 1719 3321 1798 conjunc·

1745 1809 1847 1868 tus
1877 1823 2020 1882 avo,
2048 1805 2337 1886 adoptari
2392 1814 2601 1888 potest
2642 1809 2725 1870 ad
2768 1809 3200 1872 haereditatem
3250 1815 3323 1872 ut

1745 1897 1931 1972 filius,
1960 1905 2273 1980 quatenus
2294 1901 2415 1963 sub
2438 1901 2546 1963 tali
2565 1901 2807 1964 ratione
2834 1910 3175 1966 extraneus
3196 1905 3319 1979 est,

1747 1998 1814 2054 et
1839 1991 1921 2053 ab
1947 1991 2057 2053 illa
2084 1993 2444 2056 haereditate
2472 1994 2735 2056 alienus.
2764 1995 2944 2059 Unde
2970 1997 3043 2059 fit
3068 2003 3159 2074 ut,
3191 2013 3321 2058 non

1748 2085 2037 2149 obstante
2056 2088 2499 2168 conjunctione
2528 2089 2853 2170 sanguinis
2875 2089 2975 2151 vel
3005 2089 3126 2152 alia
3164 2087 3321 2152 reali

1744 2181 2007 2252 unione,
2037 2182 2237 2261 possit
2261 2181 2518 2262 adjungi
2540 2183 2658 2244 alia
2688 2183 2841 2244 unio
2876 2183 3161 2246 affectiva
3188 2201 3323 2246 res·

1745 2281 1934 2356 pectu
1962 2275 2371 2351 haereditatis,
2404 2291 2571 2355 qum,
2600 2277 2655 2338 si
2688 2293 2815 2338 non
2842 2276 2924 2338 sit
2945 2277 3181 2354 debita,
3199 2281 3323 2340 nec

1750 2385 1894 2430 cum
1922 2369 2115 2448 priori
2150 2369 2385 2430 unione
2434 2387 2513 2430 ex
2558 2375 2783 2432 natura
2826 2370 2920 2432 rei
2964 2371 3319 2433 necessario

1751 2461 2111 2541 conjuncta,
2141 2477 2355 2524 veram
2393 2461 2652 2524 habebit
2684 2463 2994 2526 rationem
3034 2463 3323 2543 adoptio·

1749 2555 1870 2617 nis.
1903 2555 2101 2634 Igitur
2142 2573 2271 2618 non
2301 2561 2507 2636 potest
2550 2557 2685 2619 haec
2710 2557 2875 2618 ratio
2920 2571 3078 2620 esee·
3102 2557 3322 2620 efficax

1753 2649 1886 2712 sine
1911 2649 2139 2730 prima,
2168 2649 2353 2728 eique
2380 2649 2855 2730 adjungendum
2880 2655 2977 2712 est
3004 2651 3125 2712 hoc
3158 2651 3325 2731 priu-

1749 2742 2009 2824 cipium,
2032 2742 2203 2823 quod
2219 2759 2329 2822 Jus
2354 2742 2436 2807 ad
2448 2750 2751 2806 aeternam
2770 2743 3198 2806 haereditatem
3212 2758 3323 2806 ne·

1749 2837 2023 2902 cessario
2054 2836 2462 2918 consequitur
2500 2838 2568 2899 in
2614 2845 2939 2918 assumpta
2982 2844 3211 2900 natura
3242 2852 3321 2901 ex

1747 2933 2143 3014 hypostatica
2164 2933 2428 3006 unione,
2460 2932 2595 2998 sine
2619 2949 2749 3013 quo
2784 2949 2917 2996 nen
2942 2933 3129 2996 video
3160 2949 3325 3012 quo-

1749 3027 1940 3089 modo
1964 3027 2161 3106 possit
2200 3026 2441 3090 efficaci
2472 3027 2717 3089 ratione
2738 3040 2789 3088 a
2820 3027 3061 3090 Christo
3106 3031 3179 3089 ut
3206 3027 3325 3088 ho·

1746 3122 1918 3184 mine
1950 3119 2199 3182 excludi
2220 3121 2439 3182 filiatio
2464 3120 2778 3224 adoptiva.
2804 3123 2961 3183 Nam
2980 3121 3153 3202 quod
3174 3121 3316 3202 qui-

1746 3214 1896 3276 dam
1924 3213 2121 3290 aiunt,
2154 3215 2349 3276 etiam
2374 3214 2424 3276 si
2466 3199 2671 3295 gratia
2714 3219 2777 3278 et
2803 3215 3005 3296 gloria
3058 3231 3188 3276 non
3230 3231 3326 3276 es·

1747 3317 1891 3374 sent
1915 3310 2161 3372 Christo
2180 3308 2393 3372 debita
2421 3310 2668 3372 ratione
2688 3309 2963 3386 unionis,
2986 3327 3119 3371 non
3136 3323 3327 3390 posse

1751 3405 1997 3468 ratione
2026 3403 2276 3466 illarum
2298 3402 2609 3482 adoptari,
2640 3401 2743 3465 vel
2770 3403 2971 3464 filium
3003 3421 3145 3465 esse
3174 3402 3329 3465 ado-

1752 3498 2015 3579 ptivum,
2058 3497 2211 3576 quia
2256 3497 2459 3576 gratia
2488 3497 2831 3577 (inquiunt)
2880 3502 2977 3559 est
3024 3495 3325 3577 perfectio

1754 3591 2182 3666 humanitatis,
2214 3589 2431 3652 filiatio
2472 3607 2625 3652 vero
2654 3590 2927 3670 pertinet
2972 3590 3057 3653 ad
3082 3607 3325 3670 suppo·-

1757 3684 1944 3748 situm
1986 3683 2339 3746 secundum
2377 3701 2449 3746 se
2474 3729 2497 3760 ,
2544 3684 2667 3746 hoc
2714 3685 3017 3765 (inquam)
3064 3701 3194 3746 nou
3228 3689 3329 3747 est

1756 3784 2217 3857 consequenter
2240 3778 2501 3852 dictum,
2529 3784 2595 3840 et
2620 3778 2778 3840 ratio
2805 3778 2915 3840 illa
2964 3777 3113 3840 satis
3142 3777 3327 3840 estin

1756 3871 2189 3952 superioribus
2228 3871 2641 3952 impugnata3
2674 3873 2805 3933 imo
2833 3877 2930 3934 est
2954 3877 3279 3934 ostensum
3301 3917 3323 3949 ,

1756 3965 2203 4029 beatitudinem
2242 3972 2549 4028 aeternam
2576 4009 2599 4041 ,
2648 3982 2797 4028 cum
2848 3965 2915 4026 in
2954 3963 3325 4045 operatione

1757 4060 2074 4132 consistat,
2110 4065 2171 4121 et
2192 4061 2297 4138 jus
2326 4059 2408 4122 ad
2432 4059 2628 4134 illam,
2656 4076 2787 4120 non
2814 4058 3023 4120 minus
3050 4057 3327 4138 pertine-

1753 4171 1825 4218 re
1855 4153 1938 4216 ad
1986 4155 2375 4235 suppositum
2418 4171 2612 4234 quam
2656 4153 3048 4231 filiationem,
3080 4158 3327 4216 utrum-

1756 4266 1880 4330 que
1905 4255 2119 4312 autem
2146 4247 2464 4310 mediante
2484 4255 2713 4310 natura
2736 4254 2808 4309 ut
2832 4248 3035 4330 gratia
3072 4249 3322 4310 affecta.

1759 4344 1941 4419 Item,
1972 4343 2179 4424 posita
2201 4342 2307 4403 illa
2336 4341 2696 4422 hypothesi,
2727 4342 3008 4405 Christus
3034 4348 3111 4403 ut
3140 4342 3327 4404 homo

1758 4453 1888 4498 non
1919 4440 2089 4500 esset
2110 4435 2277 4497 filius
2296 4453 2413 4516 per
2437 4435 2717 4514 gratiam,
2736 4435 3011 4511 unionis,
3032 4436 3181 4516 quia
3198 4453 3333 4498 non

1759 4539 1928 4594 esset
1950 4533 2150 4594 haeres
2180 4549 2258 4593 ex
2284 4530 2348 4592 vi
2378 4530 2586 4608 illius3
2614 4547 2771 4611 ergo
2796 4531 3111 4612 indigeret
3136 4531 3329 4594 bene·

1757 4625 2035 4689 volentia
2062 4625 2437 4700 extrinseca,
2484 4630 2549 4687 et
2593 4643 2709 4704 per
2741 4623 2941 4686 solam
2986 4623 3188 4699 illam,
3214 4639 3325 4686 seu

1757 4721 2027 4802 gantiam
2044 4720 2129 4781 ab
2144 4719 2255 4780 illa
2280 4725 2645 4782 manantem
2666 4717 2931 4780 haberet
2954 4716 3053 4794 ius
3080 4716 3163 4777 ad
3186 4716 3331 4778 bea·

1756 4813 2129 4892 titudinem3
2157 4813 2279 4875 hoc
2298 4818 2512 4875 autem
2548 4817 2809 4876 estesse
2840 4811 3043 4874 filium
3092 4808 3331 4891 adopti-

1758 4925 1932 4972 vum.

1839 5005 1938 5064 23.
1976 5000 2202 5077 Quinta
2250 5001 2419 5064 ratio
2460 5001 2667 5064 mium
2716 4999 2959 5076 efficw.
2988 5029 3070 5048 -
3096 4998 3329 5072 Quinta

1759 5098 1920 5160 ratio
1947 5096 2096 5160 addi
2124 5095 2284 5160 solet
2313 5097 2381 5157 in
2410 5097 2581 5158 hunc
2612 5093 2905 5158 modum:
2935 5112 3086 5158 nam
3108 5094 3330 5156 huma·

1757 5192 1924 5255 nitas
1952 5191 2174 5256 Christi
2202 5207 2333 5255 non
2348 5198 2443 5254 est
2470 5189 2796 5272 adoptata3
2824 5208 2983 5273 ergo
3004 5207 3127 5252 nec
3148 5185 3325 5254 Chri-

1759 5291 1892 5350 stus
1917 5292 1989 5350 ut
2016 5287 2209 5350 homo
2234 5293 2333 5350 est
2380 5284 2741 5367 adoptatus,
2762 5291 2828 5348 et
2870 5287 3332 5365 consequenter

1755 5399 1878 5445 nec
1903 5379 2071 5444 filius
2112 5381 2464 5464 adoptivus.
2522 5379 2921 5443 Antecedeus
2964 5375 3333 5460 probabitur

1757 5491 1835 5538 ex
1875 5475 2163 5556 professo
2188 5473 2375 5550 intra,
2408 5479 2562 5537 sect.
2596 5477 2671 5548 ις
2704 5471 3157 5553 consequentia
3178 5487 3330 5534 veru

1755 5570 2081 5652 probatur,
2110 5569 2282 5650 quia,
2312 5569 2476 5632 sicut
2498 5569 2778 5634 Ghrlstus
2802 5583 2929 5629 non
2970 5571 3177 5649 potest
3202 5565 3328 5630 dici
