3892 6167
553 350 633 411 68

552 456 633 515 ab
665 450 1012 531 speciebus,
1063 455 1125 512 et
1170 451 1323 513 illud
1366 453 1674 533 significat
1704 472 1839 513 esse
1886 470 2110 529 unum,

550 546 792 627 species
815 544 1050 624 plures,
1078 544 1152 606 Et
1178 543 1348 606 idem
1374 544 1559 607 docet
1587 546 1649 605 in
1680 548 1741 621 3,
1767 546 1827 607 d.
1866 548 1962 621 14,
1989 553 2104 607 art.

551 643 613 716 3,
640 656 704 718 q.
738 643 801 716 4,
827 639 1013 701 ethic
1044 638 1257 713 etiam,
1288 644 1406 701 art.
1435 644 1499 713 4,
1530 639 1701 717 dicit,
1726 640 1887 701 hane
1914 640 2114 701 scien·

550 734 703 796 tiam
732 750 870 795 esse
892 731 1335 812 perfectiorem
1363 734 1670 812 angelica,
1695 737 2002 813 quantum
2033 732 2113 795 ad

550 827 793 889 lumen.
822 826 981 888 Item
1012 825 1200 889 sentit
1228 826 1504 904 Richar.,
1526 827 1668 889 dist.
1692 829 1923 901 M,art.
1953 830 2012 903 3,
2045 846 2107 908 q.

550 924 591 983 4
607 942 625 997 ;
655 926 718 983 et
744 921 1005 995 Bonav.‚
1040 925 1155 984 art.
1188 923 1249 997 3,
1272 936 1337 997 q.
1363 923 1425 982 2.
1454 920 1759 983 Probatur
1789 928 2003 1002 aperte
2036 939 2114 981 ex

548 1013 753 1087 dictis,
785 1013 933 1093 quia
955 1013 1156 1074 virtus
1184 1013 1397 1101 activa·
1414 1013 1767 1076 intellectus
1796 1014 1875 1076 de
1922 1032 1990 1077 se
2021 1022 2116 1077 est

548 1106 939 1170 insufficiens
964 1106 1048 1168 ad
1086 1111 1263 1169 actus
1310 1107 1499 1187 hujus
1545 1108 1841 1186 scientiae,
1886 1114 1951 1171 et
1983 1126 2112 1170 non

549 1199 834 1264 elevatur
855 1218 971 1281 per
999 1199 1165 1261 solas
1213 1201 1456 1280 species
1478 1222 1495 1275 3
1532 1220 1682 1281 ergo
1730 1202 1945 1283 aliqua
1988 1202 2112 1263 alia

549 1309 658 1375 re3
695 1313 847 1375 ergo
877 1294 1087 1373 aliquo
1118 1292 1341 1356 habitu
1379 1294 1613 1371 infuso,
1661 1295 1833 1372 quia,
1860 1300 1930 1357 ut
1968 1313 2115 1355 con-

550 1387 823 1451 naturali
870 1388 1059 1450 modo
1102 1387 1405 1462 elevetur,
1456 1386 1645 1450 debet
1679 1406 1795 1469 per
1822 1388 2114 1451 intrinse-

550 1498 695 1545 cam
724 1489 786 1543 et
823 1480 1235 1543 inhaerentem
1286 1499 1361 1543 ac
1402 1487 1881 1562 permanentem
1922 1482 2116 1544 virtu·

555 1584 683 1639 tem
728 1574 984 1649 elevari,
1024 1580 1087 1637 et
1132 1574 1296 1637 hanc
1331 1592 1633 1637 vocamus
1682 1575 1988 1637 habitum.
2039 1577 2114 1638 Et

550 1668 963 1732 confirmatur
989 1666 1218 1748 primu,
1246 1668 1533 1749 exemplo
1567 1668 1929 1745 voluntatis,
1964 1687 2116 1730 con-

548 1762 809 1824 veniunt
837 1761 1007 1823 enim
1032 1762 1132 1821 hae
1163 1759 1304 1822 duae
1335 1762 1629 1841 potentiae
1670 1762 1738 1822 in
1767 1762 1911 1837 hoc,
1943 1760 2112 1841 quod

546 1863 779 1937 praeter
820 1856 1116 1919 virtutem
1154 1856 1419 1917 activam
1459 1858 1797 1937 potentiae,
1846 1862 2114 1936 utraque

548 1950 787 2029 indiget
802 1967 1112 2012 concursu
1128 1947 1228 2028 obj
1238 1948 1357 2010 ecti
1373 1948 1450 2009 ad
1469 1949 1879 2029 operandum,
1898 1968 2115 2029 quam-

546 2044 642 2105 vis
689 2042 953 2105 fortasse
1004 2060 1351 2105 concursus
1395 2042 1622 2123 objecti
1652 2062 1783 2105 non
1823 2043 1902 2106 sit
1950 2044 2112 2125 ejus-

546 2138 694 2201 dem
725 2136 987 2199 rationis
1015 2136 1081 2197 in
1111 2142 1377 2215 utraque
1404 2137 1710 2216 potentia,
1747 2138 1918 2219 quod
1957 2138 2113 2199 nihil

544 2230 627 2293 ad
641 2232 1017 2309 praesentem
1034 2228 1522 2308 disputationem
1551 2230 1791 2292 attinet.
1815 2230 1972 2293 Hinc
2000 2230 2114 2311 igi-

544 2328 652 2385 tur
692 2324 999 2385 formatur
1050 2330 1523 2403 argumentum,
1576 2342 1725 2385 nam
1780 2324 2108 2401 voluntas',

544 2422 882 2497 postquam
910 2414 998 2477 illi
1050 2416 1442 2497 propositum
1497 2422 1592 2479 est
1643 2418 1963 2499 objectum
2013 2437 2112 2479 su·

543 2508 972 2588 pernatnrale,
1018 2514 1081 2571 et
1135 2508 1601 2589 supernaturali
1653 2511 1842 2573 modo
1898 2509 2111 2589 cogni-

545 2606 703 2678 tum,
746 2602 896 2681 quia
930 2620 1059 2663 non
1089 2601 1281 2665 habet
1304 2604 1659 2665 naturalem
1684 2604 1984 2667 virtutem
2029 2603 2110 2665 ad

548 2694 951 2757 efficiendum
1000 2700 1211 2757 actum
1263 2695 1351 2758 illi
1384 2697 1630 2776 objecto
1678 2699 2112 2779 proportiona-

547 2793 707 2865 tum,
743 2786 985 2867 indiget
1012 2787 1231 2849 habitu
1264 2806 1378 2869 per
1406 2806 1475 2851 se
1516 2789 1722 2852 infuso
1747 2836 1762 2864 ‚
1798 2797 1869 2853 ut
1900 2792 2112 2855 eleve-

546 2888 651 2943 tur
678 2879 758 2942 ad
784 2880 961 2941 illum
1000 2882 1394 2943 connaturali
1424 2883 1613 2945 modo
1666 2884 2064 2947 efficiendum
2089 2907 2107 2961 3

552 2992 704 3055 ergo
740 2974 1023 3035 similiter
1046 2973 1397 3037 intellectus
1419 2976 1723 3057 indigebit
1747 2977 2110 3057 hujusmodi

550 3066 793 3143 habitu,
840 3066 1355 3148 quandoquidem
1378 3114 1395 3143 ‚
1447 3070 1648 3149 posita
1704 3070 1947 3152 specie,
1998 3090 2112 3152 per

550 3179 743 3241 quam
768 3160 965 3222 veluti
994 3161 1345 3241 applicatur
1374 3161 1714 3241 objectum,
1746 3165 1879 3243 ipse
1907 3164 1974 3226 in
1997 3182 2110 3228 suo

554 3252 773 3315 ordine
806 3258 903 3314 est
936 3251 1343 3328 insufficienS,
1380 3260 1442 3316 et
1469 3273 1599 3317 non
1634 3255 1827 3318 babet
1855 3260 2114 3319 natura-

551 3348 678 3409 lem
697 3346 987 3409 virtutem
1017 3346 1097 3408 ad
1135 3346 1536 3411 efficiendum
1582 3354 1791 3410 actum
1832 3350 1943 3411 tali
1974 3368 2114 3431 spe-

555 3438 674 3502 ciei
700 3440 1263 3520 proportionatum.

632 3536 693 3597 8.
744 3531 1025 3613 objectio.
1074 3566 1157 3581 —-
1200 3534 1554 3617 Responsio.
1601 3570 1673 3583 -
1739 3536 1813 3600 Et
1863 3555 1942 3599 ex
1993 3536 2115 3601 hoc

554 3627 845 3709 exemplo
890 3627 1152 3691 solvitur
1180 3628 1447 3709 objectio
1476 3630 1769 3709 quaedam
1796 3649 1939 3711 quae
1975 3630 2113 3693 fieri

551 3724 783 3803 potest,
816 3721 1081 3797 scilicet,
1115 3722 1503 3786 intellectum
1536 3724 1943 3787 informatum
1973 3744 2117 3806 spe·

552 3816 647 3878 cie
700 3814 1082 3878 sufficienter
1130 3816 1363 3878 'elevari
1411 3836 1528 3897 per
1578 3817 1905 3893 auxilium,
1937 3837 2110 3891 nam,

554 3909 746 3972 etiam
770 3908 973 3989 posito
1004 3908 1247 3985 habitu,
1284 3908 1525 3991 indiget
1552 3910 1807 3973 auxilio.
1830 3914 2114 3992 Respon-

554 4003 741 4065 detur
793 4002 963 4063 enim
1006 4001 1087 4065 de
1132 4003 1411 4083 potentia
1458 4004 1745 4066 absoluta
1799 4022 1982 4084 posse
2027 4002 2114 4064 ita

558 4096 813 4171 elevari,
844 4115 973 4158 non
1002 4103 1215 4159 tamen
1242 4098 1433 4160 modo
1461 4096 1739 4179 perfecto
1758 4142 1780 4174 ,
1815 4104 1877 4161 et
1899 4114 2116 4160 rerum

555 4190 797 4253 naturis
825 4191 1029 4271 magis
1064 4198 1510 4256 consentanee.
1554 4193 1724 4255 Sicut
1770 4194 1960 4255 etiam
2006 4211 2116 4254 vo-

556 4283 768 4347 luntas
812 4290 1028 4364 posset
1072 4286 1297 4348 eodem
1341 4287 1531 4349 modo
1580 4286 1848 4362 elevari3
1901 4292 2118 4347 tamen

559 4378 895 4460 perfectior
932 4378 1181 4455 moduS‚
1206 4385 1270 4442 et
1290 4382 1496 4461 magis
1525 4380 1954 4443 connaturalis
1997 4386 2114 4454 est,

564 4477 631 4534 ut
658 4488 775 4553 per
800 4471 1214 4535 intrinsecum
1238 4474 1617 4555 principium
1646 4481 1708 4537 et
1730 4472 2118 4537 habitualem

556 4564 852 4629 virtutem
884 4566 1183 4630 elevetur.

640 4662 703 4723 9.
747 4659 1557 4743 Responsio.—Objeoti0.--
1570 4655 1699 4725 Nec
1718 4662 1907 4724 refert
1923 4660 2117 4741 quod,

560 4754 764 4837 posito
796 4754 1040 4833 habitu,
1068 4755 1426 4836 requiratur
1444 4756 1770 4832 auxilium,
1796 4774 1943 4816 nam
1967 4751 2120 4816 illud

558 4854 656 4913 est
670 4848 975 4928 debitum,
987 4855 1291 4928 tanquam
1320 4869 1665 4914 concursus
1680 4848 1895 4931 primae
1914 4866 2121 4910 causae

558 4943 624 5007 in
660 4962 774 5005 suo
805 4943 1024 5007 ordine
1046 4945 1478 5019 necessarius;
1514 4945 1569 5006 si
1597 4949 1808 5005 autem
1846 4961 1976 5004 non
2006 4943 2120 5006 da-

554 5041 733 5101 retur
771 5038 1045 5114 habitae,
1079 5039 1285 5119 majus
1314 5039 1615 5100 auxilium
1645 5041 1708 5100 et
1735 5037 1990 5099 alterius
2014 5054 2118 5117 ge-

556 5130 729 5193 neris
758 5131 1015 5194 deberet
1038 5131 1330 5194 conferri.
1360 5132 1589 5194 Ultimo
1618 5130 2120 5207 tandem-confir-

556 5218 767 5287 matur
804 5226 939 5286 haec
970 5226 1311 5301 sententia,
1341 5225 1491 5305 quia
1534 5225 1600 5285 in
1635 5222 1911 5285 scientiis
1936 5229 2120 5284 natu-

556 5319 815 5396 ralibus,
845 5324 1068 5401 proeter
1092 5318 1358 5400 specieS,
1388 5318 1731 5398 requiritur
1752 5316 2026 5393 habitae,
2057 5324 2120 5381 et

558 5412 845 5476 similiter
866 5413 934 5475 in
960 5412 1107 5488 fide,
1140 5411 1295 5475 etin
1318 5412 1685 5493 prophetica
1715 5410 2115 5494 cognitione·
2096 5456 2117 5491 ‚

560 5526 709 5591 ergo
742 5514 803 5573 et
833 5508 897 5571 in
926 5506 1046 5571 hac
1066 5505 1346 5574 scientia.
1384 5506 1767 5590 Responderi
1795 5510 2026 5588 potest,
2056 5506 2120 5567 in

1790 354 2023 416 QuAEsT.
2061 355 2142 407 xl.
2178 354 2380 407 Alt'rtc.
2421 355 2498 407 lr'l.

2199 452 2293 513 his
2345 452 2640 514 omnibus
2697 449 2934 528 requiri
2981 447 3273 521 habitus,
3332 448 3477 529 quia
3519 456 3708 531 species

2195 550 2342 606 sunt
2379 544 2783 625 imperfectae,
2817 542 2987 604 unde
3023 540 3208 621 objici
3253 546 3464 621 potest
3502 545 3710 613 scientia
3821 590 3824 643 ;

2193 638 2402 699 infusa
2429 637 2840 719 Angelorum,
2869 636 2932 697 in
2960 654 3086 716 qua
3127 654 3258 697 non
3299 635 3487 697 datur
3511 638 3712 703 habitus

2195 731 2522 794 distinctus
2573 732 2654 793 ab
2703 730 3065 811 speciebuS,
3117 730 3268 809 quia
3329 728 3564 809 species
3607 744 3712 799 sunl
3821 760 3823 763 ⁴

2192 827 2507 907 perfectae.
2536 825 2662 889 Sed
2691 831 2910 886 contra
2925 824 3152 905 primo,
3174 842 3328 885 nam
3351 825 3488 885 haec
3507 843 3714 907 respon·

2195 922 2287 983 sio
2312 921 2522 981 locum
2560 939 2690 1007 non
2722 917 2910 981 habet
2953 920 3018 985 in
3039 918 3284 981 visione
3317 918 3526 997 beata,
3555 938 3589 981 a
3623 941 3714 1002 qua

2195 1014 2386 1076 etiam
2404 1030 2596 1094 supra
2623 1018 3066 1093 argumentum
3089 1010 3501 1091 sumpsimus.
3528 1014 3716 1077 Secun-

2193 1106 2299 1183 de,
2331 1108 2502 1188 quia,
2523 1108 2578 1169 si
2606 1106 2672 1168 in
2707 1106 2844 1169 aliis
2865 1106 3203 1186 requiritur
3227 1104 3490 1167 habitus
3511 1114 3716 1189 propter

2194 1202 2730 1283 imperfectionem
2764 1201 3116 1281 specierum
3138 1246 3160 1275 ,
3192 1198 3399 1261 multo
3427 1201 3616 1281 magis
3645 1204 3719 1267 hic

2196 1294 2313 1356 erit
2358 1295 2753 1358 necessarius
2795 1298 3052 1375 propter
3084 1292 3616 1374 imperfectionem
3639 1314 3716 1375 po·

2193 1389 2429 1452 tentiae.
2463 1389 2642 1452 Unde
2672 1406 2801 1449 non
2829 1393 2927 1449 est
2949 1386 3150 1449 simile
3176 1386 3359 1465 quod
3387 1405 3467 1449 ex
3505 1388 3716 1453 seientia

2195 1481 2577 1563 Angelorum
2609 1483 2898 1558 affertur,
2931 1480 3078 1563 quia
3128 1480 3191 1539 in
3238 1479 3348 1541 illa
3385 1497 3514 1540 non
3557 1482 3714 1545 solum

2195 1576 2437 1655 species
2464 1576 2756 1655 perfectae
2789 1579 2957 1648 sunt,
3009 1573 3123 1635 sed
3167 1573 3368 1635 etiam
3416 1573 3600 1635 virtus
3636 1594 3714 1654 po-

2195 1670 2406 1731 tentiae
2437 1675 2533 1731 est
2560 1668 2624 1729 in
2660 1687 2776 1730 suo
2803 1666 3021 1729 ordine
3053 1665 3379 1728 sufficiens
3419 1671 3484 1728 et
3520 1684 3714 1730 accom-

2194 1761 2446 1824 modata
2472 1762 2554 1823 ad
2585 1766 2760 1824 actus
2788 1759 2944 1822 tales
2963 1760 3260 1832 scientiae,
3289 1758 3374 1821 ad
3403 1776 3556 1837 quos
3575 1766 3714 1821 natu-

2194 1856 2391 1918 ralem
2425 1855 2912 1937 propensionem
2953 1854 3144 1915 habet
3175 1852 3422 1931 absque
3467 1850 3586 1913 ullo
3630 1854 3716 1914 im-

2195 1949 2582 2029 pediment0‚
2607 1953 2668 2009 et
2696 1947 2840 2008 ideo
2869 1966 2999 2008 non
3024 1946 3263 2026 indiget
3288 1944 3512 2007 habitu
3527 1962 3548 2023 3
3576 1964 3714 2009 secus
3821 1932 3823 1935 Α

2195 2060 2345 2105 vero
2373 2042 2560 2103 estin
2589 2039 2910 2103 intellectu
2942 2039 3165 2101 animae
3197 2036 3453 2112 Christi,
3477 2038 3557 2101 ad
3583 2046 3715 2101 actus

2194 2136 2384 2215 hujus
2403 2134 2676 2197 scientiae
2696 2140 3085 2213 comparato,
3106 2138 3177 2195 ut
3205 2132 3361 2195 satis
3390 2129 3712 2211 explicatum

2195 2236 2310 2291 est.
2350 2228 2425 2291 Et
2471 2246 2548 2289 ex
2595 2227 2693 2289 his
2730 2227 3094 2308 expeditum
3121 2223 3506 2305 relinquitur
3538 2224 3713 2285 sunda·

2194 2326 2476 2385 mentum
2499 2320 2790 2383 secundae
2819 2318 3144 2383 sententiae
3170 2336 3366 2400 supra
3395 2316 3622 2399 positae.

2799 2518 3014 2573 SECTIO
3048 2518 3132 2572 111.

2199 2632 2386 2693 Utrum
2423 2633 2514 2693 hic
2543 2633 2761 2695 habitus
2805 2634 2894 2691 vel
2926 2635 3116 2691 lumen
3153 2633 3408 2691 scientiae
3459 2631 3632 2703 insusae
3665 2632 3716 2687 sit

2670 2720 2730 2775 in
2757 2733 2814 2774 se
2841 2734 3012 2775 unum
3039 2724 3277 2775 tantum.

2276 2888 2334 2949 1.
2359 2888 2562 2949 Pruna
2580 2885 2894 2949 sententia
2921 2891 3036 2961 est,
3063 2884 3233 2947 hunc
3254 2902 3390 2945 non
3414 2900 3542 2945 esse
3564 2901 3712 2943 unum

2193 2979 2500 3055 habitum,
2534 2979 2647 3041 sed
2674 2971 2911 3059 plureS.
2943 2980 3034 3041 Ita
3058 2980 3329 3055 Bonav.‚
3361 2977 3428 3037 in
3460 2978 3520 3050 3,
3557 2974 3611 3037 d.
3641 2976 3710 3045 14,

2195 3076 2312 3135 art.
2345 3074 2408 3150 3,
2440 3092 2501 3155 q.
2535 3076 2572 3135 2
2591 3088 2612 3151 ;
2645 3072 2868 3152 Cajet.,
2900 3076 2959 3133 l.
2990 3075 3054 3148 2,
3091 3090 3155 3151 q.
3207 3074 3312 3149 54,
3359 3075 3476 3133 art.
3520 3071 3576 3144 4,
3617 3086 3709 3129 non

2193 3166 2382 3247 longe
2415 3185 2452 3227 a
2481 3164 2644 3245 fine3
2677 3172 2739 3227 et
2783 3166 2995 3229 tribuit
3059 3162 3133 3227 D.
3177 3166 3406 3227 Thom.
3463 3164 3576 3239 hic,
3613 3162 3710 3221 sine

2196 3277 2386 3321 causa
2416 3262 2661 3333 tamen3
2693 3277 2842 3320 nam
2870 3259 2993 3320 hoc
3023 3258 3160 3319 loco
3190 3277 3322 3320 non
3344 3257 3518 3338 ponit
3541 3256 3710 3337 plures

2195 3352 2446 3415 habitus
2463 3352 2525 3414 in
2549 3354 2665 3413 hac
2690 3351 2949 3413 scientia
2966 3351 3195 3427 infusa,
3218 3351 3343 3413 nisi
3365 3348 3594 3412 ratione
3610 3365 3711 3426 spe-

2195 3445 2457 3518 cierum,
2483 3462 2612 3505 non
2641 3462 2790 3507 vero
2821 3445 3065 3507 ratione
3093 3444 3354 3507 luminis
3381 3439 3710 3515 infusi‚utin

2195 3538 2507 3601 solutione
2537 3538 2620 3599 ad
2647 3540 2686 3601 3
2717 3538 2870 3599 satis
2901 3538 3234 3619 explicuit3
3280 3541 3348 3599 et
3377 3536 3463 3599 ita
3491 3552 3619 3597 eum
3643 3532 3714 3591 in-

2195 3632 2432 3697 tellexit
2465 3632 2681 3694 Petrus
2712 3633 3177 3713 Bergomensis,
3200 3632 3268 3693 in
3301 3624 3712 3693 concordantiis

2194 3730 2267 3789 D.
2301 3728 2581 3801 Thomae,
2615 3725 2766 3788 dub.
2802 3729 2878 3788 12
2910 3734 2973 3790 et
3023 3731 3131 3803 163
3175 3732 3237 3789 et
3281 3724 3602 3807 CaJetauus
3638 3718 3711 3778 hic

2194 3820 2441 3882 videtur
2466 3821 2656 3884 etiam
2681 3822 2862 3884 aliter
2891 3820 3124 3882 sentire
3151 3842 3170 3895 3
3196 3836 3326 3881 non
3355 3816 3608 3898 explicat
3629 3830 3712 3871 au-

2194 3918 2326 3977 tem
2351 3917 2482 3980 haec
2510 3916 2722 3998 opinio
2745 3920 2924 3995 ,quot
2951 3915 3078 3975 sint
3103 3914 3168 3975 hi
3196 3912 3475 3975 habitus.
3494 3908 3710 3971 Videtur

2196 4015 2408 4072 tamen
2458 4008 2705 4071 duobus
2755 4006 2956 4070 modis
2998 4006 3068 4068 in
3119 4024 3196 4069 ea
3244 4004 3504 4087 procedi
3545 4016 3710 4081 posse.

2191 4101 2370 4182 juxta
2397 4102 2629 4209 duplex
2651 4102 2705 4181 ej
2715 4120 2788 4163 us
2806 4100 3310 4163 fundamentum.
3341 4096 3606 4161 Primum
3624 4096 3710 4157 est

2197 4202 2289 4269 ut,
2329 4196 2480 4274 quia
2517 4196 2762 4275 species
2790 4194 3210 4275 intelligibiles
3251 4192 3444 4273 hujus
3489 4184 3714 4251 scientiae

2200 4294 2347 4351 sunt
2388 4288 2626 4369 plureS,
2668 4288 2814 4350 ideo
2845 4288 3036 4350 etiam
3073 4286 3324 4349 habitus
3375 4284 3473 4347 vel
3515 4278 3714 4342 lumina

2198 4382 2727 4462 multiplicentur3
2757 4388 2822 4444 et
2849 4382 2937 4442 ita
2964 4382 3205 4463 primus
3233 4380 3460 4442 modus
3507 4368 3712 4437 dicendi

2199 4476 2263 4536 in
2301 4474 2422 4537 hac
2457 4476 2766 4537 sententia
2798 4492 2935 4537 esse
2983 4478 3209 4555 potest,
3241 4480 3336 4537 tot
3362 4461 3711 4548 multiplicari

2198 4568 2450 4631 habitus
2477 4567 2577 4630 vel
2604 4568 2880 4644 lumina,
2912 4572 3067 4648 quot
3102 4567 3585 4648 multiplicantur
3606 4574 3713 4637 spe-

2200 4661 2326 4725 cies
2349 4660 2794 4741 intelligibiles..
2826 4662 2950 4724 Sed
2980 4660 3462 4722 fundamentum
3499 4656 3606 4716 hoc
3631 4666 3712 4727 pa·

2201 4774 2344 4818 rum
2371 4761 2463 4818 est
2503 4758 2744 4832 efficax,
2775 4757 2924 4835 quia
2950 4756 3086 4817 fere
3115 4755 3406 4816 omnibus
3443 4744 3714 4812 habitibus

2202 4850 2598 4913 scientiarum
2645 4866 2978 4913 commune
3026 4853 3143 4925 est,
3191 4854 3259 4911 ut
3307 4864 3468 4908 unus
3499 4838 3712 4903 habitus

2198 4944 2473 5006 scientiae
2499 4944 2689 5005 variis
2735 4948 2948 5006 utatur
2990 4942 3320 5024 speciebus
3358 4926 3713 5013 intelligibili·

2198 5040 2338 5112 bus;
2361 5037 2528 5099 unde
2544 5037 2880 5099 verisimile
2895 5054 3025 5099 non
3039 5042 3152 5111 est,
3166 5036 3230 5097 in
3245 5036 3364 5096 hac
3380 5025 3636 5097 scientia,
3651 5019 3709 5081 de

2200 5149 2326 5210 qua
2352 5132 2622 5213 agimus
2643 5136 2736 5194 tot
2755 5129 3152 5211 multiplicari
3179 5128 3429 5190 habitus
3454 5120 3548 5187 vel
3567 5110 3711 5179 lumi-

2199 5244 2305 5302 na,
2338 5231 2492 5305 quot
2521 5233 2667 5289 sunt
2695 5226 2935 5305 species
2974 5222 3438 5304 intelligibiles3
3483 5220 3542 5277 et
3582 5204 3708 5272 ratio

2199 5320 2515 5402 generalis
2540 5326 2656 5395 est,
2684 5320 2854 5400 quia,
2879 5338 3022 5381 cum
3046 5318 3296 5379 habitus
3318 5315 3416 5378 vel
3434 5314 3626 5376 lumen
3644 5306 3711 5360 le

2201 5420 2350 5477 neat
2372 5432 2440 5475 se
2465 5430 2544 5475 ex
2563 5418 2742 5494 parte
2771 5412 3084 5521 potentiae,
3119 5428 3198 5473 ex
3224 5428 3340 5473 suo
3363 5419 3579 5489 genere
3597 5394 3708 5457 uni·

2202 5506 2506 5570 versalius
2549 5506 2922 5589 principium
2970 5511 3066 5570 est
3101 5524 3289 5586 quam
3320 5500 3568 5586 speciest,
3593 5504 3703 5573 quae
3821 5514 3823 5527 ι
