3892 6167
1431 414 1668 478 QUAEST.
1701 414 1831 469 xm.
1863 414 2068 471 Anne.
2102 418 2166 471 n.

165 510 416 593 proprio
463 515 690 595 aoente
714 559 736 588 ,
793 514 1114 579 secundum
1163 516 1438 580 ordinem
1481 522 1745 581 natm-ce.

171 606 324 671 Alia
347 626 490 669 vero
539 612 628 671 est
681 608 1080 685 miraculosa,
1125 628 1260 691 quoe
1305 612 1384 690 fit
1428 614 1502 675 ab
1537 617 1752 695 aqente

169 706 584 781 supernatura
590 702 664 775 li,
681 722 880 783 supra
895 710 1230 769 consuetum
1245 707 1518 770 ordinem
1535 712 1593 771 et
1607 726 1752 772 cur·

168 814 302 857 sum
357 801 608 859 natura·
629 843 646 869 ,
705 798 871 861 sicut
915 800 1294 863 resuscitatio
1351 807 1742 867 mortuorum.

169 888 401 951 Tertia
427 894 634 953 autem
661 896 774 964 est,
801 895 1123 957 secundum
1146 896 1308 973 quod
1339 897 1534 959 omnis
1575 914 1753 959 crea·

168 988 318 1045 tura
345 983 658 1047 vertibilis
683 990 774 1047 est
811 986 882 1049 in
907 987 1088 1051 nihil.
1113 987 1400 1053 Secunda
1423 994 1624 1054 autem
1649 990 1752 1053 di-

165 1079 424 1141 stinctio
455 1084 546 1143 est
577 1081 934 1163 accipienda
959 1101 1030 1145 ece
1033 1089 1220 1164 parte
1247 1086 1468 1147 animoe
1487 1084 1748 1158 Christi,

167 1191 305 1251 qua·
335 1173 682 1254 dupliciter
723 1178 1100 1240 considerari
1125 1184 1344 1258 potest.
1394 1180 1534 1243 Uno
1579 1182 1750 1243 modo

159 1270 506 1331 secundum
535 1270 866 1349 propriam
891 1276 1182 1333 naturam
1207 1278 1266 1335 et
1291 1274 1601 1350 virtutem,
1627 1274 1752 1336 sive

155 1362 556 1435 natan-alem,
585 1364 708 1427 sive
735 1366 1077 1445 qratuitam
1095 1389 1120 1436 ,·
1161 1365 1288 1429 alio
1327 1367 1524 1443 modo,
1561 1372 1750 1447 prout

155 1460 252 1517 est
279 1456 768 1519 instrumentum
812 1458 995 1526 Verbi
1024 1459 1164 1533 Dei,
1201 1460 1320 1523 sibi
1337 1460 1750 1540 personaliter
1791 1512 1808 1531 ,

155 1549 352 1613 uniti.
393 1550 480 1613 Si
507 1568 650 1633 erqo
679 1552 1000 1631 loquamur
1027 1554 1098 1615 de
1135 1555 1349 1617 anima
1389 1554 1624 1617 Christi
1651 1576 1748 1618 se-

153 1646 440 1705 cund-um
457 1646 788 1726 propriam
815 1652 1106 1709 naturam
1149 1653 1208 1709 et
1248 1649 1532 1711 virtutem
1557 1697 1572 1724 ‚
1625 1652 1749 1712 sive

151 1738 528 1800 naturalem
539 1786 556 1811 ,
571 1741 696 1803 sive
707 1742 1421 1821 qratuitam,potentiam
1431 1744 1644 1805 habuit
1665 1744 1748 1805 ad

149 1832 312 1895 illos
339 1835 604 1913 effectus
627 1836 957 1913 faciendos,
990 1836 1262 1915 quisunt
1291 1839 1514 1901 anima»
1537 1856 1749 1903 conve·-

147 1929 441 1998 nientes,·
463 1934 650 2007 puta,
699 1931 785 1992 ad
829 1930 1286 2011 pubernandum
1327 1950 1546 2012 corpus
1571 1936 1628 1995 et
1665 1934 1751 1995 ad

147 2021 578 2101 disponendos
605 2024 896 2087 humanos
922 2028 1094 2087 aetus
1115 2072 1132 2098 ,
1163 2030 1220 2087 et
1247 2026 1432 2087 etiam
1471 2027 1556 2089 ad
1589 2024 1750 2087 illu-

145 2118 540 2180 minandum
547 2134 670 2197 per
679 2119 906 2199 qratioe
939 2122 998 2181 et
1025 2118 1292 2182 scientia·
1304 2118 1751 2200 plenitudinem

149 2230 368 2274 omnes
399 2218 724 2275 creaturas
749 2211 1088 2275 rationales
1111 2215 1188 2277 ab
1231 2215 1360 2292 ejus
1375 2215 1751 2295 perfectione

147 2308 546 2383 deficientes,
565 2326 686 2390 per
707 2308 954 2371 modum
981 2324 1096 2387 quo
1133 2310 1240 2372 hoc
1267 2314 1358 2373 est
1405 2310 1751 2373 conveniens

153 2406 476 2463 creaturae
499 2402 822 2465 rationali.
853 2401 936 2465 Si
949 2406 1148 2465 autem
1169 2400 1488 2482 loquamur
1509 2406 1582 2467 de
1603 2406 1746 2466 ani·-

159 2510 262 2555 ma
295 2492 574 2570 Christi,
604 2496 926 2559 secundnm
963 2497 1123 2575 quod
1168 2500 1255 2559 est
1281 2497 1748 2560 instrumentum

183 2586 368 2650 Verbi
413 2588 542 2651 sibi
585 2590 774 2665 uniti,
822 2589 912 2653 sic
955 2591 1168 2653 habuit
1221 2590 1748 2653 instrumentalem

165 2682 462 2744 virtutem
505 2683 592 2746 ad
633 2702 832 2747 omnes
859 2684 1310 2748 immutationes
1341 2685 1748 2749 miraculosus

159 2773 503 2850 faciendas,
531 2777 900 2841 ordinabiles
929 2778 1010 2841 ad
1037 2776 1486 2841 incarnationis
1533 2780 1740 2855 finem,

163 2870 268 2946 qui
303 2874 406 2933 est
425 2870 786 2934 instaurare
831 2874 1054 2947 omnia,
1082 2871 1211 2934 sive
1255 2888 1388 2952 quoe
1433 2870 1502 2933 in
1553 2872 1741 2947 coelis,

163 2960 288 3023 sive
317 2980 462 3043 quoe
511 2964 582 3026 in
631 2965 820 3028 terris
871 2971 1036 3030 sunt.
1100 2965 1570 3029 Immutationes
1611 2982 1748 3029 vero

163 3060 599 3120 creaturarum
617 3102 633 3131 ,
666 3058 984 3121 secundum
1008 3060 1168 3140 quod
1190 3064 1334 3123 sunt
1353 3058 1652 3123 vertibiles
1677 3060 1749 3123 in

167 3146 354 3219 nihil,
417 3152 876 3233 correspondent
921 3153 1215 3216 creationi
1258 3170 1485 3224 rerum,
1533 3159 1742 3235 prout,

171 3242 412 3306 scilicet
431 3246 860 3324 producuntur
885 3263 960 3309 en
991 3246 1211 3311 nihilo.
1253 3247 1349 3311 Et
1375 3248 1504 3311 ideo
1533 3249 1622 3311 sic
1647 3264 1746 3311 so-

171 3334 264 3397 lus
295 3337 475 3400 Deus
501 3344 700 3417 potest
726 3346 1040 3405 creaturas
1069 3342 1138 3403 in
1159 3340 1424 3403 nihilum
1452 3342 1739 3421 recimere,

171 3430 272 3506 qui
299 3432 496 3495 etiam
523 3432 689 3495 solus
711 3450 814 3497 eas
839 3434 908 3495 in
933 3452 1060 3497 esse
1083 3438 1398 3498 conservat
1415 3480 1434 3510 ‚
1465 3451 1536 3497 ne
1563 3434 1627 3497 in
1651 3436 1746 3497 ni-

169 3522 370 3585 hilum
419 3525 704 3591 decidant
716 3550 742 3600 ;
798 3526 888 3590 sie
929 3546 1066 3610 erqo
1096 3528 1408 3591 dicendum
1451 3533 1564 3603 sst,
1592 3528 1747 3609 quod

173 3617 386 3680 anima
425 3616 670 3683 Christi
719 3638 838 3683 non
881 3621 1052 3685 habet
1089 3620 1578 3701 omnipotentiam
1621 3639 1746 3687 res-

175 3714 344 3789 pectu
371 3711 826 3777 immutationis
853 3720 1290 3778 creaturarum.

245 3804 360 3870 Aa
371 3807 653 3887 primum
676 3826 816 3891 erqo
851 3810 1182 3887 dicendum,
1200 3808 1376 3890 quod,
1409 3810 1568 3873 sicut
1587 3810 1742 3874 Hie-

179 3916 468 3979 ronymus
483 3902 632 3964 dicit
655 3904 699 3976 ¹,
717 3902 824 3965 illi
838 3908 1108 3982 potestas
1123 3905 1272 3966 data
1295 3909 1408 3977 est,
1425 3905 1532 3984 qui
1555 3904 1740 3985 paulo

179 4000 308 4057 ante
359 3994 723 4071 crucifixus,
775 3997 882 4077 qui
927 3996 1199 4079 sepultus
1235 3996 1304 4060 in
1349 3998 1601 4074 tumulo,
1630 3998 1736 4077 qui

177 4091 374 4162 postea
408 4089 759 4153 resurrexit
779 4135 799 4166 ,
849 4090 918 4151 id
944 4096 1059 4167 est,
1098 4089 1338 4153 Christo
1361 4135 1382 4166 ,
1414 4091 1738 4153 secundum

179 4181 324 4257 qnod
363 4181 560 4245 homo.
601 4182 854 4247 Dicitur
880 4188 1078 4245 autem
1103 4184 1220 4247 sibi
1247 4184 1445 4247 omnis
1461 4188 1736 4263 potestas

181 4275 338 4346 data,
375 4276 620 4339 ratione
649 4277 913 4350 unionis,
941 4294 1052 4359 per
1084 4296 1262 4358 quam
1285 4280 1524 4353 factum
1549 4282 1638 4341 est
1663 4283 1736 4343 ut

177 4368 336 4431 homo
365 4374 528 4433 esset
563 4370 932 4449 omnipotens
951 4416 972 4447 ,
1005 4377 1292 4451 utsupra
1317 4372 1542 4435 dictum
1573 4376 1664 4435 est
1683 4370 1729 4433 ².

177 4463 259 4525 Et
283 4464 572 4545 quamvis
597 4464 702 4527 noc
721 4470 861 4529 ante
885 4466 1374 4528 resurrectionem
1405 4466 1738 4530 innotuerit

177 4556 424 4637 Anyelis
445 4604 468 4633 ‚
518 4562 660 4639 post
685 4561 1176 4623 resurrectionem
1222 4565 1424 4622 tamen
1463 4559 1736 4624 innotuit

177 4652 440 4715 omnibus
480 4653 844 4727 nominibus,
871 4658 944 4715 ut
987 4650 1308 4737 Remiyius
1354 4652 1524 4717 dicit.
1564 4652 1735 4717 Tunc

179 4750 366 4807 autem
423 4746 716 4809 dicuntur
740 4763 841 4810 res
881 4748 1018 4827 fieri
1064 4747 1302 4827 quando
1330 4746 1729 4824 innotescunt,

177 4844 226 4899 et
274 4840 402 4901 ideo
449 4845 597 4921 post
655 4841 1152 4903 resurrectionem
1199 4840 1352 4903 dicit
1399 4838 1728 4917 Dominus,

177 4933 282 4995 sibi
321 4936 532 5000 datam
588 4952 818 5001 omnem
864 4938 1220 5015 potestatem
1267 4933 1334 4995 in
1383 4934 1522 4997 calo
1571 4940 1628 4997 et
1665 4936 1734 4997 in

179 5034 351 5092 terra.

247 5122 345 5187 Ad
387 5124 717 5189 secundum
755 5120 1089 5199 dicentum,
1141 5124 1317 5204 quod,
1352 5122 1492 5188 licet
1535 5126 1731 5189 omnis

182 5224 442 5282 creatura
461 5215 550 5282 sit
575 5216 892 5281 mutabilis
920 5217 994 5279 ab
1017 5216 1148 5281 alia
1175 5223 1481 5295 ereatura,
1503 5222 1732 5299 proeter

249 5406 262 5441 ¹
305 5404 506 5483 Super
535 5401 700 5463 illud
724 5400 900 5463 Matt.
922 5402 1037 5465 28:
1063 5400 1233 5469 Data
1255 5406 1342 5468 est
1363 5400 1516 5467 mihi
1536 5404 1729 5467 omnis

177 5501 435 5575 potestas,
465 5502 631 5558 tom.
663 5498 728 5557 9.

244 5592 266 5630 ²
305 5593 426 5655 Art.
465 5608 694 5673 prmo„
728 5588 811 5651 ad
839 5593 900 5652 i.

3321 420 3400 483 8⁸1

1829 536 2179 600 supremum
2202 518 2511 601 Anqelum
2534 564 2551 597 ,
2582 522 2689 603 qui
2721 526 2923 587 tamen
2944 528 3143 605 potest
3168 526 3405 593 illumi·

1830 615 1977 677 nari
2002 614 2074 678 ab
2102 614 2309 679 anima
2342 614 2597 693 Christi,
2644 634 2761 679 non
2806 620 3007 681 tamen
3056 620 3399 689 immutatio

1833 706 2047 781 omnis,
2074 725 2209 788 quas
2232 714 2427 787 potest
2442 711 2585 790 fieri
2612 712 2775 775 circa
2800 716 3167 787 creaturam,
3204 720 3401 795 potest

1831 800 1977 878 fieri
1997 819 2039 863 a
2064 808 2373 879 creatura,
2389 805 2499 867 sed
2512 806 2786 885 quoedam
2802 806 3251 873 immutationes
3267 830 3402 895 pos-

1828 897 1979 956 sunt
2000 893 2141 973 fieri
2160 912 2201 959 a
2230 896 2353 958 solo
2374 898 2519 959 Deo.
2552 898 2941 979 Quoecumque
2960 906 3159 965 tamen
3186 902 3404 969 immu-

1831 986 2089 1051 tationes
2132 996 2389 1069 possunt
2432 990 2575 1071 fieri
2618 1008 2731 1071 per
2772 998 3105 1071 creaturas,
3148 1004 3403 1069 possunt

1831 1080 2017 1143 etiam
2045 1079 2187 1155 fieri
2200 1100 2309 1161 per
2334 1085 2601 1145 animam
2626 1084 2884 1161 Christi,
2906 1089 3227 1151 secundum
3246 1093 3404 1169 quod

1833 1177 1924 1235 est
1950 1174 2415 1238 instrumentum
2459 1176 2653 1247 Verbi,
2684 1196 2803 1240 non
2828 1185 3028 1243 autem
3076 1185 3401 1247 secundum

1825 1266 2145 1346 propriam
2187 1266 2477 1332 naturam
2514 1275 2575 1334 et
2600 1271 2889 1335 virtutem
2908 1298 2935 1344 ,·
2962 1274 3107 1355 quia
3128 1278 3399 1356 quoedam

1832 1359 2183 1437 hujusmodi
2194 1362 2685 1427 immutationum
2707 1382 2825 1429 non
2844 1370 3149 1449 pertinent
3162 1372 3245 1433 ad
3262 1370 3401 1433 ani-

1831 1468 2019 1529 mam,
2048 1471 2231 1535 neque
2257 1462 2551 1535 quantum
2582 1459 2665 1521 ad
2694 1460 2963 1523 ordinem
2990 1467 3227 1527 naturoe
3251 1509 3267 1539 ,
3296 1482 3399 1529 ne-

1829 1564 1941 1625 que
1968 1556 2257 1626 quantum
2290 1550 2372 1611 ad
2396 1552 2663 1613 ordinem
2688 1555 2934 1633 qratioe.

1907 1640 2012 1703 Ad
2040 1643 2287 1705 tertium
2332 1644 2665 1717 dicendum,
2716 1649 2874 1727 quod
2925 1650 2945 1725 (
2960 1646 3119 1711 sicut
3167 1652 3397 1716 dictum

1827 1738 1918 1795 est
1966 1733 2033 1795 in
2080 1737 2337 1799 secunda
2380 1742 2559 1817 parte
2586 1740 2639 1815 ⁸)
2692 1742 2902 1821 qratia
2948 1740 3247 1807 virtutum
3286 1764 3394 1809 seu

1827 1828 2267 1893 miraculorum
2308 1832 2493 1895 datur
2538 1833 2759 1897 anima·
2804 1834 3069 1915 alicujns
3122 1836 3393 1916 Sancti,

1829 1941 1949 1987 non
1991 1932 2063 1990 ut
2106 1927 2363 2007 propria
2389 1930 2617 1993 virtute
2658 1932 2715 1993 ei
2762 1931 3071 1995 conveniat
3096 1936 3398 2001 miracula

1825 2022 2047 2097 facere,
2075 2023 2184 2085 sed
2202 2026 2273 2085 ut
2294 2038 2405 2101 per
2436 2024 2725 2087 virtutem
2748 2025 3022 2089 divinam
3050 2028 3401 2107 hujusmodi

1829 2114 2135 2178 miracula
2155 2118 2333 2193 fiant.
2358 2118 2455 2179 Et
2482 2119 2607 2180 Itoec
2626 2118 2861 2198 quidem
2886 2122 3099 2199 qratia
3120 2122 3402 2186 excellen-

1831 2208 2069 2273 tissime
2086 2210 2233 2275 data
2250 2216 2343 2275 est
2362 2210 2583 2274 animoe
2608 2210 2859 2286 Christi,
2882 2216 2977 2287 ut,
3001 2215 3252 2287 scilicet,
3280 2234 3399 2281 non

1829 2302 2027 2365 solum
2048 2304 2181 2382 ipse
2200 2304 2503 2368 miracula
2528 2307 2781 2380 faceret,
2813 2306 2918 2370 sed
2940 2308 3125 2371 etiam
3148 2312 3221 2371 ut
3240 2308 3398 2375 lianc

1829 2396 2103 2476 qratiam
2141 2399 2209 2460 in
2236 2398 2395 2461 alios
2424 2401 2895 2475 transfunderet.
2942 2400 3108 2465 Unde
3160 2404 3398 2467 dicitur

1829 2490 2017 2552 Matt.
2039 2491 2141 2565 10,
2167 2492 2343 2571 quod,
2361 2492 2697 2555 convocatis
2722 2491 3025 2557 duodecim
3042 2495 3307 2575 dIscipul
3313 2496 3391 2571 is,

1829 2582 1992 2645 dedit
2006 2581 2090 2645 eis
2104 2588 2459 2663 potestatem
2485 2584 2820 2661 spirituum
2843 2584 3305 2662 immundorum,
3325 2594 3395 2651 ut

1827 2676 2113 2754 ejicerent
2134 2695 2253 2751 eos,
2280 2682 2337 2741 et
2363 2683 2643 2742 curarent
2682 2694 2909 2743 omnem
2936 2678 3287 2761 languorem
3336 2686 3395 2747 et

1827 2784 2055 2833 omnem
2082 2768 2527 2849 infirmitatem.

2304 2976 2904 3041 COMMENTARIUS
2916 3024 2929 3041 .

1911 3152 1969 3211 l.
1996 3148 2111 3210 Hic
2138 3148 2437 3211 articulus
2462 3148 2731 3212 differta
2756 3151 3159 3231 praecedenti,
3186 3154 3389 3217 solum

1826 3242 1969 3322 quia
2029 3244 2093 3305 in
2122 3244 2505 3325 praecedenti
2554 3244 2675 3306 sub
2718 3248 3169 3327 omnipotentia
3222 3266 3392 3311 com·

1823 3336 2235 3415 prehenditur
2257 3338 2469 3419 ipsum
2514 3356 2673 3417 opus
2714 3339 3072 3415 creationiS,
3105 3340 3207 3403 hic
3239 3358 3390 3404 vero

1827 3430 2033 3491 solum
2086 3430 2293 3511 agitur
2353 3430 2433 3492 de
2482 3431 3025 3497 immutationibus
3072 3453 3211 3515 quae
3252 3433 3391 3497 fieri

1825 3531 2089 3605 possunt
2121 3524 2285 3586 circa
2321 3530 2563 3586 creatas
2592 3542 2719 3589 res.
2746 3526 2979 3589 Deinde
3018 3528 3084 3587 in
3130 3528 3390 3591 articulo

1825 3617 2207 3699 praecedenti
2246 3618 2455 3696 agitur
2498 3617 2579 3679 de
2608 3618 3067 3699 omnipotentia
3096 3621 3389 3701 simplici·

1825 3719 1944 3788 ter,
1972 3719 2043 3775 nt
2098 3711 2360 3773 includit
2404 3710 2665 3772 modum
2708 3713 3013 3791 operandi
3065 3715 3388 3795 proprium

1821 3807 1959 3881 Dei,
1990 3805 2525 3885 independentem
2558 3804 2637 3867 ab
2668 3806 2842 3867 omni
2881 3824 3072 3868 causa
3105 3808 3391 3887 superio-

1819 3902 1906 3974 ri;
1941 3902 2043 3963 hic
2086 3916 2237 3961 vero
2266 3916 2395 3959 non
2424 3898 2635 3977 agitur
2680 3898 2763 3961 de
2786 3902 3239 3981 omnipotentia
3266 3901 3387 3963 hoc

1817 3996 2031 4071 mod0,
2053 3994 2163 4057 sed
2190 3994 2395 4056 solum
2418 3992 2632 4071 quoad
2658 4011 3023 4070 numerum,
3050 3990 3151 4056 vel
3178 3994 3387 4057 multi-

1817 4090 2099 4151 tudinem
2120 4090 2477 4161 effectuum‚
2508 4092 2579 4147 ut
2605 4103 2683 4148 ex
2712 4087 2998 4149 discursu
3024 4090 3097 4151 D.
3130 4086 3385 4151 Thomas

1818 4190 2063 4246 constat
2091 4174 2329 4263 a'pcrte.

1895 4280 1955 4341 2.
1982 4277 2339 4357 Respondet
2358 4294 2507 4355 ergo
2540 4274 2733 4337 tribus
2754 4276 3219 4354 assertionibus,
3239 4296 3383 4359 sup-

1817 4372 2035 4452 positis
2056 4371 2296 4433 duabus
2324 4369 2828 4433 distinctionibus
2857 4387 2999 4450 quae
3054 4371 3123 4432 iu
3174 4372 3382 4434 littera

1819 4467 2001 4527 clarae
2038 4472 2205 4539 sunt,
2240 4472 2305 4527 et
2352 4484 2428 4527 ex
2476 4464 2625 4545 ipsis
2676 4464 3185 4527 conclusionibus
3234 4467 3383 4528 satis

1815 4562 2273 4641 intelligentur.
2346 4560 2554 4622 Prima
2621 4561 2883 4623 assertio
2936 4567 3053 4636 est,
3106 4562 3384 4623 animam

1813 4656 2036 4719 Christi
2052 4674 2166 4736 per
2190 4672 2257 4717 se
2284 4659 2347 4716 et
2376 4654 2727 4715 secundum
2746 4654 3067 4733 propriam
3086 4660 3383 4717 naturam

1812 4749 2107 4811 habuisse
2134 4749 2429 4811 virtutem
2460 4752 2523 4808 et
2544 4748 2891 4826 potentiam
2920 4747 2999 4808 ad
3032 4766 3249 4809 omnes
3279 4748 3367 4810 ef-

1811 4843 2037 4919 fectuS,
2069 4842 2177 4921 qui
2210 4846 2354 4903 sunt
2396 4839 2835 4902 connaturales
2870 4840 3097 4903 animae
3143 4842 3367 4905 hnma-

1812 4956 1934 5015 nae,
1997 4942 2130 4997 tam
2196 4935 2545 4997 secundum
2596 4935 2939 5015 potentiam
2988 4938 3365 5014 naturalem,

1811 5048 2005 5110 quam
2060 5028 2405 5091 secundum
2454 5029 2810 5107 gratuitam.
2844 5030 2911 5089 In
2950 5048 3075 5109 qua
3114 5032 3373 5093 conclu-

1809 5124 1987 5185 sione
2012 5124 2215 5185 solum
2238 5126 2335 5184 est
2364 5121 2841 5197 advertendum,
2873 5122 2944 5182 D.
2972 5123 3278 5185 'rhomam
3308 5124 3373 5185 in

1810 5236 1886 5279 ea
1941 5218 2113 5298 loqui
2153 5218 2231 5280 de
2267 5216 2589 5279 effectibus
2624 5234 2735 5277 seu
2774 5216 3017 5277 actibus
3046 5234 3205 5295 quos
3240 5218 3372 5278 ani-

1809 5326 1913 5373 ma
1969 5312 2247 5373 humana
2298 5315 2616 5390 operatur,
2670 5316 2742 5371 ut
2768 5308 3115 5389 principale
3142 5310 3373 5389 princi-

1807 5406 2008 5485 pium,
2041 5405 2105 5467 in
2132 5422 2257 5487 quo
2288 5404 2506 5467 ordine
2558 5403 2865 5484 imprimis
2896 5408 3043 5465 sunt
3072 5407 3249 5465 actus
3278 5401 3369 5465 vi·-

1887 5596 1906 5635 ¹
1938 5598 2000 5659 2.
2033 5542 2175 5674 ᾗς.
2213 5594 2490 5671 ui,art.
2526 5597 2583 5655 ι.
