3892 6167
504 309 632 373 (396

521 461 530 470 .
569 409 748 468 solum
779 411 1054 482 significat
1073 427 1190 472 rem
1214 415 1553 486 possibilem,
1577 427 1702 484 qnae
1729 422 1789 472 ut
1819 416 1902 472 sic
1929 417 2075 471 nihil

570 495 694 543 actu
725 494 823 548 est.
857 492 911 545 (1.
933 497 1014 557 88,
1037 505 1079 546 s.
1106 496 1155 546 1.

511 565 640 620 Esse
687 565 746 618 in
778 566 988 622 Christo
1021 573 1234 624 tantum
1269 577 1352 625 est
1375 584 1570 635 unum,
1596 570 1916 638 perfectum,
1945 576 2079 629 sub-

571 641 840 707 stantiale,
870 650 924 698 et
953 645 1303 713 completum,
1337 661 1381 700 s.
1418 654 1466 699 2.

511 720 638 771 Esse
659 719 856 773 Christi
887 733 1000 775 non
1027 729 1108 777 est
1127 737 1301 778 unum
1326 737 1422 792 per
1447 725 1824 778 omnimodam
1857 725 2074 793 simpli-

569 790 807 853 citatem,
863 796 960 850 sed
991 808 1090 863 per
1123 799 1504 852 admirabilem
1543 799 1997 866 compositionem
2024 805 2078 854 et

572 870 982 926 substantialem
1022 873 1304 940 unionem,
1339 873 1418 926 ih.

1125 1037 1446 1078 auctuum
1454 1066 1465 1079 .

515 1146 849 1202 eucharistia
873 1161 1000 1202 vere
1028 1151 1272 1204 continet
1297 1164 1498 1221 corpus
1525 1151 1743 1218 Christi,
1778 1154 1834 1207 d.
1859 1159 1908 1219 7,
1940 1169 1984 1208 s.
2020 1159 2071 1207 a.

513 1225 864 1290 Eucharistia,
913 1227 1134 1294 quando
1181 1229 1578 1295 corrumpitur,
1623 1231 1899 1297 quomodo
1927 1231 2075 1286 acci-

575 1299 762 1354 dentia
793 1307 1070 1356 transeant
1095 1303 1153 1356 in
1185 1303 1350 1357 aliam
1385 1307 1685 1367 materiam,
1713 1305 1768 1359 (1.
1799 1310 1848 1368 8,
1882 1320 1926 1360 s.
1963 1311 2011 1362 4.

512 1381 570 1430 ιιι
594 1379 928 1434 Eucharistia
945 1380 1192 1435 Christus
1207 1382 1366 1436 datur
1389 1383 1692 1437 secundum
1713 1381 1912 1436 realem
1935 1398 2073 1452 prae-

572 1453 822 1518 sentiam,
851 1463 905 1507 et
942 1468 1053 1511 non
1078 1459 1380 1512 secundum
1405 1459 1668 1512 unionem
1712 1460 2073 1525 personalem,

571 1530 668 1582 sed
699 1532 1110 1599 accidentalem,
1147 1535 1201 1588 d.
1222 1539 1271 1598 9,
1295 1549 1337 1587 s.
1363 1541 1412 1587 2.

509 1605 566 1658 ln
596 1605 932 1661 Eucharistia
964 1609 1099 1663 unio
1127 1612 1459 1677 hypostatica
1485 1611 1678 1664 iterum
1709 1612 1769 1666 iit
1793 1625 1890 1680 per
1909 1613 2075 1668 verba

572 1684 1016 1746 consecrationis,
1046 1687 1100 1740 d.
1127 1692 1208 1754 1ο,
1234 1701 1278 1741 s.
1306 1693 1355 1742 Ξ.

511 1759 864 1813 Eucharistiae
885 1762 1221 1829 mysterium,
1242 1762 1300 1817 in
1321 1776 1432 1830 quo
1453 1764 1587 1818 unio
1611 1765 1942 1832 hypostatica
1970 1765 2075 1819 ite-

576 1848 698 1890 rum
747 1841 908 1904 atque
963 1838 1162 1892 iterum
1207 1846 1516 1906 renovatur,
1563 1841 1808 1895 Christus
1854 1843 2073 1908 meruit,

577 1926 620 1965 8.
655 1917 704 1964 5.

517 1988 576 2038 ln
627 1987 964 2042 Eucharistia
1009 2003 1078 2042 an
1113 1990 1336 2056 speciali
1371 1990 1535 2045 modo
1566 1993 1719 2046 Pater
1763 2000 1816 2047 et
1847 1994 2078 2063 Spiritus

575 2062 806 2117 Sanctus
835 2065 1234 2130 contineantur,
1261 2067 1314 2119 d.
1353 2071 1432 2128 18
1461 2082 1504 2122 s
1535 2073 1583 2121 1

512 2139 574 2192 ln
599 2139 976 2202 Eucharistia,
1023 2139 1151 2195 licet
1179 2141 1324 2195 idem
1357 2155 1556 2211 corpus
1585 2147 1944 2202 constituatur
1976 2149 2078 2202 sub

574 2212 808 2268 diversis
850 2215 1153 2282 speciebus.
1187 2229 1300 2272 non
1337 2223 1518 2273 tamen
1563 2219 1710 2274 idem
1755 2228 1838 2276 est
1882 2223 2079 2278 modus

575 2289 862 2356 existendi,
896 2293 952 2345 d.
975 2297 1050 2348 13.
1083 2307 1128 2345 s.
1156 2299 1204 2346 2.

513 2365 575 2420 ln
609 2366 948 2420 Eucharistia
973 2367 1208 2424 Verbum
1237 2382 1396 2436 aeque
1426 2371 1678 2427 divinum
1706 2379 1785 2428 est
1816 2387 1915 2442 per
1941 2389 2078 2430 con·-

578 2443 950 2498 comitantiam
993 2445 1094 2498 sub
1124 2445 1410 2512 speciebus
1437 2449 1596 2514 panis
1633 2448 1865 2518 etvini,
1901 2451 1957 2505 d.
1997 2457 2076 2519 15,

579 2532 621 2569 S.
653 2525 702 2572 6.

519 2593 871 2650 Eucharistiae
919 2597 1234 2662 mysterium
1283 2612 1380 2665 per
1429 2599 1714 2654 scientiam
1760 2601 2001 2656 infusam
2046 2616 2079 2657 a

579 2669 790 2724 christo
817 2671 1068 2737 cognosci
1089 2673 1264 2739 potuit
1283 2682 1334 2727 et
1353 2677 1764 2743 comprehendi,
1787 2677 1999 2742 d.2‘1,S.
2025 2685 2072 2733 c.

517 2747 876 2876 Ειὲιιιιιιιειιιιζ
900 2749 1211 2815 mysterium
1247 2763 1343 2816 per
1374 2751 1734 2819 ubiquitatem
1762 2754 2074 2818 destruitur,

622 2864 632 2873 .
670 2828 750 2885 32,
784 2837 827 2876 s.
891 2863 902 2878 .

1155 2961 1432 3006 ΕΧΙΒῗΕΠΙΔ
1441 2994 1452 3006 .

519 3077 812 3132 Existentia
831 3093 945 3135 non
966 3087 1142 3148 potest
1159 3083 1378 3151 proprie
1405 3085 1642 3151 pendere
1659 3101 1690 3140 a
1707 3086 2075 3150 subsistentia,

579 3153 676 3205 sed
705 3155 884 3220 potius
911 3169 942 3208 e
965 3169 1242 3222 converso,
1273 3159 1328 3214 d.
1357 3165 1403 3222 8,
1431 3174 1473 3214 s.
1501 3165 1548 3214 1.

515 3227 810 3283 Existentia
841 3233 1068 3286 actualis
1097 3241 1272 3301 potest
1293 3239 1599 3291 conservari
1629 3239 1751 3292 sinc
1773 3241 2075 3294 subsisten-

579 3303 672 3368 tia,
693 3311 756 3358 ut
785 3305 844 3360 in
874 3307 1254 3366 incarnatione
1283 3313 1486 3368 tactum
1507 3319 1606 3377 est,
1631 3329 1676 3368 s·
1707 3320 1756 3368 4.

513 3379 804 3436 {existentia
831 3389 912 3436 est
937 3385 1179 3442 conditio
1217 3389 1392 3454 magis
1438 3391 1744 3444 necessaria
1785 3391 1856 3448 ad
1901 3403 2073 3460 agen-

573 3457 722 3512 dum.
751 3472 916 3524 quam
949 3461 1315 3524 subsistentia.
1343 3480 1386 3519 s.
1415 3472 1460 3520 8.

511 3531 804 3586 Existentia
829 3542 910 3589 est
935 3536 1070 3591 illud
1093 3551 1210 3593 esse
1238 3553 1348 3606 quo
1375 3555 1462 3596 res
1482 3543 1662 3606 habet,
1689 3549 1750 3597 ιιι
1765 3545 1838 3596 sit
1861 3543 2075 3611 aliquid

575 3607 633 3658 in
666 3614 823 3676 actu,
854 3624 950 3666 seu
979 3614 1206 3668 actualis
1244 3616 1440 3672 entitas
1471 3618 1726 3674 distincta
1759 3619 1827 3673 ab
1861 3625 1985 3674 ente
2015 3621 2072 3674 in

576 3684 833 3747 potentia,
869 3686 923 3740 d.
954 3693 1000 3747 5.
1028 3701 1073 3742 s.
1103 3695 1149 3741 4.

509 3757 746 3817 Existere
777 3773 874 3828 per
919 3777 1000 3826 se,
1041 3777 1140 3820 seu
1188 3766 1446 3833 perseitas
1487 3770 1756 3825 existendi
1805 3771 1864 3824 in
1909 3771 2075 3826 rama

572 3835 783 3901 creatis,
814 3850 926 3892 non
954 3842 1212 3895 convenit
1233 3850 1442 3898 natum
1467 3845 1768 3900 formaliter
1799 3859 1896 3912 per
1922 3847 2073 3914 seip-

569 3921 706 3972 sam
747 3924 845 3966 seu
877 3927 977 3980 per
1016 3917 1357 3972 existentiam
1385 3933 1560 3986 snam,
1593 3921 1692 3976 sed
1731 3934 1828 3988 per
1855 3922 2067 3989 aliquid

569 3987 716 4040 reale
747 3989 1088 4056 distinctum,
1121 3994 1176 4048 d.
1213 4000 1292 4054 11.
1319 4009 1362 4048 s.
1395 4002 1443 4049 8.

507 4059 693 4115 Modus
719 4063 984 4120 existendi
1007 4081 1104 4135 per
1121 4082 1180 4124 se
1199 4071 1458 4136 perfectio
1489 4071 1811 4176 simpliciter
1835 4074 2067 4141 simplex

567 4143 646 4192 est
679 4137 738 4190 in
763 4139 891 4206 000,
919 4142 974 4196 d.
1009 4149 1092 4210 22,
1123 4159 1168 4198 s.
1199 4149 1248 4200 Ω.

505 4212 796 4269 Existentia
817 4217 1064 4273 absoluta
1097 4220 1154 4274 in
1181 4223 1291 4277 beo
1316 4235 1445 4278 vere
1477 4230 1558 4279 est
1590 4225 1961 4290 subsistentia,
1988 4227 2063 4280 ib.

505 4286 740 4344 Existere
765 4291 1006 4359 aliquam
1039 4297 1316 4352 entitatem
1355 4312 1455 4366 per
1479 4301 1822 4356 existentiam
1847 4301 1934 4356 vel
1960 4315 2064 4356 en·-

563 4362 769 4501 ειιιιειὲιὲιιιι
815 4369 1030 4496 rfaliter
1071 4385 1102 4426 a
1135 4385 1194 4425 se
1226 4374 1538 4430 distinctam
1573 4377 1910 4443 impossibile
1942 4385 2058 4443 est,

757 4455 802 4496 s.

366 4584 376 4597 ι
415 4577 433 4599 -.
497 4513 790 4570 Existentia
812 4525 864 4572 et
885 4533 1002 4574 esse
1028 4525 1302 4588 quomodo
1329 4526 1600 4591 differant,
1625 4529 1680 4582 d.
1704 4534 1786 4591 80,
1809 4543 1852 4583 s.
1883 4534 1932 4583 1.

495 4589 787 4646 Existentia
817 4595 1170 4654 humanitatis
1195 4601 1391 4656 christi
1421 4609 1500 4658 est
1533 4604 1878 4672 incompleta,
1913 4607 1989 4660 ib.

490 4665 784 4806 Εκῐιὶὲιειιῑιια
825 4671 1002 4799 a2hlata
1049 4675 1190 4728 nihil
1243 4685 1446 4732 manet
1471 4680 1528 4732 in
1565 4693 1624 4733 re
1657 4681 1808 4747 quod
1849 4684 2051 4737 assumi

623 4756 693 4794 ssi
770 4759 815 4798 s.

553 4816 592 4868 V
597 4816 684 4871 ide
715 4820 976 4884 Essentia,
1017 4826 1158 4878 Esse.

1124 5165 1392 5204 ramum&

471 5252 716 5320 Felicitas
743 5253 986 5323 hominis
1013 5284 1123 5337 quo
1153 5272 1316 5326 modo
1343 5274 1742 5332 incarnationis
1769 5277 2038 5336 beneflcio

533 5343 860 5409 complenda
886 5345 1008 5410 fuit,
1039 5345 1093 5400 d.
1120 5353 1168 5410 8,
1203 5361 1247 5400 s.
1273 5354 1320 5401 8.

467 5416 716 5552 Ροὲιοὶιιιε
725 5432 882 5554 seu„
853 5421 1024 5487 gloria
1046 5428 1250 5479 ιιιιθιιιει
1273 5423 1326 5478 in
1352 5425 1436 5482 sui
1463 5427 1645 5492 radice
1667 5429 1836 5496 gratis
1851 5429 2031 5496 datur

691 5507 718 5545 S

2118 5354 2431 5410 Filiationes
2462 5357 2679 5423 Christi,

1889 321 2079 376 mnssx
2114 323 2341 378 mun.

2220 417 2357 474 Vide
2382 418 2683 485 Beatitudo,
2717 421 2885 478 visio.

2858 533 3019 574 nm.

2158 620 2355 709 Felicis
2379 624 2600 677 baeresis
2632 623 2755 686 fuit,
2790 624 3063 678 Christum
3094 637 3215 680 esse
3246 626 3433 682 filium
3462 627 3561 682 Dei
3598 631 3717 686 ado-

2156 704 2329 838 Felljitap,¹
2341 699 2615 829 ιΙιιῃοῒιῖιᾱιιέιι
2640 705 2866 830 {tigerus
2882 777 3065 830 verbis
3090 777 3320 832 Nestorii
3341 791 3595 834 errorem
3613 780 3719 836 sne-

2218 849 2630 978 git3proressus,
2678 852 2831 906 illum
2866 857 3045 908 tamen
3088 855 3145 910 in
3192 869 3251 910 re
3296 855 3533 920 habuit,
3566 857 3715 921 (1.19,

2605 1020 2759 1060 tinas.
2794 1021 2934 1060 mute
2964 1021 3017 1060 11<
3048 1022 3272 1061 ΩΒΙΙΙΪΟ.

2152 1115 2301 1170 Fidei
2330 1124 2515 1172 nostra
2538 1119 2808 1186 mysteria,
2837 1121 2935 1174 etsi
2964 1133 3131 1187 supra
3152 1121 3439 1176 rationem
3470 1121 3599 1184 sim,
3622 1135 3713 1178 non

2217 1198 2400 1246 tamen
2421 1201 2629 1259 contra,
2651 1196 2705 1248 d.
2730 1202 2780 1262 a,
2798 1211 2844 1249 s.
2871 1201 2919 1249 t.

2156 1268 2314 1321 Fides
2348 1268 2405 1321 in
2428 1269 2701 1324 christum
2724 1272 2978 1338 explicita
2998 1279 3125 1327 ante
3146 1274 3366 1340 lapsum
3390 1273 3605 1326 homini
3622 1275 3702 1330 fuit

2223 1346 2547 1411 necessaria,
2572 1348 2627 1402 d.
2656 1351 2703 1402 4.
2726 1354 2870 1412 331,

2156 1421 2313 1508 Fides
2346 1428 2507 1489 prout
2550 1431 2630 1477 est
2667 1425 2843 1480 virtus
2882 1425 3203 1492 Theologiea
3230 1468 3243 1492 ,
3276 1426 3337 1479 in
3367 1427 3595 1480 clu-isto
3622 1441 3711 1483 non

2156 1497 2795 1640 riggt'pffoffhsst‘vss'rms
2824 1577 3049 1630 morans
3080 1583 3132 1631 et
3163 1575 3499 1631 fidelitatem
3529 1577 3717 1646 signifi-

2219 1655 2323 1706 cat.
2346 1651 2404 1702 in
2428 1652 2639 1704 christo
2668 1651 2773 1706 fuit
2798 1652 3218 1720 perfectissima,
3237 1653 3317 1706 ib.

2157 1725 2236 1778 Ad
2262 1726 2425 1816 fldem
2447 1727 2559 1781 duo
2580 1732 2732 1782 actus
2759 1736 3094 1783 concurrunt
3114 1729 3435 1783 intellectus
3464 1736 3521 1783 et
3544 1729 3723 1784 volan-

2158 1805 2528 1932 Fizaeilsngtroe
2549 1881 2814 1935 certitudo
2834 1881 2893 1934 in
2914 1893 2980 1934 eo
3008 1883 3242 1935 maxime
3268 1883 3569 1946 fundatur,
3590 1887 3722 1950 quod

2220 1954 2465 2010 Christus
2482 1956 2733 2010 habuerit
2756 1957 3107 2012 infallibilem
3134 1959 3543 2026 cognitionem,
3575 1959 3624 2012 d.
3651 1965 3718 2026 2⁴,

2156 2037 2495 2162 Desesas‘entia
2520 2109 2647 2163 fldei
2698 2115 2795 2170 est.
2836 2116 2897 2164 ut
2938 2111 3144 2164 nitatur
3180 2111 3379 2164 divina
3418 2110 3719 2168 auctoritate

2220 2184 2443 2249 credita,
2482 2190 2537 2238 et
2558 2196 2670 2240 non
2700 2186 2984 2240 evidenter
3008 2186 3244 2253 cognita,
3268 2185 3328 2240 d.
3352 2189 3443 2250 87,
3480 2199 3525 2238 s.
3562 2192 3606 2239 2.

2720 2303 2951 2354 ιηιιΑτιο,
2986 2304 3161 2343 titius.

2158 2387 2327 2440 Filius
2352 2400 2525 2453 quare
2554 2389 2735 2456 potius
2760 2389 3013 2444 debuerit
3040 2389 3343 2452 incarnari,
3376 2401 3550 2455 quam
3581 2391 3711 2444 Pater

2220 2469 2273 2515 et
2299 2462 2532 2530 Spiritus
2562 2464 2808 2529 SanctuS,
2831 2464 2869 2518 (1
2916 2470 2997 2530 18,
3032 2479 3074 2518 s
3104 2470 3150 2518 1.

2158 2538 2327 2592 Filius
2352 2540 2645 2607 assumpsit
2684 2541 3077 2594 humanitatem
3124 2541 3181 2594 in
3214 2553 3285 2595 eo
3324 2541 3485 2606 quod
3515 2543 3561 2596 ei
3602 2556 3706 2609 pm-

2222 2615 2404 2682 prium
2432 2623 2529 2682 est,
2554 2630 2665 2672 non
2692 2617 2749 2670 in
2778 2628 2845 2672 eo
2867 2617 3016 2684 quod
3042 2627 3345 2672 commune
3364 2616 3699 2674 sanctissime

2218 2692 2489 2759 Trinitati,
2518 2707 2562 2748 s.
2584 2699 2633 2746 Ξ.
3124 2715 3163 2754 x

2155 2767 2277 2820 Filii
2306 2768 2545 2836 adoptivi
2588 2769 2700 2832 Dei,
2728 2781 2921 2824 omnes
2952 2770 3049 2836 qui
3091 2777 3487 2836 praecesserunt
3515 2772 3677 2826 Christi

2218 2845 2531 2911 adventum,
2556 2846 2797 2909 fuerunt,
2830 2848 2885 2900 (1.
2922 2851 3003 2912 48,
3026 2861 3069 2900 ε.
3092 2852 3141 2900 2.

2158 2922 2279 2976 Filii
2314 2923 2554 2990 adoptivi
2598 2928 2727 2978 sunt
2770 2926 2963 2978 omnes
3004 2924 3173 2990 justi,
3222 2925 3447 2979 etiamsi
3490 2925 3685 2990 pascui

2222 2998 2359 3064 sint,
2389 3013 2545 3053 secus
2589 2999 2685 3066 qui
2732 2999 2787 3051 in
2832 3007 3053 3065 peccato
3083 3000 3303 3054 mortali
3340 2999 3431 3053 vel
3472 3000 3685 3066 oiigiaali

2220 3081 2365 3138 sunt,
2398 3074 2611 3130 etiamsi
2642 3073 2753 3128 sint
2784 3074 3171 3140 praedestinati,
3202 3075 3281 3128 ib.

2157 3150 2371 3206 Filiatio
2402 3151 2473 3206 ad
2510 3153 2679 3206 Deum
2703 3150 2907 3217 quibus
2928 3151 3108 3206 modis
3134 3151 3311 3218 accipi
3342 3150 3537 3217 ponit,
3554 3150 3605 3203 (1.
3632 3156 3699 3213 tv,

2218 3242 2261 3280 s.
2300 3233 2345 3280 1.

2152 3304 2367 3358 Filiatio
2400 3304 2635 3371 qualiter
2656 3304 2891 3360 dicenda
2930 3303 3001 3356 sit
3034 3303 3341 3370 proprietas
3372 3314 3635 3369 pet'sonoe,
3662 3309 3701 3356 et

2218 3393 2330 3432 non
2367 3386 2593 3444 naturae,
2628 3394 2670 3432 s,
2702 3385 2751 3432 2.

2152 3456 2366 3510 Filiatio
2404 3456 2595 3512 divina
2623 3455 2945 3523 participata
2976 3453 3173 3521 duplex
3198 3471 3211 3508 :
3251 3455 3517 3522 adoptiva
3548 3460 3599 3508 et
3623 3469 3707 3508 aa·

2218 3531 2425 3594 turalis,
2458 3533 2531 3585 ib.

2154 3607 2325 3662 Filius
2343 3608 2438 3662 Dei
2464 3609 2711 3662 christus
2736 3607 2795 3660 in
2824 3611 3093 3673 quantum
3116 3607 3303 3672 homo,
3328 3605 3385 3660 d.
3402 3612 3459 3668 2,
3484 3619 3530 3660 s.
3552 3611 3598 3658 1.

2156 3685 2408 3747 Qualiter.
2436 3699 2480 3738 a.
2512 3691 2558 3738 1.

2152 3760 2461 3816 Filiationis
2490 3762 2659 3829 hujus
2684 3760 3103 3814 tundamentum
3122 3765 3204 3812 est
3226 3760 3347 3827 ipsa
3360 3760 3541 3824 gratia
3558 3760 3705 3813 unio·

2216 3839 2323 3905 niS,
2357 3853 2401 3893 s.
2430 3844 2477 3891 1.

2152 3913 2367 3970 Filiatio
2390 3917 2509 3970 haec
2540 3916 2599 3968 in
2622 3915 2835 3969 Christo
2873 3917 3084 3967 tantum
3121 3918 3202 3966 est
3230 3912 3429 3966 relatio
3470 3913 3703 3974 rationis,

2212 4003 2314 4045 nec
2333 3991 2544 4060 aliquid
2573 3992 2774 4046 realem
2798 4001 2963 4058 supra
2995 3989 3221 4044 unionis
3248 3989 3483 4056 gratiam
3520 4003 3702 4058 super-

2210 4066 2380 4132 addit,
2416 4067 2489 4121 ib.

2148 4142 2465 4198 Humanitas
2482 4141 2679 4196 Christi
2701 4143 3014 4196 nullatenus
3034 4141 3147 4195 diei
3176 4146 3354 4208 potest
3372 4141 3505 4205 tilia,
3544 4142 3621 4194 ib.

2145 4217 2317 4272 Filius
2347 4219 2443 4273 liei
2464 4219 2752 4286 adoptivus
2768 4217 3049 4272 christus
3036 4231 3093 4271 m
3112 4223 3387 4285 quantum
3406 4218 3577 4272 honio
3602 4217 3701 4271 dici

2210 4305 2323 4348 non
2358 4299 2531 4362 potest
2560 4295 2657 4350 sed
2690 4295 2973 4358 naturaliS,
3006 4310 3052 4348 s.
3087 4299 3137 4347 2.

2145 4370 2259 4424 Non
2290 4375 2469 4423 tamen
2501 4371 2559 4422 in
2582 4382 2649 4424 eo
2670 4371 2851 4438 rigore
2870 4383 2984 4437 quo
3002 4372 3215 4425 tatione
3240 4376 3463 4426 aeternoe
3490 4381 3701 4436 genera-

2208 4445 2437 4501 rationis
2464 4445 2727 4500 naturalis
2748 4446 2897 4500 tilius
2920 4446 3139 4500 dicitur.
3168 4461 3214 4500 s.
3244 4453 3295 4497 ιι.

2140 4520 2354 4576 Filiatio
2381 4524 2500 4575 haec
2526 4522 2722 4575 christi
2748 4528 2811 4575 ut
2834 4523 3077 4577 hominis
3105 4523 3422 4576 nullatenus
3448 4521 3695 4589 competit

2200 4598 2523 4652 humanitati
2570 4598 2807 4666 propriae
2846 4605 2900 4652 et
2930 4599 3233 4655 secundum
3266 4611 3345 4662 se,
3378 4599 3480 4652 sed
3514 4611 3616 4665 per
3642 4611 3693 4650 se

2197 4674 2377 4740 primo
2400 4675 2658 4740 competit
2680 4675 2811 4728 huic
2834 4687 3078 4742 persone
3100 4675 3439 4742 composttoe,
3466 4675 3547 4728 ib.

2134 4748 2189 4802 si
2226 4749 2419 4804 filiatio
2454 4757 2881 4816 consequeretur
2920 4752 2975 4804 in
3010 4750 3223 4804 christo
3250 4751 3325 4804 ad
3364 4749 3687 4805 infusionem

2194 4825 2381 4890 gratiae
2412 4824 2709 4880 habitualis
2722 4865 2735 4890 ,
2768 4837 2882 4880 non
2910 4832 3053 4879 emet
3078 4825 3333 4892 adoptiva
3346 4865 3361 4892 ,
3394 4827 3497 4880 sed
3520 4827 3687 4894 potius

2198 4901 2479 4961 naturalis,
2512 4901 2588 4954 ib.

2129 4975 2285 5030 Nulla
2312 4977 2502 5031 filiatio
2540 4975 2748 5032 cni-isto
2784 4978 3045 5032 convenit
3074 4977 3287 5034 ratione
3312 4979 3508 5045 gmtiae
3539 4979 3681 5032 babi—

2192 5051 2371 5116 tualis,
2400 5066 2444 5104 s.
2469 5057 2519 5106 1.

2126 5127 2341 5181 Filiatio
2374 5127 2636 5186 naturalis
2662 5130 2881 5194 christi,
2916 5135 2971 5184 et
3000 5141 3067 5182 ea
3096 5143 3261 5196 quam
3290 5131 3460 5186 habet
3488 5132 3678 5185 ratione

2186 5211 2403 5258 aeternae
2424 5206 2823 5271 generationis,
2853 5212 2907 5260 ct
2926 5207 3119 5260 filiatio
3150 5207 3425 5274 adoptiva,
3462 5209 3601 5264 inter
3624 5219 3675 5258 se

2184 5287 2589 5347 comparantur,
2620 5297 2663 5335 s.
2694 5288 2743 5334 2.

2716 5358 2841 5412 licet
2870 5364 3085 5413 tantum
3114 5361 3173 5412 in
3204 5373 3263 5412 re
3290 5361 3405 5413 sint
3427 5361 3567 5422 duae,
3594 5365 3663 5409 ta-

2178 5444 2304 5488 men
2328 5439 2437 5490 tres
2456 5434 2667 5490 ratione
2697 5441 2880 5490 nostra
2908 5437 3323 5504 distinguuntur
3342 5442 3557 5504 propter
3576 5445 3659 5488 aa·

2174 5509 2365 5567 tui-alis
2388 5510 2667 5570 filiationis
2688 5511 3065 5576 eminentiam,
3100 5518 3153 5568 et
3175 5514 3431 5584 qualiter,
3460 5516 3535 5570 ib.
