3892 6167
1419 305 1740 362 ulsPU'rAT.
1773 305 1896 361 Lvl.
1931 302 2103 359 sssc‘r.
2136 303 2221 356 ln.
3304 295 3427 362 663

155 409 604 492 objiciebant
635 409 808 492 apud
834 409 1144 485 Laetam„
1171 408 1314 472 loco
1349 407 1452 472 cit.
1473 458 1488 484 ‚
1530 407 1645 472 sed
1668 425 1786 490 po·
1865 405 2079 482 tioniS,
2105 403 2284 486 juxta
2313 419 2389 466 ea
2419 418 2559 482 quae
2584 399 2663 464 de
2698 398 3076 482 imaginibus
3110 405 3173 464 et
3200 401 3279 466 de
3316 419 3429 466 no·

153 504 336 567 tius
353 506 510 569 ideo
536 504 682 569 odio
708 503 964 580 habent,
988 503 1136 583 quia
1157 503 1451 567 virtutem
1481 503 1618 582 ejus
1644 519 1785 564 sen·
1862 495 2139 561 minibus
2168 497 2360 560 sacris
2390 496 2686 574 diximus,
2712 493 3117 576 explicandus
3138 501 3253 562 est.

159 599 376 662 tiunt
399 646 416 672 ,
465 607 544 664 ut
581 601 906 682 eleganter
937 597 1149 662 docuit
1178 597 1566 680 Augustinus
1586 643 1607 676 ,
1629 597 1672 661 l.
1701 597 1778 660 83

163 692 668 770 Quaestionum,
699 714 764 775 q.
797 696 900 768 79,
922 691 1031 756 ubi
1062 694 1141 756 de
1171 694 1585 756 sacramentis
1609 699 1672 755 et
1701 692 1781 754 si-

165 789 352 867 gnis
383 791 586 854 sacris
610 789 1098 852 Christianorum
1135 788 1200 850 in
1225 805 1459 870 genere
1486 787 1780 868 loquens,

163 882 422 962 inquit
453 905 472 944 ε
498 883 632 951 Neo
661 881 886 946 mirum
910 883 1184 964 estquod
1201 883 1327 946 Itoeo
1345 884 1530 962 siqua
1557 881 1782 958 valent,
1863 905 1940 954 nn
1970 905 2048 955 no
2070 903 2221 960 ouon
2255 901 2536 952 uumerus
2560 901 2867 948 unu-ros
2900 899 3003 948 nm
3038 899 3119 948 nr
3152 895 3425 952 mmmm

167 991 342 1040 eum
398 978 476 1042 ab
518 979 606 1042 eis
634 977 736 1057 (id
775 981 868 1040 est
895 994 932 1038 a
960 975 1146 1038 malis
1173 973 1576 1057 Christianis)
1603 975 1784 1040 adlii-
2080 998 2339 1058 marren,
2372 997 2433 1045 m
2459 995 2605 1046 nuos
2634 993 2953 1043 inuentos
2975 995 3193 1048 nrvlsA.

167 1068 467 1143 heum-,-
493 1072 726 1154 quando
754 1071 938 1136 etiam
952 1115 974 1148 ,
1009 1088 1140 1134 oum
1165 1076 1550 1152 usurpantur
1575 1071 1650 1134 ab
1677 1087 1779 1135 εω-

169 1165 475 1241 tramis,
505 1165 614 1248 qui
636 1167 874 1229 omuino
900 1182 1080 1230 suum
1113 1181 1324 1228 nomen
1351 1165 1432 1228 ad
1449 1165 1635 1230 istam
1663 1165 1780 1227 mi-

171 1255 415 1322 utiam
459 1275 582 1322 nou
609 1261 896 1324 mmet
915 1305 932 1336 ,
970 1265 1222 1342 propter
1259 1261 1538 1325 honorem
1579 1264 1780 1326 tamen

2335 703 2687 777 QUAESTIO
2728 703 2938 767 XXVI.

1939 1163 2169 1228 Deinde
2197 1159 2695 1228 considerandum
2714 1165 2805 1226 est
2824 1160 2895 1225 de
2921 1160 3053 1238 hoo,
3086 1164 3244 1244 quod
3266 1164 3421 1228 dioi-

1859 1263 1966 1322 τω·
2012 1256 2299 1322 Christus
2344 1255 2464 1319 Dei
2514 1257 2575 1318 et
2622 1255 2931 1318 hominem
2974 1255 3292 1324 mediator.
3322 1257 3417 1323 Et

177 1353 714 1417 amantissimi
739 1355 1126 1434 imperatoris
1153 1353 1375 1417 calm.

287 1449 354 1508 3.
376 1446 556 1512 Crux
579 1446 816 1512 Christi
833 1453 1156 1512 armatura
1163 1445 1778 1526 fidelium—Eadem

179 1541 462 1603 ratione
501 1547 566 1603 et
592 1541 781 1604 modo
813 1541 978 1604 valet
1004 1542 1127 1604 hoc
1169 1542 1419 1622 signum
1462 1541 1663 1602 crucis
1695 1538 1778 1601 ad

177 1633 683 1714 impetrandum
713 1635 950 1716 aliquid
973 1655 1012 1698 a
1033 1638 1183 1698 Dec.
1212 1635 1283 1697 In
1311 1635 1487 1716 cujus
1507 1633 1776 1714 figuram

175 1727 450 1812 Moysis
479 1730 676 1792 oratio
703 1735 852 1792 tunc
876 1733 1058 1792 aDeo
1083 1729 1298 1811 populi
1317 1729 1636 1792 victoriam
1661 1729 1776 1790 im-

179 1826 528 1905 petrabat,
559 1823 813 1906 quando
864 1826 931 1888 in
961 1826 1161 1888 crucis
1197 1825 1399 1906 figura
1428 1842 1655 1887 manus
1694 1824 1775 1885 ad

179 1919 446 1982 coelum
463 1919 734 1982 levabat.
758 1921 850 1982 lta
870 1921 1036 1983 enim
1057 1918 1546 2000 interpretantur
1561 1919 1774 1981 locum

179 2011 407 2077 Exod.
431 2016 530 2091 17,
545 2015 828 2092 Nazian.,
851 2018 1011 2078 orat.
1031 2016 1092 2092 6,
1117 2031 1329 2076 coram
1349 2014 1534 2093 Greg.
1557 2014 1768 2094 Nyss.;

179 2105 428 2186 Prosp.
458 2153 475 2183 ,
509 2107 553 2168 l.
591 2103 670 2170 de
707 2108 1222 2171 Praedictionibus
1254 2115 1318 2170 et
1349 2108 1774 2188 promissioni-

183 2201 323 2264 bus
351 2201 494 2278 Dei,
524 2209 687 2284 part.
735 2205 796 2278 1,
847 2222 901 2266 c.
945 2203 1089 2280 ult.;
1123 2203 1316 2284 Aug„
1365 2203 1428 2262 in
1469 2203 1640 2264 Orat.
1691 2202 1772 2264 de

187 2297 490 2378 quinque
530 2295 902 2375 haeresibus,
937 2318 993 2362 c.
1031 2304 1105 2372 2;
1133 2299 1378 2382 Chrysi„
1425 2305 1582 2362 orat.
1618 2299 1658 2359 2
1694 2316 1771 2362 ex

189 2393 432 2454 decem
489 2391 722 2456 Groecis
741 2438 758 2468 ‚
811 2411 950 2473 quse
997 2394 1282 2456 nondum
1329 2393 1539 2456 latinae
1594 2393 1772 2455 factae

193 2490 372 2548 sunt.
423 2485 604 2549 Unde
649 2487 714 2550 S.
763 2486 1028 2550 Martial.
1056 2533 1078 2566 ,
1123 2506 1224 2569 ep.
1271 2485 1351 2548 ad
1405 2483 1766 2567 Burdegal„

195 2587 360 2642 tom.
397 2583 426 2644 1
461 2579 620 2646 Bihl.
674 2588 870 2644 sanct.
921 2601 935 2644 ε
981 2581 1252 2656 Crucem,
1283 2581 1507 2661 inquit,
1541 2599 1772 2666 semper

191 2680 422 2754 mmo,
453 2694 578 2752 ore,
606 2681 666 2744 ot
692 2677 865 2760 siano
894 2681 1100 2756 tenete,
1135 2693 1289 2741 ormo
1325 2675 1482 2741 enim
1517 2673 1768 2740 Domini

195 2774 529 2834 armatura
556 2776 770 2836 nostra
794 2777 904 2835 est.

289 2867 354 2927 t.
398 2862 652 2940 Quinto,
684 2864 829 2929 hinc
854 2865 1092 2930 factum
1129 2874 1224 2929 est
1252 2871 1320 2928 ut
1349 2883 1425 2927 ex
1451 2865 1764 2927 bonorum

201 2956 494 3019 omnium
519 2955 802 3022 fidelium
843 2959 1322 3035 consuetudine,
1349 2959 1597 3039 signum
1629 2979 1764 3021 cru-

208 3051 300 3110 cis
329 3049 413 3112 ad
452 3070 592 3114 suas
633 3054 912 3116 actiones
941 3055 1338 3134 praemittant.
1372 3055 1473 3116 Sic
1501 3053 1764 3134 Cyl-illus

215 3145 837 3226 Hierosolymitanus‚
868 3149 1110 3210 catech.
1141 3153 1180 3209 4
1222 3155 1284 3210 et
1325 3151 1401 3211 13
1435 3170 1450 3209 :
1486 3147 1570 3210 In
1598 3149 1763 3211 omni

209 3241 479 3317 neyotiO,
512 3243 806 3306 comedem-
825 3287 842 3318 ,
879 3241 1074 3306 bibens
1115 3243 1296 3306 etiam
1321 3288 1337 3316 ‚
1381 3243 1561 3322 siqua
1595 3246 1651 3306 te
1694 3243 1760 3305 in

201 3335 431 3408 fronte.
462 3334 655 3412 Hier„
688 3354 788 3418 ep.
822 3339 901 3400 22
919 3337 998 3399 ad
1012 3337 1335 3414 Eustoch.,
1367 3335 1445 3398 de
1470 3336 1762 3400 Custodia

203 3427 494 3508 virginit.
525 3447 542 3492 :
573 3429 677 3494 Ad
697 3449 924 3494 omnem
953 3437 1175 3504 aecum,
1215 3431 1296 3492 ad
1316 3447 1542 3494 omne-m
1569 3431 1762 3494 inoes-

199 3537 340 3584 sum
379 3539 596 3586 manus
623 3522 842 3606 pinque
872 3542 1121 3589 erucem.
1155 3521 1390 3586 Similia
1409 3522 1762 3585 hahetTer-

197 3613 341 3676 tull.
357 3660 381 3694 ,
411 3613 458 3678 l.
505 3616 584 3679 de
622 3618 863 3679 Corona
890 3617 1128 3695 militie,
1149 3635 1203 3681 c.
1232 3619 1308 3694 43
1335 3617 1532 3698 orig„
1558 3617 1601 3677 l.
1636 3619 1673 3678 3
1695 3617 1760 3678 in

195 3707 344 3772 soh.
372 3755 390 3784 ,
439 3709 560 3773 col.
608 3715 716 3787 12,
767 3711 952 3789 dicit,
1005 3713 1200 3777 eibum
1244 3715 1302 3775 et
1337 3715 1550 3792 potum
1589 3711 1762 3792 eiyno

197 3804 400 3866 crucis
443 3822 568 3869 esse
616 3806 1022 3871 benedicenda.
1054 3806 1228 3866 Hanc
1278 3803 1551 3884 denique
1599 3805 1758 3867 inter

195 3897 574 3960 traditiones
609 3917 738 3961 non
773 3900 1057 3979 scriptas,
1083 3899 1276 3961 refert
1303 3897 1516 3973 Basil.‚
1541 3898 1647 3960 lib.
1680 3898 1760 3961 de

199 3991 414 4070 Spirit.
443 3991 695 4069 Sancte,
727 4011 782 4054 c.
813 3996 923 4068 27;
960 3999 1021 4055 et
1044 3993 1329 4056 AnastaS.
1361 3991 1624 4068 Nicaea„
1644 3992 1754 4057 lib.

199 4083 627 4156 Quaestionum
656 4104 850 4148 sacrae
883 4087 1079 4167 Scrip.
1108 4133 1128 4164 ,
1163 4105 1226 4166 q.
1265 4087 1368 4160 89,
1400 4092 1554 4148 tom.
1591 4090 1630 4150 6
1664 4087 1760 4149 Bi·

197 4179 374 4241 bliot.
399 4181 718 4260 mamque
748 4185 966 4242 contra
990 4181 1024 4242 J
1034 4179 1310 4242 ultanum
1341 4179 1619 4244 desendit
1645 4179 1760 4262 Cy·

201 4273 348 4348 rin„
380 4273 492 4336 lib.
521 4276 587 4351 6,
613 4275 781 4336 circa
809 4273 1208 4354 principium.

279 4371 342 4430 5.
391 4367 580 4430 Sexto
609 4367 885 4447 denique
926 4369 1188 4448 reperiri
1226 4373 1490 4447 possunt
1524 4367 1590 4428 in
1637 4367 1757 4430 hoc

201 4461 384 4540 signo
431 4479 654 4524 omnes
681 4462 1029 4542 imaginum
1055 4461 1392 4535 utilitates3
1429 4467 1758 4524 conservat

199 4554 368 4614 enim
412 4553 714 4634 passionis
764 4554 989 4616 Christi
1023 4553 1418 4631 memoriam,
1458 4552 1757 4616 fiduciam

197 4647 458 4722 indicat,
489 4656 581 4712 est
611 4649 771 4732 grati
799 4651 993 4712 animi
1024 4649 1418 4730 significem,
1459 4656 1523 4713 et
1551 4655 1758 4712 osten-

197 4743 310 4818 dit,
343 4743 452 4824 qui
481 4743 588 4806 illo
616 4746 834 4820 utitur,
867 4763 936 4806 se
965 4744 1032 4807 in
1061 4763 1247 4807 cruce
1276 4745 1502 4808 Christi
1533 4745 1758 4826 gloria-

198 4837 270 4898 ri.
305 4840 380 4900 Et
410 4838 634 4901 eadem
664 4845 761 4900 est
788 4839 867 4900 de
909 4837 1144 4900 caeteris
1171 4838 1543 4900 utilitatibus
1573 4839 1754 4900 ratic.

193 4931 284 4992 Ex
320 4930 551 5009 quihus
575 4929 758 4994 facile
783 4931 1169 5014 intelligitur,
1197 4932 1320 4994 hoc
1343 4933 1593 5012 signum
1624 4951 1758 4995 esse

190 5026 577 5099 venerabile,
597 5032 660 5089 et
683 5025 1050 5088 adoratione
1071 5026 1356 5108 dignum,
1374 5027 1566 5089 habet
1587 5027 1756 5090 enirn

193 5137 377 5180 usum
417 5126 480 5182 et
517 5119 1045 5200 significationem
1082 5133 1349 5182 sacram.
1395 5121 1523 5183 Nec
1567 5122 1758 5186 refctt

193 5213 366 5293 quod
396 5213 461 5275 in
501 5215 768 5277 materia
811 5233 922 5276 seu
962 5213 1208 5276 actione
1243 5215 1586 5278 transeunti
1613 5233 1758 5277 con·

195 5310 512 5384 stituatur,
540 5308 690 5388 quia
727 5307 860 5370 sola
889 5307 1215 5370 diversitas
1243 5309 1542 5383 materiae,
1563 5325 1757 5388 quan·

194 5400 274 5463 do
304 5397 512 5481 figura
541 5408 604 5463 et
632 5399 1002 5481 significatio
1043 5405 1137 5462 est
1161 5401 1409 5475 eadem,
1442 5401 1756 5465 adoratio-

195 5513 346 5558 nem
367 5512 500 5558 non
525 5494 812 5576 impedit.
841 5495 1022 5558 Unde
1051 5493 1276 5558 modus
1305 5495 1490 5576 hujus
1533 5493 1754 5560 adora·

1861 1351 2031 1417 eirea
2052 1351 2159 1416 hoo
2193 1352 2553 1432 quaeruntur
2578 1348 2713 1412 duo.

1939 1446 2178 1520 Primo,
2211 1450 2419 1508 utrum
2457 1459 2582 1506 esee
2602 1440 2985 1507 mediatorem
3010 1443 3127 1508 Dei
3148 1449 3207 1510 et
3233 1443 3421 1510 homi·

1858 1557 2005 1603 num
2027 1539 2111 1604 sit
2129 1539 2449 1620 proprium
2472 1534 2732 1601 Christo.

1943 1631 2244 1706 Secundo,
2288 1637 2496 1696 uto-um
2534 1630 2641 1694 Inoo
2685 1631 2991 1697 conveniat
3020 1631 3079 1696 oi
3103 1633 3421 1698 seeundum

1859 1729 2185 1793 humanam
2212 1731 2523 1792 naturam.

1935 1920 2112 1985 Hanc
2136 1919 2542 2002 quaestionem
2572 1909 2812 1982 addidit
2840 1917 3123 1982 hocloco
3146 1920 3221 1982 D.
3256 1921 3420 1984 Tho-

1853 2015 2235 2090 mas,solum
2266 2020 2335 2076 ut
2358 2013 2523 2074 hanc
2554 2010 2905 2076 mediatoris
2930 2012 3420 2094 appellationem

1855 2109 2212 2190 explicaret.
2242 2107 2522 2170 Breviter
2546 2111 2757 2166 autem
2780 2121 2921 2167 eam
2946 2104 3220 2184 expedit,
3242 2106 3415 2186 quia,

1851 2203 1999 2264 licet
2022 2219 2254 2263 nomen
2278 2200 2596 2262 diversum
2622 2198 2722 2275 sit,
2743 2215 2845 2260 res
2866 2203 3103 2271 tamen,
3134 2215 3277 2278 quoe
3300 2217 3418 2280 per

1854 2295 2009 2358 illud
2051 2293 2472 2375 significatur,
2502 2311 2633 2354 non
2664 2297 2756 2354 est
2785 2291 2907 2354 alia
2935 2292 3016 2356 ab
3057 2292 3134 2354 iis
3174 2309 3316 2371 quae
3344 2291 3415 2354 in

1853 2389 2286 2470 superioribus
2309 2387 2617 2468 explicata
2634 2391 2803 2448 sunt.
2832 2385 2906 2449 Et
2924 2385 3067 2448 ideo
3094 2385 3174 2448 de
3200 2403 3269 2448 re
3294 2386 3414 2448 hac

1852 2484 2188 2563 specialem
2202 2482 2688 2564 disputationem
2703 2497 2833 2542 non
2850 2479 3275 2556 instituemus,
3298 2479 3415 2542 sed

1851 2578 2079 2654 solum,
2120 2577 2191 2638 D.
2237 2576 2493 2638 Thomas
2520 2573 2794 2636 litteram
2836 2569 3229 2653 explic-ande,
3265 2589 3413 2652 pro-

1848 2669 2045 2752 priam
2092 2669 2283 2750 hujus
2328 2669 2505 2732 vocis
2551 2665 3075 2749 significationem
3118 2671 3185 2730 et
3220 2681 3409 2728 usum

1848 2764 2279 2828 ostendemuS.

2362 2919 2787 2986 ARTICULUS
2825 2920 2875 2984 1.

1857 3079 2087 3144 Utrum
2120 3096 2240 3142 esse
2272 3078 2669 3142 mediatorem
2703 3077 2826 3142 Dei
2864 3081 2923 3142 et
2963 3077 3293 3158 hominum,
3326 3079 3410 3144 rit

2296 3171 2615 3254 proprium
2648 3169 2892 3236 Christo
2916 3177 2959 3238 ¹.

1927 3339 1983 3401 4.
2010 3333 2122 3399 Aa
2135 3336 2413 3418 primum
2442 3335 2531 3400 sio
2550 3334 2925 3417 proceditwr.
2966 3335 3227 3406 Vidotm·
3250 3338 3412 3419 quod

1843 3449 1962 3494 esse
1986 3431 2377 3494 mediatorem
2404 3427 2523 3492 Dei
2552 3431 2610 3492 et
2642 3427 2948 3492 hominum
2968 3476 2984 3506 ,
3014 3447 3136 3492 non
3161 3431 3247 3494 sit
3264 3449 3409 3513 pro·

1831 3525 2047 3606 prium
2068 3523 2333 3588 Christo.
2355 3521 2539 3588 Siout
2559 3523 2717 3586 enim
2732 3524 3034 3599 sacerdos,
3054 3523 3150 3587 ita
3172 3527 3231 3587 et
3252 3525 3411 3588 Pro·

1831 3619 2025 3700 pheta
2051 3619 2295 3682 videtur
2322 3635 2442 3681 esse
2467 3615 2769 3680 mediator
2798 3616 2963 3680 inter
2988 3615 3185 3681 Dewm
3212 3621 3273 3680 et
3296 3618 3408 3681 Ῑιο-

1840 3713 2053 3786 mines,
2078 3713 2403 3778 secundum
2426 3709 2596 3774 illud
2615 3709 2798 3776 Dent.
2826 3715 2900 3774 5:
2929 3709 3073 3794 Epo
3104 3709 3220 3774 ilio
3258 3716 3409 3776 tem·

1829 3825 1983 3894 pore
2029 3812 2331 3887 sequester
2375 3805 2498 3886 sui,
2538 3809 2594 3868 et
2628 3805 2861 3869 medius
2902 3805 3067 3869 inter
3106 3807 3304 3869 Deum
3347 3811 3409 3871 et

1841 3920 1960 3966 vos.
2006 3900 2137 3965 Sed
2182 3919 2303 3965 esse
2344 3899 2725 3982 Prophetam
2762 3904 2823 3963 et
2862 3900 3253 3974 sacerdotem,
3286 3915 3408 3963 non

1842 4001 1926 4059 esc
1954 3998 2279 4080 proprium
2324 3995 2590 4060 Christo,
2623 3992 2803 4076 Erqo
2828 4011 2936 4060 neo
2957 4011 3077 4058 esso
3104 3993 3405 4058 mediato-

1839 4107 1983 4154 rem.

1919 4183 1978 4246 2.
2032 4182 2370 4257 Proeterea,
2408 4181 2577 4247 illud
2620 4183 2783 4264 quod
2829 4183 3101 4248 convenit
3144 4181 3407 4267 Anyelis

1841 4277 2007 4341 bonis
2050 4281 2107 4342 et
2145 4275 2353 4355 malis,
2384 4293 2504 4340 non
2523 4283 2726 4360 potest
2764 4277 2889 4343 diei
2928 4296 3047 4343 me
3084 4279 3407 4360 proprium

1843 4369 2108 4435 Christo.
2136 4369 2267 4434 Sed
2284 4389 2402 4434 ereo
2428 4373 2693 4435 medium
2716 4371 2883 4436 inter
2904 4371 3102 4436 Deum
3130 4375 3189 4434 et
3217 4372 3407 4436 leomi-

1837 4484 1941 4529 πω
1988 4467 2259 4532 convenit
2301 4465 2564 4552 Amyclis
2609 4467 2796 4542 bonis,
2834 4471 2905 4530 ut
2947 4467 3131 4533 Dion.
3162 4467 3337 4545 dicit,
3364 4469 3407 4529 Δ·

1838 4581 1886 4625 o.
1921 4561 1993 4624 de
2018 4561 2161 4626 Dio.
2194 4577 2349 4626 nom,
2374 4559 2433 4642 ²3
2460 4563 2731 4627 convenit
2765 4563 2951 4625 etiam
2980 4559 3243 4643 Amyclis
3265 4579 3407 4626 ma-

1839 4653 1942 4732 lis,
1987 4654 2057 4718 id
2082 4659 2192 4734 est,
2226 4655 2592 4720 doemonibm
2613 4679 2637 4727 ;
2666 4656 2887 4719 habeant
2931 4656 3088 4718 enim
3126 4655 3407 4735 qua-dam

1838 4749 2175 4813 eommunia
2208 4767 2341 4814 oum
2368 4749 2519 4828 Deo,
2554 4749 2810 4825 seilicet,
2848 4747 3399 4825 immwtaliiatm,

1837 4844 2119 4922 quaedam
2150 4861 2285 4907 oum
2320 4843 2658 4908 hominibus
2680 4890 2696 4916 ‚
2738 4841 2969 4906 seilicet
2991 4890 3007 4916 ,
3054 4843 3217 4922 quod
3262 4847 3407 4906 eunt

1839 4937 2041 4999 animo
2061 4937 2319 5018 passivi,
2342 4941 2527 5020 eipey·
2553 4951 2907 5015 consequens
2932 4935 3163 5009 miseri,
3188 4939 3261 4999 ut
3277 4953 3407 5017 pa·-

1838 5032 1926 5092 tet
1964 5047 2083 5110 per
2122 5027 2415 5111 Auqmi„
2444 5030 2513 5093 in
2556 5033 2593 5093 9
2649 5029 2720 5093 de
2763 5027 2947 5094 civit.
2992 5029 3113 5093 Dei
3136 5029 3185 5094 ³.
3226 5027 3404 5111 Eryo

1919 5217 1937 5259 ¹
1986 5221 2047 5295 3,
2074 5218 2138 5283 d.
2181 5223 2282 5297 19,
2310 5239 2367 5282 a.
2402 5223 2463 5296 5,
2495 5237 2558 5300 q.
2590 5221 2652 5282 5.
2678 5219 2755 5282 Et
2782 5237 2999 5302 opusc.
3030 5222 3091 5295 3,
3122 5237 3263 5302 cap.
3294 5221 3397 5285 22.

1835 5311 1912 5374 Et
1945 5331 2163 5393 opusc.
2191 5317 2295 5390 60,
2321 5333 2375 5376 c.
2404 5315 2499 5378 ⁴8.
2530 5313 2607 5376 Et
2634 5313 2772 5376 Gal.
2802 5316 2863 5391 3,
2890 5313 3033 5378 lect.
3063 5317 3125 5389 ’1,
3148 5314 3218 5378 in
3244 5313 3356 5378 flu.

1915 5405 1941 5446 ²
1976 5409 2112 5469 Non
2140 5405 2410 5470 multum
2438 5407 2655 5489 procul
2679 5425 2717 5470 a
2744 5408 2947 5489 princ.

1921 5497 1944 5538 ³
1976 5499 2041 5564 C.
2078 5501 2137 5578 8,
2166 5506 2320 5564 tom..
2354 5503 2415 5564 5.
