3892 6167
1337 352 1657 407 ntsPuTAT.
1691 350 1866 405 XXXl.
1901 348 2074 405 ster.
2112 350 2197 405 Vl.

129 455 432 529 trinseea,
467 456 530 515 et
567 454 790 516 innata
823 454 976 535 ipsis
1014 452 1336 533 potentiiS,
1369 470 1578 533 neque
1619 453 1712 514 in·

127 548 332 626 telligi
365 552 661 627 possunt.
708 549 807 607 An
860 564 1010 608 vero
1069 547 1201 609 baie
1241 545 1334 607 vis
1366 546 1567 609 activa
1619 546 1714 607 di-

133 641 341 703 cenda
381 642 466 703 sit
504 640 814 703 naturalis
855 640 958 702 vel
1000 638 1460 714 obedientialis„
1489 638 1714 719 prinei-

133 735 292 815 palis
343 734 444 796 vel
473 734 996 806 instrumentali8‚
1026 733 1094 795 id
1137 740 1230 796 est
1273 733 1336 793 iu
1365 733 1712 813 Theologu-

135 846 268 891 mm
307 828 744 907 disputatione
765 827 1058 907 positum,
1082 844 1222 907 quoe
1245 846 1376 889 non
1401 834 1496 891 est
1523 828 1712 907 hujus

137 923 250 985 loci
281 922 576 1001 propria,
605 922 690 983 de
713 920 818 983 illa
870 926 1082 983 tamen
1111 920 1274 983 infra
1303 921 1590 983 nonnihil
1620 926 1713 983 at·

145 1020 491 1095 tinge-mum
515 1016 640 1077 boc
663 1032 818 1095 ergo
849 1015 1208 1095 exemplum
1235 1018 1481 1079 tantum
1507 1015 1708 1090 abest,

147 1118 200 1173 ut
243 1116 540 1171 nostram
579 1110 956 1172 sententiam
997 1110 1348 1191 impugnet,
1380 1116 1446 1173 ut
1504 1110 1712 1190 potius

145 1204 214 1265 ad
242 1202 424 1265 illam
451 1203 955 1266 confirmandam
979 1202 1320 1283 plurimum
1350 1202 1652 1265 conferat.

176 1352 541 1419 Necessitas
579 1352 868 1437 potentioe
899 1351 1311 1417 obedientialis
1355 1352 1570 1419 activoe
1599 1368 1672 1416 σω

633 1448 818 1511 dictis
845 1448 1244 1547 conductum·-

209 1578 316 1637 45.
365 1572 524 1646 Quae
545 1573 858 1637 hactenus
903 1573 1196 1648 diximus,
1243 1573 1601 1649 manifeste,
1641 1577 1712 1636 ut

141 1668 384 1747 opinor,
415 1668 862 1731 demonstrant
910 1668 1363 1747 impossibilem
1393 1684 1534 1729 esee
1585 1666 1712 1728 ele·

139 1763 462 1823 vationem
473 1768 810 1837 creaturas,
835 1766 906 1825 nt
931 1762 1012 1823 eit
1041 1779 1258 1825 verum
1287 1780 1363 1823 ae
1385 1760 1710 1840 proprium

139 1856 636 1917 instrumentum
664 1856 1020 1936 physicum,
1049 1873 1168 1936 per
1215 1873 1309 1928 se,
1340 1852 1596 1916 realiter
1633 1870 1710 1915 ae

138 1948 508 2012 immediate
556 1950 830 2012 influens
881 1950 946 2012 in
995 1952 1289 2013 effectum
1329 1948 1437 2010 Dei
1481 1945 1710 2028 princi·

139 2042 290 2120 palis
321 2043 606 2123 agentis,
633 2062 760 2105 non
781 2062 896 2124 per
921 2044 1313 2124 qualitatem,
1340 2049 1448 2106 aut
1477 2058 1710 2104 novam

137 2136 472 2197 entitatem
491 2136 584 2197 illi
604 2137 892 2212 inditam,
914 2137 1026 2200 sed
1049 2154 1164 2217 per
1183 2138 1506 2207 entitatem
1529 2152 1710 2197 suam

134 2236 194 2291 ut
239 2230 654 2293 substantem
683 2231 906 2293 divium
933 2231 1234 2293 voluntati
1285 2235 1350 2291 et
1391 2228 1712 2308 specialis-

133 2324 294 2384 simo
319 2326 714 2402 concursui,
747 2324 1202 2406 impossibilem
1231 2324 1540 2403 (inquam)
1571 2338 1710 2385 esse

134 2419 308 2478 hunc
325 2418 706 2481 elevationis
732 2421 1016 2493 modum,
1033 2419 1153 2482 nisi
1167 2420 1236 2480 in
1255 2420 1516 2481 entitate
1535 2436 1712 2481 crea·-

137 2518 322 2585 turae,
347 2528 499 2591 quae
523 2513 646 2575 hoe
673 2513 864 2575 modo
890 2513 1198 2576 elevanda
1227 2518 1348 2586 est,
1393 2529 1710 2593 suppona-

147 2613 248 2667 tur
267 2606 486 2687 aliqua
514 2607 800 2669 activitas
823 2606 892 2669 in
915 2608 1136 2669 ordine
1175 2606 1258 2669 ad
1292 2606 1486 2669 talem
1517 2606 1711 2668 actio-

135 2718 312 2761 nem.
342 2702 498 2773 Quae
531 2701 840 2780 activitas,
875 2700 1222 2763 secundum
1249 2720 1316 2763 se
1349 2698 1712 2761 considera-

126 2800 224 2869 ta,
261 2795 645 2875 prinsquam
669 2796 812 2858 talis
842 2814 948 2858 res
979 2814 1018 2856 a
1037 2796 1166 2857 Deo
1195 2795 1500 2871 elevetur,-
1536 2812 1712 2855 assu-

137 2896 374 2962 matur,
407 2890 510 2951 vel
543 2888 899 2970 assignetur
944 2890 1012 2951 in
1061 2888 1570 2960 instrumentum,
1625 2886 1713 2949 ita

139 2988 208 3042 ut
237 2988 540 3061 paratum
589 2983 824 3046 babeat
863 2983 1406 3064 proportionatum
1457 2998 1714 3044 concur-

141 3096 310 3152 sum,
343 3084 414 3141 et
449 3084 716 3152 remota,
767 3084 832 3141 et
882 3078 1396 3154 fundamentalia,
1453 3081 1517 3139 et
1567 3075 1716 3137 obe·

141 3172 464 3234 dientialis
495 3192 533 3233 a
581 3173 764 3235 nobis
813 3179 1096 3246 vocatur,
1140 3178 1398 3253 propter
1437 3170 1714 3233 rationes

143 3264 550 3345 praecedente
575 3266 852 3329 sectione
895 3266 1267 3347 assignatas,
1323 3282 1482 3345 quas
1511 3264 1574 3324 in
1613 3280 1713 3323 so-

145 3358 498 3420 lutionibus
543 3366 1061 3439 argumentorum
1107 3357 1312 3438 magis
1363 3353 1715 3418 declarabi-

147 3470 309 3514 mus.
343 3452 564 3532 Igitur,
593 3452 764 3533 quod
793 3453 930 3515 haec
977 3450 1070 3514 vis
1111 3453 1312 3514 activa
1356 3450 1718 3513 necessaria

154 3546 252 3621 sit,
309 3550 536 3607 eontra
575 3545 910 3625 praedictos
953 3552 1244 3608 auctores
1299 3543 1712 3607 concluditur.

157 3640 382 3713 Primo,
429 3656 472 3700 a
528 3638 861 3702 sufficienti
900 3638 1176 3721 partium
1215 3636 1714 3720 enumeratione,

173 3735 308 3810 quia
327 3740 649 3796 ostensum
679 3733 932 3797 estsine
954 3734 1072 3797 hac
1095 3733 1408 3796 activitate
1437 3730 1715 3812 impossi-

171 3826 344 3889 bilem
377 3844 522 3890 esse
551 3828 968 3890 elevationem
1016 3846 1132 3907 per
1159 3827 1360 3889 solam
1413 3843 1716 3905 coopera-

169 3921 388 3983 tionem
413 3920 644 3983 divinae
669 3920 914 3985 virtutis
941 3922 1306 3983 extrinsecoe
1341 3918 1458 3999 ipsi
1487 3918 1718 3981 instru-

165 4023 386 4089 mento,
416 4019 484 4078 et
509 4013 935 4096 principaliter
973 4012 1292 4094 operantis
1339 4031 1484 4075 cum
1514 4012 1623 4074 illo
1653 4018 1716 4075 et

165 4126 269 4187 per
309 4109 508 4183 illud3
541 4108 654 4171 sed
679 4109 802 4189 ipsi
849 4109 1190 4171 admittunt
1233 4107 1404 4168 hunc
1455 4106 1715 4167 modum

167 4202 518 4265 elevationis
545 4203 676 4264 Deo
705 4220 846 4265 esse
884 4202 1245 4282 possibilem
1269 4220 1286 4275 ;
1319 4217 1471 4279 ergo
1499 4218 1716 4263 neces·

169 4318 228 4360 se
251 4306 342 4362 est
369 4304 442 4361 ut
471 4296 662 4360 etiam
687 4298 1024 4361 admittant
1049 4298 1214 4361 hanc
1242 4296 1621 4359 nativitatem
1647 4296 1714 4359 in

169 4395 408 4455 entitate
464 4392 792 4455 elevanda.
850 4392 1140 4456 Secundo
1170 4436 1187 4467 ,
1243 4392 1392 4471 quia
1455 4408 1714 4453 necesse

171 4492 250 4547 est
279 4485 622 4548 terminum
651 4485 914 4549 actionis
963 4488 1057 4564 (ut
1082 4484 1202 4565 ipsi
1247 4485 1432 4547 etiam
1473 4484 1711 4565 dicunt)

170 4580 503 4661 praehaberi
531 4580 744 4660 aliquo
771 4580 960 4643 modo
991 4580 1058 4641 in
1090 4578 1395 4660 principio
1422 4578 1707 4657 actionis,

171 4680 281 4737 tam
328 4674 661 4756 principali
715 4692 905 4755 quam
949 4674 1428 4749 instrumentali,
1485 4673 1707 4749 modu,

171 4770 404 4843 scilicet,
435 4768 909 4831 accommodato
949 4768 1071 4848 ipsi
1120 4767 1450 4849 principie,
1482 4766 1546 4829 id
1589 4772 1706 4843 est,

169 4861 516 4940 formaliter,
549 4868 660 4924 aut
682 4862 1044 4937 virtualiter,
1082 4862 1183 4924 vel
1227 4860 1708 4923 instrumentali-

169 4962 270 5033 ter,
319 4956 470 5034 quia
507 4974 696 5018 nemo
747 4956 855 5018 dat
891 4954 1064 5036 quod
1101 4972 1228 5017 non
1274 4954 1467 5016 habet
1497 4953 1708 5034 aliquo

171 5051 333 5115 modo
348 5066 370 5129 3
403 5050 520 5113 sed
552 5067 681 5112 non
711 5056 918 5131 potest
937 5050 1046 5111 illa
1075 5068 1202 5128 res,
1225 5051 1448 5131 quoein
1479 5049 1711 5111 instru-

171 5152 431 5207 mentum
467 5147 833 5220 assumitur,
862 5143 1228 5225 praehabere
1245 5160 1356 5205 seu
1385 5143 1708 5205 continere

177 5240 484 5302 terminum
513 5238 776 5301 actionis
802 5258 918 5319 per
943 5239 1270 5301 entitatem
1299 5237 1554 5300 omnino
1579 5254 1616 5297 a
1637 5254 1708 5298 se

183 5332 522 5411 distinctam,
577 5350 768 5413 quam
801 5334 866 5395 in
913 5350 982 5395 se
1023 5331 1198 5393 nullo
1243 5330 1432 5393 modo
1462 5329 1703 5410 recipit,

180 5429 317 5506 quia,
341 5429 396 5491 si
420 5428 590 5490 illam
627 5427 694 5487 in
720 5445 788 5489 se
819 5444 950 5489 non
977 5426 1187 5501 habet,
1221 5424 1540 5506 quomodo
1593 5440 1710 5505 per

176 5520 322 5585 illam
347 5520 589 5586 dicetur
615 5520 852 5585 habere
873 5520 1095 5587 aliud?
1125 5536 1278 5601 ergo
1315 5534 1574 5586 necesse
1613 5523 1709 5581 est

3242 352 3359 417 ¹28

1793 454 1862 511 ut
1898 466 2012 531 per
2038 453 2353 521 suammet
2408 451 2733 515 entitatem
2774 451 3132 533 praehabeat
3180 454 3357 519 illum

1789 544 2158 617 terminum,
2189 543 2419 607 virtute
2444 546 2668 608 saltem
2696 550 2937 609 remota
2962 552 3025 608 et
3052 546 3357 610 obedien·

1791 637 1945 699 tiali.
1970 637 2201 713 Terti0,
2242 636 2393 716 quia
2428 656 2533 701 res
2562 658 2689 702 non
2708 638 3005 715 existens,
3023 658 3232 721 neque
3247 641 3360 703 ha-

1793 729 1955 792 bens
1998 730 2321 793 entitatem
2361 734 2695 807 actualem,
2724 750 2855 795 non
2888 738 3095 811 potest
3123 734 3355 797 elevari

1792 830 1864 887 ut
1895 824 2501 900 sitinstrumentum‚
2544 833 2615 889 ut
2656 827 3013 889 concedunt
3054 828 3251 907 aliqui
3278 846 3357 891 ex

1793 916 1977 979 dictis
2008 918 2393 996 auctoribus,
2426 923 2490 983 et
2526 920 2591 982 in
2623 920 3037 1001 sequentibus
3065 922 3356 984 sectioni·

1792 1008 1915 1073 bus
1954 1009 2521 1089 demonstrabitur3
2566 1014 2681 1077 sed
2738 1014 2929 1095 hujus
2980 1032 3109 1077 non
3150 1019 3357 1096 potest

1793 1104 1918 1167 alia
1950 1106 2111 1167 ratio
2148 1106 2353 1185 reddi,
2379 1106 2503 1169 nisi
2548 1106 2696 1189 quia
2742 1113 2989 1188 oportet
3018 1114 3085 1173 nt
3124 1111 3357 1172 instru-

1791 1204 2077 1260 mentum
2106 1198 2469 1280 hujusmodi
2496 1218 2614 1281 per
2662 1218 2843 1263 suam
2890 1202 3214 1266 entitatem
3258 1206 3356 1267 in-

1791 1293 1946 1353 fluat
1974 1291 2037 1352 in
2068 1293 2385 1369 effectum,
2418 1300 2483 1357 et
2510 1300 2582 1356 ut
2619 1294 2885 1375 ipsamet
2938 1296 3169 1359 entitas
3220 1298 3354 1361 ins-

1793 1386 2092 1447 trumenti
2132 1392 2467 1449 concurrat
2512 1388 2725 1467 aliquo
2776 1388 2965 1451 modo
3012 1389 3095 1452 ad
3126 1392 3356 1453 consti-

1793 1478 2100 1541 tuendum
2116 1484 2179 1541 et
2206 1480 2651 1560 complendum
2677 1480 3055 1562 principium
3082 1484 3355 1547 activum

1791 1588 1909 1651 per
1945 1589 2017 1633 ee
2050 1571 2191 1633 talis
2218 1572 2511 1647 effectns3
2544 1591 2699 1655 ergo
2750 1577 2949 1637 totum
2984 1575 3105 1639 hoc
3138 1594 3357 1640 neces·

1791 1667 2029 1727 sarium
2058 1671 2155 1728 est
2203 1666 2267 1728 in
2316 1667 2679 1747 hujusmodi
2712 1668 3181 1750 instrument553
3221 1690 3350 1733 non

1789 1762 1998 1839 potest
2026 1764 2241 1823 autem
2270 1760 2391 1823 hoc
2414 1762 2679 1842 intelligi
2708 1761 2843 1825 sine
2872 1763 3081 1843 aliqua
3108 1765 3167 1827 vi
3198 1766 3356 1828 acti·

1789 1869 1870 1914 va
1891 1852 2232 1915 intrinseca
2252 1853 2369 1933 ipsi
2392 1852 2832 1932 instrumento,
2859 1874 3026 1936 qua,
3048 1874 3192 1921 eum
3224 1877 3354 1921 non

1791 1946 1870 2009 sit
1897 1947 2325 2027 superaddita,
2344 1958 2595 2029 oportet
2618 1956 2687 2012 ut
2714 1951 2795 2013 sit
2820 1949 3040 2013 innata
3063 1975 3083 2028 3
3109 1958 3171 2016 et
3192 1954 3355 2017 hanc

1790 2058 1908 2103 nos
1933 2058 2235 2105 vocamus
2262 2042 2772 2105 obedientialem.

1870 2138 1973 2199 46.
2022 2138 2129 2199 11ae
2158 2154 2371 2201 tamen
2400 2141 2677 2203 rationes
2718 2156 2943 2204 omnes
2970 2140 3173 2203 solum
3212 2160 3355 2223 pro-

1789 2230 2025 2293 cedunt
2064 2236 2281 2293 contra
2328 2249 2439 2293 eos
2472 2232 2581 2312 qui
2614 2233 2953 2298 admittunt
2989 2236 3357 2315 possibilem

1793 2340 1934 2385 esse
1964 2322 2135 2384 illam
2165 2323 2581 2387 elevationem
2618 2332 2923 2391 creaturae
2963 2328 3046 2389 ad
3088 2346 3359 2409 operan-

1791 2415 1944 2478 dum
1964 2422 2034 2479 ut
2062 2415 2547 2481 instrumentum
2576 2418 2908 2501 physicum
2930 2420 3041 2483 Dei
3065 2428 3354 2502 respectu

1791 2512 2031 2591 gratim,
2056 2510 2159 2573 vel
2187 2512 2455 2575 aliorum
2482 2513 2819 2575 effectuum
2849 2515 3107 2578 omnino
3138 2534 3357 2596 super-

1791 2604 2195 2667 naturalium.
2222 2606 2460 2668 Vereor
2484 2612 2697 2669 tamen
2722 2624 2805 2669 ne
2829 2608 3079 2689 aliquis,
3096 2611 3357 2690 coujun-

1797 2716 1955 2779 gens
1990 2699 2106 2761 has
2145 2705 2393 2763 nostras
2436 2700 2713 2765 rationes
2740 2720 2889 2765 cum
2914 2702 3265 2765 rationibus
3291 2704 3357 2767 in

1795 2792 2105 2873 principio
2146 2792 2329 2855 factis
2368 2802 2587 2858 contra
2628 2796 2793 2859 hane
2833 2798 3177 2877 potentiam
3208 2796 3357 2859 obe-

1793 2884 2180 2963 dientialem,
2203 2886 2351 2949 inde
2376 2888 2585 2968 potius
2610 2889 2945 2953 concludat
2964 2889 3131 2953 hanc
3154 2892 3357 2953 eleva-

1791 2978 2031 3049 tionem
2072 2996 2213 3041 esse
2260 2979 2739 3060 impossibilem,
2792 2983 2857 3044 in
2902 2984 3071 3047 hune
3094 2984 3355 3047 modum

1793 3072 2230 3135 concludendo
2254 3088 2271 3134 ε
2294 3074 2561 3155 Intelligi
2592 3094 2720 3137 non
2746 3082 2951 3157 potest
2982 3075 3125 3139 talis
3150 3078 3359 3141 eleva-

1754 3166 1880 3228 -tio
1909 3166 2047 3229 sine
2076 3166 2377 3247 praedicta
2406 3167 2807 3232 obedientiali
2830 3172 3108 3251 potentia
3129 3172 3351 3247 activa3

1795 3260 1907 3322 sed
1936 3280 2066 3323 non
2094 3262 2340 3323 videtur
2365 3280 2552 3342 posse
2582 3264 2773 3326 etiam
2806 3264 3096 3347 intellig-i,
3128 3266 3237 3347 qui
3266 3271 3361 3329 ta·

1793 3354 1868 3416 lis
1898 3355 2177 3435 potentia
2206 3356 2406 3417 activa
2440 3356 2875 3421 obedientialis
2918 3359 2997 3422 sit
3041 3360 3105 3421 in
3139 3362 3355 3437 rebuS,

1793 3455 2053 3530 propter
2101 3449 2378 3511 rationes
2428 3452 2717 3531 superius
2754 3451 2989 3528 factam
3037 3454 3155 3515 erit
3206 3472 3357 3536 ergo

1797 3543 1938 3607 talis
1978 3541 2243 3604 elevatio
2267 3542 2689 3622 impossibilis.
2724 3546 2983 3626 Propter
3008 3548 3173 3609 hanc
3206 3567 3357 3629 ergo

1799 3653 2057 3701 causam
2081 3682 2100 3711 ,
2144 3642 2393 3716 oportet
2420 3654 2551 3699 non
2586 3638 2792 3699 solum
2822 3658 2899 3701 ex
2938 3640 3247 3721 princ-ipio
3276 3640 3358 3704 ab

1797 3731 1938 3793 aliis
1967 3747 2291 3806 concesso,
2318 3729 2433 3793 sed
2458 3730 2746 3792 absolute
2784 3738 2851 3793 et
2870 3732 3231 3814 simpliciter
3250 3734 3359 3797 de-

1797 3825 2037 3887 clarare
2068 3823 2232 3885 hanc
2272 3822 2619 3902 potentiam
2662 3842 2793 3885 non
2838 3843 2975 3887 esse
3002 3826 3358 3907 impossibi-

1794 3918 1959 3992 lem;
1994 3918 2115 3979 hoc
2160 3922 2372 3978 autem
2416 3916 2732 3997 praecipue
2774 3917 2887 3979 flet
2930 3918 3229 3982 solvendo
3261 3938 3358 3983 ra—

1795 4014 1999 4077 tiones
2027 4030 2251 4075 omnes
2299 4012 2363 4075 in
2414 4012 2717 4093 principio
2754 4013 3095 4089 adductas;
3124 4033 3273 4077 nam
3302 4019 3357 4079 si

1794 4105 1858 4168 iu
1901 4105 2267 4185 hujusmodi
2320 4104 2671 4168 elevatione
2714 4112 2777 4169 et
2818 4107 3131 4171 activitate
3184 4109 3359 4172 nulla

1795 4200 2111 4262 invenitur
2140 4198 2559 4279 repugnantia
2606 4205 2671 4261 et
2715 4200 3131 4265 contradictio
3166 4221 3391 4289 quam⁸

1797 4293 2075 4355 humana
2102 4309 2283 4353 mens
2313 4310 2443 4354 non
2470 4292 2793 4370 dissolvat,
2816 4312 2943 4357 non
2976 4303 3071 4358 est
3102 4314 3216 4358 cur
3240 4316 3359 4359 ne-

1796 4392 1981 4467 getur
2008 4385 2369 4465 hujusmodi
2392 4386 2671 4466 potentia
2704 4387 2769 4447 in
2797 4395 3107 4452 creatura.

1874 4484 1975 4543 47.
2023 4481 2247 4545 Pri-ma
2288 4482 2453 4544 ratio
2498 4498 2571 4545 ea:
2614 4498 2733 4545 noa
2770 4487 3176 4564 repugnantia
3208 4488 3355 4551 talis

1783 4575 2099 4657 potentiae.
2122 4606 2199 4619 --
2221 4572 2401 4637 Unde
2434 4574 2741 4637 formatur
2768 4576 2970 4656 prima
2998 4580 3178 4655 ratio,
3206 4582 3353 4660 quia

1791 4669 1872 4730 ad
1903 4666 2423 4748 omnipotentiam
2466 4666 2575 4728 Dei
2617 4668 2889 4747 pertinet
2932 4677 3003 4732 ut
3045 4673 3237 4752 possit
3270 4676 3355 4737 uti

1789 4769 2081 4825 creatura
2128 4779 2245 4822 sua
2272 4760 2354 4822 ad
2382 4777 2637 4822 omnem
2670 4764 3001 4841 effectum,
3034 4773 3097 4829 et
3128 4785 3353 4830 secun-

1789 4856 1945 4920 dum
1972 4872 2226 4918 omnem
2263 4855 2525 4917 modum
2558 4860 2622 4917 et
2648 4856 2959 4919 rationem
2987 4878 3117 4921 non
3153 4860 3355 4924 invol-

1790 4958 2045 5015 ventem
2082 4950 2675 5025 contradictionem3
2710 4970 2885 5033 ergo,
2916 4954 2967 5015 si
3000 4953 3066 5017 in
3098 4956 3215 5019 hoc
3244 4976 3355 5037 ge·

1789 5062 1944 5126 nere
1986 5044 2355 5107 elevationis
2382 5062 2511 5105 non
2540 5044 2877 5107 involvitur
2906 5053 3349 5130 repugnantia,

1789 5139 1872 5201 ad
1912 5136 2431 5217 omnipotentiam
2470 5138 2582 5199 Dei
2620 5138 2895 5218 pertinet
2932 5146 2999 5203 ut
3029 5144 3223 5221 possit
3263 5144 3351 5205 uti

1789 5236 2076 5295 creatura
2108 5236 2174 5292 ut
2202 5230 2619 5293 instrumento
2648 5230 2731 5292 ad
2766 5250 3023 5295 omnem
3049 5254 3355 5314 superna-

1789 5326 2059 5389 turalem
2086 5324 2401 5387 actionem
2425 5369 2442 5397 ,
2488 5324 2553 5384 in
2602 5340 2729 5404 qua
2757 5324 2899 5388 talis
2932 5328 3351 5407 repugnantia

1785 5420 1888 5481 vel
1916 5418 2327 5481 contradictio
2354 5418 2611 5479 inventa
2639 5434 2767 5479 non
2794 5417 3013 5491 fuerit;
3042 5436 3193 5497 ergo
3224 5426 3285 5481 et
3314 5420 3373 5481 e'

1787 5530 2095 5575 converso
2138 5508 2220 5573 ad
2282 5509 2563 5573 debitam
2612 5508 3188 5573 subordinationem
3235 5529 3349 5573 seu
