3892 6167
567 445 712 520 pter
736 451 926 517 quam
951 433 1327 514 requiratur,
1363 430 1716 514 prasertim
1745 447 1889 493 cum
1929 430 2129 510 possit

567 529 826 592 habitus
849 528 1066 608 gratim
1093 545 1236 590 esse
1261 533 1395 588 tam
1437 527 1720 588 intensus
1761 524 1832 585 in
1861 524 2125 598 viatore,

567 641 760 704 quam
812 623 880 684 in
931 621 1477 702 comprehensura.
1517 621 1649 682 Aut
1692 618 1969 696 denique
2014 635 2129 697 per

567 718 832 798 gratiam
859 715 1294 796 imperfectam
1323 713 1694 792 intelligitur
1721 712 1951 792 gratia,
1990 729 2129 790 qum

568 817 664 873 est
688 809 880 874 veluti
914 811 979 872 in
1014 810 1151 870 fieri
1179 815 1244 871 et
1271 809 1336 869 in
1377 807 1516 882 νίας
1547 812 1612 868 et
1637 806 1742 870 hic
1769 823 1995 868 sensus
2028 805 2131 867 vix

565 909 778 986 potest
829 904 1130 984 distingui
1167 921 1206 965 a
1249 901 1674 984 proecedenti3
1709 899 1882 962 unde
1918 915 2131 979 neque

565 997 702 1062 haec
745 997 1134 1078 imperfectio
1163 997 1244 1058 ad
1273 996 1574 1058 meritum
1608 999 1704 1058 cst
1731 994 2123 1066 necessariam

563 1098 778 1173 posset
807 1091 976 1153 enim
1011 1091 1214 1172 gratia
1261 1093 1698 1152 consummata
1737 1093 1805 1150 et
1851 1086 2131 1167 perfecta

565 1185 634 1246 in
651 1186 1009 1248 intensione
1027 1185 1224 1264 gratis
1241 1183 1432 1246 alicui
1446 1182 1670 1246 donari
1700 1182 1874 1263 prius
1901 1187 2129 1243 natura

562 1278 664 1341 vel
689 1285 1002 1360 tempore,
1017 1277 1137 1341 hac
1155 1278 1300 1359 lege
1321 1283 1388 1338 et
1409 1277 1794 1350 conditione,
1813 1281 1884 1338 ut
1903 1291 2129 1355 quam-

559 1371 840 1452 primum
865 1373 948 1434 ab
973 1371 1086 1433 illa
1111 1371 1457 1452 proflueret
1499 1370 1784 1452 operatio
1824 1369 2029 1432 libera
2062 1375 2131 1432 et

562 1467 884 1530 meritoria
899 1511 916 1541 ,
943 1467 1154 1529 statim
1177 1466 1246 1528 in
1273 1465 1502 1530 eodem
1539 1465 1797 1528 instanti
1837 1463 2133 1528 reddere·

561 1567 667 1623 tur
703 1561 796 1623 ini
838 1561 1168 1642 premium
1195 1561 1456 1625 visionis
1497 1561 1724 1624 beatae.
1765 1557 2130 1622 Secundum

561 1660 626 1716 et
637 1654 898 1720 tertium
915 1659 1364 1734 argumentum
1379 1671 1458 1718 ex
1476 1651 1906 1735 superioribus
1925 1651 2129 1714 soluta

563 1753 734 1811 snut·

1191 1921 1406 1976 SEGTIO
1438 1921 1502 1974 u.

568 2043 759 2104 Utrum
799 2043 1046 2102 Christus
1087 2042 1358 2102 merserit
1384 2043 1625 2117 moriam
1667 2043 1870 2100 animo
1911 2057 2041 2114 suae,
2076 2047 2131 2099 et

897 2131 1016 2188 alia
1037 2127 1184 2188 dona
1205 2129 1404 2202 qratia
1429 2135 1482 2185 et
1505 2127 1778 2186 scientiae.

637 2309 669 2374 i
684 2355 698 2374 .
746 2308 952 2372 Prima
982 2307 1294 2371 sententia
1337 2306 1636 2383 affirmat,
1669 2323 1864 2387 qnam
1905 2309 2125 2370 tenent

559 2403 1028 2480 Altisiodoren„
1055 2403 1292 2464 Albert.
1323 2401 1565 2480 Magn„
1591 2401 1838 2464 Guiliel.
1879 2401 1961 2464 de
2002 2403 2126 2462 Ru-

551 2499 730 2571 bion,
756 2497 1030 2559 Bassolis
1067 2502 1133 2558 et
1156 2495 1379 2572 Maii-o,
1419 2494 1804 2575 praecedenti
1839 2495 2123 2558 sectione

553 2591 746 2654 citati.
767 2591 848 2652 Et
885 2589 1138 2650 suaderi
1160 2591 1370 2670 potest
1393 2587 1716 2650 nonnullis
1735 2603 1934 2650 sacrae
1960 2586 2127 2651 Scri·-

553 2690 758 2766 pturae
807 2682 1222 2759 testimoniis,
1257 2681 1418 2744 Psal.
1451 2683 1533 2743 44
1567 2679 1912 2744 :Dilexisti
1935 2680 2129 2760 susti-

555 2780 737 2854 tum,
767 2779 826 2841 et
853 2773 1040 2842 odisti
1075 2774 1478 2856 inmunem,
1502 2779 1826 2856 propterea
1849 2777 2033 2838 unxit
2072 2779 2130 2838 te

558 2872 746 2946 Dm,
763 2870 928 2934 Deus
948 2874 1113 2944 taur,
1133 2869 1258 2932 eleo
1277 2867 1541 2932 latitia.
1563 2869 1936 2948 Quanquam
1958 2867 2129 2930 enim

559 2961 878 3025 interdum
901 2965 1254 3042 exponetur
1277 2961 1384 3022 hie
1401 2961 1581 3022 locus
1605 2961 1690 3024 de
1719 2961 1922 3041 gratie
1947 2961 2129 3024 unio·

561 3056 662 3118 nis
681 3099 700 3132 ,
739 3055 924 3117 multi
957 3060 1178 3117 tamen
1211 3054 1428 3118 saneti
1451 3053 1630 3118 inum
1659 3054 2021 3135 intelligunt
2046 3053 2129 3116 de

565 3148 766 3231 gratia
793 3148 1118 3224 habituali,
1148 3152 1220 3210 ut
1247 3163 1438 3228 supra
1461 3147 1733 3210 vidimus
1741 3163 1764 3226 ;
1791 3153 1858 3210 et
1883 3147 2033 3212 lieet
2054 3147 2130 3210 ii-

561 3241 706 3320 lud,
729 3247 1050 3324 propterea
1063 3285 1084 3318 ,
1113 3241 1314 3323 possit
1335 3240 1643 3304 denotare
1675 3257 1933 3304 causam
1962 3241 2129 3306 fina-

561 3335 714 3412 lem,
747 3336 900 3398 satis
937 3341 1154 3398 tamen
1202 3335 1534 3398 commode
1571 3335 1824 3400 videtur
1861 3334 2128 3415 intelligi
2162 3335 2175 3355 ·

563 3429 645 3494 de
669 3445 866 3493 eausa
889 3427 1234 3490 meritoria.
1256 3429 1609 3492 Praesertim
1638 3433 1854 3492 tamen
1883 3428 2129 3492 videtur

563 3541 794 3606 urgere
819 3521 977 3584 illud
1011 3523 1153 3584 lsai.
1181 3523 1264 3583 53
1297 3537 1311 3582 τ
1347 3523 1478 3586 Pro
1517 3539 1580 3586 eo
1607 3523 1767 3603 quod
1799 3522 2125 3596 laboravit,

561 3618 808 3692 videbit,
825 3622 886 3680 et
905 3614 1314 3680 saturabitur.
1345 3615 1510 3676 visio
1535 3615 1730 3690 enim,
1753 3631 1896 3693 quse
1913 3614 2124 3690 satiat,

563 3727 696 3772 non
723 3717 819 3772 est
843 3709 964 3770 nisi
992 3707 1148 3770 visio
1185 3709 1398 3784 beata,
1419 3706 1598 3787 juxta
1625 3707 1783 3769 illud
1811 3707 1973 3770 Psal.
2004 3707 2123 3770 26:

561 3803 864 3870 Satiabor
911 3819 1046 3866 mm
1099 3803 1462 3882 apparuerit
1510 3800 1718 3882 floria
1763 3807 1892 3864 tua.
1947 3799 2127 3866 Unde

563 3899 822 3958 sanctus
863 3893 1150 3974 Vigilius,
1181 3893 1294 3956 lib.
1337 3895 1378 3956 5
1419 3899 1638 3956 centra
1681 3893 1975 3974 Eutyeh„
2006 3895 2128 3956 hoc

559 3989 916 4053 testimonio
948 3987 1174 4068 probat
1205 3986 1430 4049 Christi
1461 3988 1740 4048 animam
1771 3985 2005 4050 vidisse
2028 3987 2127 4050 lu-

557 4099 702 4146 cem
719 4088 788 4144 et
804 4081 1002 4144 fuisse
1019 4085 1364 4144 saturatam
1382 4080 1644 4144 scientie
1662 4085 1922 4160 propter
1939 4097 2125 4144 suum

557 4175 885 4242 meritum:
909 4179 978 4236 et
999 4173 1234 4236 ibidem
1263 4174 1344 4235 de
1369 4173 1590 4236 merito
1617 4173 1844 4235 Christi
1871 4172 2127 4254 exponit

556 4266 668 4330 illa
693 4267 887 4330 verba
913 4267 1098 4330 Joan.
1129 4267 1248 4328 10:
1276 4266 1614 4348 Propterea
1635 4283 1731 4331 me
1761 4266 1976 4346 dili-qu
2000 4269 2124 4330 Pa-

561 4364 678 4436 ter,
725 4363 874 4440 quia
919 4362 1194 4426 animam
1237 4375 1435 4424 mam
1477 4375 1656 4440 pono.
1699 4359 1928 4423 Metuit
1970 4377 2121 4441 ergo

557 4453 842 4518 Christus
877 4453 1280 4518 dilectionem
1307 4452 1540 4528 Patris,
1573 4459 1764 4534 atque
1791 4453 1953 4518 adeo
1980 4471 2125 4535 gra-

559 4547 739 4610 tiam.
761 4547 1046 4628 Denique
1069 4548 1212 4610 lsai.
1245 4550 1323 4610 72
1347 4547 1612 4610 dicitur:
1639 4550 1800 4614 Εοσσ
1819 4549 2123 4616 Salvator

560 4645 706 4706 tuus
729 4644 918 4717 vonit,
947 4647 1005 4706 ot
1029 4657 1250 4706 meroes
1279 4641 1412 4722 ejus
1435 4659 1570 4706 eum
1595 4641 1727 4706 illo.

641 4735 704 4798 2.
735 4733 1104 4798 nationibus
1129 4735 1382 4797 videtur
1407 4737 1736 4815 urgentius
1766 4737 2123 4800 confirmari

555 4831 696 4893 hoec
724 4825 958 4909 opinio.
983 4828 1188 4890 Prima
1215 4827 1528 4906 colligitur
1551 4847 1628 4892 ex
1659 4829 1842 4894 dictis
1867 4832 1934 4894 in
1963 4835 2116 4894 sect.

557 4920 1102 5002 praeced.‚1uncto
1142 4919 1448 5001 principio
1479 4937 1606 5002 quo
1636 4921 1708 4986 D.
1735 4923 2010 4986 Thomas
2050 4926 2115 4985 in

557 5015 682 5078 hoe
707 5015 972 5078 articulo
1002 5015 1230 5091 utitur-3
1261 5016 1410 5095 quia
1435 5017 1490 5078 si
1528 5018 1824 5080 meritum
1849 5035 1981 5082 non
2008 5035 2115 5080 re-

557 5109 748 5192 quirit
789 5112 1131 5174 cerentiam
1163 5111 1432 5190 praemii,
1475 5111 1702 5174 melius
1746 5117 1840 5176 est
1875 5113 2112 5176 habere

555 5201 713 5268 illud
741 5219 820 5270 ex
844 5204 1068 5268 merito
1093 5219 1288 5285 quam
1322 5203 1458 5268 sine
1485 5207 1739 5281 merito;
1768 5207 1882 5268 sed
1907 5213 2113 5272 osten·

555 5309 699 5362 tum
741 5307 840 5364 est
883 5299 1006 5362 hoc
1044 5299 1338 5362 meritum
1371 5299 1584 5380 gloriae
1617 5301 1684 5362 in
1711 5301 1953 5364 Christo
1984 5319 2114 5366 non

1795 333 2035 398 QUAEST.
2067 335 2197 389 xlx,
2235 335 2435 390 nme.
2473 337 2555 392 ΙΙΙ.

2210 433 2347 507 illei
2374 433 2618 496 Christo
2648 433 2865 496 autem
2890 433 3293 498 tribuendum
3316 442 3585 519 estquod
3602 462 3704 522 per-

2208 527 2433 592 fectius
2466 535 2581 592 eet.
2612 529 2815 608 Maior
2852 530 3191 608 probatur,
3226 531 3377 612 quia
3402 534 3609 598 hahere
3626 539 3710 599 ali-

2210 623 2365 702 quid
2410 641 2491 685 ex
2534 623 2781 698 merito,
2828 623 3131 703 perfectio
3160 630 3287 699 σοις
3316 625 3503 702 unde,
3540 630 3586 690 si
3616 649 3709 694 uon

2211 717 2505 780 excludat
2527 717 2835 797 majorem
2858 717 2957 779 vel
2974 717 3287 797 {equalem
3306 719 3707 800 perfectionem,

2206 810 2439 874 melius
2484 811 2605 873 orit
2630 810 2868 874 habere
2914 811 3153 889 aliquid
3200 827 3281 875 ex
3328 814 3537 876 merito
3568 835 3709 896 quam

2210 903 2351 966 sine
2374 905 2639 976 mei-itm
2668 903 2783 966 sed
2809 904 3053 966 nullam
3096 906 3407 985 majorem
3440 908 3711 987 perfectio-

2210 1013 2360 1060 uem
2387 998 2695 1074 excludit,
2728 998 2882 1078 quia
2905 1017 3037 1062 non
3080 999 3358 1062 excludit
3378 1002 3563 1078 hanc,
3590 1004 3711 1066 scili·

2212 1098 2312 1154 cet
2326 1135 2347 1168 ‚
2376 1108 2629 1171 semper
2654 1107 2793 1154 esse
2818 1091 3117 1166 beatum
3152 1097 3214 1154 et
3238 1094 3419 1155 nulla
3437 1095 3554 1156 alia
3580 1113 3713 1158 exco-

2210 1187 2391 1268 gitari
2420 1193 2647 1267 potest,
2680 1204 2872 1266 qnam
2904 1187 3217 1264 excludat,
3248 1207 3367 1251 nec
3404 1190 3473 1252 D.
3502 1191 3711 1254 Thomas

2210 1281 2469 1342 alterius
2498 1282 2807 1343 meminit-
2836 1283 3021 1344 Dices
3048 1281 3387 1345 eneludere
3412 1283 3605 1360 atim,
3626 1287 3712 1366 sci-

2210 1375 2386 1451 licet,
2432 1375 2608 1455 quod
2638 1375 2769 1456 ipsa
2795 1377 2998 1456 gloria
3036 1377 3117 1438 sit
3154 1393 3275 1456 per
3302 1393 3372 1447 se
3416 1375 3632 1456 debita,
3666 1387 3711 1441 ut

2210 1467 2563 1548 proprietas
2590 1470 3039 1533 connaturalis.
3070 1471 3201 1532 Sed
3226 1470 3353 1532 hoe
3386 1469 3599 1532 falsum
3614 1479 3711 1548 est,

2209 1567 2417 1642 potest
2445 1562 2615 1624 enim
2648 1562 2870 1626 eadem
2898 1562 3095 1645 gloria
3124 1563 3371 1638 deberi,
3396 1570 3470 1626 ut
3490 1567 3715 1645 proprie·

2208 1662 2307 1718 tus
2330 1656 2757 1720 connaturalis
2778 1656 2897 1736 ipsi
2937 1655 3180 1732 unioni,
3210 1663 3275 1721 et
3298 1657 3437 1720 fieri
3458 1658 3641 1720 dehita
3658 1677 3712 1720 ex

2205 1749 2447 1830 justitia
2474 1767 2591 1830 per
2617 1750 2939 1828 meritum,
2964 1749 3019 1811 si
3051 1750 3309 1814 aliunde
3336 1765 3465 1812 uon
3490 1752 3559 1813 sit
3578 1769 3715 1833 repn-

2210 1843 2505 1922 gnuutia3
2536 1858 2686 1905 uam
2730 1843 2823 1906 illi
2860 1844 2991 1905 dno
3026 1843 3191 1906 tituli
3238 1844 3473 1926 optime
3500 1845 3641 1908 inter
3666 1863 3714 1907 se

2215 1935 2706 2016 conjunguntur,
2726 1943 2789 2000 et
2806 1937 3147 2017 perfectius
3166 1943 3269 2000 est
3287 1939 3518 2000 habere
3530 1937 3715 2017 aliquid

2212 2047 2293 2092 ex
2320 2034 2589 2110 utroque
2615 2031 2825 2106 titulo,
2852 2049 3045 2111 quam
3066 2049 3147 2094 ex
3176 2032 3381 2095 altero
3406 2039 3641 2095 tentum.
3662 2035 3715 2096 Ut

2212 2125 2267 2186 si
2316 2126 2485 2204 regis
2534 2123 2704 2186 filius
2738 2143 3009 2206 regnum
3037 2126 3157 2189 sihi
3194 2128 3343 2206 jure
3388 2126 3715 2189 hoerediissio

2208 2217 2491 2280 debitum
2505 2263 2527 2296 ,
2560 2219 2691 2280 suis
2740 2220 2931 2281 etiam
2978 2219 3257 2282 victoriis
3296 2225 3363 2283 et
3402 2220 3716 2282 facinoribus

2205 2319 2522 2376 mereatur
2536 2357 2559 2390 ,
2588 2313 2793 2394 major
2832 2313 2923 2376 illi
2968 2314 3089 2376 erit
3115 2314 3327 2393 gloria
3353 2319 3420 2376 et
3440 2312 3711 2394 perfeetum

2206 2407 2295 2470 ita
2308 2409 2483 2470 enim
2504 2409 2785 2470 sectione
2809 2407 3099 2488 sequenti
3118 2407 3308 2469 nobis
3332 2407 3713 2488 philosophan-

2206 2501 2359 2565 dum
2382 2507 2481 2566 est
2504 2502 2573 2563 in
2600 2503 2823 2564 merito
2854 2503 3069 2583 gloriae
3102 2501 3389 2582 cometis
3410 2501 3615 2563 Christi
3632 2502 3713 2561 Do-

2206 2597 2383 2660 mini.
2416 2596 2615 2674 Unde,
2638 2595 2809 2676 quod
2834 2601 3053 2658 contra
3076 2595 3246 2658 hanc
3271 2596 3621 2658 sententiam
3635 2594 3713 2654 ob-

2202 2693 2313 2771 jici
2341 2691 2523 2768 solet,
2550 2691 2700 2770 quia
2718 2691 2963 2754 Christo
2981 2689 3184 2770 gratia
3202 2693 3271 2752 et
3292 2690 3491 2770 gloria
3510 2695 3589 2750 est
3604 2705 3713 2749 eon-

2210 2788 2547 2862 naturalis,
2582 2789 2889 2867 tanquam
2932 2785 3207 2847 naturali
3248 2785 3405 2846 Filio
3432 2785 3557 2860 Dei,
3580 2784 3713 2862 juxte

2208 2881 2363 2942 illud
2388 2881 2571 2944 Joan.
2604 2884 2637 2944 1
2670 2897 2689 2941 ε
2736 2879 3013 2947 Vidimus
3033 2879 3299 2965 plot-iem
3326 2881 3481 2962 ejus,
3509 2877 3714 2960 qimam

2208 2975 2387 3056 quasi
2426 2973 2739 3057 Uniqeniti
2758 2991 2801 3036 a
2830 2974 3049 3049 Patre,
3074 2981 3139 3036 et
3166 2973 3253 3034 ad
3284 2974 3540 3034 Roman.
3564 2973 3633 3032 8:
3658 2968 3715 3033 Si

2202 3069 2349 3152 filii,
2372 3073 2429 3132 ot
2452 3069 2753 3141 beer-eden
2780 3067 2952 3146 quod
2972 3069 3187 3130 autem
3208 3066 3599 3129 connaturale
3628 3068 3712 3134 est,

2208 3179 2335 3224 non
2379 3161 2547 3225 cadit
2572 3160 2691 3222 suh
2727 3161 3045 3224 meritum.
3078 3161 3225 3222 Haec
3270 3159 3575 3240 (inquam)
3596 3157 3713 3220 ratio

2208 3273 2433 3336 parum
2472 3271 2701 3335 urgere
2749 3253 2999 3316 videtur
3048 3259 3270 3316 contra
3312 3253 3475 3315 hane
3516 3257 3717 3314 senten-

2208 3349 2383 3424 tiam,
2414 3349 2563 3428 quia
2596 3347 2687 3409 illi
2712 3347 2839 3410 duo
2886 3348 3045 3410 tituli
3078 3347 3169 3427 (ut
3200 3347 3493 3424 diximus)
3516 3363 3625 3408 nen
3646 3361 3715 3404 re-

2208 3447 2528 3523 pugnant:
2558 3443 2905 3522 praesertim
2932 3441 3081 3520 quia
3106 3441 3311 3521 gloria
3337 3448 3401 3504 et
3428 3441 3605 3522 gratia
3624 3455 3714 3498 non

2208 3541 2306 3598 est
2333 3535 2759 3597 connaturalis
2778 3535 3155 3597 humanitati
3173 3535 3403 3598 Christi
3429 3533 3713 3596 secundum

2208 3645 2313 3702 se;
2338 3627 2717 3690 humanitati
2744 3633 2957 3691 autem
2980 3633 3050 3690 ut
3076 3628 3272 3690 unitae
3294 3627 3517 3690 dicitur
3541 3641 3715 3687 conna-

2206 3720 2447 3796 turalis,
2476 3739 2607 3782 non
2648 3721 2795 3800 quia
2838 3723 2919 3783 sit
2952 3721 3313 3801 proprietas
3338 3720 3583 3800 physice
3618 3733 3715 3778 ma-

2206 3833 2368 3876 nans
2392 3811 2629 3895 abipsa
2658 3817 2917 3890 unione,
2940 3815 3053 3878 sed
3080 3815 3233 3894 quia
3263 3815 3525 3876 debetur
3546 3828 3715 3874 secun-

2208 3905 2360 3969 dum
2390 3909 2731 3988 quamdam
2760 3907 2955 3970 veluti
2996 3908 3472 3970 connaturalem
3506 3921 3715 3986 proper-

2204 4001 2447 4064 tionem
2488 4007 2549 4063 et
2590 4003 3109 4082 congruentiam3
3142 4001 3502 4081 hujusmodi
3551 4004 3713 4059 autem

2202 4095 2575 4177 proprietati
2610 4097 2807 4158 multo
2858 4095 3067 4158 minus
3116 4099 3435 4176 repugnat
3472 4099 3537 4155 ut
3568 4089 3715 4172 possit

2205 4190 2391 4252 simul
2420 4207 2536 4270 per
2564 4189 2859 4252 meritum
2893 4189 3193 4263 obtineri3
3228 4189 3393 4252 sicut
3428 4187 3615 4248 nullus
3634 4199 3713 4243 ne·

2204 4288 2313 4364 gat
2339 4283 2493 4363 quin
2520 4283 2800 4346 Christus
2826 4282 3130 4344 Dominus
3168 4282 3449 4362 potuerit
3484 4278 3711 4342 obtinere

2204 4377 2471 4458 gratiam
2500 4377 2891 4440 habitualem
2920 4393 3035 4457 per
3060 4377 3384 4456 propriam
3412 4369 3711 4453 dispositio-

2200 4487 2351 4532 nem
2376 4469 2642 4534 liberam
2658 4517 2676 4548 ,
2708 4469 2881 4552 quod
2924 4475 3091 4533 esset
3118 4469 3399 4532 alienum
3420 4485 3467 4530 a
3486 4462 3710 4547 proprie·

2202 4567 2331 4626 tate
2361 4563 2753 4627 connaturali
2776 4563 3041 4644 physice
3061 4565 3363 4624 manante
3386 4579 3429 4622 a
3456 4572 3563 4625 suo
3581 4554 3709 4635 prin-

2204 4657 2389 4738 cipio,
2414 4675 2543 4720 non
2566 4675 2715 4720 vero
2742 4676 2781 4719 a
2804 4657 3187 4738 proprietate
3217 4649 3591 4720 connaturali
3610 4661 3707 4708 mo·

2202 4749 2283 4812 do
2320 4751 2648 4830 explicato.

2282 4843 2345 4905 3.
2386 4843 2479 4904 Ex
2516 4859 2643 4923 quo
2694 4847 2901 4922 potest
2934 4841 3215 4906 secunda
3258 4841 3420 4906 ratio
3463 4836 3589 4901 fleri
3620 4846 3703 4912 pro

2195 4935 2313 4998 hac
2336 4935 2670 5012 sententia,
2706 4955 2857 4998 nam
2884 4937 3162 5000 Christus
3190 4936 3461 5016 suscepit
3488 4927 3704 5012 gratiam

2194 5029 2581 5092 habitualem
2598 5047 2715 5110 per
2730 5031 3045 5111 propriam
3068 5030 3529 5112 dispositionem
3546 5043 3559 5096 ς
3588 5031 3701 5097 ergo

2194 5137 2311 5202 per
2346 5122 2513 5184 illam
2552 5125 2785 5186 meruit
2814 5127 3081 5205 gratiam
3106 5125 3333 5204 ipsam.
3362 5115 3701 5184 antecedens

2194 5213 2441 5276 videtur
2470 5229 2609 5276 esse
2640 5218 3059 5280 communiter
3084 5221 3411 5296 receptum
3428 5259 3451 5290 ‚
3488 5217 3699 5292 praeffl'·

2194 5307 2305 5370 tim
2334 5305 2401 5368 in
2428 5307 2645 5371 schola
2670 5311 2746 5370 D.
2774 5311 3033 5372 Thomae
3053 5354 3074 5387 ,
3118 5310 3265 5392 quia
3290 5309 3427 5389 ipse
3452 5305 3609 5368 docet
3626 5295 3695 5357 in·

553 5393 878 5475 requirere
915 5395 1259 5458 carentiam
1285 5395 1482 5475 ipsius
1511 5395 1755 5477 glorian
1787 5413 1942 5476 ergo
1968 5413 2114 5478 per·
2190 5401 2311 5478 tra,
2336 5419 2399 5483 q.
2428 5405 2531 5480 30,
2564 5411 2679 5466 art.
2712 5407 2775 5481 5,
2800 5405 3113 5468 Christum
3134 5403 3568 5468 sanctificatum
3588 5403 3695 5453 esse

551 5487 774 5552 rectius
791 5487 910 5554 fuit
930 5485 1164 5553 habere
1189 5487 1362 5554 illam
1385 5505 1460 5554 ex
1483 5489 1731 5569 merito,
1756 5507 1944 5572 quam
1970 5493 2109 5556 sine
2191 5513 2305 5575 per
2332 5497 2660 5576 proprium
2686 5505 2929 5562 motum
2958 5499 3141 5562 liberi
3170 5496 3435 5572 arbitrii,
3466 5489 3593 5570 quia
3616 5483 3692 5546 hic
