3892 6167
1333 318 1654 399 marum.
1688 316 1811 373 mv.
1844 320 2015 372 saer.
2053 316 2110 371 v.

106 421 513 497 relationem,
551 426 617 483 et
640 418 763 483 hoe
787 418 979 485 modo
1006 436 1135 481 non
1163 436 1299 481 esse
1323 419 1681 483 necessario

108 516 417 579 eumdem
443 518 685 577 motum
708 516 773 576 in
799 515 1165 595 imaginem,
1190 514 1339 575 etin
1370 532 1503 577 rem
1532 515 1684 575 ima-

108 610 425 691 ginatam,
458 609 743 689 quamvis
768 607 851 671 de
877 608 1139 671 materia
1166 608 1481 687 imaginis,
1514 614 1579 671 et
1603 607 1683 671 de

110 704 323 785 figura
357 721 577 767 verum
604 702 703 777 sit,
743 707 960 765 tamen
994 701 1073 763 de
1112 700 1417 763 relatione
1442 719 1570 763 non
1600 701 1685 763 ita

108 796 391 871 videtur,
436 796 659 860 saltem
711 796 919 875 quoad
974 802 1213 859 motum
1263 794 1679 873 cogitationis,

110 892 265 969 quia
316 908 445 953 non
488 894 697 969 potest
742 888 985 969 concipi
1026 888 1239 969 imago
1280 886 1398 949 sub
1436 886 1685 949 formali

110 985 431 1047 relatione
450 983 765 1063 imaginis,
784 982 939 1063 quin
959 980 1097 1047 talis
1114 987 1451 1061 conceptus
1473 981 1683 1059 aliquo

110 1078 309 1141 modo
346 1078 431 1147 ad
462 1076 783 1155 exemplar
816 1076 1222 1147 terminetur3
1260 1074 1339 1136 de
1363 1079 1539 1135 motu
1572 1092 1685 1135 au-

110 1180 243 1235 tem
278 1172 549 1233 affectus
576 1170 965 1250 distinguere
997 1174 1265 1249 oportet,
1296 1185 1445 1229 nam
1474 1168 1682 1247 imago

110 1264 231 1327 sub
258 1264 375 1327 illo
401 1270 691 1343 respectu
711 1268 919 1343 potest
939 1261 1186 1341 placere
1209 1265 1463 1341 propter
1486 1259 1683 1321 solam

108 1356 689 1439 pulchritudinem,
719 1357 820 1419 vel
850 1354 1301 1437 perfectionem
1338 1354 1513 1427 artis,
1545 1370 1683 1433 quae

112 1453 177 1513 in
204 1470 285 1513 ea
318 1451 579 1527 relucet,
598 1456 661 1513 et
686 1456 833 1513 tunc
864 1465 1085 1510 verum
1112 1453 1209 1511 est
1228 1448 1415 1511 talem
1444 1453 1683 1509 motum

108 1564 241 1607 non
270 1545 605 1607 tenninari
626 1544 711 1607 ad
734 1542 1073 1622 exemplar,
1108 1558 1319 1620 neque
1355 1540 1685 1620 ad‘imagi-

109 1656 263 1699 nem
302 1643 376 1699 ut
399 1638 765 1717 imaginem,
784 1636 895 1697 sed
922 1641 1075 1697 tunc
1103 1652 1325 1696 revera
1353 1635 1512 1696 ratio
1540 1634 1685 1695 talis

110 1738 333 1793 motus
385 1748 515 1793 non
568 1738 665 1793 est
716 1728 1081 1807 simpliciter
1117 1728 1463 1806 respectiva
1486 1773 1507 1804 ,
1538 1745 1683 1789 cum

110 1843 242 1885 non
280 1824 547 1903 accipiat
589 1824 897 1885 rationem
945 1838 1125 1882 suam
1172 1840 1209 1881 a
1260 1821 1524 1883 termino
1572 1838 1685 1883 seu

114 1915 683 1997 exemplari-Unde
712 1914 892 1978 aliter
916 1920 1127 1994 potest
1148 1914 1397 1993 placere
1420 1914 1525 1975 ille
1556 1932 1683 1975 res·

113 2016 345 2089 pectus
384 2009 671 2090 imaginis
708 2014 967 2087 propter
1008 2026 1191 2069 suum
1232 2008 1587 2083 terminum,
1624 2014 1685 2069 et

116 2112 273 2169 tunc
300 2110 395 2167 est
414 2102 667 2183 proprie
688 2107 897 2163 motus
914 2101 977 2162 in
999 2100 1363 2181 imaginem,
1383 2107 1451 2163 ut
1476 2102 1685 2181 imago

116 2206 241 2275 est,
280 2215 401 2259 nec
454 2202 657 2277 potest
694 2195 833 2257 talis
879 2200 1089 2257 motus
1133 2213 1173 2255 a
1226 2212 1295 2256 re
1348 2194 1689 2275 imaginata

117 2292 387 2355 omnino
438 2289 740 2371 separari,
774 2287 947 2368 quod
981 2288 1049 2349 in
1094 2305 1311 2349 amore
1344 2292 1439 2349 est
1484 2286 1719 2357 mani-‚

116 2388 403 2461 festum;
434 2402 605 2460 nam,
655 2383 706 2445 si
748 2382 889 2463 quis
925 2387 1096 2445 amet
1122 2381 1461 2461 imaginem
1490 2382 1691 2443 solum

120 2482 279 2561 quia
308 2486 403 2542 est
452 2479 591 2541 talis
624 2494 911 2557 personas
931 2518 953 2550 ,
996 2475 1179 2555 cujus
1224 2473 1594 2535 memoriam
1630 2477 1693 2535 et

124 2576 427 2639 affectum
452 2576 605 2633 nata
638 2575 737 2632 est
764 2569 1057 2643 excitare,
1090 2570 1263 2629 certe
1310 2567 1415 2629 ille
1448 2571 1541 2629 est
1564 2566 1691 2628 vir-

122 2668 315 2731 tualis
340 2683 521 2728 amor
544 2662 921 2742 exemplaris
942 2706 965 2737 ,
988 2653 1133 2723 cu'm
1160 2661 1229 2721 in
1260 2660 1366 2721 illo
1392 2659 1692 2723 fundetur

118 2769 429 2839 tanquam
465 2759 529 2821 in
559 2757 801 2819 ratione
834 2755 1085 2819 amandi
1106 2798 1127 2829 ,
1172 2772 1291 2815 nec
1318 2758 1525 2834 potest
1549 2754 1692 2815 talis

120 2855 393 2918 affectus
441 2870 585 2915 cum
618 2849 763 2912 odio
808 2849 1005 2929 ipsius
1038 2848 1415 2927 exemplaris
1456 2847 1692 2913 consis-

120 2956 287 3013 tere.
319 2946 493 3009 Idem
530 2962 682 3025 ergo
708 2950 817 3009 est
832 2942 911 3005 de
940 2948 1115 3005 motu
1143 2941 1547 3013 adorationis,
1584 2941 1692 3022 qui

122 3043 253 3107 sub
284 3040 470 3105 simili
498 3039 743 3102 ratione
772 3037 853 3100 ad
886 3037 1229 3117 imaginem
1261 3036 1651 3099 terminatur.

212 3140 317 3201 40.
360 3136 477 3211 Qui
510 3133 713 3199 debeat
748 3129 1011 3214 intelliqi
1052 3130 1517 3195 Aristotelicum
1554 3148 1696 3211 pro·

126 3229 502 3293 ammaim.
524 3257 611 3275 --
632 3226 723 3289 Ex
746 3224 853 3285 illo
884 3242 1037 3303 ergo
1064 3222 1369 3304 principio
1398 3223 1695 3285 attributo

120 3322 448 3389 Aristoteli
474 3320 633 3383 nihil
658 3321 863 3399 potest
888 3323 1108 3383 contra
1137 3322 1410 3379 nostram
1446 3319 1695 3379 senten·

120 3420 283 3479 tiam
313 3415 539 3495 colligi,
586 3430 735 3476 cum
764 3412 915 3475 satis
959 3410 1287 3473 commode
1317 3408 1687 3483 declaretur,

124 3511 319 3573 etiam
344 3508 411 3569 in
436 3509 559 3569 hoc
580 3506 771 3569 modo
790 3504 1197 3577 adorationiS,
1226 3502 1523 3567 eumdem
1552 3520 1691 3565 esse

124 3610 377 3667 motum
394 3602 463 3664 in
490 3600 853 3680 imaginem,
874 3604 937 3661 et
966 3598 1034 3661 in
1064 3615 1201 3659 rem
1223 3598 1405 3676 cujus
1426 3601 1522 3658 est
1544 3595 1697 3657 ima·

124 3716 237 3777 go.
289 3696 363 3757 In
405 3694 579 3758 omni
616 3699 829 3755 autem
874 3691 1186 3753 sententia
1224 3690 1545 3752 fatendum
1576 3694 1691 3763 est,

124 3797 379 3855 motum
418 3790 487 3851 in
526 3788 865 3868 imaginem
900 3791 965 3849 et
1006 3786 1073 3847 in
1108 3802 1247 3847 rem
1288 3784 1695 3863 imaginatam

124 3905 261 3951 non
286 3902 539 3965 semper
558 3883 783 3947 eodem
802 3880 993 3943 modo
1018 3880 1339 3943 terminari
1362 3880 1446 3943 ad
1468 3885 1697 3943 utram·

122 3998 293 4061 que;
328 3996 481 4040 nam
523 3977 593 4039 in
632 3982 807 4039 motu
830 3973 1171 4044 memoria),
1196 3972 1279 4035 de
1306 3990 1433 4052 quo
1459 3972 1696 4035 Aristo-

122 4074 291 4137 teles
314 4072 619 4150 loquitur,
635 4075 843 4131 motus
865 4068 1233 4131 terminatur
1248 4066 1333 4129 ad
1358 4066 1696 4146 imaginem

124 4172 379 4229 tantum
421 4170 492 4225 nt
540 4180 668 4242 quo
688 4208 707 4237 ,
752 4167 817 4224 et
864 4161 946 4224 ad
990 4178 1129 4223 rem
1170 4159 1577 4239 imaginatam
1624 4164 1695 4221 ut

124 4257 305 4339 quod
325 4274 347 4336 3
368 4258 437 4321 in
458 4263 637 4335 motu
659 4272 803 4319 vero
828 4253 1239 4328 adorationis,
1260 4252 1370 4333 qui
1396 4269 1512 4333 per
1538 4254 1693 4313 ima·

124 4354 349 4434 ginem
397 4355 573 4415 recta
626 4349 821 4414 tendit
860 4349 927 4411 in
970 4354 1391 4428 prototypon,
1425 4363 1554 4408 non
1596 4364 1697 4407 so-

122 4448 265 4511 lum
296 4453 676 4527 prototypon
712 4443 1011 4507 adoratur
1036 4449 1107 4505 ut
1135 4441 1329 4522 quod,
1362 4440 1477 4505 sed
1506 4442 1698 4503 etiam

122 4542 373 4622 imago,
402 4540 681 4620 alioquin
718 4556 834 4619 per
872 4537 1065 4601 talem
1104 4543 1345 4600 motum
1386 4553 1517 4597 non
1551 4552 1698 4597 vere

122 4635 503 4699 adoraretur
531 4634 763 4713 imago,
794 4637 866 4693 ut
907 4649 1097 4711 supra
1123 4630 1454 4711 probatum
1490 4634 1607 4706 est,
1638 4634 1699 4691 et

124 4729 565 4804 declaratum,
608 4744 735 4808 quo
776 4726 967 4789 modo
1004 4724 1109 4787 ille
1144 4730 1355 4787 motus
1385 4724 1464 4785 sit
1492 4741 1659 4785 unus
1672 4766 1696 4799 ,

124 4842 267 4885 non
296 4828 545 4885 tantum
573 4821 863 4893 exterior,
892 4819 1007 4881 sed
1036 4819 1226 4881 etiam
1254 4818 1527 4889 interior,
1564 4824 1699 4878 tum

124 4918 193 4979 in
226 4915 485 4990 affectu,
521 4920 656 4978 tum
683 4914 875 4975 etiam
904 4911 1322 4992 cogitatione3
1354 4910 1419 4969 in
1450 4927 1699 4988 respec-

120 5012 263 5071 tiva
294 5026 445 5071 vero
490 5007 859 5071 adoratione
898 5005 1213 5085 imaginis,
1244 5010 1313 5065 ut
1354 5003 1447 5065 rei
1478 5019 1695 5077 sacrae,

118 5102 309 5163 idem
346 5108 557 5163 motus
582 5098 962 5163 adorationis
1000 5097 1201 5161 tendit
1236 5097 1304 5157 in
1330 5095 1697 5175 imaginem,

122 5202 199 5258 ut
244 5191 445 5275 quod,
490 5202 553 5257 et
599 5195 665 5255 in
725 5198 1129 5273 prototypon,
1176 5196 1245 5252 ut
1306 5207 1456 5268 quo.
1508 5188 1701 5269 Igitur

123 5288 521 5369 principium
546 5285 699 5349 illud
741 5285 947 5350 solum
986 5292 1082 5348 est
1110 5284 1421 5347 abstracte
1449 5299 1705 5345 sumen-

122 5380 314 5457 dum,
362 5380 535 5461 quod
564 5387 771 5443 motus
808 5380 877 5443 in
916 5378 1281 5460 imaginem,
1327 5382 1397 5438 ut
1444 5378 1554 5451 sic,
1610 5381 1705 5439 est

122 5475 352 5553 aliquo
386 5474 573 5538 modo
600 5480 807 5537 motus
836 5472 901 5535 in
940 5490 1072 5537 rem
1112 5471 1545 5551 imaginatam
1574 5487 1705 5533 mo·

3201 320 3318 381 643

1763 422 1881 483 dus
1910 424 2149 494 autem,
2180 434 2304 497 quo
2335 417 2586 498 attingit
2614 422 2969 495 utramque,
2997 434 3126 483 non
3159 440 3324 485 sem-

1762 532 1877 594 per
1907 519 2006 576 est
2031 512 2226 589 idem,
2259 513 2371 575 sed
2403 516 2581 592 juxta
2606 514 3018 591 capacitatem
3047 519 3324 583 materiae

1764 606 2214 669 declarandum
2235 613 2352 681 est,
2369 612 2430 668 et
2450 607 2570 667 hoc
2595 604 2966 685 significavit
2983 609 3050 669 D.
3069 611 3288 673 Thom.
3299 656 3319 687 ,

1765 700 1829 763 in
1858 703 1919 761 Ξ.
1967 705 2030 777 2,
2073 707 2290 781 quaest.
2327 704 2467 775 103,
2515 704 2636 763 art.
2679 701 2741 773 3,
2774 698 2856 760 ad
2901 703 2964 773 3,
2995 719 3140 763 cum
3171 704 3326 766 dixit

1763 800 2006 857 motum
2028 794 2094 855 in
2111 795 2450 875 imaginem
2473 792 2940 873 quodammodo
2969 812 3103 857 esse
3135 798 3318 859 etiam

1762 894 2007 953 motum
2037 888 2104 949 in
2138 906 2274 951 rem
2315 887 2758 968 imaginatam;
2805 892 2994 966 atque
3022 887 3108 951 ita
3147 890 3323 953 satis-

1762 982 1998 1045 factum
2055 986 2152 1045 est
2219 981 2508 1045 omnibus
2569 979 3034 1043 difficultatibus
3097 1001 3325 1063 propo-

1766 1076 1921 1139 sitis.

1843 1177 1944 1237 41.
1995 1171 2290 1239 Secunde
2317 1171 2578 1237 racionis
2599 1171 2971 1252 principalis
2997 1172 3324 1237 dilutio.—

1764 1267 1861 1330 Ad
1894 1266 2238 1331 secundam
2278 1265 2584 1327 rationem
2625 1272 2798 1327 recte
2835 1264 2921 1325 ibi
2950 1282 3322 1345 responsum

1766 1368 1883 1435 est,
1927 1378 2065 1423 rem
2107 1358 2534 1423 irrationalem
2576 1376 2706 1421 non
2757 1375 2895 1420 esse
2937 1358 3323 1421 adorabilem

1764 1459 2022 1535 propter
2049 1471 2115 1515 se
2147 1453 2372 1532 ipsam.
2403 1452 2537 1523 Quo
2563 1469 2754 1513 sensu
2779 1452 2996 1513 dicunt
3019 1470 3184 1532 soepe
3212 1452 3325 1515 Pa·

1764 1554 1917 1623 trae,
1949 1545 2384 1609 adorationem
2426 1545 2791 1607 attributam
2839 1545 2930 1607 rei
2980 1545 3325 1607 irrationali

1766 1660 1895 1703 non
1924 1638 2234 1703 contineri
2265 1655 2378 1701 seu
2407 1638 2616 1701 claudi
2636 1639 2801 1699 intra
2829 1639 3068 1718 ipsam;
3103 1640 3326 1701 nihilo·

1764 1733 1976 1795 minus
2021 1730 2362 1795 dicendum
2405 1738 2524 1805 est,
2555 1750 2692 1794 rem
2725 1732 3150 1794 irrationalem
3175 1748 3324 1795 vere

1766 1844 1905 1888 esse
1928 1824 2316 1888 adorabilem
2332 1830 2584 1904 propter
2605 1824 2790 1885 aliam
2811 1824 3323 1901 intellectualem,

1766 1920 1852 1981 ita
1882 1918 2052 1981 enim
2076 1918 2362 1981 absolute
2385 1919 2728 1997 loquuntur
2759 1920 2976 1981 Patres
2991 1920 3100 1981 vn
3125 1920 3329 2000 Syno-

1766 2013 1853 2075 di.
1889 2012 2092 2086 Unde,
2124 2018 2193 2074 ut
2217 2011 2358 2073 talis
2381 2012 2664 2075 adoratio
2691 2012 2782 2073 rei
2811 2012 3184 2075 irrationalis
3213 2013 3328 2075 ho-

1766 2112 1947 2168 nesta
1977 2105 2076 2177 sit,
2115 2111 2177 2168 et
2203 2104 2543 2168 conformis
2569 2105 2814 2179 rationi,
2853 2104 3002 2165 satis
3029 2096 3124 2167 eTst
3155 2106 3326 2183 quod

1766 2204 1900 2261 tota
1926 2199 2164 2261 nitatur
2201 2197 2266 2259 in
2309 2197 2674 2259 excellentia
2707 2197 2970 2279 alicujus
3014 2199 3108 2261 rei
3139 2199 3329 2261 ratio-

1770 2292 1956 2355 nalis.
1983 2290 2166 2367 Quod
2185 2308 2334 2353 vero
2364 2291 2470 2353 illa
2497 2292 2860 2354 adoratione
2880 2291 3065 2353 simul
3089 2292 3330 2355 colatur

1774 2386 2000 2449 eadem
2043 2404 2149 2449 res
2189 2385 2634 2449 intellectualis
2681 2389 2983 2463 tanquam
3018 2386 3336 2465 objectum

1773 2480 1942 2561 quod
1962 2479 2198 2541 directe
2219 2478 2544 2553 adoratur,
2563 2478 2738 2540 nulla
2764 2479 3010 2541 ratione
3036 2479 3344 2559 probatur

1774 2592 1911 2637 esse
1957 2571 2386 2635 necessarium
2443 2572 2526 2633 ad
2576 2573 2970 2635 honestatem
3021 2572 3284 2635 actionis
3316 2616 3335 2649 ,

1773 2667 1942 2745 quia,
1975 2664 2231 2745 quando
2273 2664 2480 2727 honor
2518 2670 2614 2727 est
2637 2665 3047 2744 respectivus,
3089 2682 3220 2727 non
3245 2670 3343 2727 est

1770 2776 2032 2822 necesse
2059 2764 2132 2820 ut
2173 2776 2278 2820 res
2326 2758 2454 2831 illa,
2508 2775 2650 2838 quae
2697 2764 2792 2819 est
2836 2758 3030 2821 veluti
3078 2759 3340 2821 materia

1774 2852 2164 2917 adorationis
2184 2898 2202 2929 ,
2239 2852 2542 2933 percipiat
2585 2853 2890 2914 honorem
2935 2851 3052 2913 sibi
3097 2854 3340 2916 exhibi-

1776 2952 1931 3022 tum,
1979 2945 2094 3007 sed
2143 2946 2296 3007 satis
2327 2950 2422 3007 est
2464 2944 2635 3025 quod
2677 2945 2808 3019 ille,
2839 2950 3100 3025 propter
3144 2964 3338 3025 quem

1778 3038 2132 3115 exhibetur,
2159 3038 2338 3100 illum
2362 3039 2687 3119 percipere
2711 3038 2947 3119 possit3
2965 3038 3113 3118 quia
3134 3038 3336 3103 honor

1775 3152 1907 3195 non
1928 3151 2006 3195 ea
2027 3134 2374 3195 intentione
2398 3133 2726 3195 exhibetur
2747 3132 3108 3214 hujusmodi
3125 3134 3334 3209 rebus,

1778 3234 1849 3287 ut
1874 3227 2026 3306 ipsae
2053 3226 2232 3286 illum
2255 3226 2626 3306 percipiant,
2657 3225 2771 3289 sed
2793 3226 2994 3287 solum
3021 3232 3092 3289 ut
3119 3246 3339 3291 conve·

1772 3319 1973 3381 nienti
2011 3321 2075 3379 et
2119 3318 2434 3380 reverenti
2477 3316 2668 3379 modo
2719 3324 3069 3383 tractentur
3090 3366 3110 3395 ,
3160 3321 3340 3399 juxta

1778 3410 2302 3475 existimationem
2326 3428 2468 3489 quoe
2493 3410 2574 3471 de
2594 3410 2714 3471 illis
2733 3411 2955 3473 baberi
2983 3410 3215 3485 debet3
3243 3419 3339 3475 at-

1777 3526 1901 3588 que
1920 3506 2084 3569 adeo
2110 3514 2176 3569 ut
2197 3507 2332 3569 haec
2353 3507 2492 3585 ipsa
2527 3506 2904 3569 existimatio
2931 3508 3212 3587 ipsismet
3233 3528 3340 3571 ac-

1774 3601 2052 3663 tionibus
2079 3600 2470 3679 significetur
2495 3604 2562 3661 et
2587 3599 2989 3676 ostendatur3
3023 3601 3340 3681 significa·

1774 3695 1861 3757 tio
1891 3699 2108 3756 autem
2151 3694 2306 3770 haec,
2353 3692 2514 3756 sicut
2539 3710 2670 3756 non
2715 3692 2788 3755 fit
2829 3699 3086 3774 propter
3111 3694 3340 3775 imagi-

1774 3804 1922 3851 nem
1955 3806 2095 3867 quae
2118 3787 2438 3863 adoratur,
2463 3786 2552 3848 ita
2573 3804 2784 3867 neque
2816 3786 2888 3847 fit
2908 3786 2989 3848 ad
3017 3787 3244 3867 ipsam,
3269 3786 3337 3850 id

1777 3887 1893 3957 est,
1922 3888 1994 3943 ut
2031 3881 2167 3960 ipsa
2195 3880 2504 3961 percipiat
2525 3881 2812 3942 animum
2837 3884 2901 3941 et
2921 3880 3338 3943 intentionem

1774 3976 2118 4050 adorantis,
2137 3976 2251 4039 sed
2268 3974 2390 4039 hoc
2407 3974 2598 4037 modo
2621 3975 2943 4037 ordinatur
2963 3975 3336 4055 significatio

1776 4070 1859 4132 ad
1887 4089 2033 4131 eum
2064 4076 2320 4149 propter
2364 4086 2555 4149 quem
2583 4068 2654 4131 fit
2683 4069 2988 4145 adoratio,
3036 4070 3136 4131 vel
3167 4075 3337 4132 certe

1778 4162 1969 4223 etiam
1993 4161 2074 4222 ad
2099 4162 2278 4237 aliea,
2309 4160 2418 4240 qui
2443 4160 2868 4224 adorationem
2895 4161 3132 4225 vident.

1856 4259 1959 4319 42.
2001 4253 2369 4319 Irrationali
2396 4260 2692 4320 creaturas
2737 4254 3003 4336 qualiter
3041 4273 3106 4319 so
3139 4258 3338 4335 poerit

1776 4350 2124 4414 submittere
2162 4348 2509 4413 rationalis.
2543 4380 2624 4395 -
2659 4346 2756 4409 Ad
2794 4348 3094 4428 replicem
3123 4356 3339 4413 autem

1778 4443 1863 4505 ibi
1892 4442 2124 4507 tactam
2153 4448 2370 4505 contra
2411 4442 2574 4505 hanc
2612 4442 3114 4522 responsionem,
3145 4442 3339 4525 aliqui

1781 4536 2136 4599 concedunt
2175 4554 2316 4599 esse
2351 4535 2420 4599 in
2447 4536 2722 4617 imagine
2763 4536 3036 4619 aliquam
3073 4536 3343 4617 dignita-

1780 4634 1927 4702 tem,
1973 4630 2054 4691 ob
2078 4646 2272 4709 quam
2299 4628 2416 4691 coli
2445 4629 2644 4710 possit
2671 4634 2735 4691 et
2762 4629 3014 4703 debeat,
3039 4631 3339 4693 nimirum

1780 4722 2166 4784 consecratio
2193 4722 2444 4801 aliqua,
2471 4723 2576 4785 vel
2619 4721 2929 4786 dedicatio
2959 4723 3168 4785 divino
3207 4723 3340 4784 cul·

1778 4816 1896 4891 tui,
1927 4832 2042 4877 seu
2061 4814 2398 4877 similitudo
2421 4816 2504 4879 ad
2531 4833 2858 4896 personam
2891 4832 3137 4877 sacram
3153 4830 3175 4893 3
3203 4817 3339 4879 haec

1780 4907 1949 4969 enim
1981 4908 2046 4967 in
2091 4908 2228 4986 ipsa
2247 4908 2526 4988 imagine
2561 4912 2678 4984 est,
2707 4916 2769 4971 et
2793 4908 3040 4971 videtur
3065 4926 3204 4972 esse
3233 4910 3341 4971 ali-

1782 5000 1933 5080 quid
1985 5014 2269 5076 sacrum,
2321 5001 2494 5080 quod
2541 5000 2908 5063 denominat
2951 5017 3086 5063 rem
3129 5003 3338 5082 aliquo

1780 5093 1970 5155 modo
2017 5110 2262 5155 sacram
2315 5098 2378 5155 et
2425 5100 2731 5167 sanctam,
2773 5098 2837 5155 et
2884 5102 3345 5173 consequenter

1782 5186 2151 5250 adoratione
2179 5185 2460 5266 dignam,
2483 5188 2664 5267 juxta
2689 5184 2883 5247 illud:
2911 5185 3177 5251 Adorate
3213 5206 3348 5251 sca-

1783 5282 1998 5345 bellum
2023 5281 2238 5361 pedum
2265 5280 2422 5361 ejus,
2453 5282 2735 5364 quoniam
2761 5286 3039 5345 sanctum
3075 5288 3187 5346 m.
3219 5279 3346 5343 Sed

1786 5374 2194 5437 nihilominus
2226 5374 2565 5438 dicendum
2603 5382 2718 5445 est,
2751 5373 2923 5455 quod
2950 5373 3141 5437 etiam
3187 5373 3347 5438 Con-

1788 5468 1927 5531 cilia
1977 5468 2353 5548 significant,
2388 5468 2452 5531 in
2477 5470 2750 5549 imagine
2779 5486 2908 5531 non
2949 5484 3089 5529 esse
3139 5484 3348 5529 orma-
