3892 6167
1341 288 1664 344 mspu'ru.
1700 286 1824 346 xm.
1859 287 2030 342 SECT.
2066 288 2127 345 11.

163 394 321 457 etiam
345 388 490 471 quia
516 388 792 472 ipsamet
823 387 1156 471 applicatio
1185 395 1280 453 est
1309 389 1546 458 donum
1571 389 1688 453 Dei

157 486 398 551 maxime
431 484 865 546 necessarium.
899 484 983 547 ad
1010 484 1308 557 salutem;
1355 492 1488 547 tum
1536 504 1689 567 prae·

156 592 298 647 terea
317 578 480 661 quia,
509 576 674 641 sicut
699 578 950 641 adultus
976 584 1237 645 vocatur
1261 578 1344 641 ad
1371 578 1588 653 fidem,
1618 586 1684 642 et

153 674 385 737 trahitur
409 670 490 733 ad
511 671 864 735 Ecclesiam
893 690 1010 753 per
1030 672 1426 737 vocationem
1456 673 1570 737 Dei
1597 672 1688 735 ef·

157 770 400 837 ficacem‚
421 764 508 828 ita
523 766 834 844 parvulus
855 767 1124 831 trahitur
1139 785 1254 849 per
1274 766 1688 849 baptismum,

157 863 246 945 qui
267 865 458 941 potest
481 859 610 932 dici
639 862 837 924 veluti
863 862 1160 941 quaedam
1185 864 1408 928 efficax
1443 862 1690 925 vocatio

158 960 298 1037 eJus3
319 972 494 1033 ergo,
509 953 678 1018 sient
706 955 769 1017 in
795 955 1010 1019 adulto
1035 956 1304 1035 ipsamet
1326 956 1572 1019 vocatio
1594 961 1690 1017 est

157 1068 218 1113 ex
241 1047 464 1110 meritis
489 1047 761 1123 Cha-isti,
789 1049 874 1113 ita
913 1050 980 1111 in
1007 1049 1270 1129 parvulo
1293 1050 1430 1129 ipse
1457 1048 1688 1129 baptis·

159 1161 294 1205 mus,
317 1139 488 1215 Quod
511 1137 602 1202 ita
631 1142 828 1205 etiam
857 1142 1227 1221 explicatur,
1248 1142 1486 1205 namin
1509 1141 1687 1203 adul-

159 1248 210 1299 to
227 1237 346 1315 ipsa
369 1235 656 1299 voluntas
681 1236 1064 1316 suscipiendi
1083 1236 1466 1317 baptismum
1491 1240 1586 1297 est
1609 1228 1688 1297 ei

157 1328 634 1403 chrisumeritm
667 1347 825 1411 ergo
870 1330 1062 1393 etiam
1109 1336 1402 1411 respectu
1439 1329 1686 1409 parvuli

156 1426 238 1485 illa
268 1423 368 1485 Dei
411 1422 810 1501 providentia
842 1443 970 1503 qua
1015 1424 1122 1501 fit,
1155 1428 1226 1487 ut
1267 1426 1442 1505 prius
1493 1442 1686 1505 quam

158 1516 434 1589 moriatur,
475 1514 861 1596 baptizetur,
903 1523 970 1580 et.
1009 1518 1182 1597 quod
1223 1524 1542 1598 parentes,
1586 1517 1686 1579 vel

157 1610 344 1687 aliquis
369 1608 508 1671 loco
527 1626 760 1673 eorum
787 1610 1023 1675 habeat
1057 1612 1444 1675 voluntatem
1489 1614 1551 1673 et
1577 1629 1686 1672 cu-

159 1721 268 1767 ram
294 1708 356 1765 ut
379 1702 482 1765 illo
497 1702 884 1783 baptizetur,
903 1713 999 1769 est
1023 1705 1310 1785 specialis
1329 1706 1534 1786 gratia
1553 1705 1684 1779 Dei,

159 1796 506 1877 praeveniens
539 1798 759 1877 ipsum
770 1815 792 1876 3
819 1818 934 1861 cur
961 1816 1114 1878 ergo
1143 1798 1280 1863 haic
1307 1818 1434 1863 non
1467 1801 1582 1863 erit
1611 1818 1688 1863 ex

159 1890 362 1956 meritis
408 1891 660 1967 Christi,
699 1894 864 1957 sicut
899 1898 1218 1955 ostensum
1259 1898 1356 1957 est
1397 1894 1478 1955 do
1515 1895 1686 1957 omni

159 1985 348 2047 auxilio
396 1986 616 2064 gratiae
669 1987 846 2067 quod
897 1988 1082 2051 datur
1125 1987 1396 2051 adultis?
1432 1990 1685 2067 Ultimo,

157 2078 284 2141 ratio
315 2078 808 2143 fundamentalis
835 2088 956 2155 est,
981 2080 1156 2161 quia,
1187 2083 1350 2145 sicut
1377 2080 1546 2145 Dens
1573 2102 1690 2147 sua

157 2172 432 2235 voluntate
453 2171 652 2253 elegit
677 2173 800 2235 bos
824 2174 1040 2253 potius
1061 2191 1252 2252 quam
1275 2174 1416 2239 illos
1445 2176 1528 2238 ad
1557 2177 1690 2256 glo-

157 2265 306 2338 riam,
348 2264 442 2325 vel
491 2267 768 2343 gratiam
793 2312 810 2339 ,
861 2268 962 2329 vel
1015 2268 1136 2329 alia
1185 2270 1688 2348 supernaturalia

159 2358 314 2429 dona,
359 2358 443 2421 ita
493 2360 931 2423 manitestavit
989 2362 1230 2425 Christo
1284 2363 1448 2425 hano
1505 2382 1688 2427 suam

163 2450 518 2525 electionem,
565 2455 632 2515 et
675 2453 1102 2529 voluntatem3
1156 2472 1346 2537 ergo,
1399 2456 1686 2535 quamvis

163 2544 394 2605 Christus
418 2546 722 2608 omnibns
747 2550 1086 2625 meruerit,
1111 2554 1472 2613 nontamen
1503 2568 1684 2629 aeque

163 2656 252 2717 pro
291 2638 568 2707 omnibns
615 2640 848 2705 obtulit
897 2661 1016 2705 sua
1059 2643 1304 2715 merita,
1353 2644 1464 2705 sed
1503 2644 1684 2723 juxta

167 2732 491 2795 electionem
515 2734 752 2811 Pais-is,
771 2735 954 2799 aliter
979 2736 1202 2799 obtulit
1229 2754 1342 2817 pro
1363 2738 1598 2811 electis,
1621 2743 1686 2799 et

164 2826 308 2885 aliter
330 2842 438 2903 pro
469 2826 636 2900 aliis,
667 2835 736 2891 et
762 2846 876 2908 pro
903 2830 1026 2891 hoc
1051 2830 1312 2909 parvulo
1342 2830 1580 2905 obtulit,
1615 2838 1685 2893 ut

163 2918 230 2979 illi
261 2918 648 2985 infallibiliter
694 2922 1114 3003 applicaretur
1154 2923 1502 3004 baptismus
1519 2970 1538 2997 ‚
1569 2944 1683 3004 pro

162 3012 258 3071 alio
279 3018 471 3075 autem
499 3014 796 3092 minime,
821 3016 936 3080 sed
961 3023 1204 3079 tanturn
1235 3018 1518 3098 generali
1545 3036 1687 3079 mo-

165 3103 250 3178 do,
271 3111 334 3167 ut
357 3106 549 3186 magis
577 3124 658 3171 ex
712 3110 1000 3187 sequenti
1030 3109 1308 3173 illatione
1345 3110 1679 3173 constabit.

229 3200 310 3259 10.
351 3197 635 3264 Christus
675 3206 732 3265 et
755 3204 953 3283 quoad
977 3203 1410 3280 sufficientiam
1437 3206 1682 3281 meruit,

167 3296 212 3353 et
235 3293 411 3372 quoad
444 3295 804 3371 efficaciam.
823 3330 904 3343 -·-
929 3298 1162 3371 Tertio,
1193 3297 1479 3377 sequitur
1517 3296 1688 3363 Chri-

167 3388 300 3443 stum
329 3384 658 3451 Dominum
687 3389 1019 3462 meruisse,
1041 3407 1168 3451 non
1198 3395 1440 3455 tantum
1477 3391 1689 3467 quoad

169 3476 556 3541 suffiaeienfiam
580 3480 884 3544 omnibus
905 3478 1266 3545 hominibus
1288 3483 1500 3545 omnia
1521 3484 1688 3547 dona

169 3572 364 3649 gratie,
389 3573 497 3637 sod
519 3574 717 3638 etiam
745 3575 960 3653 quoad
997 3576 1344 3639 efficaciam
1381 3578 1690 3641 meruisse

173 3663 435 3743 aliquibus
455 3666 760 3747 specialia
785 3667 979 3745 dona,
1003 3687 1116 3731 seu
1143 3674 1212 3731 ut
1233 3688 1347 3731 sua
1375 3672 1596 3733 merita
1621 3672 1688 3733 in

169 3757 270 3819 illis
303 3760 591 3821 haberent
631 3760 1048 3825 infallibiliter
1093 3762 1366 3840 aliquem
1396 3764 1688 3827 effectum

175 3852 363 3929 gratim.
387 3854 513 3919 Hoc
541 3856 836 3933 seqnitur
859 3855 1191 3919 manifeste
1219 3874 1298 3919 ex
1325 3858 1692 3937 praeceden-

171 3944 316 4017 tibus,
342 3948 480 4026 quia
508 3947 822 4023 christus,
855 3948 1144 4027 quamvis
1163 3949 1467 4013 meruerit
1486 3953 1691 4013 omni-

169 4036 264 4100 bus
289 4040 480 4119 quoad
535 4040 1004 4118 sufficientiam,
1055 4042 1434 4122 quibusdam
1475 4051 1688 4107 tamen

171 4135 360 4197 meruit
385 4142 449 4199 ut
489 4155 638 4199 cnm
670 4137 900 4201 effectu
929 4134 1050 4199 illis
1085 4138 1550 4217 applicarentur
1573 4158 1688 4201 sua

173 4228 384 4303 παγίως
426 4231 546 4293 hoo
578 4236 798 4293 antem
845 4235 946 4293 est
986 4229 1218 4293 mereri
1247 4231 1460 4310 quoad
1486 4233 1692 4295 effica-

175 4319 318 4381 ciam.
357 4323 526 4396 Quod
567 4328 878 4404 praeterea
913 4342 992 4387 ex
1038 4324 1232 4387 modo
1265 4324 1568 4403 loquendi
1597 4344 1690 4387 sa-

179 4428 272 4474 crm
293 4415 606 4496 Scriptum
623 4418 1038 4481 confirmatur
1051 4434 1072 4496 3
1097 4418 1284 4481 Joan.
1313 4418 1480 4481 enim
1505 4422 1578 4481 Π
1600 4420 1690 4483 in-

179 4506 284 4584 quit
321 4510 627 4575 Christusz
679 4514 822 4596 Epo
869 4530 984 4592 pro
1043 4514 1132 4577 eis
1185 4530 1334 4591 rogo
1353 4558 1373 4588 ,
1418 4530 1534 4575 noa
1565 4532 1684 4595 pro

177 4602 354 4665 mundo
372 4622 526 4683 rope,
552 4607 662 4673 sed
699 4623 812 4685 pro
839 4608 925 4669 iis
947 4622 1098 4688 quos
1137 4606 1356 4671 dedisti
1391 4607 1544 4671 mihi
1556 4634 1584 4682 ;
1623 4614 1685 4669 et

181 4689 306 4755 infra
332 4715 346 4757 ε
377 4696 560 4765 Pater
599 4704 826 4773 amco,
859 4716 1034 4765 coroa
1061 4715 1156 4763 eoa
1201 4699 1270 4763 in
1295 4699 1531 4765 mmm
1557 4706 1680 4777 tuo,

183 4801 296 4863 qm
317 4789 518 4855 dedisti
535 4792 716 4865 milti,
747 4796 822 4857 ut
847 4792 974 4857 sint
995 4810 1184 4858 unum
1227 4792 1389 4855 sicut
1428 4796 1488 4857 et
1531 4810 1644 4857 nos
1657 4818 1684 4866 ,-

189 4882 236 4936 et
255 4878 390 4943 inira
417 4900 430 4943 τ
463 4884 604 4951 Non
625 4902 774 4967 rapo
800 4892 871 4949 at
899 4886 1080 4951 tollas
1107 4904 1204 4949 eos
1232 4886 1300 4949 dc
1325 4886 1570 4959 minida,
1593 4888 1696 4951 scd

183 4976 428 5039 citeron·
465 4996 565 5042 cot
603 4998 642 5044 a
683 4980 887 5051 malm
918 4986 984 5043 et
1031 4978 1238 5043 infra:
1273 4978 1416 5043 Non
1447 4997 1570 5060 pro
1605 4980 1692 5043 eis

189 5070 348 5129 autom
365 5087 502 5151 rouo
525 5077 787 5147 tantm,
806 5073 916 5139 sed
931 5077 989 5137 et
1013 5090 1126 5151 pro
1155 5074 1242 5137 eis
1269 5073 1378 5154 qui
1405 5072 1692 5137 credituri

185 5162 300 5219 mi
323 5178 424 5238 per
455 5165 687 5230 corbum
713 5182 918 5227 aarum
944 5166 1014 5228 iu
1039 5183 1152 5239 me,
1176 5171 1244 5227 uc
1273 5181 1473 5229 omnes
1506 5183 1690 5227 unum

191 5248 322 5321 siah·
347 5259 402 5313 et
427 5254 584 5319 infra
613 5278 628 5319 z
661 5257 856 5322 Pater
877 5300 894 5329 ‚
928 5274 1073 5339 quoe
1101 5256 1320 5321 dedisti
1353 5258 1528 5329 mihi,
1558 5256 1689 5319 volo

190 5344 246 5399 ut
267 5343 349 5407 ubi
384 5364 508 5411 sum
551 5369 676 5431 cao,
705 5356 760 5416 et
804 5350 906 5413 itii
933 5350 1059 5413 sint
1093 5368 1340 5413 mecum.
1378 5348 1510 5421 Quo
1548 5348 1686 5411 loco

195 5431 338 5497 aliter
361 5438 618 5505 Christus
639 5449 772 5507 orat
795 5461 908 5523 pro
941 5442 1270 5523 Apostolis,
1293 5449 1352 5505 et
1378 5460 1490 5524 pro
1521 5442 1684 5505 elec-

1771 388 1874 465 tis,
1903 408 2095 471 quam
2132 408 2247 473 pro
2276 392 2575 459 universo
2602 394 2869 473 mundo,
2901 400 3051 479 quia
3075 419 3191 483 pro
3217 403 3341 468 illis

1773 492 1932 559 orat,
1963 491 2033 547 ut
2067 486 2408 551 efficaciter
2433 490 2523 551 eis
2554 488 2903 571 applicetur
2940 513 3125 561 suum
3151 498 3340 561 meri-

1770 584 1934 653 tum,
1956 580 2286 659 quomodo
2318 601 2645 663 nunquam
2676 586 2875 649 oravit
2905 608 3018 669 pro
3050 591 3340 655 omnibus

1773 670 2155 753 hominibus,
2191 676 2357 739 unde
2404 677 2469 739 in
2524 678 2758 741 eisdem
2806 682 3015 743 verbis
3064 686 3341 749 ostendit

1775 764 2123 829 absolutam
2154 775 2214 831 et
2245 770 2567 835 efficacem
2608 772 2995 851 voluntatem
3026 776 3239 839 salutis
3268 779 3342 841 il-

1771 858 1982 923 lorum
2010 878 2123 939 pro
2151 862 2378 941 quibus
2408 871 2565 928 orat.
2607 866 2787 931 Unde
2814 869 3041 931 sustin.
3080 871 3337 953 Max-tyr,

1772 950 1834 1011 in
1861 969 1921 1031 q.
1947 954 2028 1016 23
2056 953 2138 1015 ad
2160 956 2573 1035 orthodoxo&
2600 959 2890 1036 advertit,
2916 960 3085 1025 illam
3114 966 3340 1027 oratio·

1770 1062 1923 1107 nem
1954 1044 2174 1109 Christi
2210 1068 2223 1109 :
2264 1048 2608 1130 Sanctifica
2650 1072 2744 1117 eos
2770 1054 2841 1116 in
2878 1055 3165 1132 veritate,
3212 1076 3341 1121 non

1770 1154 1908 1201 esse
1927 1138 2133 1203 fusam
2157 1160 2271 1233 pro
2290 1144 2324 1205 J
2331 1144 2477 1218 uda,
2501 1145 2649 1223 quia
2676 1145 2791 1209 fuit
2816 1148 3058 1224 efficax,
3083 1151 3195 1213 sed
3218 1171 3332 1233 pro

1767 1235 2015 1297 caeteris
2042 1238 2353 1317 Apostolis
2365 1261 2383 1315 3
2417 1246 2481 1303 et
2509 1240 2787 1318 Luc.22,
2822 1243 2972 1305 dixit
2999 1244 3182 1305 Jesus
3214 1244 3333 1307 Pe-

1769 1334 1867 1394 tro
1899 1349 1914 1391 z
1947 1331 2089 1413 Bao
2130 1334 2344 1413 rogavi
2378 1352 2494 1415 pro
2528 1340 2618 1409 tc,
2652 1342 2721 1399 uc
2764 1355 2885 1401 non
2918 1337 3161 1413 deficiat
3184 1340 3335 1414 fides

1767 1428 1898 1499 tua,
1925 1428 1983 1487 et
2012 1430 2079 1487 tu
2103 1425 2433 1507 aliquando
2458 1446 2777 1493 conversus
2804 1433 3087 1511 confirma
3107 1434 3340 1508 fratres

1767 1518 1944 1589 tacit,-
1974 1534 2114 1597 quae
2158 1517 2359 1579 oratio
2388 1518 2505 1581 fnit
2533 1520 2667 1583 sine
2698 1521 2890 1584 dnbio
2924 1524 3179 1600 efficax3
3204 1545 3338 1589 me·

1767 1610 1896 1671 ruit
1923 1628 2075 1691 ergo
2118 1628 2233 1689 per
2274 1609 2447 1673 illam
2468 1612 2747 1677 Christus
2783 1622 2843 1677 et
2886 1617 3045 1679 Petri
3083 1636 3336 1681 conver·

1769 1700 2015 1763 sionem
2046 1749 2066 1777 ‚
2120 1710 2182 1765 et
2234 1702 2629 1769 infallibilem
2684 1710 3217 1787 perseverantiam
3270 1712 3336 1774 in

1768 1794 1915 1856 tide.
1950 1794 2213 1871 Deinde,
2254 1797 2402 1861 Luc.
2433 1801 2535 1873 21,
2566 1799 2715 1863 dicit
2754 1802 3033 1866 Christus
3077 1804 3341 1881 Aposto-

1771 1887 1848 1949 lis
1883 1907 1897 1948 :
1929 1890 2072 1967 Ερο
2101 1890 2247 1953 dabo
2274 1890 2436 1956 vobis
2464 1912 2531 1957 os
2571 1900 2630 1959 et
2658 1896 3020 1975 sapientiam
3042 1942 3057 1970 ,
3088 1898 3190 1960 cui
3220 1914 3339 1961 nou

1765 1986 2055 2065 poterunt
2098 1986 2502 2049 contradicere
2540 1992 2598 2049 et
2651 1987 2933 2053 resistere
2975 2006 3172 2053 omncs
3231 1990 3339 2055 ad·-

1767 2078 2034 2141 versarii
2066 2078 2298 2151 ποινὴ·
2330 2077 2491 2141 sicut
2536 2099 2687 2163 ergo
2735 2082 3014 2148 Christus
3062 2090 3160 2145 est
3209 2082 3337 2145 dis·

1768 2178 2068 2249 pensator
2094 2170 2323 2233 horum
2356 2172 2665 2237 donorum
2704 2174 2834 2253 Dei,
2868 2182 2933 2237 et
2959 2174 3336 2254 quibusdam

1770 2263 1877 2324 illa
1906 2264 2124 2338 donat,
2158 2272 2221 2328 et
2256 2284 2387 2329 non
2429 2266 2591 2345 aliis,
2617 2269 2705 2329 ita
2731 2270 2919 2331 etiam
2962 2266 3067 2333 illa
3110 2270 3338 2333 meruit

1770 2356 1977 2433 nobis,
2006 2364 2069 2419 et
2096 2359 2476 2439 quibusdam
2498 2360 2588 2423 ita
2616 2362 2919 2443 applicuit
2941 2381 3053 2427 sua
3084 2363 3331 2435 merita.

1766 2455 1838 2511 ut
1893 2450 2231 2513 efficaciter
2282 2451 2389 2513 illa
2444 2459 2910 2533 consequantur
2931 2500 2950 2530 ,
3005 2473 3134 2519 non
3184 2474 3332 2521 vero

1767 2545 1926 2607 aliis,
1956 2548 2241 2625 Denique
2276 2548 2525 2625 Paulae,
2552 2549 2633 2611 ad
2662 2548 2852 2611 Hebr.
2885 2553 2949 2627 5,
2970 2550 3058 2611 sic
3084 2548 3290 2631 inquit
3316 2572 3329 2613 τ

1768 2638 1888 2713 Qui
1911 2640 1983 2702 in
2018 2642 2223 2705 dicbus
2261 2644 2472 2706 carnis
2500 2661 2629 2707 snoe
2673 2662 2915 2723 preces,
2944 2640 3337 2723 supplicatio-

1762 2748 1981 2814 nesque
2006 2734 2089 2797 ad
2112 2751 2266 2810 eum,
2292 2735 2398 2817 qui
2416 2736 2614 2815 possit
2648 2736 2827 2799 illum
2866 2736 3105 2799 salvum
3132 2738 3337 2815 facere

1765 2840 1804 2887 a
1831 2831 2044 2901 morte,
2078 2844 2207 2890 cum
2238 2826 2494 2891 clamore
2521 2829 2745 2902 valido,
2776 2834 2835 2893 ot
2858 2828 3151 2909 lacrymis
3180 2832 3337 2910 offe-

1767 2935 1943 2995 rens,
1976 2920 2297 2983 exauditus
2326 2926 2416 2985 est
2448 2940 2562 3001 pro
2604 2940 2719 2985 sua
2758 2922 3093 2987 reverentia
3104 2949 3130 2996 ,·
3155 2929 3218 2985 et
3243 2922 3340 2987 in·

1765 3009 1908 3071 fra:
1939 3011 2034 3073 Et
2068 3019 2536 3091 consummatus,
2564 3022 2767 3091 sactus
2802 3020 2891 3079 est
2935 3016 3205 3079 omuibus
3240 3016 3337 3079 ob-

1767 3105 2236 3187 temperantibus
2285 3105 2400 3171 sibi
2446 3126 2634 3173 causa
2678 3108 2903 3172 salutis
2946 3114 3218 3182 ceterum
3246 3117 3339 3173 est

1768 3215 1922 3277 ergo
1950 3200 2151 3261 oratio
2180 3196 2403 3263 Christi
2448 3200 2669 3263 efficax
2711 3208 2771 3265 et
2804 3201 3207 3263 infallibiliter
3235 3220 3337 3265 ex-

1771 3291 2053 3367 auditur,
2106 3292 2155 3353 si
2204 3310 2281 3355 ex
2327 3294 2649 3357 voluntate
2692 3294 2976 3357 absoluta
3012 3296 3332 3374 procedat.

1769 3383 1981 3456 Unde,
2029 3386 2191 3447 sicut
2219 3386 2637 3449 diversimode
2666 3407 2779 3468 pro
2809 3386 3166 3449 hominihus
3195 3406 3338 3449 ora·⁴

1771 3479 1880 3553 vit,
1908 3478 1993 3539 ita
2023 3478 2439 3541 diversimode
2470 3480 2661 3543 etiam
2691 3482 2954 3557 meruit,
2984 3480 3119 3543 aliis
3161 3480 3337 3543 suffi-

1771 3570 2031 3647 cienter,
2065 3571 2201 3633 aliis
2249 3572 2587 3635 efficaciter
2604 3618 2629 3650 ,
2673 3580 2931 3655 propter
2976 3572 3147 3655 quod
3188 3574 3336 3637 licet

1770 3665 2053 3727 omnium
2102 3665 2183 3727 sit
2226 3666 2601 3727 universalis
2650 3666 3033 3746 redemptor,
3068 3674 3131 3729 et
3164 3666 3336 3729 suffi-

1769 3757 1942 3821 ciens
1976 3776 2167 3819 causa
2212 3758 2453 3835 solutis,
2486 3758 2740 3839 speciali
2775 3766 2989 3821 tamen
3018 3760 3207 3823 modo
3238 3766 3333 3821 est

1769 3868 1961 3913 cansa
2013 3852 2235 3916 efficax
2274 3852 2493 3915 salutis
2540 3871 2759 3915 eorum
2813 3871 2972 3933 quos
3021 3851 3138 3914 sibi
3189 3851 3337 3914 facit

1769 3944 2149 4009 obedientes,
2186 3948 2259 4007 Et
2288 3944 2693 4009 confirmatur
2736 3946 2989 4009 tandem
3012 3993 3028 4019 ,
3059 3946 3207 4026 quia
3240 3948 3337 4006 in-

1769 4037 2067 4101 credibile
2090 4046 2185 4101 est
2210 4058 2337 4101 non
2362 4040 2541 4103 aliter
2560 4039 2863 4103 obtulisse
2888 4040 3201 4104 Christum
3221 4058 3333 4101 sua

1769 4134 1997 4195 merita
2035 4150 2149 4214 pro
2199 4132 2319 4194 illis
2370 4151 2531 4213 quos
2569 4133 2801 4196 sciebat
2836 4152 2971 4197 esse
3019 4134 3251 4197 electos
3298 4150 3336 4193 a

1771 4224 1987 4301 Patre,
2019 4245 2209 4307 quam
2246 4244 2359 4308 pro
2389 4226 2561 4299 aliis3
2595 4244 2739 4287 cum
2782 4226 3025 4291 videret
3052 4228 3336 4289 volunta-

1769 4327 1897 4383 tem
1923 4322 2121 4386 Patris
2142 4340 2282 4385 esse
2304 4328 2372 4383 ut
2391 4322 2477 4383 illi
2498 4321 2900 4385 infallibiliter
2920 4323 3331 4391 salvarentur.

1773 4422 1837 4475 et
1864 4433 1997 4477 non
2036 4415 2167 4491 alii,
2196 4417 2293 4478 cui
2344 4414 2645 4479 voluntati
2668 4416 2801 4497 ipso
2837 4434 2904 4478 se
2949 4416 3015 4479 in
3044 4416 3336 4481 omnibus

1771 4508 2226 4571 conformabat.

1847 4605 1876 4662 l
1895 4606 1912 4662 t
1931 4647 1946 4662 .
1966 4602 2059 4663 Ad
2079 4602 2491 4665 fundamenta
2524 4604 2849 4665 contrariae
2879 4604 3333 4667 sententiaezad

1763 4697 1837 4757 D.
1869 4694 2173 4757 Thomam
2203 4696 2643 4775 respondetur,
2672 4695 2839 4759 male
2867 4716 2905 4759 a
2936 4696 3141 4759 citatis
3183 4716 3331 4765 auc·

1765 4788 2009 4851 toribus
2036 4786 2281 4863 referri,
2314 4795 2380 4851 ot
2404 4788 2587 4869 pejus
2617 4788 2937 4868 explicari,
2968 4791 3197 4853 namin
3230 4790 3333 4853 illa

1773 4898 1834 4961 q.
1869 4884 1949 4942 29
1988 4879 2067 4941 de
2102 4880 2321 4955 verit„
2354 4888 2469 4943 art.
2516 4886 2579 4957 7,
2612 4880 2692 4943 ad
2716 4885 2777 4955 8,
2810 4900 3105 4962 expresse
3158 4884 3331 4959 dicit,

1771 4974 2063 5035 meritum
2104 4972 2331 5035 Christi
2360 4973 2742 5037 sufficienter
2778 4977 3029 5055 operari
3066 4976 3333 5039 salutem

1770 5065 2237 5141 humanam,.ut
2256 5084 2508 5147 causam
2530 5068 2949 5129 universalem
2969 5087 2984 5141 ;
3019 5068 3132 5131 sed
3153 5087 3333 5151 opor·

1770 5166 1904 5223 tere
1947 5159 2113 5223 hanc
2140 5178 2395 5223 causam
2442 5160 2738 5240 applicari
2776 5162 3041 5242 singulis
3069 5180 3183 5243 per
3225 5181 3331 5225 sa-

1771 5262 2117 5326 cramenta,
2161 5260 2222 5317 et
2261 5271 2377 5335 per
2404 5252 2595 5317 fidem
2637 5253 2989 5329 formatam,
3042 5270 3182 5331 quae
3217 5270 3333 5333 per

1769 5347 2173 5411 dilectionem
2202 5355 2497 5427 operatur
2523 5365 2536 5407 ε
2574 5346 2669 5409 Et
2696 5348 2849 5419 ideo,
2880 5344 3105 5423 inquit,
3131 5346 3332 5427 requi-

1767 5441 1933 5505 ritur
1958 5440 2195 5523 aliquid
2220 5438 2285 5503 al
2292 5443 2310 5503 i
2316 5442 2397 5505 ud
2416 5441 2495 5505 ad
2518 5440 2769 5503 salutem
2800 5444 3071 5505 nostram
3106 5444 3334 5518 proeter
