3892 6167
1286 432 1607 487 niseu'rA'r.
1642 428 1820 487 XXXI.
1855 430 2027 485 SEGT.
2062 432 2143 484 VI.

130 530 474 593 attribuatur
521 530 622 593 rei
675 548 816 613 quae
871 530 1098 596 dicitur
1145 532 1656 610 instrumentum,

123 624 410 685 mediante
437 629 622 687 motu
653 625 761 705 qui
791 626 858 687 in
885 626 992 687 illa
1041 626 1139 703 fit,
1165 634 1238 689 ut
1265 646 1408 689 cnm
1438 628 1662 691 dicitur

125 718 324 780 elevari
383 736 538 779 caro
601 719 866 797 Christi,
921 720 1133 783 medio
1185 728 1500 799 contactu,
1559 721 1661 783 vel

122 830 282 891 aqua,
307 830 426 891 per
455 819 700 875 motum
734 832 860 894 quo
891 816 974 876 ad
1032 815 1418 878 abluendum
1449 834 1660 877 move-

119 912 242 980 tur;
270 913 376 968 aut
407 908 586 985 quod
635 908 884 989 ipsimet
929 910 1126 971 motui
1183 929 1295 971 seu
1349 908 1661 972 contactui

125 1000 438 1077 tribuatur,
467 1007 540 1063 nt
582 1020 726 1063 cum
773 1002 1000 1064 dicitur
1044 1004 1176 1085 ipse
1217 1010 1537 1066 contactus
1557 1004 1661 1065 vel

123 1095 357 1169 ablutio,
395 1102 463 1155 ut
495 1098 592 1157 est
615 1096 810 1159 motio
841 1098 952 1159 Dei
1001 1098 1361 1175 artificiosa,
1402 1098 1658 1173 elevari,

123 1196 178 1250 ut
203 1206 308 1269 per
333 1188 516 1249 illam
543 1190 1047 1254 communicetur
1073 1192 1490 1255 instrumento
1535 1192 1658 1254 vir-

119 1292 202 1344 tus
255 1283 514 1362 agendi,
569 1284 670 1345 vel
725 1290 794 1347 ut
853 1284 932 1347 sit
981 1286 1072 1347 illi
1133 1286 1330 1348 virtus
1387 1284 1654 1367 agendi;

115 1378 198 1437 his
227 1377 394 1437 enim
447 1376 744 1461 omnihus
795 1378 1042 1441 dicendi
1093 1379 1298 1442 modis
1347 1380 1514 1442 idem
1567 1380 1663 1441 di-

115 1472 290 1547 citur,
343 1471 636 1551 quamvis
693 1472 954 1535 diversis
1005 1474 1195 1536 rebus
1259 1475 1657 1551 attribuatur,

115 1582 242 1644 quae
285 1570 382 1626 est
427 1567 774 1629 materialis
813 1568 1164 1631 differentia
1207 1570 1416 1650 potius
1467 1585 1658 1659 quam

111 1659 398 1735 formalis,
447 1666 757 1739 quantum
801 1662 882 1723 ad
911 1670 1284 1743 praesentem
1334 1663 1661 1726 difficulta-

111 1759 228 1815 tem
249 1759 516 1833 spectat.
539 1756 757 1834 Igitur,
773 1756 944 1837 quod
971 1758 1193 1820 attinet
1215 1758 1296 1819 ad
1321 1758 1492 1819 hunc
1511 1774 1658 1819 rea·

107 1848 224 1909 lem
273 1856 544 1922 motum,
573 1850 676 1912 vel
710 1855 1087 1929 contactum,
1132 1854 1232 1916 vel
1279 1857 1510 1930 actum,
1558 1851 1658 1914 vel

106 1941 332 2020 aliquid
347 1942 714 2021 hujusmodi
741 1944 910 2021 qnod
937 1946 1311 2025 regulariter
1329 1944 1488 2008 solet
1520 1964 1657 2007 esse

103 2036 392 2113 praevium
427 2036 494 2096 in
525 2036 624 2098 his
651 2036 876 2099 divinis
908 2038 1362 2115 instrumentis,
1393 2038 1496 2101 vel
1523 2038 1656 2100 effi-

103 2130 336 2190 cientiis
359 2131 814 2207 eorum,nulla
865 2138 962 2195 est
1005 2132 1316 2194 dissensio
1372 2152 1512 2213 quae
1574 2130 1657 2193 ad

101 2240 224 2283 rem
251 2226 597 2303 pertineat,
631 2224 744 2286 sed
781 2228 912 2287 tota
969 2244 1106 2288 esse
1163 2232 1371 2306 potest
1423 2228 1488 2287 in
1537 2226 1656 2289 hac

97 2317 444 2379 elevatione
470 2318 829 2380 divinorum
855 2320 1417 2383 instrumentorum
1463 2320 1658 2401 expli-

100 2412 312 2485 canda,
343 2418 412 2473 et
440 2412 508 2472 in
538 2431 616 2474 eo
649 2412 823 2491 quod
849 2432 926 2476 ex
955 2418 1132 2495 parte
1166 2432 1385 2477 eorum
1419 2414 1656 2495 requiri

103 2512 318 2585 potest,
369 2510 446 2567 ut
485 2506 818 2569 elevabilia
871 2510 1013 2583 sint,
1067 2509 1196 2570 sive
1251 2528 1397 2572 cum
1443 2510 1654 2591 aliquo

109 2606 270 2661 motu
300 2598 593 2680 physico,
613 2601 748 2664 sive
785 2602 1024 2684 absque
1052 2602 1159 2664 illo
1185 2602 1530 2665 eleventur.

101 2751 464 2817 Declaratur
497 2752 706 2834 opinio
747 2772 878 2837 quoe
905 2754 1036 2821 εἰπε
1071 2758 1350 2839 potentia
1391 2756 1658 2821 obedien-

171 2846 316 2909 tiali
339 2845 546 2910 activa
565 2848 744 2928 ponit
769 2848 1158 2927 efficientiam
1183 2850 1525 2932 physicam,
1547 2868 1658 2933 per

169 2940 360 3005 solam
389 2943 800 3007 extrinsecam
817 2943 1224 3009 elevationem.

171 3068 264 3129 19.
309 3068 698 3149 Armenta
741 3070 1052 3151 predictae
1085 3072 1409 3137 amentiae.
1432 3104 1515 3121 —
1545 3070 1654 3138 llis

94 3178 236 3239 ergo
278 3162 648 3241 suppositis»,
682 3169 744 3226 et
786 3166 1029 3227 seclusa
1056 3166 1337 3246 potentia
1361 3164 1656 3229 obedien-

93 3256 215 3315 tiali
269 3257 504 3333 activa,
563 3264 822 3338 propter
858 3261 1138 3323 rationes
1193 3280 1382 3341 supra
1432 3261 1650 3337 factae,

89 3350 256 3412 aiunt
327 3351 620 3431 praedicti
673 3358 958 3416 auctores
977 3402 992 3431 ,
1045 3356 1182 3417 haec
1233 3355 1654 3418 instrumenta

87 3442 310 3519 divina,
345 3444 601 3506 etiamsi
631 3464 706 3508 ex
734 3448 792 3508 vi
817 3466 948 3509 suae
975 3448 1250 3510 entitatis
1277 3448 1516 3509 nullam
1541 3446 1651 3509 ha-

87 3534 268 3599 beant
316 3539 450 3599 vim
503 3539 795 3617 activam,
820 3559 942 3604 nec
973 3542 1348 3619 naturalem,
1382 3560 1502 3604 nec
1547 3560 1652 3603 su-

99 3632 583 3708 pernaturalem,
631 3650 752 3695 nec
802 3634 1310 3710 obedientialem,
1343 3641 1404 3697 et
1434 3654 1650 3715 quarn-

97 3724 176 3783 vis
195 3726 382 3786 etiam
415 3742 551 3787 non
581 3725 768 3788 detur
792 3728 1050 3789 cistulis
1086 3728 1283 3790 virtus
1307 3746 1421 3807 per
1450 3728 1652 3809 quali-

101 3820 298 3891 tatem,
329 3824 444 3880 aut
469 3836 612 3880 rem
639 3838 871 3883 novam
897 3820 1018 3883 illis
1049 3822 1486 3898 inhaerentem,
1513 3822 1650 3884 tieri

98 3912 278 3972 activa
305 3928 428 3991 per
469 3912 675 3975 solam
703 3916 1215 3995 conjunctionem
1247 3922 1310 3979 et
1338 3916 1650 3979 actualem

91 4005 674 4068 subordinationem
718 4008 800 4069 ad
824 4009 1117 4071 virtutem
1147 4010 1259 4071 Dei
1287 4010 1648 4090 principalis

87 4100 362 4178 agentis3
397 4118 600 4179 quam
637 4103 1148 4183 conjunctionem
1198 4102 1374 4165 aiunt
1429 4102 1648 4164 ordine

81 4200 314 4254 naturae
343 4194 730 4255 antecedere
749 4195 1144 4258 effectionem
1174 4194 1390 4257 talium
1419 4196 1649 4257 instru-

75 4294 464 4361 mentorum,
505 4292 570 4349 et
594 4306 721 4349 uon
749 4306 988 4368 ponere
1033 4290 1268 4369 aliquid
1315 4290 1487 4351 reale
1542 4308 1648 4369 po·

72 4379 316 4441 sitit-um
351 4400 552 4461 supra
581 4385 902 4445 entitatem
927 4384 1352 4457 instrumenti,
1373 4402 1494 4445 nec
1514 4402 1646 4445 mo-

71 4470 208 4534 dum
251 4475 550 4554 aliquem
597 4477 836 4538 realem
873 4477 938 4538 in
967 4478 1386 4539 instrumento
1413 4494 1646 4557 ‚recep-

71 4570 216 4641 tum,
275 4570 452 4631 ultra
497 4570 892 4631 materialem
944 4576 1188 4633 motum
1243 4571 1344 4633 vel
1399 4576 1645 4632 contac-

69 4664 220 4737 tum,
259 4665 320 4723 si
371 4664 640 4726 fortasse
673 4664 836 4726 circa
876 4664 1029 4727 illud
1075 4664 1223 4740 fiat3
1259 4664 1374 4727 sed
1410 4664 1643 4727 addere

71 4756 271 4816 solum
301 4758 680 4837 praedictam
703 4758 1278 4821 subordinationem
1302 4758 1498 4839 ipsius
1524 4758 1641 4834 rei,

69 4863 202 4923 quae
239 4852 742 4913 instrumentum
769 4851 1017 4927 dicitur,
1048 4852 1126 4914 ad
1177 4852 1472 4916 virtutem
1505 4852 1640 4914 Dei.

69 4939 250 5004 [nde
265 4945 542 5006 tandem
565 4945 946 5008 concludunt
964 4952 1317 5009 creaturam
1345 4964 1473 5008 nou
1500 4965 1646 5008 cou-

70 5035 236 5094 stitui
287 5037 360 5097 in
395 5043 542 5099 actu
571 5040 772 5117 primo
803 5040 885 5101 ad
913 5040 1230 5121 agendum
1270 5042 1643 5101 instrumen-

75 5126 280 5189 taliter
307 5148 461 5191 cum
491 5134 647 5208 Deo,
678 5152 792 5213 per
821 5134 1054 5214 aliquid
1084 5152 1341 5209 novum,
1367 5136 1430 5195 et
1473 5134 1540 5194 in
1569 5149 1644 5194 ea

79 5230 431 5301 receptum,
459 5224 576 5286 sed
603 5244 716 5305 per
743 5226 1018 5288 divinam
1065 5227 1358 5289 virtutem
1404 5228 1644 5289 increa-

81 5315 201 5373 tam
229 5316 640 5381 ineffabiliter
665 5319 754 5380 illi
777 5322 1201 5399 conjunctam,
1223 5338 1334 5383 scu
1358 5338 1472 5401 per
1493 5321 1646 5381 sub·

88 5407 549 5474 ordinationem
599 5412 680 5474 ad
727 5413 1072 5489 increatam
1095 5415 1388 5477 virtutem
1415 5416 1554 5490 Dei,
1587 5420 1649 5475 et

88 5500 160 5557 ad
201 5504 548 5585 imperium
589 5508 934 5589 practicam
963 5511 1119 5591 ejus.
1155 5511 1304 5583 Quae
1333 5510 1645 5573 sententia

89 5592 170 5654 sie
189 5602 475 5677 exposita
499 5600 968 5683 potissimumin
995 5622 1070 5666 eo
1099 5602 1422 5684 fundatur,
1443 5602 1642 5684 quod,-

3192 434 3305 499 115

1743 532 2001 594 seclusis
2030 532 2167 593 aliis
2186 530 2393 595 modis
2414 531 2776 597 declarandi
2820 534 2984 598 hanc
3034 539 3309 605 efficien-

1739 626 1892 687 tiam
1945 633 2007 688 et
2081 626 2493 689 elevationem
2546 627 3112 694 instrumentorum
3162 636 3304 711 Dei,

1739 720 1953 780 nullus
1978 718 2136 781 alius
2166 720 2482 781 sufficiens
2512 738 2584 782 ac
2603 722 2917 802 possibilis
2961 729 3307 805 excogitari

1740 830 1926 892 posse
1956 814 2219 875 videtur.
2248 813 2429 889 Quod
2458 822 2672 877 autem
2725 816 2823 877 hic
2871 817 2949 879 sit
2990 820 3305 883 sufficiens

1742 928 1816 971 ac
1845 908 2186 988 possibilis,
2230 926 2357 970 non
2396 908 2575 971 aliter
2626 910 2949 989 probatur,
2988 912 3108 973 nisi
3156 914 3305 993 quia

1739 1020 1858 1062 nec
1892 1002 2145 1063 involvit
2164 1001 2675 1084 repugnantiam,
2708 1020 2826 1065 nec
2857 1005 3069 1066 afferri
3098 1011 3305 1086 potest

1743 1092 1870 1157 ulla
1897 1096 2055 1155 ratio
2084 1096 2165 1155 ob
2195 1112 2383 1174 quam
2406 1094 2699 1176 praedicta
2718 1097 3143 1163 subordinatio
3172 1120 3304 1163 non

1743 1188 2010 1250 sufficiat
2036 1195 2107 1249 ut
2134 1194 2421 1250 creatura
2459 1190 2749 1251 substans
2775 1192 3067 1254 increatae
3089 1195 3300 1258 virtuti

1741 1281 1878 1356 Dei,
1911 1288 1974 1343 et
2002 1281 2211 1343 divino
2246 1282 2537 1363 imperi0,
2570 1283 3129 1347 instrumentaliter
3156 1308 3301 1349 cum

1741 1376 1870 1437 Deo
1903 1375 2131 1437 efficiat
2166 1376 2339 1456 quod
2369 1378 2499 1457 ipse
2542 1398 2657 1439 suo
2686 1378 2952 1459 imperio
2985 1382 3299 1465 principa-

1741 1469 1882 1530 liter
1928 1476 2244 1549 operatur,
2276 1472 2705 1533 concurrendo
2738 1492 2882 1535 cum
2919 1494 3031 1535 sua
3063 1486 3304 1538 creatu-

1739 1582 1810 1625 ra
1857 1564 1939 1625 ad
1988 1564 2535 1627 instrumentalem
2586 1568 2919 1630 actionem.
2984 1571 3298 1645 Secund0,

1741 1658 2095 1721 declaratur
2124 1660 2185 1721 in
2230 1660 2399 1722 hunc
2448 1660 2733 1739 modum,
2786 1662 2934 1743 quia
2964 1663 3301 1744 imperium

1740 1754 1850 1815 Dei
1879 1755 2247 1835 practicam,
2272 1756 2417 1817 licet
2444 1755 2790 1818 formaliter
2820 1756 2898 1819 sit
2923 1758 3299 1836 immanenS,

1741 1853 1957 1908 tamen
1987 1848 2211 1909 virtute
2268 1854 2365 1911 est
2414 1849 2748 1923 transienS,
2782 1856 3002 1929 estque
3046 1852 3302 1914 infinitae

1740 1941 2061 2003 suavitatis
2088 1958 2164 2004 ac
2186 1942 2499 2017 efficaciae‚
2530 1948 2591 2005 et
2632 1943 2827 2025 priori
2872 1944 3114 2007 ratione
3160 1964 3300 2009 sese

1737 2034 2172 2097 accommodat
2206 2036 2336 2096 suis
2363 2036 2666 2097 creaturis
2688 2036 2748 2096 in
2772 2038 3054 2117 agendo;
3086 2046 3301 2119 poste-

1736 2128 1884 2190 riori
1917 2135 2129 2189 autem
2162 2129 2407 2190 ratione
2437 2130 2527 2190 eis
2568 2131 2785 2205 utitur,
2816 2148 3050 2211 easque
3091 2134 3297 2194 elevat

1737 2220 1818 2282 ad
1859 2221 2177 2301 agendum
2200 2268 2215 2297 ‚
2248 2228 2435 2301 prout
2470 2223 2604 2284 vult
2617 2244 2635 2297 3
2668 2240 2817 2304 ergo
2844 2225 3043 2286 virtus
3085 2225 3295 2287 divina

1740 2315 2051 2393 applicata
2090 2322 2390 2377 creaturae
2428 2334 2543 2396 per
2574 2316 2691 2377 hoc
2721 2318 3055 2397 imperium
3093 2324 3297 2398 potest

1737 2408 1908 2469 illam
1935 2409 2314 2470 constituere
2334 2410 2397 2468 in
2415 2416 2555 2471 actu
2578 2411 2780 2489 primo
2802 2410 2883 2473 ad
2908 2413 3301 2491 operandum

1737 2502 1801 2563 in
1831 2503 2077 2563 ratione
2108 2502 2528 2573 instrumenti,
2554 2504 2795 2583 absque
2828 2502 2948 2565 alia
2974 2522 3044 2566 re
3087 2522 3304 2587 super-

1739 2596 1970 2659 addita.
1995 2595 2226 2670 Terti0‚
2256 2596 2403 2677 quia
2435 2596 2618 2673 actio,
2650 2616 2773 2677 qua
2796 2598 2963 2659 Deus
2992 2604 3054 2660 et
3075 2598 3299 2660 instru-

1737 2696 2023 2753 mentum
2068 2691 2207 2770 ejus
2247 2690 2603 2770 producunt
2637 2692 2926 2771 gratiam,
2958 2698 3053 2753 est
3081 2710 3209 2755 una
3240 2700 3303 2755 et

1739 2784 2002 2865 simplex
2022 2800 2041 2862 3
2064 2804 2216 2863 ergo
2240 2804 2370 2847 non
2394 2786 2672 2867 postulat
2698 2786 2855 2847 duas
2876 2786 3157 2861 virtutes,
3188 2786 3301 2850 sed

1737 2898 1953 2954 unam,
1986 2896 2126 2958 quae
2154 2898 2269 2959 per
2299 2898 2366 2942 se
2418 2884 2512 2942 est
2556 2880 2620 2941 in
2669 2880 2995 2961 principali
3042 2887 3297 2962 agente,

1737 2974 1971 3037 scilicet
2019 2974 2169 3051 De0,
2202 2974 2702 3036 communicatur
2732 2981 2946 3037 autem
2994 2980 3298 3038 creaturae

1735 3072 1806 3130 ut
1843 3068 2282 3130 instrumento.
2316 3070 2573 3142 QuartO,
2630 3068 3117 3131 instrumentum
3170 3090 3297 3131 non

1735 3169 2032 3244 operatur
2080 3163 2148 3223 in
2196 3160 2423 3224 virtute
2472 3163 2750 3243 propria,
2784 3164 2897 3225 sed
2936 3164 3299 3245 principalis

1735 3257 1980 3338 agentis
2003 3274 2019 3333 ;
2046 3274 2222 3337 erge,
2254 3262 2324 3317 ut
2354 3256 2769 3318 constituatur
2794 3258 2859 3317 in
2888 3264 3033 3319 actu
3064 3259 3291 3339 primo,

1735 3352 1885 3414 satis
1911 3356 2007 3413 est
2050 3348 2222 3430 quod
2258 3348 2491 3411 habeat
2518 3350 2943 3411 immediatam
2996 3354 3295 3431 conjunc-

1730 3445 1969 3507 tionem
2000 3442 2081 3505 ad
2118 3442 2412 3504 virtutem
2446 3460 2649 3504 causae
2690 3444 3073 3525 principalis.
3105 3446 3295 3519 Quin-

1731 3543 1819 3611 to,
1851 3538 2000 3618 quia
2050 3554 2239 3599 causa
2288 3534 2543 3597 inferior
2584 3536 2905 3614 perficitur
2933 3537 2995 3598 in
3050 3541 3291 3601 ratione

1731 3648 1937 3693 causae
1984 3648 2062 3692 ex
2093 3629 2531 3709 conjunctione
2578 3636 2639 3691 et
2670 3630 3180 3691 subordinatione
3212 3632 3293 3693 ad

1731 3724 2123 3804 superiorem
2144 3722 2384 3802 absque
2401 3721 2805 3801 superaddita
2837 3725 3117 3785 entitatc.
3144 3726 3290 3786 Sex-

1731 3823 1818 3893 to,
1851 3816 2259 3879 confirmatur
2286 3816 2403 3879 hoc
2448 3820 2510 3877 et
2556 3816 2915 3877 declaratur
2965 3818 3288 3898 exemplis.

1729 3912 1979 3973 Primo:
2013 3910 2187 3973 color
2234 3926 2350 3988 per
2404 3910 2914 3988 conjunctionem
2960 3910 3043 3971 ad
3087 3910 3293 3973 lucem

1731 4004 2137 4075 confortatur,
2155 4008 2217 4065 et
2244 4002 2314 4065 fit
2338 4009 2565 4083 potens
2586 4001 2667 4063 ad
2691 4002 3132 4083 producendas
3154 4024 3295 4085 spe-

1730 4099 1856 4161 cies
1885 4098 2180 4171 visibiles„
2214 4096 2297 4158 ad
2348 4114 2505 4176 quas
2537 4096 2973 4175 producendas
3000 4116 3125 4161 non
3160 4105 3294 4161 erat

1727 4194 1794 4255 in
1822 4198 1963 4254 actu
1990 4209 2107 4273 per
2128 4207 2196 4252 se
2227 4191 2422 4266 solue,
2454 4190 2565 4253 sed
2600 4196 2843 4253 tantum
2872 4194 2937 4254 in
2970 4192 3286 4273 potentia3

1730 4292 1791 4349 et
1819 4292 2033 4348 tamen
2054 4286 2292 4359 lumen,
2326 4302 2441 4365 per
2470 4284 2643 4364 quod
2672 4285 2741 4346 fit
2778 4290 3026 4365 potens,
3060 4294 3121 4347 et
3144 4304 3293 4347 con-

1729 4382 2005 4444 stituitur
2032 4380 2095 4441 in
2120 4383 2262 4441 actu
2293 4378 2375 4440 ad
2396 4378 2758 4459 hujusmodi
2788 4380 3125 4459 actionem,
3158 4400 3289 4443 non

1725 4476 1889 4538 inest
1915 4475 2027 4550 illi,
2056 4474 2165 4538 sed
2196 4478 2436 4535 tantum
2489 4473 2547 4534 ei
2592 4474 3014 4553 conjungitur.
3052 4477 3290 4537 Secun-

1726 4570 1876 4631 dum
1931 4568 2290 4647 exemplum
2348 4570 2441 4628 est
2489 4564 2568 4627 de
2620 4568 3086 4646 phantasmate,
3119 4568 3289 4645 quod

1725 4682 1840 4745 per
1864 4663 2375 4744 conjunctionem
2398 4660 2753 4723 intellectus
2795 4662 3037 4742 agentis
3063 4662 3289 4724 consti-

1725 4759 1920 4821 tuitur
1950 4758 2015 4818 in
2043 4763 2186 4819 actu
2216 4753 2443 4835 primo,
2472 4758 2543 4816 ut
2564 4755 3059 4817 instrumentum
3087 4756 3169 4817 ad
3199 4756 3291 4818 ef-

1725 4848 2063 4913 ficiendam
2116 4848 2389 4929 speciem
2446 4846 2937 4927 intelligibilem3
2973 4854 3035 4911 et
3075 4854 3289 4912 tamen

1725 4944 1880 5005 nihil
1909 4944 2029 5005 sibi
2056 4943 2369 5004 inhaerens
2394 4940 2615 5022 recipit
2643 4940 2723 5002 ab
2756 4940 3075 5005 intellectu
3098 4960 3288 5023 agen·

1725 5046 1810 5115 te,
1846 5056 1957 5119 per
1978 5036 2148 5116 quod
2188 5037 2253 5098 in
2283 5043 2428 5098 actu
2454 5035 2655 5115 primo
2684 5036 3115 5099 constituatur.
3142 5036 3288 5099 Ter-

1724 5133 1881 5195 tium
1911 5130 2267 5210 exemplum
2298 5135 2393 5191 cst
2421 5128 2499 5190 de
2534 5134 2708 5190 motu
2737 5128 2898 5203 coeli,
2930 5130 3061 5207 qui,
3097 5136 3163 5190 ut
3195 5140 3288 5191 est

1727 5226 1807 5289 ab
1835 5226 2273 5305 intelligentia,
2308 5228 2403 5285 est
2424 5220 2707 5284 vivificus
2757 5242 2869 5285 seu
2905 5230 3120 5302 aptum
3160 5222 3287 5283 ins-

1729 5326 2118 5384 trumentum
2153 5318 2234 5380 ad
2284 5314 2690 5400 producenda
2718 5316 3011 5389 viventia,
3047 5315 3286 5394 absque

1731 5414 2047 5477 additione
2092 5414 2389 5475 entitatis.
2438 5410 2738 5483 Quartum
2798 5416 2893 5471 cst
2944 5408 3021 5470 dc
3053 5406 3286 5483 calore,

1728 5508 1832 5589 qui
1859 5526 1973 5591 per
2002 5506 2508 5587 conjunctionem
2524 5502 2606 5565 ad
2636 5502 2911 5564 animam
2940 5506 3033 5561 est
3062 5500 3287 5560 instru-

1725 5609 2007 5667 mentum
2030 5600 2468 5683 productivum
2498 5596 2731 5673 carnis;
2760 5612 2880 5676 per
2900 5592 3287 5671 conjunctio-
