3892 6167
587 339 706 408 182

587 451 760 513 enim
801 448 998 510 oritur
1023 447 1148 507 alia
1171 444 1530 519 difficultate,
1558 462 1708 506 nam
1737 444 1790 507 si
1827 463 1979 507 vera
2008 447 2155 507 sunt

587 558 732 624 quae
779 540 1072 615 dicimus,
1113 538 1400 618 seqnitur
1441 538 1722 619 potuisse
1774 536 2154 599 humanitati

587 634 1064 707 communicari,
1092 637 1164 695 ut
1185 640 1353 695 esset
1381 634 1868 695 instrumentum
1893 632 2155 693 creatio·

590 731 714 792 nis.
750 729 1057 791 Probatur
1105 728 1398 808 sequela,
1443 726 1592 806 quia
1641 725 1694 787 si
1739 743 1868 786 non
1911 730 2149 804 posset,

589 824 864 885 maxime
887 820 1037 902 quia
1065 821 1148 883 ad
1175 820 1571 901 operandum
1593 818 2153 881 instrumentaliter

587 916 944 979 necessaria
975 920 1070 977 est
1100 914 1264 977 actio
1291 915 1550 995 praevia,
1575 932 1716 994 quas
1743 913 1804 973 in
1831 912 2149 975 creatione

587 1009 824 1071 habere
841 1009 1052 1071 locum
1077 1026 1206 1070 nou
1231 1012 1438 1087 potest
1457 1030 1474 1085 3
1499 1008 1614 1070 sed
1629 1007 1754 1069 hoc
1771 1005 2151 1086 principium

585 1120 720 1164 nou
741 1110 840 1165 est
869 1102 1296 1164 necessarium
1323 1101 1390 1163 in
1431 1101 1662 1163 divinis
1693 1098 2147 1173 instrumentis,

587 1201 660 1259 ut
679 1196 988 1269 <intimum
1013 1212 1188 1276 ergo.
1225 1194 1604 1276 Respondeo
1635 1194 1930 1270 breviter,
1962 1210 2151 1272 argu·-

585 1294 872 1351 mentum
894 1289 1062 1369 apud
1094 1306 1198 1351 me
1225 1290 1624 1363 convincere,
1657 1306 1734 1349 ex
1760 1287 1870 1349 illa
1903 1286 2148 1349 ratione

587 1388 836 1462 sumpta
880 1383 962 1443 ab
1005 1382 1252 1445 actione
1297 1383 1528 1462 praevia
1553 1398 1682 1443 non
1713 1380 1864 1442 satis
1890 1379 2145 1460 probari

585 1482 934 1539 ereaturam
955 1520 972 1550 ‚
1021 1481 1214 1555 atque
1264 1475 1426 1539 adeo
1476 1474 1961 1550 humanitatem,
2012 1489 2145 1535 non

582 1586 768 1649 posse
827 1586 966 1631 esse
1033 1569 1522 1631 instrumentum
1580 1568 1916 1631 creationis
1939 1611 1957 1641 ‚
2008 1572 2145 1629 tum

581 1663 730 1743 quia
754 1662 861 1725 illa
887 1662 1050 1723 actio
1077 1663 1308 1743 praevia
1336 1680 1466 1725 non
1505 1667 1606 1724 est
1639 1660 2005 1741 simpliciter
2030 1676 2147 1721 ne-

583 1756 876 1830 cessaria,
901 1758 972 1817 ut
989 1772 1175 1836 supra
1199 1755 1432 1818 dictum
1453 1762 1580 1830 est;
1603 1761 1738 1817 tum
1759 1756 1949 1818 etiam
1969 1753 2139 1834 quia,

579 1846 730 1911 licet
757 1854 925 1911 esset
957 1848 1308 1913 necessaria
1333 1896 1352 1924 ,
1383 1866 1511 1911 non
1547 1856 1760 1911 tamen
1799 1848 1870 1909 in
1907 1848 2147 1911 extrin-

580 1957 726 2006 seca
751 1943 1038 2017 materia,
1067 1960 1144 2005 ex
1165 1960 1290 2022 qua
1315 1942 1608 2005 effectum
1629 1941 1766 2005 fieri
1797 1946 2137 2021 oporteret,

582 2036 696 2099 sed
717 2040 932 2116 posset
961 2052 1102 2099 esse
1129 2043 1306 2098 actus
1339 2036 1870 2116 immensum-aut
1901 2053 2027 2096 vox
2050 2034 2145 2115 ip-

583 2128 713 2191 sius
739 2129 1166 2203 humanitatis,
1195 2148 1309 2209 per
1337 2146 1532 2211 quam
1559 2147 1689 2191 non
1723 2128 1928 2209 magis
1957 2146 2143 2207 repu-

579 2230 804 2303 gnaret
819 2224 1202 2285 creationem
1221 2224 1380 2297 fieri,
1393 2240 1590 2303 quam
1605 2221 2005 2297 iustification
2014 2240 2138 2297 em,

579 2317 681 2378 vel
705 2317 1460 2391 transubstantiationem,
1483 2323 1546 2378 et
1577 2314 1700 2377 alia
1737 2315 1964 2377 similia
1992 2332 2141 2395 ope·

575 2426 668 2471 ra.
685 2409 839 2483 Quia
853 2409 1216 2490 hujusmodi
1235 2409 1548 2489 actus,qui
1569 2415 1782 2471 manet
1801 2409 1864 2469 in
1879 2414 2137 2488 agente,

579 2510 644 2565 et
683 2504 888 2565 solum
917 2503 1126 2581 quoad
1153 2504 1500 2567 efficaciam
1529 2511 1594 2565 et
1617 2504 1910 2564 virtutem
1956 2518 2139 2563 suam

575 2603 674 2659 est
706 2598 1044 2674 transiens,
1071 2616 1186 2677 per
1223 2616 1290 2659 se
1321 2616 1450 2661 non
1481 2598 1745 2677 requirit
1773 2603 1845 2658 ut
1869 2594 2139 2657 effectus

573 2688 686 2751 flat
715 2708 793 2753 ex
822 2691 1271 2770 praesupposito
1301 2691 1622 2770 subject03
1655 2707 1809 2769 ergo
1841 2706 1920 2751 ex
1958 2688 2017 2749 vi
2048 2695 2137 2749 tm-

571 2782 652 2845 lis
674 2784 944 2846 actionis
969 2802 1097 2846 non
1125 2791 1512 2864 repugnaret
1541 2784 1681 2845 fieri
1711 2785 1900 2845 etiam
1929 2800 2009 2843 ex
2036 2782 2137 2843 ni·-

573 2876 726 2948 hilo,
759 2895 908 2939 nam
940 2878 1126 2939 etiam
1159 2877 1840 2940 transubstantiationis
1873 2876 2135 2939 effectus

571 2971 826 3052 proprie
845 2990 974 3033 non
997 2970 1068 3033 flt
1095 2989 1172 3034 ex
1199 2972 1484 3051 subjecto
1511 2975 1815 3051 tanquam
1843 2988 1918 3033 ex
1941 2986 2133 3031 causa

572 3064 880 3126 materiali
903 3082 1046 3145 quoe
1076 3072 1331 3128 maneat
1357 3065 1422 3125 iu
1451 3063 1700 3136 effectu,
1727 3070 1792 3125 et
1813 3062 2130 3125 nihilomi-

571 3173 696 3220 nus
733 3156 870 3218 fieri
909 3164 1118 3237 potest
1147 3174 1260 3237 per
1291 3157 1783 3219 instrumentum
1821 3163 2127 3219 creatum.

655 3252 754 3312 12.
799 3250 998 3322 Quam
1045 3250 1476 3313 difficultatem
1523 3251 1840 3329 attingens
1881 3247 2133 3311 Medius.

571 3342 757 3417 infra,
791 3362 852 3424 q.
887 3346 990 3417 48,
1019 3350 1138 3407 ert.
1167 3346 1228 3417 6,
1255 3344 1320 3404 in
1343 3343 1493 3417 fine,
1525 3342 1866 3423 respondet
1893 3348 2135 3406 creatu·

569 3455 676 3499 ras
708 3438 944 3501 habere
995 3438 1158 3500 inter
1209 3454 1278 3499 se
1309 3437 1622 3514 ordinem,
1655 3439 1902 3499 ratione
1952 3438 2135 3516 cujus

569 3530 704 3593 fieri
735 3538 944 3611 potest
970 3537 1060 3606 ut,
1099 3535 1272 3593 mota
1307 3548 1432 3592 una
1461 3532 1690 3595 virtute
1715 3530 1957 3603 divina,
1990 3548 2131 3591 mo·

569 3632 836 3688 veantur
860 3626 1030 3699 aliae3
1071 3630 1136 3687 at
1171 3644 1322 3687 vero
1369 3632 1672 3687 creaturas
1719 3644 1848 3687 non
1897 3626 2135 3687 habent

574 3719 862 3781 ordinem
885 3720 970 3781 ad
990 3720 1057 3782 id
1081 3720 1252 3800 qnod
1269 3723 1368 3781 est
1385 3720 1564 3796 nihil,
1589 3726 1654 3782 et
1669 3720 1814 3781 ideo
1838 3736 1971 3781 non
1992 3736 2135 3797 pos·

573 3816 722 3875 sunt
761 3812 925 3875 sumi
971 3818 1040 3875 ut
1080 3814 1569 3875 instrumentum
1617 3813 1975 3875 creationis.
2010 3810 2133 3875 Sed

573 3906 638 3967 in
669 3908 872 3986 primo
900 3908 976 3967 D.
1005 3906 1230 3969 Thom.
1263 3924 1588 3986 nunquam
1623 3913 1722 3968 est
1745 3907 1864 3967 bac
1889 3906 2133 3967 ratione

571 4016 748 4075 usus,
791 4000 905 4063 sed
933 4000 1062 4075 illa,
1089 4016 1229 4080 quae
1261 4000 1530 4063 sumitur
1563 4016 1644 4062 ex
1684 4000 1930 4063 actione
1972 4016 2133 4077 prm·

569 4094 674 4155 via
698 4136 720 4171 ,
769 4110 960 4175 quam
1015 4095 1154 4175 ipse
1203 4111 1330 4156 non
1380 4098 1614 4171 tuetur,
1653 4112 1774 4157 nec
1823 4092 2125 4157 defendit.

570 4182 810 4250 Deinde
827 4186 934 4249 illa
954 4189 1112 4250 ratio
1133 4190 1337 4267 magis
1349 4188 1598 4249 videtur
1619 4189 1686 4249 in
1707 4188 1918 4250 verbis
1935 4202 2129 4267 quam

571 4280 635 4341 in
685 4295 754 4343 re
788 4280 1160 4356 consistere,
1198 4294 1349 4342 nam
1382 4288 1681 4343 creaturis
1723 4300 1856 4344 non
1893 4280 2133 4345 habent

573 4374 739 4435 inter
781 4390 850 4437 se
891 4374 1088 4435 alium
1131 4374 1415 4435 ordinem
1451 4376 1880 4444 necessarium
1907 4375 1975 4436 in
2001 4390 2128 4453 quo

571 4467 769 4549 possit
794 4467 1046 4529 fundari
1071 4466 1586 4531 instrumentaria
1611 4470 1798 4544 actio,
1811 4468 1929 4529 nisi
1959 4466 2131 4548 quod

485 4546 498 4565 ’
571 4566 720 4623 sunt
748 4561 916 4623 entia
942 4560 1312 4641 participata
1341 4578 1382 4623 a
1407 4562 1611 4641 primo
1636 4566 1803 4639 ente,
1827 4568 1890 4624 et
1913 4562 2005 4623 illi
2026 4580 2129 4624 su·

569 4652 900 4717 bordinata
923 4662 994 4717 ut
1019 4654 1220 4735 primo
1251 4656 1462 4733 agenti
1482 4660 1546 4717 et
1567 4656 1924 4735 imperanti.
1947 4656 2129 4719 Unde

569 4747 644 4809 fit
669 4753 741 4808 ιιι
765 4764 896 4809 una
919 4748 1120 4828 possit
1145 4746 1394 4809 efficere
1421 4748 1610 4810 aliam
1638 4747 1858 4810 saltem
1880 4766 1997 4828 per
2016 4764 2125 4828 po·

570 4840 832 4903 tentiam
887 4838 1396 4916 obedientialem‚
1437 4848 1504 4904 et
1552 4842 1676 4904 alia
1715 4842 1997 4922 pendere
2042 4842 2125 4903 ab

569 4932 728 5008 alia3
761 4934 866 4996 hic
891 4941 1106 4997 eutem
1156 4932 1312 4997 ordo
1359 4934 1549 4999 etlam
1591 4936 1983 4999 intercedere
2010 4950 2126 5015 po·

569 5032 692 5091 test
736 5030 902 5090 inter
941 5044 1134 5091 unam
1179 5036 1534 5092 uenturam
1573 5032 1708 5111 ¹iam
1742 5032 1973 5093 factam
1995 5073 2011 5105 ‚
2062 5036 2127 5093 et

567 5120 758 5185 aliam
809 5122 1180 5199 creandam3
1209 5140 1344 5186 non
1389 5126 1558 5187 enim
1607 5142 1868 5187 necesse
1909 5130 2006 5186 est
2056 5130 2129 5187 ut

565 5221 854 5279 creature
891 5215 1128 5278 habeat
1177 5218 1412 5280 dictum
1465 5217 1753 5280 ordinem
1809 5218 1896 5280 ad
1941 5216 2124 5295 nihil,

564 5310 736 5390 quod
769 5314 866 5372 est
902 5310 1209 5375 terminus
1251 5331 1292 5374 a
1331 5329 1456 5393 quo
1486 5312 1852 5389 creationis,
1902 5311 2015 5373 sed
2042 5310 2125 5373 ad

563 5404 764 5485 ipsam
805 5408 1158 5468 creaturam
1177 5450 1196 5480 ,
1226 5405 1310 5469 ed
1337 5422 1528 5487 quam
1569 5406 1802 5469 creatio
1826 5402 2123 5467 termina-

562 5504 695 5577 tar3
729 5510 877 5562 nam
910 5498 1096 5563 etlam
1150 5488 1315 5563 neus
1363 5500 1516 5581 ipse,
1553 5500 1658 5580 qni
1709 5504 1808 5563 est
1845 5500 2119 5580 primum

1799 344 2037 409 QUAET.
2068 345 2201 399 xm.
2232 346 2435 401 Anne.
2470 347 2555 401 tv·

2232 446 2611 526 principium
2640 444 2995 519 creationis,
3020 440 3381 516 nonhabet,
3404 446 3611 521 proprie
3628 446 3690 507 lo-

2232 540 2511 617 quendo,
2542 540 2827 601 ordinem
2852 538 2935 601 ad
2961 536 3023 598 id
3050 535 3223 613 quod
3248 540 3339 597 est
3366 534 3521 611 nihil,
3536 544 3593 597 ut
3614 538 3689 611 sie,

2232 633 2344 695 sed
2386 634 2577 697 babet
2602 636 2898 695 virtutem
2934 638 3005 693 ut
3030 630 3215 693 faciat
3240 646 3377 691 esse
3408 628 3695 707 aliquid,i‹l

2232 726 2405 805 quod
2428 728 2507 788 de
2536 744 2605 790 se
2632 726 2789 789 nihil
2820 731 2937 789 est.

2314 822 2412 883 13.
2458 822 2875 901 Improbatum
2911 820 3253 883 aime-em
3288 815 3529 897 qualiter
3552 817 3694 897 aliqui

2230 913 2511 977 roboreo-o
2536 918 2842 978 conentur.
2859 944 2943 963 -·
2972 912 3161 975 Aliter
3184 911 3305 973 hoc
3328 908 3427 972 alii
3451 907 3695 971 declarant
3773 940 3775 943 >

2232 1006 2533 1085 dicentes,
2554 1008 2907 1069 naturalem
2934 1006 3195 1069 modum
3222 1001 3447 1083 agendi
3473 1010 3695 1063 creatura

2234 1118 2373 1163 esse
2406 1101 2653 1181 operari
2693 1118 2773 1163 ex
2812 1100 3121 1178 subjecto,
3148 1096 3341 1159 vel‘in
3372 1095 3633 1173 subjecto,
3656 1102 3695 1157 el

2229 1195 2375 1257 ideo
2410 1213 2535 1257 non
2566 1212 2751 1275 posse
2794 1195 3147 1257 creaturam
3184 1188 3413 1253 assumi
3442 1195 3505 1249 ut
3532 1189 3695 1249 instru-

2228 1296 2537 1366 mentum,
2562 1290 2685 1351 nisi
2713 1294 3107 1369 supponatur
3128 1285 3469 1365 subjectum
3488 1282 3562 1343 ad
3581 1282 3695 1359 quod
3773 1334 3775 1367 :

2226 1382 2464 1445 haheat
2488 1383 2765 1463 aliquam
2792 1380 3254 1455 habitudinem,
3266 1378 3480 1456 cuique
3496 1392 3695 1454 proeseu·
3773 1396 3775 1463 j

2222 1484 2315 1539 tet
2345 1477 2626 1540 divinum
2652 1477 3007 1555 imperium,
3038 1481 3109 1537 ut
3136 1492 3215 1535 ex
3244 1472 3349 1535 illo
3381 1469 3588 1548 aliquid
3608 1469 3697 1529 effi·
3773 1464 3775 1477 '

2225 1570 2385 1645 ciat;
2415 1572 2649 1651 alioqui
2678 1570 2843 1633 actio
2872 1588 2999 1632 non
3022 1568 3255 1649 poterit
3278 1582 3415 1629 esse
3433 1584 3467 1627 a
3482 1569 3695 1627 creatura
3765 1584 3779 1654 i

2224 1670 2295 1726 ut
2324 1665 2763 1738 instrumento,
2783 1663 2895 1725 sed
2910 1682 2951 1725 a
2968 1662 3106 1723 selo⁴
3124 1662 3282 1723 Deo.
3306 1657 3475 1723 Unel-e
3502 1656 3561 1717 in
3581 1656 3695 1715 hunc
3767 1669 3779 1734 ξς

2222 1759 2480 1821 modum
2506 1763 3073 1839 argumentanturz
3118 1761 3190 1818 ut
3240 1759 3513 1815 creatura
3534 1750 3697 1811 instru-
3776 1784 3779 1825 Ξ

2222 1853 2581 1914 mentaliter
2596 1858 2743 1932 aget
2766 1855 3061 1931 respectu
3076 1849 3215 1921 Dei,
3232 1851 3469 1926 oportet
3485 1848 3545 1907 ut
3561 1844 3697 1903 virtus
3761 1761 3775 1943 ι

2221 1944 2433 2007 divina
2448 1962 2589 2007 sese
2604 1946 2691 2006 illi
2710 1943 3145 2007 accommodet
3156 1942 3181 2020 j
3194 1946 3341 2003 uxta
3351 1938 3579 2001 modum
3590 1936 3695 2013 ejus,
3758 1947 3778 2016 ξι

2223 2038 2309 2100 ita
2328 2044 2399 2099 ut
2421 2039 2751 2118 participet
2770 2042 3058 2099 creatura
3086 2036 3383 2097 virtutem
3408 2031 3651 2103 divinam,
3660 2035 3699 2089 et
3765 2050 3779 2104 ÷÷

2222 2131 2691 2211 quodammodo
2728 2131 2903 2191 illam
2930 2130 2999 2191 in
3031 2146 3099 2189 se
3149 2125 3434 2206 recipiat,
3470 2130 3527 2187 et
3559 2123 3609 2182 in
3648 2138 3697 2181 cs
3776 2162 3778 2199 3

2222 2223 2697 2298 determinetur,
2732 2230 2791 2286 et
2820 2224 2999 2302 quasi
3023 2222 3328 2283 limitetur
3346 2218 3429 2279 ad
3452 2217 3613 2279 talem
3632 2232 3697 2273 ac·
3776 2256 3778 2292 t

2222 2318 2459 2381 tionem
2506 2324 2572 2381 et
2600 2318 2828 2398 agendi
2852 2316 3150 2389 modum;
3184 2314 3301 2377 sed
3353 2313 3467 2375 hoc
3494 2327 3599 2371 non
3619 2326 3694 2387 po·
3761 2306 3779 2388 ,χ

2220 2414 2343 2475 test
2370 2411 2634 2492 intelligi
2662 2412 2781 2473 nisi
2811 2429 2927 2491 per
2952 2408 3389 2472 habitudinem
3410 2404 3489 2467 ad
3512 2399 3695 2479 aliquod
3759 2391 3779 2504 j.

2221 2504 2577 2584 subjectum
2601 2505 2663 2565 in
2692 2522 2819 2584 quo
2850 2504 3015 2565 actio
3039 2507 3351 2573 versetur,
3378 2515 3505 2578 quae
3524 2494 3695 2557 habitu·
3777 2538 3778 2551 ,

2218 2598 2301 2662 do
2330 2600 2395 2661 in
2412 2599 2729 2661 creatione
2757 2598 2965 2659 locum
2988 2614 3117 2659 non
3141 2594 3370 2664 huben
3394 2608 3528 2670 ergo
3551 2601 3695 2665 neque
3760 2531 3773 2686 J

2220 2693 2358 2755 talis
2388 2692 2723 2755 efficientia
2752 2689 3253 2753 instrumentalis
3292 2686 3479 2747 babet
3502 2684 3553 2743 in
3576 2698 3692 2742 crea·

2216 2785 2637 2848 tionelocnm.
2660 2786 2863 2864 Major
2896 2789 3167 2857 constat,
3200 2782 3354 2861 quia
3372 2772 3691 2853 omne,qu⁰d
3769 2802 3779 2859 35

2216 2880 2533 2959 recipitur,
2550 2879 2743 2941 dehet
2769 2876 3241 2939 accommodari
3254 2873 3439 2940 modo
3462 2868 3693 2947 recipien-

2212 2974 2325 3044 tis;
2346 2973 2575 3035 deinde
2600 2972 2749 3051 quia
2764 2972 2963 3033 virtus
2982 2970 3197 3031 diviua
3227 2987 3357 3031 nen
3374 2973 3559 3047 polest
3574 2958 3691 3021 intel·

2213 3067 2345 3147 ligi,
2360 3067 2425 3127 in
2442 3084 2565 3144 quo
2580 3062 3091 3129 accommodetur
3104 3063 3511 3125 instrumento
3524 3060 3689 3125 creato,
3759 3051 3771 3122 .·“.

2212 3160 2313 3221 vel
2332 3176 2525 3237 quam
2563 3176 2707 3220 cum
2736 3157 2843 3219 illo
2890 3156 3365 3237 proportionem
3396 3158 3592 3219 servet,
3613 3143 3691 3207 nisi
3756 3127 3771 3278 ἓ

2216 3253 2427 3313 exilio
2474 3251 2839 3331 hujusmodi
2882 3250 3469 3313 determinationem
3517 3242 3689 3303 subeat
3761 3287 3769 3323 Ἴ

2214 3348 2419 3409 Minor
2478 3347 2669 3407 etiam
2728 3350 3001 3416 constat,
3068 3345 3221 3423 quia
3272 3343 3487 3405 modus
3530 3332 3691 3415 agendi
3767 3401 3769 3429 Ξ

2217 3448 2523 3506 creaturas
2553 3446 2651 3502 est
2688 3458 2803 3519 per
2828 3438 3265 3502 habitudinem
3294 3438 3373 3499 ad
3400 3435 3691 3512 subjectumi
3757 3434 3778 3521 5

2216 3546 2281 3599 et
2306 3536 2471 3611 ideo,
2488 3535 2539 3597 si
2566 3534 2731 3597 actio
2754 3534 3013 3595 omnino
3040 3532 3441 3595 abstrahatur
3464 3548 3499 3589 a
3520 3524 3695 3601 subiec-

2214 3636 2303 3705 to,
2332 3646 2462 3689 non
2490 3628 2869 3707 relinquitur
2893 3628 3021 3687 ulle
3045 3625 3375 3700 habitudo,
3392 3624 3487 3685 vel
3510 3630 3695 3699 propor-

2214 3722 2327 3796 tio,
2364 3720 2713 3783 secundum
2756 3737 2951 3799 quam
3000 3720 3197 3800 possit
3226 3724 3509 3781 creatura
3533 3719 3589 3775 ut
3608 3711 3693 3771 ins·

2212 3819 2602 3907 trumentum
2626 3814 2886 3875 assumi.

2296 3914 2393 3973 14.
2440 3910 2778 3985 Reselliwr
2802 3909 3101 3988 predicta
3130 3894 3695 3986 commuta—Sed

2210 4006 2348 4067 haee
2386 4003 2580 4066 verba
2608 4002 2821 4065 omnia
2842 4002 3079 4065 nullam
3116 4003 3243 4065 vim
3274 4002 3504 4065 addunt
3526 4006 3697 4076 praeoe‘

2210 4096 2381 4160 denti
2434 4095 2740 4159 discursui
2760 4141 2775 4171 ,
2809 4112 3019 4174 neque
3062 4097 3405 4159 excludunt
3438 4084 3693 4153 instantias
3773 4090 3775 4177 J

2210 4196 2275 4253 et
2300 4190 2689 4270 objectiones
2716 4190 2937 4251 factas.
2965 4191 3173 4251 Primo
3200 4191 3369 4253 enim
3386 4232 3409 4265 ,
3436 4187 3483 4247 si
3503 4184 3593 4245 ille
3612 4178 3693 4237 dis·
3773 4194 3775 4197 ’

2208 4302 2431 4346 cursus
2476 4284 2697 4347 efficax
2743 4291 2933 4358 esset,
2964 4284 3157 4347 etiam
3196 4284 3487 4363 probaret
3519 4278 3693 4339 creatu·
3773 4316 3775 4319 ,

2208 4394 2345 4439 ram
2366 4394 2493 4439 non
2520 4392 2705 4457 posse
2725 4377 2963 4441 assumi
2996 4378 3059 4437 in
3093 4376 3558 4455 instrumentum
3577 4374 3693 4427 tran-
3773 4411 3775 4437 ς

2210 4472 2746 4535 substantiationis
2764 4516 2779 4545 ‚
2813 4470 2963 4550 quia
3008 4471 3199 4533 etiam
3243 4458 3695 4533 transubstantia-

2208 4567 2297 4629 tio
2322 4583 2453 4629 non
2480 4564 2551 4627 flt
2580 4582 2661 4627 ex
2696 4563 3002 4644 subjecto,
3028 4580 3239 4641 neque
3269 4564 3337 4626 in
3364 4559 3630 4637 subjecto,
3651 4550 3695 4605 '¹‘
3773 4558 3775 4569 ²

2210 4678 2287 4721 ex
2312 4658 2619 4721 sententie
2644 4658 2831 4721 etiam
2855 4660 2925 4719 D.
2950 4658 3207 4719 Thomas
3230 4655 3413 4719 latins
3430 4655 3491 4715 in
3514 4654 3549 4713 3
3572 4654 3694 4745 temp
3773 4662 3775 4701 :

2206 4753 2567 4834 probamus.
2596 4753 2725 4813 Nec
2752 4751 2943 4813 refert
2976 4750 3149 4829 quod
3189 4740 3693 4811 transubstantiatio

2207 4848 2523 4925 supponat
2562 4844 2836 4921 aliquam
2864 4843 3195 4905 materiam
3226 4858 3303 4905 ex
3330 4856 3450 4921 qun
3482 4836 3545 4897 fit
3566 4838 3619 4893 ut
3642 4842 3694 4887 ex

2205 4939 2477 5001 termino
2504 4956 2543 4998 a
2572 4936 2887 5016 quo‚q·uia
2916 4936 3219 4999 habitudo
3240 4952 3371 4999 non
3394 4938 3483 4997 est
3507 4925 3694 5004 subjee-

2206 5041 2341 5097 tum
2370 5048 2451 5093 ex
2490 5048 2617 5110 quo
2646 5030 2747 5093 vel
2772 5032 2841 5091 in
2890 5046 3017 5109 quo
3063 5030 3173 5093 fiat
3204 5031 3397 5103 actio,
3430 5036 3607 5102 neque
3628 5014 3695 5075 est

2204 5126 2335 5187 ulla
2376 5132 2684 5200 creatura,
2728 5140 2870 5203 quas
2918 5123 3147 5187 habeat
3197 5126 3363 5187 huno
3410 5111 3691 5181 naturalem

2205 5218 2465 5282 modum
2498 5216 2723 5299 agendi
2767 5236 2843 5279 ex
2874 5217 3019 5291 alio,
3048 5225 3119 5280 ut
3136 5232 3215 5281 ex
3242 5232 3399 5297 puro
3424 5207 3689 5275 terminon

2204 5330 2353 5393 quo.
2388 5313 2698 5381 Secundo.
2728 5310 2915 5373 simili
2941 5314 3185 5373 ratione
3222 5305 3497 5375 concludi
3531 5294 3688 5381 posset

2204 5426 2331 5470 non
2376 5424 2565 5488 posse
2612 5413 2967 5470 creaturam
3006 5421 3371 5486 corpoream
3410 5391 3609 5465 assumi
3640 5386 3689 5488 ιιῐ

2202 5503 2685 5565 instrumentum
2716 5500 2801 5567 ad
2828 5500 3145 5579 egendum
3174 5501 3239 5563 in
3272 5498 3555 5579 spiritum,
3578 5494 3685 5563 (1³¹³
