3892 6167
1330 301 1566 365 QUAEST.
1599 303 1708 357 XV.
1741 304 1944 361 Anne.
1980 306 2107 361 Vm.

151 402 410 467 eundum
463 401 822 465 humanam
867 400 1186 465 scientiam
1237 404 1682 486 expui-immta-

151 518 234 573 m,
263 500 332 560 ut
359 495 606 559 dictum
639 499 736 559 est
765 495 802 558 ¹.

557 692 1202 776 comu'rtnms

179 890 230 949 1.
269 886 402 947 Duo
445 886 603 946 suut
653 882 731 946 in
770 883 892 946 hoc
936 884 1200 951 articulo
1230 888 1526 952 difficilia.
1553 890 1682 953 Pri·

151 1000 262 1042 unm
291 984 410 1051 est,
447 994 538 1037 an
561 978 839 1057 propria
869 986 930 1040 et
956 996 1107 1042 vera
1139 982 1470 1044 admiratio
1501 984 1582 1044 sit
1611 984 1676 1045 iu

151 1075 318 1137 bristo
345 1068 695 1151 ponenda.
727 1072 1046 1151 Secundo,
1074 1080 1210 1137 esto
1249 1076 1356 1137 illa
1390 1076 1580 1139 fuerit
1607 1077 1674 1139 in

151 1168 343 1238 hrist0,
391 1182 476 1223 an
521 1160 642 1225 illa
693 1165 1010 1245 pertineat
1038 1168 1120 1229 ad
1148 1171 1496 1249 appetitum
1530 1189 1674 1233 sen-

153 1266 340 1325 entem
368 1302 388 1333 ‚
435 1256 524 1319 de
597 1258 794 1338 cujus
861 1260 1106 1322 cetibus
1171 1280 1342 1324 nnnc
1388 1262 1672 1343 disputa-

151 1374 247 1415 nus.
283 1350 463 1413 Ratio
493 1350 744 1429 prioris
775 1352 1156 1417 difficultatis
1183 1364 1302 1435 est,
1345 1374 1535 1437 qnam
1566 1358 1668 1419 hic

151 1448 284 1527 itigit
309 1446 380 1505 D.
405 1443 732 1521 Thomas,
773 1452 1149 1527 argumento
1195 1453 1254 1523 1,
1279 1451 1450 1529 quia·
1469 1450 1670 1512 admi·

151 1544 244 1603 irio
271 1558 343 1599 ex
371 1538 754 1617 ignorantia
779 1541 1093 1619 procedit;
1127 1551 1220 1605 est
1257 1544 1424 1605 enim
1464 1542 1660 1605 admi-

151 1634 268 1709 ιιίο,
291 1640 354 1693 ιιι
376 1628 552 1691 idem
569 1627 653 1692 D.
669 1631 951 1695 Thomas
967 1634 1139 1714 dicit,
1157 1640 1181 1699 1
1203 1682 1216 1697 .
1235 1636 1298 1713 Ξ,
1313 1656 1374 1717 q.
1392 1641 1492 1709 32,
1515 1654 1574 1697 a.
1603 1640 1668 1712 8,

152 1727 460 1787 esiderium
489 1724 774 1800 sciendi,
797 1733 1002 1788 ortum
1024 1746 1102 1790 ex
1119 1730 1358 1791 visione
1381 1730 1664 1806 effectae,

151 1828 166 1883 ι
211 1816 605 1899 ignoratione
667 1836 884 1880 causae
912 1865 934 1897 ,
981 1822 1153 1900 quod
1199 1840 1276 1885 ex
1335 1824 1664 1887 Aristotele

151 1916 274 1974 tiam
317 1911 664 1990 colligitur,
717 1916 744 1974 1
791 1914 1136 1996 Metapby.,
1165 1934 1306 1996 cup.
1337 1920 1410 1989 23
1444 1916 1556 1978 sed
1595 1918 1664 1979 in

151 2008 324 2067 ssbristo
371 2022 502 2064 non
551 2004 794 2068 habuit
841 2007 1050 2069 locum
1091 2009 1481 2088 ignorantia3
1511 2026 1664 2089 ergo

151 2120 212 2163 :ec
259 2098 615 2161 admiratio.
666 2100 750 2162 E‘t
799 2108 1068 2181 augetur
1109 2102 1468 2178 difficultas,
1510 2110 1660 2184 quia

152 2194 258 2255 ulla
276 2198 366 2254 est
381 2193 548 2253 ratio
567 2207 694 2255 seu
723 2193 1212 2257 fundamentum
1245 2196 1564 2259 sufficiens
1588 2204 1660 2261 ut

152 2288 372 2349 ffectum
405 2286 580 2347 hunc
611 2286 864 2349 Christo
896 2288 1282 2363 tribuamus;
1315 2291 1484 2369 quin,
1507 2290 1660 2353 licet

151 2381 280 2441 emel
301 2380 360 2440 in
385 2380 746 2461 Evangelio
772 2382 1036 2456 dicatur,
1063 2383 1282 2445 Matth.
1305 2386 1370 2459 8,
1393 2391 1454 2446 et
1478 2385 1660 2447 Lucre

151 2471 296 2536 *zm
323 2474 596 2538 miram
643 2479 744 2537 ost
773 2476 984 2551 Jesm,
1015 2494 1142 2537 non
1181 2480 1662 2540 consultantem

152 2585 186 2626 n
209 2566 266 2626 id
289 2564 520 2627 dictum
539 2566 648 2640 sit,
666 2568 822 2646 quia
849 2568 914 2628 in
937 2586 1000 2630 se
1027 2584 1251 2648 passus
1271 2577 1365 2632 est
1385 2570 1658 2650 aliquem

151 2660 515 2721 [timii-ationis
565 2660 895 2737 affectum,
939 2679 1020 2722 an
1068 2680 1216 2723 vero
1261 2664 1410 2742 quia
1467 2663 1664 2744 signis

151 2752 352 2813 ustentlil
381 2751 574 2813 fidem
607 2753 788 2814 illam
831 2756 1214 2817 centurionis
1240 2756 1438 2818 fuisso
1465 2758 1662 2819 homi-

151 2846 282 2905 nibus
306 2844 778 2919 admirandum;
804 2848 870 2907 in
895 2846 1064 2909 hune
1082 2850 1254 2910 enim
1287 2865 1540 2911 sensum
1565 2852 1662 2912 vi-

151 2937 282 2997 lelur
318 2938 720 3018 interpretari
767 2940 978 3003 Iocum
1007 2942 1182 3003 illum
1213 2944 1505 3024 August„
1540 2946 1586 3007 l.
1619 2950 1646 3007 1

151 3028 200 3089 le
221 3030 418 3091 Genes.
454 3039 682 3095 contra
711 3034 1014 3110 Manieh„
1037 3052 1094 3098 e.
1131 3037 1194 3111 8,
1221 3042 1284 3099 et
1308 3038 1414 3099 lib.
1447 3042 1476 3100 1
1509 3054 1656 3101 con-

151 3130 212 3182 fra
241 3124 548 3187 Adversar.
579 3126 750 3207 legis
779 3134 842 3189 et
873 3128 1190 3209 Prophet.,
1213 3150 1271 3195 c.
1301 3134 1365 3207 7,
1411 3132 1540 3195 etl.
1573 3135 1653 3195 22

1763 403 1820 464 si
1849 403 2181 467 commode
2206 405 2765 485 potentin-proprie
2795 412 2943 469 sunt
2968 405 3323 488 intelligen-

1759 496 1866 574 du,
1909 504 1974 563 ct
1998 499 2162 563 facta
2191 499 2411 565 Christi
2448 516 2575 565 non
2609 500 2775 575 ficte,
2804 502 2917 565 sed
2952 520 3099 567 vere
3132 503 3321 567 inter-

1761 593 2091 671 pretanda.
2116 594 2191 657 Et
2214 594 2378 657 hanc
2418 594 2797 657 sententiam
2840 594 2925 655 ita
2972 596 3319 675 expositam

1761 692 2081 749 sectentur
2120 686 2405 767 discipuli
2435 690 2503 751 D.
2536 689 2819 763 Thomna,
2848 695 2910 751 et
2935 691 3321 753 recentiores

1761 780 2079 860 Evangelii
2115 781 2527 859 expositores,
2568 786 2639 843 ιιι
2678 781 2897 859 cajet„
2936 782 3224 859 Jansen„
3258 789 3321 845 et

1757 872 1888 935 am.
1915 874 1989 933 Et
2010 875 2163 937 mihi
2192 893 2341 939 vero
2374 892 2507 938 esse
2536 875 2805 937 videtur.

1842 968 1901 1029 3.
1935 968 2013 1029 Ut
2040 984 2187 1031 vero
2218 968 2603 1047 explicemus
2630 975 2692 1031 et
2722 970 3030 1033 rationem
3058 972 3123 1035 D.
3158 972 3319 1035 Tho·

1755 1076 1876 1121 moe
1915 1064 1977 1123 et
2018 1060 2277 1125 modum
2312 1062 2497 1140 hujus
2524 1062 2975 1138 admirationis,
3006 1070 3067 1126 et
3097 1064 3161 1125 in
3193 1082 3317 1143 quo

1753 1153 1892 1233 ipsa
1937 1156 2259 1228 consistat,
2304 1155 2761 1219 advertendum
2810 1162 2907 1219 est
2956 1157 3316 1221 admiratio-

1751 1264 1898 1310 nem
1937 1247 2176 1327 aliquid
2208 1249 2272 1311 in
2302 1249 2663 1327 cognitione
2698 1250 3059 1330 requirere,
3102 1255 3167 1313 et
3208 1250 3315 1313 ali-

1751 1342 1906 1423 quid
1933 1344 1997 1404 in
2027 1345 2305 1423 appetitu
2346 1361 2601 1425 ponere.
2645 1344 2770 1409 Sed
2814 1345 3112 1424 quoniam
3162 1344 3313 1405 varii

1751 1442 1898 1497 sunt
1925 1436 2357 1501 admirationis
2382 1437 2577 1512 modi,
2610 1445 2683 1500 ut
2715 1438 3104 1519 Augustinus
3148 1446 3316 1499 trac-

1749 1536 1864 1603 tat,
1890 1531 2069 1610 epist.
2102 1532 2243 1604 101,
2272 1548 2403 1591 non
2428 1532 2635 1595 omnis
2662 1532 2997 1596 admiratio
3026 1530 3313 1595 eamdem

1753 1624 2179 1702 cognitionem
2204 1624 2523 1703 supponit,
2550 1642 2758 1704 neque
2788 1624 3087 1687 eumdem
3126 1625 3314 1687 affec-

1749 1722 1882 1777 tum
1927 1716 2245 1796 importat.
2292 1716 2496 1777 Primo
2534 1734 2687 1797 ergo
2736 1716 3067 1781 admiratio
3116 1716 3313 1779 oritur

1747 1811 2067 1873 interdum
2088 1829 2167 1872 ex
2194 1811 2549 1890 ignorantia
2574 1828 2805 1888 causae,
2822 1812 2957 1877 ,viso
2978 1811 3226 1885 effectu,
3247 1813 3310 1871 et

1747 1904 2033 1966 consistit
2058 1904 2123 1965 in
2152 1903 2463 1967 desiderio
2495 1904 2761 1979 sciendi,
2808 1910 2875 1967 ut
2916 1922 3107 1983 supra
3150 1902 3310 1983 obji-

1743 1998 2025 2069 ciebam;
2057 2005 2121 2058 et
2150 1998 2281 2059 haec
2307 1996 2635 2061 admiratio
2670 2016 2793 2059 non
2834 1998 3081 2063 videtur
3120 2014 3305 2077 posse

1741 2092 1932 2153 tribui
1984 2092 2251 2165 Christe,
2304 2091 2495 2155 etiam
2546 2092 2899 2156 seeundum
2953 2090 3305 2154 naturalem

1737 2186 2089 2261 scientiam,
2122 2186 2293 2266 quia,
2314 2186 2449 2251 viso
2488 2184 2738 2260 effectu,
2776 2185 2968 2249 etiem
2998 2203 3110 2265 per
3138 2186 3303 2249 hanc

1743 2281 2065 2345 scientiam
2121 2279 2543 2358 cognoscebat
2590 2297 2811 2343 omnes
2858 2296 3083 2341 causas
3132 2280 3297 2359 ejus,

1743 2380 2049 2454 quantum
2086 2392 2197 2453 per
2242 2374 2405 2434 hunc
2450 2373 2785 2436 scientiam·
2818 2374 3115 2453 cognosci
3160 2392 3303 2453 pos·

1743 2476 1910 2530 sunt.
1939 2468 2093 2531 Cum
2126 2472 2339 2529 autem
2364 2466 2749 2531 desiderium
2778 2468 2919 2546 ejus
2944 2467 3303 2531 ordinatum

1744 2568 1932 2637 esset,
1950 2576 2079 2621 non
2098 2560 2435 2639 appetebat
2460 2560 2617 2621 scire
2630 2578 2744 2640 per
2764 2561 2925 2623 hanc
2952 2560 3298 2636 scientiam,

1743 2655 1861 2715 nisi
1893 2654 2065 2732 quod
2092 2654 2213 2715 sub
2246 2654 2417 2715 illam
2446 2654 2675 2717 cadere
2704 2660 2934 2733 potest.
2956 2655 3171 2719 Dicere
3200 2662 3301 2719 ta-

1740 2766 1886 2810 men
1913 2749 2078 2810 forte
2106 2750 2247 2827 quis
2290 2755 2519 2829 potest,
2566 2750 2807 2812 habere
2854 2768 3041 2829 posse
3086 2751 3297 2813 locum

1743 2844 1903 2904 hane
1935 2841 2417 2905 admirationem
2450 2847 2737 2923 respectu
2775 2844 3149 2923 cognitionis
3190 2863 3299 2909 ex-

1735 2937 2201 3017 perimentalis;
2234 2937 2439 3017 potuit
2464 2938 2631 2997 enim
2666 2938 2943 3001 Christus
2978 2940 3295 3003 interdum

1737 3032 2009 3113 experiri
2044 3032 2360 3103 effectum,
2388 3036 2451 3093 et
2481 3048 2611 3093 non
2644 3050 2929 3107 eausam,
2961 3038 3020 3095 ct
3046 3033 3295 3097 deside·

1735 3144 1878 3187 rare
1903 3126 2335 3205 experimento
2364 3142 2749 3203 cognoscere
2783 3146 3039 3189 causam
3067 3129 3289 3208 ipsam.

151 3218 312 3277 'eontra
338 3217 572 3293 Faust„
599 3236 659 3280 c.
693 3223 798 3293 13,
841 3236 1032 3300 quem
1061 3224 1282 3286 imitati
1331 3231 1482 3287 sunt
1523 3228 1653 3287 An-
1685 3220 1858 3283 oScd
1887 3220 2007 3280 hoc
2032 3220 2185 3280 mihi
2210 3238 2331 3280 non
2366 3220 2516 3280 satis
2544 3220 2787 3301 placet,
2812 3226 2945 3281 tum
2978 3222 3123 3300 qnia
3148 3238 3294 3285 cau-

151 3308 460 3384 iel.‚Ma{th.
490 3314 570 3385 83
609 3320 676 3373 et
707 3314 890 3389 Bed.‚
915 3316 1025 3376 lib.
1059 3320 1096 3377 2
1127 3316 1190 3377 in
1217 3316 1464 3393 Metili„
1495 3336 1550 3379 c.
1584 3322 1646 3397 8,

151 3404 348 3467 erube
383 3406 444 3466 in
468 3406 647 3483 Luc.‚
681 3426 740 3469 c.
775 3411 875 3473 15.
901 3410 1020 3471 Alii
1047 3428 1194 3473 vero
1237 3412 1452 3475 Patres
1493 3412 1650 3475 nihil

151 3494 243 3557 fere
268 3498 478 3571 dicunt,
511 3516 672 3561 nam
705 3501 1159 3585 chrysostom„
1193 3504 1410 3567 homil.
1457 3508 1534 3567 27
1581 3506 1648 3568 in

151 3590 336 3667 uatlh.;
371 3600 428 3654 et
458 3592 690 3669 Hilar„
737 3614 878 3657 cun.
909 3599 974 3673 7,
1012 3603 1254 3659 tantum
1289 3598 1649 3679 simpliciter

159 3682 314 3745 dieunt
335 3686 638 3750 Christum
665 3688 862 3751 fuisse
887 3690 1211 3754 miratum.

217 3778 260 3835 2.
279 3778 670 3844 Nihilominus
696 3784 1026 3862 responsio·
1050 3786 1123 3847 D.
1155 3785 1411 3849 Thomae
1435 3794 1551 3860 est,
1579 3789 1648 3851 in

161 3866 340 3931 Christo
386 3872 576 3936 fuisse
627 3876 886 3955 proprie
941 3876 1420 3941 admirationem
1440 3926 1458 3955 ,
1499 3882 1646 3961 quia

156 3964 432 4027 secundum
469 3969 798 4031 scientiam
843 3971 1398 4049 experimenlu'lem
1445 3974 1645 4055 potuit

157 4052 218 4114 illi
243 4074 534 4124 occurrere
561 4062 805 4143 aliquid
837 4080 1075 4127 novum
1103 4072 1165 4129 et
1189 4068 1534 4146 insolitum,
1565 4089 1642 4132 ex

156 4162 249 4224 quo
273 4154 497 4231 propria
525 4155 860 4219 admiratio
881 4160 1182 4221 nascitur.
1205 4161 1384 4232 Quod
1411 4162 1644 4225 confir-

157 4247 272 4315 mat,
305 4247 434 4322 quia
474 4247 572 4309 hic
618 4249 882 4313 affectus
905 4252 1134 4315 Clu-isti
1161 4254 1367 4333 potuit
1391 4255 1472 4315 ad
1498 4272 1646 4317 nos-

157 4336 278 4393 tram
309 4336 759 4405 instructionem
787 4345 1144 4417 deservirez
1174 4353 1234 4408 et
1261 4347 1344 4408 ita
1375 4350 1645 4428 explicat

159 4424 508 4507 Augustinum
532 4454 720 4518 supra
748 4440 1027 4501 citatum.
1065 4442 1220 4502 Nam
1247 4486 1264 4513 ,
1302 4442 1447 4503 licet
1473 4444 1644 4504 dicat

161 4518 406 4621 §hristum
431 4526 616 4592 fuisse
646 4531 1026 4595 admiratum
1063 4540 1321 4615 propter
1363 4543 1641 4598 nostram

167 4616 588 4699 instructionem,
618 4638 748 4685 non
776 4630 987 4686 tamen
1015 4625 1164 4688 dicit
1201 4626 1394 4688 fuisse
1443 4628 1642 4689 admi·

167 4710 320 4767 ratum
345 4712 526 4773 solum
553 4718 901 4779 seeundum
935 4719 1210 4797 speciem
1235 4726 1296 4783 et
1323 4721 1502 4799 signa
1527 4739 1638 4784 ex·

173 4799 323 4875 terna,
348 4807 444 4866 sed
469 4816 643 4886 *ειυς
671 4814 756 4874 ita
791 4812 962 4874 enim
1005 4828 1072 4875 se
1105 4815 1298 4893 gessit
1341 4816 1633 4892 exterius,

169 4887 288 4953 sinit
303 4894 532 4960 interius
555 4910 688 4966 erat
709 4904 1052 4985 dispositus
1073 4924 1190 4985 por
1203 4923 1417 4969 veram
1441 4909 1639 4971 admi·

177 4981 439 5067 rationem
457 5009 580 5073 μω
599 4997 754 5075 fuit,
779 5000 980 5077 inquit
1010 5000 1413 5079 Augustiana,
1437 5011 1639 5067 mecm

177 5076 318 5137 enimi
343 5081 573 5165 christi,
593 5108 713 5153 non
745 5089 1111 5173 perturbati,
1160 5096 1264 5156 sed
1297 5095 1637 5159 voluntarie

183 5176 412 5272 worantis
427 5188 652 5261 propter
675 5202 804 5247 nos.
840 5184 916 5247 Et
939 5186 1347 5249 confirmatur
1378 5190 1632 5251 taudem

183 5268 236 5315 ex
255 5260 333 5323 111a
354 5274 590 5344 generali
619 5276 860 5357 regula,
885 5276 1036 5358 quia
1063 5279 1254 5342 verba
1287 5282 1628 5359 Evangelii,

252 5444 262 5477 '
295 5444 347 5503 ln
369 5466 509 5534 corp.
536 5462 647 5520 art,

1733 3330 1816 3373 sae
1857 3330 1984 3373 non
2029 3318 2494 3390 cognoscuntur
2526 3315 2955 3392 experimento
3001 3315 3293 3378 distincto

1732 3406 1814 3467 ab
1853 3406 2239 3484 experientia
2272 3405 2611 3467 effectuum
2643 3407 2749 3485 qni
2798 3407 2879 3467 ab
2918 3408 3041 3467 illis
3070 3426 3291 3487 proce-

1731 3499 1912 3573 dunt,
1941 3498 2055 3559 sed
2084 3516 2161 3559 ex
2192 3498 2311 3561 hoc
2358 3500 2787 3578 experimento
2834 3500 2919 3561 ad
2964 3501 3289 3563 scientiam

1729 3593 2131 3673 proceditur-3
2162 3599 2299 3655 tum
2326 3592 2513 3655 etiam
2540 3594 2689 3671 quie
2718 3594 3051 3657 admiratio
3084 3596 3289 3658 Chris-

1727 3688 1795 3762 ti,
1820 3688 2171 3766 praesertim
2196 3688 2299 3749 illu
2320 3706 2511 3768 quam
2532 3688 2597 3749 in
2624 3688 2969 3769 Evangelio
2990 3688 3283 3767 legimini,

1728 3786 1864 3841 erat
1911 3780 1991 3841 de
2038 3782 2286 3854 effectu,
2312 3782 2495 3861 cujus
2515 3798 2708 3842 causa
2738 3782 2855 3843 sub
2882 3800 3141 3844 sensnm
3174 3800 3287 3845 ex-

1727 3873 2079 3954 perimento
2098 3872 2328 3936 cadere
2348 3890 2473 3935 non
2496 3880 2762 3955 poterat,
2786 3876 3041 3951 scilicet,
3062 3876 3139 3938 de
3158 3876 3284 3941 fide

1727 3968 2131 4029 centurionis,
2171 3966 2459 4029 Secundo
2512 3986 2667 4049 ergo
2712 3968 3041 4031 admiratio
3092 3973 3289 4033 oritur

1726 4077 1802 4122 ex
1847 4060 2351 4141 apprehensione
2398 4063 2488 4123 rei
2536 4079 2783 4141 magnai
2816 4070 2877 4125 et
2921 4064 3281 4142 singularis,

1724 4155 1912 4215 etiam
1940 4156 1991 4216 si
2022 4154 2175 4216 alias
2195 4155 2445 4235 cognita
2470 4156 2571 4229 sit,
2590 4164 2659 4218 ιιι
2687 4158 3073 4237 Augustinus
3096 4174 3281 4238 supra

1725 4248 1920 4321 dicit;
1952 4254 2015 4310 et
2040 4248 2172 4311 haec
2218 4249 2483 4327 requirit
2519 4250 2585 4311 in
2626 4250 2943 4313 intellectu
2970 4252 3283 4331 judicium

1724 4340 1805 4402 de
1835 4342 1927 4402 rei
1956 4342 2411 4421 magnitudine,
2438 4343 2539 4407 vel
2570 4344 2953 4422 simpliciter,
2978 4345 3080 4407 vel
3096 4344 3161 4406 in
3184 4363 3281 4407 or-

1723 4434 1872 4495 dine
1899 4434 1984 4495 ad
2020 4436 2331 4515 aliquem;
2366 4444 2457 4505 ut,
2499 4455 2641 4498 cum
2671 4437 3057 4499 admiramur
3083 4439 3284 4499 scien·

1723 4529 1876 4589 tiam
1913 4530 2121 4607 pueri,
2150 4542 2291 4607 qnoe
2311 4574 2332 4605 ,
2362 4531 2509 4593 iicet
2544 4531 2609 4591 in
2640 4546 2711 4591 se
2758 4548 2991 4610 magna
3015 4548 3147 4593 non
3180 4534 3278 4604 sit,

1723 4628 1819 4684 est
1863 4624 2075 4683 tamen
2126 4642 2358 4701 magna
2389 4630 2451 4685 et
2488 4624 2732 4685 insolita
2782 4632 3069 4706 respectu
3116 4626 3283 4688 illius

1719 4715 1936 4780 aetatis.
1969 4716 2201 4777 metcr
2226 4716 2347 4777 hoc
2380 4724 2591 4781 tamen
2630 4718 3061 4781 necessarium
3090 4724 3282 4781 estut

1717 4826 1822 4871 res
1868 4808 2231 4889 hujusmodi
2279 4826 2442 4873 novo
2474 4810 2686 4892 aliquo
2717 4812 2907 4875 modo
2936 4828 3280 4893 cognosca-

1717 4911 1842 4978 tur,
1873 4905 2027 4965 alias
2052 4922 2178 4965 non
2210 4906 2437 4967 excitat
2466 4906 2972 4980 admirationem,
3000 4912 3062 4969 et
3088 4924 3277 4987 prop·

1719 5002 1888 5059 terea
1927 4996 1990 5057 in
2043 4998 2171 5058 Deo
2225 5018 2349 5058 non
2399 5000 2587 5061 habet
2638 5000 2847 5061 locum
2896 5001 3229 5063 admiratio
3252 5048 3271 5077 ,

1716 5096 1848 5152 tum
1881 5089 2027 5168 quia
2070 5088 2157 5151 illi
2191 5090 2343 5151 nihil
2372 5099 2467 5155 eet
2492 5107 2819 5169 magnum,
2848 5094 3041 5155 etiam
3068 5093 3133 5154 in
3168 5112 3277 5155 or·

1715 5182 1862 5244 dine
1908 5182 1990 5244 ad
2034 5184 2215 5258 alico,
2254 5184 2401 5264 quia
2432 5186 2737 5267 quidquid
2778 5185 2863 5247 ab
2906 5186 3047 5247 aliis
3074 5185 3165 5259 fit,
3194 5188 3277 5248 ab

1719 5275 1823 5337 illo
1851 5275 1959 5354 fit,
1988 5282 2051 5340 et
2077 5276 2258 5339 facile
2294 5279 2383 5339 illi
2412 5286 2529 5354 est,
2561 5280 2751 5341 etiam
2776 5296 2891 5359 per
2917 5279 3095 5353 alios,
3135 5294 3275 5340 ma-

1718 5388 1843 5449 gna
1865 5376 2142 5452 operari;
2170 5380 2299 5435 tum
2328 5376 2513 5435 otiam
2540 5376 2692 5454 quia
2720 5374 2875 5433 nihil
2900 5392 3059 5435 novo
3084 5376 3273 5436 modo

1720 5468 2059 5541 cognoscit.
2104 5470 2169 5529 ln
2208 5470 2489 5549 appetitu
2532 5474 2745 5529 mitem
2788 5468 2985 5530 oritur
3034 5486 3111 5530 ex
3155 5470 3271 5533 hac
