3892 6167
1263 349 1587 409 ntsruu‘r.
1623 344 1798 405 XXXI.
1833 342 2007 399 SBGT.
2043 344 2125 401 vt.

79 459 420 529 mentum,
460 452 574 533 qui
623 452 732 515 illo
785 450 1004 525 utitur,
1049 455 1122 515 nt
1166 450 1480 526 diximum
1515 466 1664 531 ergo

77 550 280 611 multo
311 548 532 611 minus
557 546 988 612 necessarium
1017 545 1134 610 erit
1158 548 1228 609 ut
1247 546 1420 609 idem
1443 562 1666 609 secun-

86 644 242 703 dum
300 640 608 705 eamdem
653 639 968 703 rationem
1017 638 1246 703 efficiat
1286 639 1668 702 instrumen-

91 743 252 803 tum,
285 741 352 797 et
379 740 600 800 utatur
625 732 762 811 ill03
774 732 936 795 sicut
963 750 1114 813 ergo
1143 732 1209 795 in
1239 729 1668 795 artificialibus

89 828 358 891 inferior
367 827 602 889 artifex
621 831 934 907 praeparat
954 825 1266 889 interdum
1285 825 1666 887 instrumen-

73 930 164 995 ta,
189 928 258 985 et
285 919 588 1001 superior
611 920 736 982 illis
763 919 958 983 utitur
985 962 1006 994 ,
1041 918 1126 981 ita
1159 919 1264 981 hic
1293 918 1506 983 dicere
1525 934 1666 999 pos·

73 1034 322 1093 sumus,
357 1017 593 1089 Deum,
627 1020 700 1077 ut
750 1023 1076 1077 auctorem
1121 1018 1390 1087 naturae,
1423 1028 1666 1093 praepa·

75 1126 214 1171 rare
245 1126 368 1169 seu
393 1125 616 1172 creare
643 1124 750 1171 res
768 1112 948 1187 aptas
970 1112 1040 1168 ιιι
1068 1105 1192 1169 sint
1214 1105 1658 1183 instrumenta3

81 1205 284 1265 Deum
309 1218 392 1263 ve
399 1220 500 1277 το,
517 1206 590 1263 ιιι
604 1206 928 1265 auctorem
943 1198 1516 1281 supernaturalem,
1536 1197 1660 1259 illis

81 1295 188 1357 uti.
221 1294 512 1359 Maxime
540 1294 690 1377 quia
709 1290 878 1355 idem
907 1292 1165 1356 omnino
1195 1298 1292 1355 est
1319 1294 1486 1355 Deus
1513 1308 1662 1353 auc-

81 1398 174 1451 tor
211 1394 472 1453 naturae
523 1390 589 1454 et
637 1386 875 1469 gratim,
907 1386 1238 1467 solumque
1272 1403 1386 1468 per
1416 1383 1661 1447 habitu·

81 1486 294 1547 dinem
327 1482 422 1547 ad
451 1483 738 1545 diversos
761 1482 1016 1543 effectus
1042 1481 1180 1555 illas
1203 1479 1666 1545 denominatio-

77 1598 188 1639 nes
213 1596 254 1639 a
283 1576 481 1639 nobis
505 1576 752 1655 recipit,
769 1592 911 1657 quae
935 1574 1024 1639 ita
1041 1580 1190 1637 sunt
1211 1572 1658 1647 subordinatas,

77 1680 140 1733 ut
173 1690 310 1733 nna
339 1670 616 1733 alteram
645 1686 762 1751 per
805 1686 875 1731 se
921 1672 1236 1749 supponat
1260 1681 1282 1745 ;
1313 1666 1454 1729 ideo
1489 1666 1662 1729 enim

73 1768 246 1829 Deus
265 1770 490 1845 potest
516 1769 745 1843 praeter
771 1762 873 1827 vel
901 1780 1092 1842 supra
1115 1767 1407 1823 naturam
1433 1760 1661 1823 immu-

79 1866 214 1921 tare
247 1864 614 1933 creaturas,
639 1857 790 1935 quia
838 1860 932 1918 est
973 1860 1192 1920 auctor
1221 1860 1284 1919 et
1335 1870 1664 1934 supremus

79 1952 337 2013 illarum
368 1950 674 2013 dominus
701 1968 817 2031 per
839 1946 1148 2012 infinitam
1169 1947 1512 2029 potentiam
1539 1964 1664 2027 qua

79 2046 214 2106 illas
251 2049 458 2117 creat,
489 2050 556 2107 et
584 2042 812 2107 eodem
857 2040 1034 2105 titulo
1065 2040 1302 2105 eisdem
1341 2045 1548 2121 potest
1580 2040 1668 2103 uti

85 2146 152 2201 ut
182 2136 638 2199 instrumentis
667 2134 751 2197 nd
778 2153 852 2199 ea
877 2132 1090 2197 omnia
1124 2152 1266 2217 quae
1313 2152 1442 2197 non
1485 2151 1670 2215 repu-

85 2236 324 2313 gnant;
371 2235 438 2293 et
473 2228 645 2305 ideo,
687 2227 860 2313 quod
910 2227 1192 2308 potentia
1233 2227 1670 2291 obedientialis

83 2326 440 2388 comitetur
477 2325 861 2401 creaturam,
899 2327 970 2384 ut
1001 2320 1083 2383 ab
1121 2327 1376 2384 auctore
1427 2330 1670 2385 naturae

79 2416 422 2499 procedit,
475 2416 638 2479 nihil
680 2415 918 2493 obstat,
959 2413 1088 2477 imo
1128 2414 1309 2477 valde
1344 2420 1672 2479 consenta-

85 2531 290 2573 neum
305 2516 368 2572 et
386 2526 792 2589 consequens
824 2514 940 2585 est,
974 2514 1042 2569 ut
1085 2506 1254 2571 idem
1287 2514 1507 2571 auctor
1537 2508 1672 2589 ejus

93 2626 170 2669 ea
193 2606 288 2667 uti
312 2603 560 2685 possit,
595 2610 662 2665 ut
705 2603 1141 2678 instrumentO,
1168 2620 1357 2683 supra
1379 2607 1673 2665 naturam

93 2702 254 2783 ejus,
295 2708 608 2781 tanquam
631 2714 962 2779 supremus
987 2696 1150 2759 illius
1178 2696 1494 2761 dominus.

167 2796 278 2857 89.
322 2792 434 2858 Aa
463 2791 756 2873 pomatioe
793 2790 1020 2859 animm
1048 2790 1324 2871 efficiat
1367 2808 1670 2875 superna·

87 2888 328 2953 turales
357 2890 540 2952 actus
562 2890 634 2950 ut
669 2884 1096 2951 iustrumenta.
1119 2918 1201 2931 —-
1221 2882 1447 2949 Prima
1472 2882 1673 2965 opinio

87 2982 412 3061 rejicitur.
438 3012 524 3027 —
547 2978 752 3059 Atque
777 2978 908 3039 haec
951 2976 1207 3059 quidem
1241 2975 1670 3041 difficultatem

89 3094 222 3137 non
261 3073 510 3137 habent
551 3071 620 3135 in
667 3070 1017 3137 actionibus
1061 3070 1668 3153 supernaturalibuS,

91 3189 210 3231 seu
261 3164 660 3231 miraculosis
689 3164 1155 3227 transeuntibus
1173 3208 1190 3239 ‚
1219 3182 1334 3227 seu
1362 3182 1492 3227 non
1519 3163 1673 3226 vita-

85 3264 265 3323 libus
287 3284 308 3337 ;
351 3261 434 3321 de
473 3258 719 3322 actibus
745 3250 895 3321 vero
944 3256 1526 3339 supernaturalibus
1554 3258 1672 3321 im·-

89 3352 511 3417 manentibus
552 3358 614 3415 et
640 3350 927 3415 vitalibus
959 3350 1310 3415 intellectus
1343 3356 1406 3413 et
1449 3349 1669 3412 volun-

87 3450 240 3511 tatis
271 3444 570 3527 specialis
603 3442 935 3507 difficultas
963 3449 1096 3518 est,
1129 3463 1212 3507 an
1240 3442 1520 3507 dicendae
1547 3444 1674 3508 sint

87 3541 404 3622 potentiae
443 3538 676 3601 animae
723 3538 996 3604 influere
1049 3537 1116 3601 in
1155 3536 1298 3601 illos
1348 3538 1675 3601 utinstru-

91 3640 320 3695 menta
352 3632 583 3694 divinae
619 3631 866 3713 gratiae,
918 3650 1003 3694 an
1051 3648 1200 3693 vero
1252 3636 1322 3695 ut
1367 3630 1675 3713 principia

105 3726 394 3805 proxime
441 3724 838 3811 principalia,
881 3726 1104 3788 saltem
1147 3724 1464 3805 partialia;
1501 3742 1674 3801 nam,

109 3822 292 3899 juxta
315 3819 623 3879 rationem
649 3816 1044 3885 instrumenti
1081 3836 1120 3879 a
1167 3816 1350 3879 nobis
1399 3816 1680 3883 declara-

115 3920 266 3987 tam,
297 3912 590 3973 videntur
625 3912 722 3973 hae
770 3911 1066 3991 potentiae
1113 3908 1395 3973 dicendoe
1448 3912 1679 3977 instru-

107 4012 348 4081 menta,
399 4023 530 4067 non
559 4005 772 4067 minus
801 4023 995 4086 quam
1041 4010 1269 4067 caetera
1319 4004 1527 4067 divina
1578 4006 1678 4069 in-

107 4102 482 4159 strumenta.
516 4096 786 4159 Aliunde
813 4116 963 4159 vero
1008 4094 1255 4162 videtur
1297 4117 1675 4181 repugnare,

105 4190 278 4273 quod
313 4188 596 4252 influxus
624 4190 702 4253 sit
729 4190 934 4253 vitalis
963 4196 1024 4255 et
1049 4187 1228 4267 liber,
1263 4196 1326 4252 et
1360 4192 1530 4273 quod
1551 4210 1680 4255 non

107 4288 181 4347 sit
200 4285 282 4345 ab
308 4289 616 4364 operante
647 4290 716 4345 ιιι
731 4285 812 4347 ab
842 4292 1070 4367 agente
1097 4282 1426 4365 principali
1459 4290 1524 4347 et
1539 4303 1682 4367 pro·

109 4380 298 4439 ximo,
335 4378 601 4461 Propter
625 4374 798 4457 quod
825 4376 1020 4458 aliqui
1039 4384 1297 4457 negant,
1321 4378 1437 4441 has
1460 4384 1681 4461 poten-

111 4474 228 4535 tias
249 4470 525 4533 inssuere
555 4470 620 4531 in
653 4470 772 4533 hos
801 4477 977 4535 actus
1005 4476 1075 4533 ut
1098 4470 1536 4548 instrumenta,
1569 4470 1686 4535 sed

115 4574 180 4629 ιιι
210 4563 592 4647 principalia
611 4566 918 4647 principia
937 4552 1222 4647 proxima
1259 4570 1323 4629 et
1359 4568 1684 4649 operantia

115 4678 240 4723 non
293 4677 414 4738 pei·
467 4658 816 4739 potentiam
872 4656 1379 4735 obedientialem,
1409 4658 1523 4723 sed
1572 4679 1688 4741 per

117 4751 498 4824 naturalem,
533 4769 728 4829 quam
755 4751 992 4813 habent
1018 4770 1098 4813 ex
1119 4758 1347 4815 natura
1380 4771 1494 4815 sua
1520 4770 1687 4815 com-

119 4852 554 4909 mensuratam
571 4844 668 4909 his
681 4844 944 4920 actibus,
965 4847 1248 4926 quamvis
1263 4864 1392 4909 non
1405 4846 1682 4927 plenam.

122 4940 242 5002 Sed
271 4939 416 5003 haec
451 4941 788 5014 sententia,
811 4940 930 5009 hoc
951 4939 1139 5005 modo
1165 4940 1490 5021 explicata,
1517 4959 1552 5005 a
1577 4958 1688 5005 no-

125 5032 216 5095 bis
249 5035 496 5113 rejecta
527 5039 624 5097 est
657 5033 726 5097 in
757 5034 1066 5097 solutione
1094 5033 1281 5125 primi
1307 5034 1686 5119 argumenti.

199 5126 298 5191 90.
351 5124 642 5192 Secunda
661 5126 863 5211 opinio
884 5126 1430 5205 refutatum-Alii
1449 5126 1688 5203 dicunt,

131 5220 236 5283 has
260 5217 584 5303 potentias
623 5217 890 5285 influere
936 5220 1234 5301 praedicto
1261 5218 1450 5285 modo
1481 5220 1546 5285 in
1576 5222 1691 5285 hos

135 5322 325 5395 actuS,
372 5322 445 5377 ut
487 5321 637 5377 sunt
672 5318 848 5379 actus
878 5312 1198 5393 credendi,
1229 5314 1508 5392 amandi,
1539 5320 1688 5391 etc„

136 5424 252 5469 non
287 5428 440 5471 vero
473 5417 543 5472 ut
572 5415 718 5471 sunt
765 5412 939 5473 actus
987 5408 1520 5489 supernaturales.
1570 5402 1692 5478 Sed

137 5500 228 5565 hic
269 5504 460 5565 etiam
490 5500 719 5587 modus
759 5502 1005 5567 dicendi
1034 5520 1158 5570 non
1187 5500 1511 5583 probatur,
1544 5520 1692 5565 nam

1742 444 1844 507 vel
1867 461 1984 527 per
2012 443 2185 507 illam
2220 443 2785 527 reduplicationem
2812 444 3121 513 indicatur
3145 451 3307 517 ratio

1745 554 1888 617 quoe
1925 537 1997 600 in
2024 538 2251 601 esseetu
2280 536 2373 616 fit,
2408 539 2511 603 vel
2538 538 2695 601 ratio
2738 538 2856 601 sub
2884 558 3009 619 qua
3038 542 3127 604 fit,
3180 544 3309 609 Pri-

1745 649 1922 696 mum
1952 631 2073 694 dici
2102 650 2229 695 non
2268 636 2495 713 potest,
2527 633 2677 712 quia
2706 651 2851 697 cum
2880 634 2945 697 in
2966 641 3113 699 actu
3134 656 3309 703 amo-

1745 727 1834 789 ris
1859 729 2381 809 supernaturalis,
2398 728 2574 794 verbi
2600 728 2822 809 gratia,
2844 729 2911 791 in
2936 750 3007 795 re
3029 750 3159 797 non
3182 734 3309 802 dis-

1743 822 2113 903 tinguantur
2142 824 2303 885 ratio
2338 825 2595 901 amoris,
2618 830 2681 885 et
2710 825 2849 889 talis
2878 828 3137 905 amoris,
3176 847 3309 895 non

1743 922 1953 995 potest
2002 916 2167 981 actio
2223 916 2483 997 physica
2538 917 2851 997 attingere
2907 938 3111 983 unum
3153 922 3313 1000 quin

1745 1008 2014 1089 attingat
2063 1010 2235 1071 aliud
2252 1055 2275 1087 ‚
2322 1011 2595 1075 maxime
2642 1030 2787 1075 cum
2843 1014 3005 1077 ratio
3044 1016 3305 1089 amoris.

1736 1110 1808 1167 ut
1843 1104 1928 1168 ibi
1958 1110 2283 1171 contracta
2326 1110 2447 1181 est,
2485 1105 2569 1169 ad
2614 1109 3159 1186 supernaturalem
3208 1129 3311 1175 or-

1739 1196 1954 1261 dinem
2008 1197 2087 1261 sit
2138 1198 2419 1275 elevata;
2467 1200 2637 1261 unde
2678 1218 2809 1263 non
2848 1207 3053 1281 potest
3098 1203 3309 1284 aliqua

1739 1291 2019 1370 potentia
2048 1309 2186 1355 esse
2214 1292 2599 1375 principium
2648 1294 2995 1375 principale
3030 1296 3197 1361 illiue
3220 1298 3313 1364 ef-

1743 1384 1944 1451 fectus
1986 1386 2339 1449 secundum
2380 1404 2573 1452 unam
2615 1392 2949 1466 ranonem,
2998 1395 3061 1453 et
3084 1390 3313 1456 instru-

1743 1478 2021 1541 mentale
2054 1478 2405 1543 secundum
2430 1479 2641 1555 aliam,
2674 1480 2827 1559 quia
2848 1487 2913 1545 et
2940 1482 3099 1545 ratio
3122 1502 3313 1563 gene-

1743 1571 1874 1633 rica
1915 1572 2161 1635 elevata
2206 1578 2303 1635 est
2344 1572 2427 1637 ad
2452 1574 2997 1653 supernaturalem
3026 1577 3311 1641 ordinem

1742 1681 1857 1744 per
1901 1664 2323 1731 differentiam
2376 1665 2760 1747 specificam,
2804 1674 2866 1731 et
2910 1686 2947 1731 e
2998 1669 3311 1735 contrario

1744 1764 1920 1819 actus
1936 1759 2127 1822 etiam
2147 1759 2495 1823 secundum
2514 1758 2935 1825 differentiam
2956 1762 3313 1843 specificam

1743 1852 1946 1915 vitalis
1972 1860 2071 1917 est
2116 1858 2180 1917 et
2224 1853 2404 1917 liber.
2444 1854 2809 1919 Secundum
2838 1862 3076 1935 autem,
3106 1856 3188 1921 de
3212 1878 3313 1921 ra·-

1745 1947 1917 2011 tione
1950 1946 2070 2009 sub
2098 1964 2250 2027 qua,
2278 1966 2409 2013 non
2436 1954 2605 2012 recte
2648 1948 2749 2014 hic
2776 1950 3311 2029 accommodatur,

1749 2040 1898 2119 quia
1923 2040 2083 2103 ratio
2104 2040 2319 2121 aliqua
2338 2042 2692 2105 communis
2715 2042 2971 2107 inventa
2990 2044 3057 2107 in
3080 2046 3314 2109 effecti-

1749 2133 1868 2197 bus
1891 2152 2025 2197 non
2048 2134 2405 2199 attribuitur
2430 2140 2501 2197 ut
2524 2134 2853 2216 adaequata
2868 2137 3027 2199 ratio
3044 2138 3165 2201 sub
3186 2156 3315 2218 qua

1749 2232 2041 2309 respectu
2068 2227 2361 2309 potentiae
2392 2228 2609 2293 activae
2636 2276 2650 2305 ,
2686 2234 2751 2291 et
2779 2235 2847 2293 ut
2882 2228 2969 2291 illi
2998 2248 3327 2295 commen-

1753 2326 1993 2397 surata,
2026 2327 2088 2383 et
2128 2320 2496 2387 naturaliter
2534 2322 3027 2403 proportionata,
3056 2323 3177 2387 nisi
3204 2325 3315 2391 illa

1751 2414 2033 2495 potentia
2064 2412 2301 2479 babeat
2326 2415 2681 2478 naturalem
2715 2416 2841 2481 vim
2876 2422 2939 2479 et
2964 2419 3315 2497 proportio-

1751 2526 1902 2591 nem
1929 2526 2075 2570 cum
2103 2508 2395 2571 omnibus
2416 2508 2819 2571 inferioribus
2844 2509 2963 2573 sub
2996 2510 3101 2573 tali
3125 2512 3317 2577 ratio·-

1751 2617 1833 2662 ne
1864 2601 2205 2677 contentis,
2242 2600 2413 2681 quod
2448 2601 2519 2665 in
2558 2604 2849 2683 praesenti
2891 2603 3017 2667 dici
3046 2622 3175 2669 non
3206 2624 3317 2685 po·

1755 2698 1914 2767 test,
1952 2700 2023 2755 ut
2048 2710 2126 2757 ex
2155 2692 2335 2757 dictis
2378 2699 2572 2774 patet.
2616 2696 3026 2777 Assumptum
3066 2698 3315 2761 ostendi

1753 2792 1963 2865 potest
1985 2785 2187 2868 primo
2214 2786 2602 2864 inductione,
2618 2794 2749 2853 tam
2770 2789 2839 2854 in
2862 2791 3317 2871 omnipotentia

1753 2877 1965 2943 divina
1994 2895 2185 2959 quam
2214 2880 2276 2941 in
2310 2880 2605 2946 omnibus
2622 2880 3059 2959 inferioribus;
3085 2884 3319 2951 deinde

1751 2972 2025 3051 ratione,
2056 2973 2203 3055 quia
2232 2974 2515 3055 potentia
2534 2974 2737 3039 activa
2766 2980 2839 3037 ut
2862 2976 2957 3041 sic
2977 2995 3111 3042 non
3136 2978 3329 3051 attin·-

1751 3066 1842 3147 git
1861 3066 2139 3131 rationes
2168 3067 2283 3131 has
2306 3086 2694 3146 communes,
2714 3074 2787 3133 ut
2802 3071 3093 3149 proecisas
3119 3078 3183 3133 et
3208 3072 3325 3135 ab·-

1752 3166 2041 3238 stractas,
2074 3160 2237 3228 sicut
2256 3163 2651 3243 attinguntur
2678 3162 2993 3225 interdum
3014 3164 3317 3245 objectae

1749 3254 2049 3334 potentiis
2075 3255 2599 3335 cognoscentibus
2628 3262 2693 3319 et
2722 3257 3081 3321 amantibus
3106 3265 3175 3321 ut
3200 3260 3314 3337 sic,

1756 3348 1902 3425 quia
1931 3348 2177 3411 effectio
2214 3366 2466 3431 semper
2494 3352 2776 3415 versatur
2796 3350 2959 3413 circa
2989 3350 3319 3431 particula-

1751 3458 1892 3501 rem
1923 3446 2157 3517 actum,
2190 3458 2304 3501 seu
2346 3441 2683 3503 terminum
2722 3443 3131 3521 productum;
3168 3463 3317 3527 ergo

1753 3534 1914 3597 ratio
1943 3536 2296 3599 communis
2322 3553 2453 3599 non
2478 3541 2687 3615 potest
2710 3536 3015 3617 assignari
3053 3544 3123 3602 ut
3160 3539 3323 3601 adee-

1758 3632 1951 3707 quata
1980 3627 2139 3689 ratio
2170 3627 2289 3691 sub
2321 3646 2447 3709 qua
2470 3628 2767 3709 potentiae
2790 3630 3195 3710 productivae‚
3226 3633 3323 3696 ni·

1759 3722 1814 3785 si
1845 3721 2126 3803 potentia
2156 3739 2223 3786 se
2254 3722 2549 3789 extendat
2574 3723 2657 3787 ad
2694 3724 2909 3791 omnia
2940 3726 3059 3789 sub
3088 3725 3195 3793 tali
3222 3746 3325 3791 ra-

1758 3816 1932 3879 tione
1962 3822 2282 3893 contenta,
2314 3816 2592 3896 alioquin
2617 3815 2861 3881 excedit
2886 3818 3023 3879 talis
3049 3819 3207 3882 ratio
3230 3819 3327 3899 ip·

1763 3926 1896 3971 sam
1927 3908 2295 3988 potentiam.
2322 3906 2450 3971 Sed
2476 3908 2541 3971 in
2566 3909 2861 3989 praesenti
2886 3910 3200 3987 voluntas,
3225 3912 3327 3975 vel

1759 4000 2135 4075 intellectus,
2166 4006 2235 4063 ιιι
2272 4004 2417 4061 sunt
2462 4001 2781 4065 naturales
2828 4003 3147 4083 potentiae‚
3198 4022 3325 4070 non

1759 4112 1830 4159 se
1861 4094 2207 4158 extendunt
2234 4094 2319 4160 ad
2356 4112 2579 4160 omues
2626 4102 2803 4159 actus
2850 4097 3225 4177 cognitionis
3262 4104 3333 4163 et

1761 4190 2031 4264 amoris,
2058 4193 2132 4251 ut
2179 4187 2419 4252 dictum
2450 4196 2585 4263 est;
2642 4207 2795 4271 ergo
2824 4208 2952 4253 non
2986 4192 3331 4271 respiciunt

1765 4281 1901 4346 illas
1945 4280 2225 4345 rationes
2276 4299 2675 4357 communes,
2736 4288 2807 4349 ut
2852 4284 3217 4365 adaequatas
3262 4292 3329 4353 et

1764 4377 2267 4458 proportionatas
2309 4377 2587 4444 rationes
2624 4378 2742 4444 sub
2782 4378 3015 4461 quibus
3058 4400 3329 4463 operan-

1765 4476 1890 4533 tur.

1846 4566 1949 4631 91.
1999 4562 2177 4639 Quod
2200 4564 2255 4629 si
2280 4566 2421 4649 quis
2442 4566 2818 4641 contendat,
2848 4568 3158 4636 rationem
3202 4570 3331 4636 fot-

1767 4659 2001 4721 malem
2032 4659 2151 4721 sub
2174 4677 2322 4739 qua,
2348 4678 2489 4723 esse
2512 4660 2685 4725 illam
2709 4662 3020 4727 rationem
3046 4682 3331 4730 commu-

1767 4770 1942 4829 nem,
1982 4768 2125 4833 quoe
2154 4752 2275 4815 sub
2313 4772 2381 4815 se
2414 4755 2889 4835 comprehendit
2924 4774 3145 4822 omnes
3190 4758 3328 4822 illas

1769 4845 2046 4909 rationes
2078 4846 2489 4925 particulares
2522 4846 2603 4912 ad
2636 4864 2797 4927 quae
2826 4849 3077 4913 extendi
3124 4856 3330 4931 potest

1769 4938 1931 5001 actio
1962 4938 2283 5019 potentiae,
2311 4939 2413 5003 vel
2438 4941 2839 5019 naturaliter,
2869 4942 2969 5008 vel
3004 4960 3085 5009 ex
3126 4944 3330 5005 eleva-

1770 5032 1965 5109 tione,
1993 5038 2211 5099 contra
2236 5033 2359 5099 hoc
2390 5039 2509 5111 est,
2534 5035 2685 5113 quia
2714 5035 3001 5116 nequiter
3026 5038 3357 5117 imprimis,

1772 5125 1997 5191 eadem
2022 5126 2265 5191 ratione
2298 5126 2467 5195 idem
2496 5146 2637 5191 esse
2685 5127 3023 5200 dicendum
3066 5129 3147 5193 de
3190 5148 3333 5211 pro·

1771 5218 1922 5299 priis
1972 5225 2035 5284 et
2082 5218 2389 5299 specificis
2436 5219 2823 5297 rationibus,
2860 5222 2941 5288 ad
2992 5240 3173 5303 quas,
3196 5222 3358 5295 esti-n

1774 5311 2030 5375 ciendas
2060 5318 2269 5398 potest
2294 5313 2523 5377 elevari
2552 5316 2853 5397 potentia.
2904 5317 3199 5397 Sequitur
3226 5316 3334 5381 de·

1772 5404 1917 5477 inde
1946 5406 2115 5474 idem
2141 5425 2281 5474 esse
2308 5407 2645 5477 dicendum
2678 5408 2757 5491 de
2794 5428 3175 5492 quacunque
3210 5411 3333 5477 alia

1773 5500 1998 5565 virtute
2052 5502 2345 5577 naturali,
2404 5502 2603 5567 activa
2648 5503 2891 5569 actione
2942 5509 3360 5581 tran-eunte„
