<?xml version="1.0" encoding="UTF-8"?>
<!DOCTYPE html PUBLIC "-//W3C//DTD XHTML 1.0 Transitional//EN"
    "http://www.w3.org/TR/xhtml1/DTD/xhtml1-transitional.dtd">
<html xmlns="http://www.w3.org/1999/xhtml" xml:lang="en" lang="en">
 <head>
  <title>
</title>
<meta http-equiv="Content-Type" content="text/html;charset=utf-8" />
  <meta name='ocr-system' content='tesseract 3.04.00' />
  <meta name='ocr-capabilities' content='ocr_page ocr_carea ocr_par ocr_line ocrx_word'/>
</head>
<body>
  <div class='ocr_page' id='page_1' title='image "./rpfranciscisuar00unkngoog_0158.png"; bbox 0 0 3892 6167; ppageno 0'>
   <div class='ocr_carea' id='block_1_1' title="bbox 511 308 632 373">
    <p class='ocr_par' dir='ltr' id='par_1_1' title="bbox 511 308 632 373">
     <span class='ocr_line' id='line_1_1' title="bbox 511 308 632 373; baseline -0.033 0"><span class='ocrx_word' id='word_1_1' title='bbox 511 308 632 373; x_wconf 69' lang='grc' dir='ltr'><strong>ΜΟ</strong></span> 
     </span>
    </p>
   </div>
   <div class='ocr_carea' id='block_1_2' title="bbox 494 410 2067 2093">
    <p class='ocr_par' dir='ltr' id='par_1_2' title="bbox 494 410 2067 2093">
     <span class='ocr_line' id='line_1_2' title="bbox 509 410 2066 495; baseline -0.001 -16"><span class='ocrx_word' id='word_1_2' title='bbox 509 413 812 491; x_wconf 81' lang='lat' dir='ltr'><strong>activitas,</strong></span> <span class='ocrx_word' id='word_1_3' title='bbox 831 412 912 477; x_wconf 87' lang='lat' dir='ltr'><strong>sit</strong></span> <span class='ocrx_word' id='word_1_4' title='bbox 948 410 1188 477; x_wconf 84' lang='lat' dir='ltr'><strong>ordinis</strong></span> <span class='ocrx_word' id='word_1_5' title='bbox 1213 413 1724 495; x_wconf 82' lang='lat' dir='ltr'><strong>supernaturalis,</strong></span> <span class='ocrx_word' id='word_1_6' title='bbox 1745 414 1934 479; x_wconf 87' lang='lat' dir='ltr'><strong>etiam</strong></span> <span class='ocrx_word' id='word_1_7' title='bbox 1954 412 2066 477; x_wconf 91' lang='lat' dir='ltr'><strong>illa</strong></span> 
     </span>
     <span class='ocr_line' id='line_1_3' title="bbox 501 505 2065 589; baseline 0.001 -20"><span class='ocrx_word' id='word_1_8' title='bbox 501 508 785 589; x_wconf 86' lang='lat' dir='ltr'><strong>potentia</strong></span> <span class='ocrx_word' id='word_1_9' title='bbox 841 506 960 569; x_wconf 87' lang='lat' dir='ltr'><strong>erit</strong></span> <span class='ocrx_word' id='word_1_10' title='bbox 1007 505 1328 571; x_wconf 83' lang='lat' dir='ltr'><strong>entitative</strong></span> <span class='ocrx_word' id='word_1_11' title='bbox 1373 508 1892 587; x_wconf 84' lang='lat' dir='ltr'><strong>supernaturalis,</strong></span> <span class='ocrx_word' id='word_1_12' title='bbox 1933 525 2065 571; x_wconf 78' lang='lat' dir='ltr'><strong>non</strong></span> 
     </span>
     <span class='ocr_line' id='line_1_4' title="bbox 504 600 2066 683; baseline -0.001 -17"><span class='ocrx_word' id='word_1_13' title='bbox 504 607 762 683; x_wconf 87' lang='lat' dir='ltr'><strong>propter</strong></span> <span class='ocrx_word' id='word_1_14' title='bbox 787 600 1221 665; x_wconf 74' lang='lat' dir='ltr'><strong>habitudinem</strong></span> <span class='ocrx_word' id='word_1_15' title='bbox 1247 601 1332 663; x_wconf 88' lang='lat' dir='ltr'><strong>ad</strong></span> <span class='ocrx_word' id='word_1_16' title='bbox 1375 602 1552 665; x_wconf 88' lang='lat' dir='ltr'><strong>illum</strong></span> <span class='ocrx_word' id='word_1_17' title='bbox 1589 600 1918 679; x_wconf 82' lang='lat' dir='ltr'><strong>effectum,</strong></span> <span class='ocrx_word' id='word_1_18' title='bbox 1952 602 2066 667; x_wconf 85' lang='lat' dir='ltr'><strong>sed</strong></span> 
     </span>
     <span class='ocr_line' id='line_1_5' title="bbox 504 693 2060 777; baseline 0.004 -20"><span class='ocrx_word' id='word_1_19' title='bbox 504 698 766 777; x_wconf 82' lang='lat' dir='ltr'><strong>propter,</strong></span> <span class='ocrx_word' id='word_1_20' title='bbox 805 693 1084 775; x_wconf 85' lang='lat' dir='ltr'><strong>speciem</strong></span> <span class='ocrx_word' id='word_1_21' title='bbox 1105 700 1183 759; x_wconf 79' lang='lat' dir='ltr'><strong>-ct</strong></span> <span class='ocrx_word' id='word_1_22' title='bbox 1215 697 1552 761; x_wconf 71' lang='lat' dir='ltr'><strong>essentiam</strong></span> <span class='ocrx_word' id='word_1_23' title='bbox 1599 697 1739 762; x_wconf 80' lang='lat' dir='ltr'><strong>talis</strong></span> <span class='ocrx_word' id='word_1_24' title='bbox 1767 700 2060 763; x_wconf 80' lang='lat' dir='ltr'><strong>entitatis.</strong></span> 
     </span>
     <span class='ocr_line' id='line_1_6' title="bbox 507 787 2067 870; baseline 0.006 -21"><span class='ocrx_word' id='word_1_25' title='bbox 507 787 716 851; x_wconf 85' lang='lat' dir='ltr'><strong>Potest</strong></span> <span class='ocrx_word' id='word_1_26' title='bbox 742 788 913 850; x_wconf 91' lang='lat' dir='ltr'><strong>enim</strong></span> <span class='ocrx_word' id='word_1_27' title='bbox 941 788 1078 851; x_wconf 80' lang='lat' dir='ltr'><strong>haec</strong></span> <span class='ocrx_word' id='word_1_28' title='bbox 1101 790 1382 870; x_wconf 84' lang='lat' dir='ltr'><strong>potentia</strong></span> <span class='ocrx_word' id='word_1_29' title='bbox 1411 790 1844 855; x_wconf 74' lang='lat' dir='ltr'><strong>obedientialis</strong></span> <span class='ocrx_word' id='word_1_30' title='bbox 1873 792 2067 858; x_wconf 84' lang='lat' dir='ltr'><strong>etiam</strong></span> 
     </span>
     <span class='ocr_line' id='line_1_7' title="bbox 503 880 2060 968; baseline 0.006 -25"><span class='ocrx_word' id='word_1_31' title='bbox 503 880 572 943; x_wconf 90' lang='lat' dir='ltr'><strong>in</strong></span> <span class='ocrx_word' id='word_1_32' title='bbox 611 880 1192 963; x_wconf 79' lang='lat' dir='ltr'><strong>supernaturalibus</strong></span> <span class='ocrx_word' id='word_1_33' title='bbox 1222 884 1624 965; x_wconf 84' lang='lat' dir='ltr'><strong>qualitatibus</strong></span> <span class='ocrx_word' id='word_1_34' title='bbox 1647 886 2027 951; x_wconf 85' lang='lat' dir='ltr'><strong>considerari</strong></span> <span class='ocrx_word' id='word_1_35' title='bbox 2037 903 2060 968; x_wconf 77' lang='lat'>3</span> 
     </span>
     <span class='ocr_line' id='line_1_8' title="bbox 502 977 2064 1059; baseline 0.005 -22"><span class='ocrx_word' id='word_1_36' title='bbox 502 988 652 1039; x_wconf 87' lang='lat' dir='ltr'><strong>nam</strong></span> <span class='ocrx_word' id='word_1_37' title='bbox 681 977 1030 1053; x_wconf 77' lang='lat' dir='ltr'><strong>character,</strong></span> <span class='ocrx_word' id='word_1_38' title='bbox 1057 978 1228 1041; x_wconf 82' lang='lat' dir='ltr'><strong>verbi</strong></span> <span class='ocrx_word' id='word_1_39' title='bbox 1269 980 1492 1059; x_wconf 82' lang='lat' dir='ltr'><strong>gratia,</strong></span> <span class='ocrx_word' id='word_1_40' title='bbox 1521 981 1622 1043; x_wconf 80' lang='lat' dir='ltr'><strong>vel</strong></span> <span class='ocrx_word' id='word_1_41' title='bbox 1651 980 1923 1045; x_wconf 85' lang='lat' dir='ltr'><strong>charitas</strong></span> <span class='ocrx_word' id='word_1_42' title='bbox 1954 988 2064 1045; x_wconf 84' lang='lat' dir='ltr'><strong>aut</strong></span> 
     </span>
     <span class='ocr_line' id='line_1_9' title="bbox 501 1070 2065 1153; baseline 0.004 -20"><span class='ocrx_word' id='word_1_43' title='bbox 501 1071 704 1151; x_wconf 85' lang='lat' dir='ltr'><strong>gratia</strong></span> <span class='ocrx_word' id='word_1_44' title='bbox 749 1070 983 1135; x_wconf 89' lang='lat' dir='ltr'><strong>elevari</strong></span> <span class='ocrx_word' id='word_1_45' title='bbox 1006 1079 1274 1153; x_wconf 84' lang='lat' dir='ltr'><strong>possunt</strong></span> <span class='ocrx_word' id='word_1_46' title='bbox 1299 1073 1381 1137; x_wconf 89' lang='lat' dir='ltr'><strong>ad</strong></span> <span class='ocrx_word' id='word_1_47' title='bbox 1407 1074 1770 1140; x_wconf 83' lang='lat' dir='ltr'><strong>efficiendos</strong></span> <span class='ocrx_word' id='word_1_48' title='bbox 1799 1075 2065 1139; x_wconf 75' lang='lat' dir='ltr'><strong>effectus</strong></span> 
     </span>
     <span class='ocr_line' id='line_1_10' title="bbox 501 1166 2063 1249; baseline 0.003 -20"><span class='ocrx_word' id='word_1_49' title='bbox 501 1183 662 1245; x_wconf 89' lang='lat' dir='ltr'><strong>quos</strong></span> <span class='ocrx_word' id='word_1_50' title='bbox 716 1166 1082 1231; x_wconf 79' lang='lat' dir='ltr'><strong>naturaliter</strong></span> <span class='ocrx_word' id='word_1_51' title='bbox 1135 1166 1384 1231; x_wconf 83' lang='lat' dir='ltr'><strong>efficere</strong></span> <span class='ocrx_word' id='word_1_52' title='bbox 1431 1186 1562 1231; x_wconf 88' lang='lat' dir='ltr'><strong>non</strong></span> <span class='ocrx_word' id='word_1_53' title='bbox 1599 1175 1886 1249; x_wconf 85' lang='lat' dir='ltr'><strong>possunt,</strong></span> <span class='ocrx_word' id='word_1_54' title='bbox 1929 1170 2063 1233; x_wconf 79' lang='lat' dir='ltr'><strong>sive</strong></span> 
     </span>
     <span class='ocr_line' id='line_1_11' title="bbox 499 1260 2063 1341; baseline 0.004 -20"><span class='ocrx_word' id='word_1_55' title='bbox 499 1260 648 1337; x_wconf 84' lang='lat' dir='ltr'><strong>quia</strong></span> <span class='ocrx_word' id='word_1_56' title='bbox 677 1260 1046 1341; x_wconf 86' lang='lat' dir='ltr'><strong>superioris,</strong></span> <span class='ocrx_word' id='word_1_57' title='bbox 1077 1260 1210 1324; x_wconf 84' lang='lat' dir='ltr'><strong>sive</strong></span> <span class='ocrx_word' id='word_1_58' title='bbox 1249 1263 1398 1341; x_wconf 87' lang='lat' dir='ltr'><strong>quia</strong></span> <span class='ocrx_word' id='word_1_59' title='bbox 1445 1262 1756 1325; x_wconf 76' lang='lat' dir='ltr'><strong>inferioris</strong></span> <span class='ocrx_word' id='word_1_60' title='bbox 1785 1267 1934 1329; x_wconf 80' lang='lat' dir='ltr'><strong>sunt</strong></span> <span class='ocrx_word' id='word_1_61' title='bbox 1958 1282 2063 1327; x_wconf 88' lang='lat' dir='ltr'><strong>or-</strong></span> 
     </span>
     <span class='ocr_line' id='line_1_12' title="bbox 499 1352 2063 1430; baseline 0.004 -15"><span class='ocrx_word' id='word_1_62' title='bbox 499 1352 680 1430; x_wconf 88' lang='lat' dir='ltr'><strong>dinis,</strong></span> <span class='ocrx_word' id='word_1_63' title='bbox 701 1360 772 1417; x_wconf 90' lang='lat' dir='ltr'><strong>ut</strong></span> <span class='ocrx_word' id='word_1_64' title='bbox 793 1354 848 1417; x_wconf 89' lang='lat' dir='ltr'><strong>si</strong></span> <span class='ocrx_word' id='word_1_65' title='bbox 870 1354 1194 1419; x_wconf 76' lang='lat' dir='ltr'><strong>eleventur</strong></span> <span class='ocrx_word' id='word_1_66' title='bbox 1215 1356 1297 1419; x_wconf 88' lang='lat' dir='ltr'><strong>ad</strong></span> <span class='ocrx_word' id='word_1_67' title='bbox 1321 1356 1720 1421; x_wconf 84' lang='lat' dir='ltr'><strong>efficiendam</strong></span> <span class='ocrx_word' id='word_1_68' title='bbox 1740 1358 2063 1422; x_wconf 83' lang='lat' dir='ltr'><strong>transsub-</strong></span> 
     </span>
     <span class='ocr_line' id='line_1_13' title="bbox 499 1448 2057 1526; baseline 0.003 -17"><span class='ocrx_word' id='word_1_69' title='bbox 499 1448 985 1525; x_wconf 81' lang='lat' dir='ltr'><strong>stantiationem,</strong></span> <span class='ocrx_word' id='word_1_70' title='bbox 1029 1449 1132 1513; x_wconf 81' lang='lat' dir='ltr'><strong>vel</strong></span> <span class='ocrx_word' id='word_1_71' title='bbox 1177 1450 1262 1513; x_wconf 89' lang='lat' dir='ltr'><strong>ad</strong></span> <span class='ocrx_word' id='word_1_72' title='bbox 1305 1449 1710 1515; x_wconf 86' lang='lat' dir='ltr'><strong>efficiendum</strong></span> <span class='ocrx_word' id='word_1_73' title='bbox 1762 1452 2057 1526; x_wconf 88' lang='lat' dir='ltr'><strong>calorem,</strong></span> 
     </span>
     <span class='ocr_line' id='line_1_14' title="bbox 497 1540 2062 1623; baseline 0.004 -21"><span class='ocrx_word' id='word_1_74' title='bbox 497 1540 598 1603; x_wconf 82' lang='lat' dir='ltr'><strong>vel</strong></span> <span class='ocrx_word' id='word_1_75' title='bbox 636 1540 789 1621; x_wconf 87' lang='lat' dir='ltr'><strong>quid</strong></span> <span class='ocrx_word' id='word_1_76' title='bbox 817 1542 1042 1605; x_wconf 90' lang='lat' dir='ltr'><strong>simile.</strong></span> <span class='ocrx_word' id='word_1_77' title='bbox 1075 1542 1156 1605; x_wconf 87' lang='lat' dir='ltr'><strong>At</strong></span> <span class='ocrx_word' id='word_1_78' title='bbox 1191 1560 1338 1605; x_wconf 83' lang='lat' dir='ltr'><strong>vero</strong></span> <span class='ocrx_word' id='word_1_79' title='bbox 1383 1544 1596 1623; x_wconf 84' lang='lat' dir='ltr'><strong>quoad</strong></span> <span class='ocrx_word' id='word_1_80' title='bbox 1627 1562 1812 1607; x_wconf 87' lang='lat' dir='ltr'><strong>usum</strong></span> <span class='ocrx_word' id='word_1_81' title='bbox 1839 1547 1860 1623; x_wconf 90' lang='lat'><strong>(</strong></span> <span class='ocrx_word' id='word_1_82' title='bbox 1877 1552 1944 1607; x_wconf 90' lang='lat' dir='ltr'><strong>ut</strong></span> <span class='ocrx_word' id='word_1_83' title='bbox 1968 1545 2062 1608; x_wconf 86' lang='lat' dir='ltr'><strong>sic</strong></span> 
     </span>
     <span class='ocr_line' id='line_1_15' title="bbox 494 1632 2063 1717; baseline 0.004 -22"><span class='ocrx_word' id='word_1_84' title='bbox 494 1632 744 1714; x_wconf 85' lang='lat' dir='ltr'><strong>dicam),</strong></span> <span class='ocrx_word' id='word_1_85' title='bbox 769 1652 882 1697; x_wconf 89' lang='lat' dir='ltr'><strong>seu</strong></span> <span class='ocrx_word' id='word_1_86' title='bbox 905 1634 1118 1713; x_wconf 86' lang='lat' dir='ltr'><strong>quoad</strong></span> <span class='ocrx_word' id='word_1_87' title='bbox 1145 1654 1378 1699; x_wconf 88' lang='lat' dir='ltr'><strong>munus</strong></span> <span class='ocrx_word' id='word_1_88' title='bbox 1396 1637 1712 1717; x_wconf 74' lang='lat' dir='ltr'><strong>potentiae,</strong></span> <span class='ocrx_word' id='word_1_89' title='bbox 1729 1637 1830 1701; x_wconf 81' lang='lat' dir='ltr'><strong>vel</strong></span> <span class='ocrx_word' id='word_1_90' title='bbox 1849 1638 2063 1717; x_wconf 82' lang='lat' dir='ltr'><strong>quoad</strong></span> 
     </span>
     <span class='ocr_line' id='line_1_16' title="bbox 494 1726 2065 1813; baseline 0.004 -24"><span class='ocrx_word' id='word_1_91' title='bbox 494 1726 754 1791; x_wconf 84' lang='lat' dir='ltr'><strong>modum</strong></span> <span class='ocrx_word' id='word_1_92' title='bbox 776 1728 1030 1807; x_wconf 80' lang='lat' dir='ltr'><strong>agendi,</strong></span> <span class='ocrx_word' id='word_1_93' title='bbox 1053 1748 1182 1791; x_wconf 88' lang='lat' dir='ltr'><strong>non</strong></span> <span class='ocrx_word' id='word_1_94' title='bbox 1209 1736 1414 1809; x_wconf 85' lang='lat' dir='ltr'><strong>potest</strong></span> <span class='ocrx_word' id='word_1_95' title='bbox 1442 1731 1578 1793; x_wconf 76' lang='lat' dir='ltr'><strong>haec</strong></span> <span class='ocrx_word' id='word_1_96' title='bbox 1607 1732 1890 1811; x_wconf 84' lang='lat' dir='ltr'><strong>potentia</strong></span> <span class='ocrx_word' id='word_1_97' title='bbox 1917 1752 2065 1813; x_wconf 86' lang='lat' dir='ltr'><strong>pro-</strong></span> 
     </span>
     <span class='ocr_line' id='line_1_17' title="bbox 495 1822 2061 1905; baseline 0.005 -21"><span class='ocrx_word' id='word_1_98' title='bbox 495 1823 630 1903; x_wconf 89' lang='lat' dir='ltr'><strong>prie</strong></span> <span class='ocrx_word' id='word_1_99' title='bbox 662 1822 786 1885; x_wconf 89' lang='lat' dir='ltr'><strong>dici</strong></span> <span class='ocrx_word' id='word_1_100' title='bbox 813 1824 1138 1901; x_wconf 89' lang='lat' dir='ltr'><strong>naturalis,</strong></span> <span class='ocrx_word' id='word_1_101' title='bbox 1167 1831 1426 1905; x_wconf 85' lang='lat' dir='ltr'><strong>prepter</strong></span> <span class='ocrx_word' id='word_1_102' title='bbox 1460 1843 1536 1888; x_wconf 91' lang='lat' dir='ltr'><strong>ea</strong></span> <span class='ocrx_word' id='word_1_103' title='bbox 1579 1842 1722 1904; x_wconf 76' lang='lat' dir='ltr'><strong>quac</strong></span> <span class='ocrx_word' id='word_1_104' title='bbox 1765 1826 2061 1904; x_wconf 80' lang='lat' dir='ltr'><strong>diximus,</strong></span> 
     </span>
     <span class='ocr_line' id='line_1_18' title="bbox 497 1915 2063 1997; baseline 0.004 -20"><span class='ocrx_word' id='word_1_105' title='bbox 497 1915 648 1995; x_wconf 86' lang='lat' dir='ltr'><strong>quia</strong></span> <span class='ocrx_word' id='word_1_106' title='bbox 673 1934 804 1979; x_wconf 90' lang='lat' dir='ltr'><strong>non</strong></span> <span class='ocrx_word' id='word_1_107' title='bbox 849 1917 982 1997; x_wconf 85' lang='lat' dir='ltr'><strong>agit</strong></span> <span class='ocrx_word' id='word_1_108' title='bbox 1013 1918 1194 1997; x_wconf 75' lang='lat' dir='ltr'><strong>juxta</strong></span> <span class='ocrx_word' id='word_1_109' title='bbox 1231 1919 1932 1997; x_wconf 76' lang='lat' dir='ltr'><strong>commensurationem,</strong></span> <span class='ocrx_word' id='word_1_110' title='bbox 1958 1920 2063 1984; x_wconf 81' lang='lat' dir='ltr'><strong>vel</strong></span> 
     </span>
     <span class='ocr_line' id='line_1_19' title="bbox 495 2009 2061 2093; baseline 0.004 -20"><span class='ocrx_word' id='word_1_111' title='bbox 495 2010 816 2089; x_wconf 88' lang='lat' dir='ltr'><strong>propriam</strong></span> <span class='ocrx_word' id='word_1_112' title='bbox 866 2009 1320 2075; x_wconf 85' lang='lat' dir='ltr'><strong>institutionem</strong></span> <span class='ocrx_word' id='word_1_113' title='bbox 1368 2030 1480 2077; x_wconf 86' lang='lat' dir='ltr'><strong>seu</strong></span> <span class='ocrx_word' id='word_1_114' title='bbox 1529 2012 2061 2093; x_wconf 79' lang='lat' dir='ltr'><strong>specificationem</strong></span> 
     </span>
    </p>
   </div>
   <div class='ocr_carea' id='block_1_3' title="bbox 367 2104 2061 2187">
    <p class='ocr_par' dir='ltr' id='par_1_3' title="bbox 367 2104 2061 2187">
     <span class='ocr_line' id='line_1_20' title="bbox 367 2104 2061 2187; baseline 0.006 -25"><span class='ocrx_word' id='word_1_115' title='bbox 367 2151 374 2162; x_wconf 92' lang='lat'>.</span> <span class='ocrx_word' id='word_1_116' title='bbox 497 2122 626 2168; x_wconf 73' lang='lat' dir='ltr'><strong>sum</strong></span> <span class='ocrx_word' id='word_1_117' title='bbox 659 2104 954 2181; x_wconf 61' lang='lat' dir='ltr'><strong>cantatis,</strong></span> <span class='ocrx_word' id='word_1_118' title='bbox 982 2124 1190 2187; x_wconf 87' lang='lat' dir='ltr'><strong>neque</strong></span> <span class='ocrx_word' id='word_1_119' title='bbox 1219 2126 1364 2172; x_wconf 88' lang='lat' dir='ltr'><strong>cum</strong></span> <span class='ocrx_word' id='word_1_120' title='bbox 1393 2126 1706 2173; x_wconf 84' lang='lat' dir='ltr'><strong>concursu</strong></span> <span class='ocrx_word' id='word_1_121' title='bbox 1733 2128 1847 2173; x_wconf 90' lang='lat' dir='ltr'><strong>seu</strong></span> <span class='ocrx_word' id='word_1_122' title='bbox 1885 2112 2061 2173; x_wconf 77' lang='lat' dir='ltr'><strong>auxi-</strong></span> 
     </span>
    </p>
   </div>
   <div class='ocr_carea' id='block_1_4' title="bbox 491 2198 2062 3217">
    <p class='ocr_par' dir='ltr' id='par_1_4' title="bbox 491 2198 2062 3217">
     <span class='ocr_line' id='line_1_21' title="bbox 495 2198 2061 2282; baseline 0.006 -22"><span class='ocrx_word' id='word_1_123' title='bbox 495 2198 579 2261; x_wconf 90' lang='lat' dir='ltr'><strong>lio</strong></span> <span class='ocrx_word' id='word_1_124' title='bbox 609 2199 724 2263; x_wconf 85' lang='lat' dir='ltr'><strong>sibi</strong></span> <span class='ocrx_word' id='word_1_125' title='bbox 751 2199 966 2265; x_wconf 84' lang='lat' dir='ltr'><strong>debito</strong></span> <span class='ocrx_word' id='word_1_126' title='bbox 986 2246 1002 2276; x_wconf 91' lang='lat'>‚</span> <span class='ocrx_word' id='word_1_127' title='bbox 1035 2218 1154 2265; x_wconf 87' lang='lat' dir='ltr'><strong>uec</strong></span> <span class='ocrx_word' id='word_1_128' title='bbox 1179 2201 1454 2280; x_wconf 87' lang='lat' dir='ltr'><strong>denique</strong></span> <span class='ocrx_word' id='word_1_129' title='bbox 1485 2202 1566 2266; x_wconf 88' lang='lat' dir='ltr'><strong>ad</strong></span> <span class='ocrx_word' id='word_1_130' title='bbox 1595 2204 1922 2282; x_wconf 80' lang='lat' dir='ltr'><strong>effectum,</strong></span> <span class='ocrx_word' id='word_1_131' title='bbox 1959 2205 2061 2269; x_wconf 77' lang='lat' dir='ltr'><strong>vel</strong></span> 
     </span>
     <span class='ocr_line' id='line_1_22' title="bbox 493 2294 2061 2381; baseline 0.006 -26"><span class='ocrx_word' id='word_1_132' title='bbox 493 2294 806 2357; x_wconf 83' lang='lat' dir='ltr'><strong>actionem</strong></span> <span class='ocrx_word' id='word_1_133' title='bbox 829 2313 960 2357; x_wconf 74' lang='lat' dir='ltr'><strong>suae</strong></span> <span class='ocrx_word' id='word_1_134' title='bbox 989 2299 1232 2359; x_wconf 68' lang='lat' dir='ltr'><strong>naturis</strong></span> <span class='ocrx_word' id='word_1_135' title='bbox 1254 2304 1814 2379; x_wconf 74' lang='lat' dir='ltr'><strong>proportionatam.</strong></span> <span class='ocrx_word' id='word_1_136' title='bbox 1841 2301 2061 2381; x_wconf 79' lang='lat' dir='ltr'><strong>Neque</strong></span> 
     </span>
     <span class='ocr_line' id='line_1_23' title="bbox 495 2388 2062 2473; baseline 0.004 -22"><span class='ocrx_word' id='word_1_137' title='bbox 495 2388 684 2452; x_wconf 88' lang='lat' dir='ltr'><strong>etiam</strong></span> <span class='ocrx_word' id='word_1_138' title='bbox 734 2388 960 2453; x_wconf 86' lang='lat' dir='ltr'><strong>dicitur</strong></span> <span class='ocrx_word' id='word_1_139' title='bbox 1001 2392 1496 2470; x_wconf 84' lang='lat' dir='ltr'><strong>supernaturalis</strong></span> <span class='ocrx_word' id='word_1_140' title='bbox 1525 2438 1542 2467; x_wconf 90' lang='lat'><strong>,</strong></span> <span class='ocrx_word' id='word_1_141' title='bbox 1588 2393 1738 2473; x_wconf 86' lang='lat' dir='ltr'><strong>quia</strong></span> <span class='ocrx_word' id='word_1_142' title='bbox 1781 2412 1912 2455; x_wconf 89' lang='lat' dir='ltr'><strong>nou</strong></span> <span class='ocrx_word' id='word_1_143' title='bbox 1964 2401 2062 2458; x_wconf 87' lang='lat' dir='ltr'><strong>est</strong></span> 
     </span>
     <span class='ocr_line' id='line_1_24' title="bbox 492 2483 2059 2567; baseline 0.003 -22"><span class='ocrx_word' id='word_1_144' title='bbox 492 2488 733 2547; x_wconf 62' lang='lat' dir='ltr'><strong>naturae</strong></span> <span class='ocrx_word' id='word_1_145' title='bbox 772 2483 1176 2561; x_wconf 81' lang='lat' dir='ltr'><strong>superaddita</strong></span> <span class='ocrx_word' id='word_1_146' title='bbox 1217 2491 1327 2547; x_wconf 89' lang='lat' dir='ltr'><strong>aut</strong></span> <span class='ocrx_word' id='word_1_147' title='bbox 1355 2485 1582 2549; x_wconf 82' lang='lat' dir='ltr'><strong>infusa.</strong></span> <span class='ocrx_word' id='word_1_148' title='bbox 1617 2486 1742 2549; x_wconf 90' lang='lat' dir='ltr'><strong>Sed</strong></span> <span class='ocrx_word' id='word_1_149' title='bbox 1757 2487 2059 2567; x_wconf 84' lang='lat' dir='ltr'><strong>speciali-</strong></span> 
     </span>
     <span class='ocr_line' id='line_1_25' title="bbox 492 2578 2058 2659; baseline 0.003 -21"><span class='ocrx_word' id='word_1_150' title='bbox 492 2582 586 2639; x_wconf 85' lang='lat' dir='ltr'><strong>ter</strong></span> <span class='ocrx_word' id='word_1_151' title='bbox 631 2582 888 2641; x_wconf 84' lang='lat' dir='ltr'><strong>vocatur</strong></span> <span class='ocrx_word' id='word_1_152' title='bbox 921 2578 1199 2655; x_wconf 86' lang='lat' dir='ltr'><strong>potentia</strong></span> <span class='ocrx_word' id='word_1_153' title='bbox 1227 2578 1696 2651; x_wconf 74' lang='lat' dir='ltr'><strong>obedientialis,</strong></span> <span class='ocrx_word' id='word_1_154' title='bbox 1727 2582 1877 2659; x_wconf 84' lang='lat' dir='ltr'><strong>quia</strong></span> <span class='ocrx_word' id='word_1_155' title='bbox 1925 2599 2058 2643; x_wconf 89' lang='lat' dir='ltr'><strong>non</strong></span> 
     </span>
     <span class='ocr_line' id='line_1_26' title="bbox 493 2670 2057 2751; baseline 0.004 -20"><span class='ocrx_word' id='word_1_156' title='bbox 493 2675 794 2749; x_wconf 84' lang='lat' dir='ltr'><strong>operatur</strong></span> <span class='ocrx_word' id='word_1_157' title='bbox 835 2670 954 2733; x_wconf 86' lang='lat' dir='ltr'><strong>nisi</strong></span> <span class='ocrx_word' id='word_1_158' title='bbox 1007 2688 1084 2733; x_wconf 85' lang='lat' dir='ltr'><strong>ex</strong></span> <span class='ocrx_word' id='word_1_159' title='bbox 1129 2670 1394 2751; x_wconf 85' lang='lat' dir='ltr'><strong>imperio</strong></span> <span class='ocrx_word' id='word_1_160' title='bbox 1437 2673 1760 2748; x_wconf 88' lang='lat' dir='ltr'><strong>creatoris,</strong></span> <span class='ocrx_word' id='word_1_161' title='bbox 1801 2676 1865 2737; x_wconf 79' lang='lat' dir='ltr'><strong>et</strong></span> <span class='ocrx_word' id='word_1_162' title='bbox 1909 2692 2057 2737; x_wconf 85' lang='lat' dir='ltr'><strong>cum</strong></span> 
     </span>
     <span class='ocr_line' id='line_1_27' title="bbox 494 2762 2059 2841; baseline 0.004 -17"><span class='ocrx_word' id='word_1_163' title='bbox 494 2762 1022 2841; x_wconf 81' lang='lat' dir='ltr'><strong>extraordinario,</strong></span> <span class='ocrx_word' id='word_1_164' title='bbox 1069 2771 1132 2827; x_wconf 90' lang='lat' dir='ltr'><strong>et</strong></span> <span class='ocrx_word' id='word_1_165' title='bbox 1175 2782 1304 2827; x_wconf 87' lang='lat' dir='ltr'><strong>non</strong></span> <span class='ocrx_word' id='word_1_166' title='bbox 1355 2765 1570 2829; x_wconf 84' lang='lat' dir='ltr'><strong>debito</strong></span> <span class='ocrx_word' id='word_1_167' title='bbox 1615 2784 1947 2831; x_wconf 80' lang='lat' dir='ltr'><strong>concursu.</strong></span> <span class='ocrx_word' id='word_1_168' title='bbox 1984 2770 2059 2831; x_wconf 84' lang='lat' dir='ltr'><strong>Et</strong></span> 
     </span>
     <span class='ocr_line' id='line_1_28' title="bbox 495 2854 2057 2938; baseline 0.005 -22"><span class='ocrx_word' id='word_1_169' title='bbox 495 2854 722 2921; x_wconf 84' lang='lat' dir='ltr'><strong>eodem</strong></span> <span class='ocrx_word' id='word_1_170' title='bbox 745 2856 1200 2937; x_wconf 76' lang='lat' dir='ltr'><strong>proportionali</strong></span> <span class='ocrx_word' id='word_1_171' title='bbox 1225 2857 1414 2921; x_wconf 86' lang='lat' dir='ltr'><strong>modo</strong></span> <span class='ocrx_word' id='word_1_172' title='bbox 1441 2858 1828 2938; x_wconf 86' lang='lat' dir='ltr'><strong>loquendum</strong></span> <span class='ocrx_word' id='word_1_173' title='bbox 1857 2867 1951 2924; x_wconf 85' lang='lat' dir='ltr'><strong>est</strong></span> <span class='ocrx_word' id='word_1_174' title='bbox 1976 2861 2057 2925; x_wconf 88' lang='lat' dir='ltr'><strong>de</strong></span> 
     </span>
     <span class='ocr_line' id='line_1_29' title="bbox 493 2948 2058 3029; baseline 0.003 -18"><span class='ocrx_word' id='word_1_175' title='bbox 493 2950 774 3029; x_wconf 84' lang='lat' dir='ltr'><strong>potentia</strong></span> <span class='ocrx_word' id='word_1_176' title='bbox 801 2948 1122 3029; x_wconf 75' lang='lat' dir='ltr'><strong>receptiva</strong></span> <span class='ocrx_word' id='word_1_177' title='bbox 1163 2956 1442 3027; x_wconf 79' lang='lat' dir='ltr'><strong>actuum,</strong></span> <span class='ocrx_word' id='word_1_178' title='bbox 1464 2952 1568 3015; x_wconf 79' lang='lat' dir='ltr'><strong>vel</strong></span> <span class='ocrx_word' id='word_1_179' title='bbox 1592 2951 1940 3018; x_wconf 77' lang='lat' dir='ltr'><strong>formarum</strong></span> <span class='ocrx_word' id='word_1_180' title='bbox 1958 2972 2058 3017; x_wconf 84' lang='lat' dir='ltr'><strong>su-</strong></span> 
     </span>
     <span class='ocr_line' id='line_1_30' title="bbox 496 3042 2054 3121; baseline 0.004 -16"><span class='ocrx_word' id='word_1_181' title='bbox 496 3042 1010 3121; x_wconf 85' lang='lat' dir='ltr'><strong>pernaturalium,</strong></span> <span class='ocrx_word' id='word_1_182' title='bbox 1035 3044 1194 3107; x_wconf 90' lang='lat' dir='ltr'><strong>sicut</strong></span> <span class='ocrx_word' id='word_1_183' title='bbox 1221 3062 1300 3107; x_wconf 84' lang='lat' dir='ltr'><strong>cx</strong></span> <span class='ocrx_word' id='word_1_184' title='bbox 1321 3047 1638 3112; x_wconf 84' lang='lat' dir='ltr'><strong>communi</strong></span> <span class='ocrx_word' id='word_1_185' title='bbox 1669 3046 1955 3111; x_wconf 82' lang='lat' dir='ltr'><strong>doctrina</strong></span> <span class='ocrx_word' id='word_1_186' title='bbox 1982 3048 2054 3111; x_wconf 89' lang='lat' dir='ltr'><strong>D.</strong></span> 
     </span>
     <span class='ocr_line' id='line_1_31' title="bbox 491 3134 1888 3217; baseline 0.006 -20"><span class='ocrx_word' id='word_1_187' title='bbox 491 3134 746 3202; x_wconf 81' lang='lat' dir='ltr'><strong>Thomae</strong></span> <span class='ocrx_word' id='word_1_188' title='bbox 771 3142 836 3201; x_wconf 87' lang='lat' dir='ltr'><strong>et</strong></span> <span class='ocrx_word' id='word_1_189' title='bbox 869 3136 1162 3213; x_wconf 86' lang='lat' dir='ltr'><strong>aliorum,</strong></span> <span class='ocrx_word' id='word_1_190' title='bbox 1185 3139 1478 3217; x_wconf 85' lang='lat' dir='ltr'><strong>superius</strong></span> <span class='ocrx_word' id='word_1_191' title='bbox 1505 3138 1743 3204; x_wconf 87' lang='lat' dir='ltr'><strong>dictum</strong></span> <span class='ocrx_word' id='word_1_192' title='bbox 1771 3144 1888 3205; x_wconf 87' lang='lat' dir='ltr'><strong>est.</strong></span> 
     </span>
    </p>
   </div>
   <div class='ocr_carea' id='block_1_5' title="bbox 493 3296 2057 3584">
    <p class='ocr_par' dir='ltr' id='par_1_5' title="bbox 493 3296 2057 3584">
     <span class='ocr_line' id='line_1_32' title="bbox 493 3296 2057 3411; baseline 0.003 -16"><span class='ocrx_word' id='word_1_193' title='bbox 493 3330 781 3397; x_wconf 73' lang='lat' dir='ltr'><strong>Solvitur</strong></span> <span class='ocrx_word' id='word_1_194' title='bbox 815 3337 1238 3411; x_wconf 65' lang='lat' dir='ltr'><strong>aromatum</strong></span> <span class='ocrx_word' id='word_1_195' title='bbox 1282 3331 1552 3407; x_wconf 66' lang='lat' dir='ltr'><strong>tortium,</strong></span> <span class='ocrx_word' id='word_1_196' title='bbox 1597 3296 1657 3398; x_wconf 65' lang='grc' dir='ltr'><strong>οὲ</strong></span> <span class='ocrx_word' id='word_1_197' title='bbox 1705 3336 2057 3401; x_wconf 71' lang='lat' dir='ltr'><strong>declaratur</strong></span> 
     </span>
     <span class='ocr_line' id='line_1_33' title="bbox 563 3422 2057 3510; baseline 0.005 -22"><span class='ocrx_word' id='word_1_198' title='bbox 563 3440 678 3506; x_wconf 74' lang='lat' dir='ltr'><strong>por</strong></span> <span class='ocrx_word' id='word_1_199' title='bbox 707 3422 862 3505; x_wconf 77' lang='lat' dir='ltr'><strong>quod</strong></span> <span class='ocrx_word' id='word_1_200' title='bbox 887 3425 1294 3491; x_wconf 65' lang='lat' dir='ltr'><strong>insto-amma</strong></span> <span class='ocrx_word' id='word_1_201' title='bbox 1333 3426 1550 3491; x_wconf 66' lang='lat' dir='ltr'><strong>divina</strong></span> <span class='ocrx_word' id='word_1_202' title='bbox 1587 3425 1662 3491; x_wconf 68' lang='lat' dir='ltr'><strong>in</strong></span> <span class='ocrx_word' id='word_1_203' title='bbox 1695 3432 1834 3493; x_wconf 72' lang='lat' dir='ltr'><strong>actu</strong></span> <span class='ocrx_word' id='word_1_204' title='bbox 1855 3428 2057 3510; x_wconf 66' lang='lat' dir='ltr'><strong>mimo</strong></span> 
     </span>
     <span class='ocr_line' id='line_1_34' title="bbox 571 3516 1039 3584; baseline 0 -3"><span class='ocrx_word' id='word_1_205' title='bbox 571 3516 1039 3584; x_wconf 68' lang='lat' dir='ltr'><strong>constituantur.</strong></span> 
     </span>
    </p>
   </div>
   <div class='ocr_carea' id='block_1_6' title="bbox 479 3692 2059 5554">
    <p class='ocr_par' dir='ltr' id='par_1_6' title="bbox 479 3692 2059 5554">
     <span class='ocr_line' id='line_1_35' title="bbox 569 3692 2057 3779; baseline 0.003 -22"><span class='ocrx_word' id='word_1_206' title='bbox 569 3693 670 3757; x_wconf 71' lang='lat'><strong>84.</strong></span> <span class='ocrx_word' id='word_1_207' title='bbox 713 3693 806 3755; x_wconf 82' lang='lat' dir='ltr'><strong>Ex</strong></span> <span class='ocrx_word' id='word_1_208' title='bbox 841 3693 974 3771; x_wconf 88' lang='lat' dir='ltr'><strong>his,</strong></span> <span class='ocrx_word' id='word_1_209' title='bbox 1005 3712 1148 3774; x_wconf 81' lang='lat' dir='ltr'><strong>quse</strong></span> <span class='ocrx_word' id='word_1_210' title='bbox 1195 3695 1261 3756; x_wconf 84' lang='lat' dir='ltr'><strong>iu</strong></span> <span class='ocrx_word' id='word_1_211' title='bbox 1289 3692 1606 3761; x_wconf 88' lang='lat' dir='ltr'><strong>solutione</strong></span> <span class='ocrx_word' id='word_1_212' title='bbox 1633 3696 1822 3776; x_wconf 83' lang='lat' dir='ltr'><strong>hujus</strong></span> <span class='ocrx_word' id='word_1_213' title='bbox 1865 3715 2057 3779; x_wconf 85' lang='lat' dir='ltr'><strong>argu-</strong></span> 
     </span>
     <span class='ocr_line' id='line_1_36' title="bbox 487 3786 2059 3869; baseline 0.004 -23"><span class='ocrx_word' id='word_1_214' title='bbox 487 3787 681 3849; x_wconf 87' lang='lat' dir='ltr'><strong>menti</strong></span> <span class='ocrx_word' id='word_1_215' title='bbox 703 3786 1008 3865; x_wconf 76' lang='lat' dir='ltr'><strong>latissime</strong></span> <span class='ocrx_word' id='word_1_216' title='bbox 1032 3787 1196 3851; x_wconf 83' lang='lat' dir='ltr'><strong>dicta</strong></span> <span class='ocrx_word' id='word_1_217' title='bbox 1210 3795 1396 3863; x_wconf 79' lang='lat' dir='ltr'><strong>sunt,</strong></span> <span class='ocrx_word' id='word_1_218' title='bbox 1423 3788 1630 3869; x_wconf 86' lang='lat' dir='ltr'><strong>plura,</strong></span> <span class='ocrx_word' id='word_1_219' title='bbox 1652 3807 1732 3851; x_wconf 79' lang='lat' dir='ltr'><strong>ex</strong></span> <span class='ocrx_word' id='word_1_220' title='bbox 1753 3790 1894 3856; x_wconf 85' lang='lat' dir='ltr'><strong>aliis</strong></span> <span class='ocrx_word' id='word_1_221' title='bbox 1917 3808 2059 3869; x_wconf 73' lang='lat' dir='ltr'><strong>qum</strong></span> 
     </span>
     <span class='ocr_line' id='line_1_37' title="bbox 486 3879 2055 3962; baseline 0.004 -22"><span class='ocrx_word' id='word_1_222' title='bbox 486 3879 552 3940; x_wconf 88' lang='lat' dir='ltr'><strong>in</strong></span> <span class='ocrx_word' id='word_1_223' title='bbox 577 3879 880 3960; x_wconf 88' lang='lat' dir='ltr'><strong>principio</strong></span> <span class='ocrx_word' id='word_1_224' title='bbox 905 3879 1165 3944; x_wconf 79' lang='lat' dir='ltr'><strong>fuerunt</strong></span> <span class='ocrx_word' id='word_1_225' title='bbox 1189 3882 1550 3961; x_wconf 86' lang='lat' dir='ltr'><strong>proposita,</strong></span> <span class='ocrx_word' id='word_1_226' title='bbox 1583 3882 1880 3962; x_wconf 84' lang='lat' dir='ltr'><strong>expedita</strong></span> <span class='ocrx_word' id='word_1_227' title='bbox 1919 3882 2055 3947; x_wconf 81' lang='lat' dir='ltr'><strong>fere</strong></span> 
     </span>
     <span class='ocr_line' id='line_1_38' title="bbox 483 3973 2055 4055; baseline 0.003 -20"><span class='ocrx_word' id='word_1_228' title='bbox 483 3973 928 4053; x_wconf 85' lang='lat' dir='ltr'><strong>relinquuntur</strong></span> <span class='ocrx_word' id='word_1_229' title='bbox 941 3997 966 4051; x_wconf 82' lang='lat'>3</span> <span class='ocrx_word' id='word_1_230' title='bbox 1021 3982 1085 4039; x_wconf 86' lang='lat' dir='ltr'><strong>et</strong></span> <span class='ocrx_word' id='word_1_231' title='bbox 1139 3976 1390 4055; x_wconf 89' lang='lat' dir='ltr'><strong>quidem</strong></span> <span class='ocrx_word' id='word_1_232' title='bbox 1449 3976 1702 4039; x_wconf 86' lang='lat' dir='ltr'><strong>tertium</strong></span> <span class='ocrx_word' id='word_1_233' title='bbox 1762 3976 2055 4040; x_wconf 89' lang='lat' dir='ltr'><strong>eamdem</strong></span> 
     </span>
     <span class='ocr_line' id='line_1_39' title="bbox 485 4066 2055 4148; baseline 0.003 -19"><span class='ocrx_word' id='word_1_234' title='bbox 485 4066 916 4141; x_wconf 81' lang='lat' dir='ltr'><strong>difficultatem</strong></span> <span class='ocrx_word' id='word_1_235' title='bbox 971 4068 1220 4148; x_wconf 85' lang='lat' dir='ltr'><strong>attingit</strong></span> <span class='ocrx_word' id='word_1_236' title='bbox 1273 4070 1469 4148; x_wconf 73' lang='lat' dir='ltr'><strong>quam</strong></span> <span class='ocrx_word' id='word_1_237' title='bbox 1523 4067 1895 4144; x_wconf 88' lang='lat' dir='ltr'><strong>secundum,</strong></span> <span class='ocrx_word' id='word_1_238' title='bbox 1950 4087 2055 4133; x_wconf 89' lang='lat' dir='ltr'><strong>eo·</strong></span> 
     </span>
     <span class='ocr_line' id='line_1_40' title="bbox 485 4160 2051 4241; baseline 0.003 -20"><span class='ocrx_word' id='word_1_239' title='bbox 485 4160 758 4240; x_wconf 87' lang='lat' dir='ltr'><strong>demque</strong></span> <span class='ocrx_word' id='word_1_240' title='bbox 785 4160 916 4223; x_wconf 85' lang='lat' dir='ltr'><strong>fere</strong></span> <span class='ocrx_word' id='word_1_241' title='bbox 945 4179 1064 4222; x_wconf 90' lang='lat' dir='ltr'><strong>nos</strong></span> <span class='ocrx_word' id='word_1_242' title='bbox 1089 4162 1183 4223; x_wconf 89' lang='lat' dir='ltr'><strong>usi</strong></span> <span class='ocrx_word' id='word_1_243' title='bbox 1213 4180 1432 4225; x_wconf 86' lang='lat' dir='ltr'><strong>sumus</strong></span> <span class='ocrx_word' id='word_1_244' title='bbox 1455 4167 1676 4225; x_wconf 88' lang='lat' dir='ltr'><strong>contra</strong></span> <span class='ocrx_word' id='word_1_245' title='bbox 1695 4162 2051 4241; x_wconf 80' lang='lat' dir='ltr'><strong>oppositam</strong></span> 
     </span>
     <span class='ocr_line' id='line_1_41' title="bbox 486 4254 2056 4337; baseline 0.004 -22"><span class='ocrx_word' id='word_1_246' title='bbox 486 4256 882 4319; x_wconf 86' lang='lat' dir='ltr'><strong>sententiam.</strong></span> <span class='ocrx_word' id='word_1_247' title='bbox 911 4255 1004 4317; x_wconf 78' lang='lat' dir='ltr'><strong>Ex</strong></span> <span class='ocrx_word' id='word_1_248' title='bbox 1041 4254 1242 4319; x_wconf 82' lang='lat' dir='ltr'><strong>tribus</strong></span> <span class='ocrx_word' id='word_1_249' title='bbox 1271 4255 1442 4319; x_wconf 89' lang='lat' dir='ltr'><strong>enim</strong></span> <span class='ocrx_word' id='word_1_250' title='bbox 1469 4255 1772 4319; x_wconf 87' lang='lat' dir='ltr'><strong>memhris</strong></span> <span class='ocrx_word' id='word_1_251' title='bbox 1802 4255 1890 4317; x_wconf 88' lang='lat' dir='ltr'><strong>ibi</strong></span> <span class='ocrx_word' id='word_1_252' title='bbox 1911 4273 2056 4337; x_wconf 81' lang='lat' dir='ltr'><strong>pro-</strong></span> 
     </span>
     <span class='ocr_line' id='line_1_42' title="bbox 484 4346 2051 4429; baseline 0 -18"><span class='ocrx_word' id='word_1_253' title='bbox 484 4346 735 4428; x_wconf 86' lang='lat' dir='ltr'><strong>positis,</strong></span> <span class='ocrx_word' id='word_1_254' title='bbox 793 4347 1030 4409; x_wconf 85' lang='lat' dir='ltr'><strong>scilicet</strong></span> <span class='ocrx_word' id='word_1_255' title='bbox 1055 4392 1072 4423; x_wconf 90' lang='lat'><strong>,</strong></span> <span class='ocrx_word' id='word_1_256' title='bbox 1117 4366 1202 4409; x_wconf 87' lang='lat' dir='ltr'><strong>an</strong></span> <span class='ocrx_word' id='word_1_257' title='bbox 1261 4348 1564 4411; x_wconf 82' lang='lat' dir='ltr'><strong>auxilium</strong></span> <span class='ocrx_word' id='word_1_258' title='bbox 1614 4348 1887 4429; x_wconf 85' lang='lat' dir='ltr'><strong>speciale</strong></span> <span class='ocrx_word' id='word_1_259' title='bbox 1939 4350 2051 4413; x_wconf 91' lang='lat' dir='ltr'><strong>Dei</strong></span> 
     </span>
     <span class='ocr_line' id='line_1_43' title="bbox 486 4440 2052 4523; baseline 0.003 -19"><span class='ocrx_word' id='word_1_260' title='bbox 486 4448 657 4522; x_wconf 85' lang='lat' dir='ltr'><strong>(quo,</strong></span> <span class='ocrx_word' id='word_1_261' title='bbox 685 4440 1033 4505; x_wconf 86' lang='lat' dir='ltr'><strong>secundum</strong></span> <span class='ocrx_word' id='word_1_262' title='bbox 1065 4458 1308 4516; x_wconf 88' lang='lat' dir='ltr'><strong>omnes,</strong></span> <span class='ocrx_word' id='word_1_263' title='bbox 1341 4442 1628 4523; x_wconf 83' lang='lat' dir='ltr'><strong>indigent</strong></span> <span class='ocrx_word' id='word_1_264' title='bbox 1653 4444 1792 4523; x_wconf 83' lang='lat' dir='ltr'><strong>ejus</strong></span> <span class='ocrx_word' id='word_1_265' title='bbox 1819 4442 2052 4507; x_wconf 86' lang='lat' dir='ltr'><strong>instru-</strong></span> 
     </span>
     <span class='ocr_line' id='line_1_44' title="bbox 483 4532 2055 4615; baseline 0.002 -21"><span class='ocrx_word' id='word_1_266' title='bbox 483 4540 722 4609; x_wconf 82' lang='lat' dir='ltr'><strong>menta,</strong></span> <span class='ocrx_word' id='word_1_267' title='bbox 751 4540 820 4597; x_wconf 87' lang='lat' dir='ltr'><strong>ut</strong></span> <span class='ocrx_word' id='word_1_268' title='bbox 845 4532 1404 4615; x_wconf 82' lang='lat' dir='ltr'><strong>supernaturaliter</strong></span> <span class='ocrx_word' id='word_1_269' title='bbox 1443 4552 1640 4615; x_wconf 75' lang='lat' dir='ltr'><strong>agere</strong></span> <span class='ocrx_word' id='word_1_270' title='bbox 1668 4535 1942 4613; x_wconf 71' lang='lat' dir='ltr'><strong>possint}</strong></span> <span class='ocrx_word' id='word_1_271' title='bbox 1974 4535 2055 4599; x_wconf 87' lang='lat' dir='ltr'><strong>sit</strong></span> 
     </span>
     <span class='ocr_line' id='line_1_45' title="bbox 485 4627 2053 4709; baseline 0.001 -21"><span class='ocrx_word' id='word_1_272' title='bbox 485 4632 612 4688; x_wconf 87' lang='lat' dir='ltr'><strong>tota</strong></span> <span class='ocrx_word' id='word_1_273' title='bbox 639 4628 836 4689; x_wconf 85' lang='lat' dir='ltr'><strong>virtus</strong></span> <span class='ocrx_word' id='word_1_274' title='bbox 853 4670 858 4675; x_wconf 56' lang='lat'><strong>.</strong></span> <span class='ocrx_word' id='word_1_275' title='bbox 877 4644 992 4689; x_wconf 91' lang='lat' dir='ltr'><strong>seu</strong></span> <span class='ocrx_word' id='word_1_276' title='bbox 1037 4628 1195 4691; x_wconf 88' lang='lat' dir='ltr'><strong>ratio</strong></span> <span class='ocrx_word' id='word_1_277' title='bbox 1231 4627 1486 4708; x_wconf 80' lang='lat' dir='ltr'><strong>agendi,</strong></span> <span class='ocrx_word' id='word_1_278' title='bbox 1514 4628 1612 4691; x_wconf 83' lang='lat' dir='ltr'><strong>vel</strong></span> <span class='ocrx_word' id='word_1_279' title='bbox 1641 4634 1965 4709; x_wconf 80' lang='lat' dir='ltr'><strong>supponat</strong></span> <span class='ocrx_word' id='word_1_280' title='bbox 1984 4627 2053 4691; x_wconf 90' lang='lat' dir='ltr'><strong>in</strong></span> 
     </span>
     <span class='ocr_line' id='line_1_46' title="bbox 481 4717 2053 4801; baseline 0.005 -23"><span class='ocrx_word' id='word_1_281' title='bbox 481 4717 894 4799; x_wconf 86' lang='lat' dir='ltr'><strong>instrumento</strong></span> <span class='ocrx_word' id='word_1_282' title='bbox 942 4725 1135 4783; x_wconf 86' lang='lat' dir='ltr'><strong>totam</strong></span> <span class='ocrx_word' id='word_1_283' title='bbox 1185 4721 1477 4785; x_wconf 82' lang='lat' dir='ltr'><strong>virtutem</strong></span> <span class='ocrx_word' id='word_1_284' title='bbox 1522 4720 1911 4801; x_wconf 82' lang='lat' dir='ltr'><strong>proximam,</strong></span> <span class='ocrx_word' id='word_1_285' title='bbox 1954 4720 2053 4787; x_wconf 81' lang='lat' dir='ltr'><strong>vel</strong></span> 
     </span>
     <span class='ocr_line' id='line_1_47' title="bbox 483 4810 2053 4893; baseline 0.003 -22"><span class='ocrx_word' id='word_1_286' title='bbox 483 4810 707 4873; x_wconf 83' lang='lat' dir='ltr'><strong>saltem</strong></span> <span class='ocrx_word' id='word_1_287' title='bbox 762 4820 1078 4893; x_wconf 85' lang='lat' dir='ltr'><strong>supponat</strong></span> <span class='ocrx_word' id='word_1_288' title='bbox 1129 4814 1510 4890; x_wconf 85' lang='lat' dir='ltr'><strong>inchoatam,</strong></span> <span class='ocrx_word' id='word_1_289' title='bbox 1567 4832 1836 4893; x_wconf 85' lang='lat' dir='ltr'><strong>eamque</strong></span> <span class='ocrx_word' id='word_1_290' title='bbox 1881 4832 2053 4877; x_wconf 86' lang='lat' dir='ltr'><strong>com-</strong></span> 
     </span>
     <span class='ocr_line' id='line_1_48' title="bbox 479 4904 2051 4989; baseline 0.003 -24"><span class='ocrx_word' id='word_1_291' title='bbox 479 4904 673 4985; x_wconf 90' lang='lat' dir='ltr'><strong>pleat,</strong></span> <span class='ocrx_word' id='word_1_292' title='bbox 705 4911 768 4967; x_wconf 85' lang='lat' dir='ltr'><strong>et</strong></span> <span class='ocrx_word' id='word_1_293' title='bbox 795 4905 1002 4970; x_wconf 86' lang='lat' dir='ltr'><strong>elevet</strong></span> <span class='ocrx_word' id='word_1_294' title='bbox 1025 4908 1108 4969; x_wconf 89' lang='lat' dir='ltr'><strong>ad</strong></span> <span class='ocrx_word' id='word_1_295' title='bbox 1133 4907 1486 4987; x_wconf 69' lang='lat' dir='ltr'><strong>agendum5</strong></span> <span class='ocrx_word' id='word_1_296' title='bbox 1515 4925 1596 4969; x_wconf 82' lang='lat' dir='ltr'><strong>ex</strong></span> <span class='ocrx_word' id='word_1_297' title='bbox 1621 4907 1722 4969; x_wconf 90' lang='lat' dir='ltr'><strong>his</strong></span> <span class='ocrx_word' id='word_1_298' title='bbox 1751 4905 2051 4989; x_wconf 87' lang='lat' dir='ltr'><strong>(inquam)</strong></span> 
     </span>
     <span class='ocr_line' id='line_1_49' title="bbox 482 4996 2053 5079; baseline 0.001 -19"><span class='ocrx_word' id='word_1_299' title='bbox 482 4996 680 5060; x_wconf 83' lang='lat' dir='ltr'><strong>trihus</strong></span> <span class='ocrx_word' id='word_1_300' title='bbox 701 4997 1000 5060; x_wconf 87' lang='lat' dir='ltr'><strong>membris</strong></span> <span class='ocrx_word' id='word_1_301' title='bbox 1023 5017 1244 5061; x_wconf 89' lang='lat' dir='ltr'><strong>omnes</strong></span> <span class='ocrx_word' id='word_1_302' title='bbox 1265 5000 1696 5073; x_wconf 77' lang='lat' dir='ltr'><strong>convenimuS,</strong></span> <span class='ocrx_word' id='word_1_303' title='bbox 1714 5018 1841 5062; x_wconf 88' lang='lat' dir='ltr'><strong>non</strong></span> <span class='ocrx_word' id='word_1_304' title='bbox 1863 5018 2053 5079; x_wconf 87' lang='lat' dir='ltr'><strong>posse</strong></span> 
     </span>
     <span class='ocr_line' id='line_1_50' title="bbox 481 5089 2054 5174; baseline 0.002 -22"><span class='ocrx_word' id='word_1_305' title='bbox 481 5089 831 5153; x_wconf 86' lang='lat' dir='ltr'><strong>secundum</strong></span> <span class='ocrx_word' id='word_1_306' title='bbox 875 5092 1196 5171; x_wconf 85' lang='lat' dir='ltr'><strong>affirmari,</strong></span> <span class='ocrx_word' id='word_1_307' title='bbox 1229 5102 1488 5174; x_wconf 84' lang='lat' dir='ltr'><strong>propter</strong></span> <span class='ocrx_word' id='word_1_308' title='bbox 1527 5094 1806 5157; x_wconf 86' lang='lat' dir='ltr'><strong>rationes</strong></span> <span class='ocrx_word' id='word_1_309' title='bbox 1850 5092 1915 5155; x_wconf 89' lang='lat' dir='ltr'><strong>in</strong></span> <span class='ocrx_word' id='word_1_310' title='bbox 1952 5112 2054 5155; x_wconf 82' lang='lat' dir='ltr'><strong>ar-</strong></span> 
     </span>
     <span class='ocr_line' id='line_1_51' title="bbox 483 5184 2050 5268; baseline 0.003 -23"><span class='ocrx_word' id='word_1_311' title='bbox 483 5187 785 5264; x_wconf 85' lang='lat' dir='ltr'><strong>gumento</strong></span> <span class='ocrx_word' id='word_1_312' title='bbox 815 5184 1031 5261; x_wconf 80' lang='lat' dir='ltr'><strong>factae,</strong></span> <span class='ocrx_word' id='word_1_313' title='bbox 1053 5192 1117 5249; x_wconf 88' lang='lat' dir='ltr'><strong>et</strong></span> <span class='ocrx_word' id='word_1_314' title='bbox 1145 5188 1443 5267; x_wconf 85' lang='lat' dir='ltr'><strong>quiajam</strong></span> <span class='ocrx_word' id='word_1_315' title='bbox 1466 5187 1618 5249; x_wconf 83' lang='lat' dir='ltr'><strong>talia</strong></span> <span class='ocrx_word' id='word_1_316' title='bbox 1645 5188 1897 5268; x_wconf 82' lang='lat' dir='ltr'><strong>agentia</strong></span> <span class='ocrx_word' id='word_1_317' title='bbox 1919 5201 2050 5249; x_wconf 88' lang='lat' dir='ltr'><strong>non</strong></span> 
     </span>
     <span class='ocr_line' id='line_1_52' title="bbox 487 5277 2045 5361; baseline 0.003 -22"><span class='ocrx_word' id='word_1_318' title='bbox 487 5285 698 5340; x_wconf 87' lang='lat' dir='ltr'><strong>essent</strong></span> <span class='ocrx_word' id='word_1_319' title='bbox 739 5277 1156 5342; x_wconf 89' lang='lat' dir='ltr'><strong>instrumenta</strong></span> <span class='ocrx_word' id='word_1_320' title='bbox 1178 5326 1199 5359; x_wconf 90' lang='lat'><strong>,</strong></span> <span class='ocrx_word' id='word_1_321' title='bbox 1231 5282 1344 5343; x_wconf 89' lang='lat' dir='ltr'><strong>sed</strong></span> <span class='ocrx_word' id='word_1_322' title='bbox 1371 5281 1739 5361; x_wconf 84' lang='lat' dir='ltr'><strong>principalia</strong></span> <span class='ocrx_word' id='word_1_323' title='bbox 1771 5282 2045 5361; x_wconf 81' lang='lat' dir='ltr'><strong>agentia.</strong></span> 
     </span>
     <span class='ocr_line' id='line_1_53' title="bbox 485 5372 2050 5459; baseline 0.001 -24"><span class='ocrx_word' id='word_1_324' title='bbox 485 5374 763 5451; x_wconf 86' lang='lat' dir='ltr'><strong>Rursus,</strong></span> <span class='ocrx_word' id='word_1_325' title='bbox 793 5372 1126 5459; x_wconf 84' lang='lat' dir='ltr'><strong>manifeste</strong></span> <span class='ocrx_word' id='word_1_326' title='bbox 1153 5374 1246 5451; x_wconf 80' lang='lat' dir='ltr'><strong>(ut</strong></span> <span class='ocrx_word' id='word_1_327' title='bbox 1275 5374 1586 5455; x_wconf 84' lang='lat' dir='ltr'><strong>existimo)</strong></span> <span class='ocrx_word' id='word_1_328' title='bbox 1614 5374 1901 5455; x_wconf 76' lang='lat' dir='ltr'><strong>probavi,</strong></span> <span class='ocrx_word' id='word_1_329' title='bbox 1927 5375 2050 5454; x_wconf 82' lang='lat' dir='ltr'><strong>pri-</strong></span> 
     </span>
     <span class='ocr_line' id='line_1_54' title="bbox 484 5462 2047 5554; baseline 0.005 -27"><span class='ocrx_word' id='word_1_330' title='bbox 484 5483 658 5527; x_wconf 87' lang='lat' dir='ltr'><strong>mum</strong></span> <span class='ocrx_word' id='word_1_331' title='bbox 689 5462 1046 5531; x_wconf 83' lang='lat' dir='ltr'><strong>membrum</strong></span> <span class='ocrx_word' id='word_1_332' title='bbox 1071 5467 1248 5531; x_wconf 89' lang='lat' dir='ltr'><strong>nullo</strong></span> <span class='ocrx_word' id='word_1_333' title='bbox 1287 5468 1474 5533; x_wconf 89' lang='lat' dir='ltr'><strong>modo</strong></span> <span class='ocrx_word' id='word_1_334' title='bbox 1509 5467 1805 5533; x_wconf 81' lang='lat' dir='ltr'><strong>affirmari</strong></span> <span class='ocrx_word' id='word_1_335' title='bbox 1831 5486 2047 5554; x_wconf 79' lang='lat' dir='ltr'><strong>posse,</strong></span> 
     </span>
    </p>
   </div>
   <div class='ocr_carea' id='block_1_7' title="bbox 1761 312 2461 377">
    <p class='ocr_par' dir='ltr' id='par_1_7' title="bbox 1761 312 2461 377">
     <span class='ocr_line' id='line_1_55' title="bbox 1761 312 2461 377; baseline 0.003 -8"><span class='ocrx_word' id='word_1_336' title='bbox 1761 313 1997 377; x_wconf 59' lang='lat' dir='ltr'><strong>QUAEST.</strong></span> <span class='ocrx_word' id='word_1_337' title='bbox 2030 312 2162 371; x_wconf 81' lang='lat' dir='ltr'><strong>xm.</strong></span> <span class='ocrx_word' id='word_1_338' title='bbox 2198 314 2343 369; x_wconf 60' lang='grc' dir='ltr'><strong>ΛΚΤ.</strong></span> <span class='ocrx_word' id='word_1_339' title='bbox 2378 315 2461 371; x_wconf 78' lang='grc' dir='ltr'><strong>Π.</strong></span> 
     </span>
    </p>
   </div>
   <div class='ocr_carea' id='block_1_8' title="bbox 2140 412 3729 1898">
    <p class='ocr_par' dir='ltr' id='par_1_8' title="bbox 2140 412 3729 1898">
     <span class='ocr_line' id='line_1_56' title="bbox 2146 412 3727 493; baseline 0.003 -19"><span class='ocrx_word' id='word_1_340' title='bbox 2146 413 2316 493; x_wconf 84' lang='lat' dir='ltr'><strong>quia,</strong></span> <span class='ocrx_word' id='word_1_341' title='bbox 2345 413 2401 475; x_wconf 85' lang='lat' dir='ltr'><strong>si</strong></span> <span class='ocrx_word' id='word_1_342' title='bbox 2452 413 2757 481; x_wconf 73' lang='lat' dir='ltr'><strong>auxilium</strong></span> <span class='ocrx_word' id='word_1_343' title='bbox 2802 412 3086 479; x_wconf 77' lang='lat' dir='ltr'><strong>divinum</strong></span> <span class='ocrx_word' id='word_1_344' title='bbox 3130 422 3300 483; x_wconf 78' lang='lat' dir='ltr'><strong>esset</strong></span> <span class='ocrx_word' id='word_1_345' title='bbox 3350 422 3492 481; x_wconf 76' lang='lat' dir='ltr'><strong>tota</strong></span> <span class='ocrx_word' id='word_1_346' title='bbox 3526 418 3727 479; x_wconf 75' lang='lat' dir='ltr'><strong>virtus</strong></span> 
     </span>
     <span class='ocr_line' id='line_1_57' title="bbox 2147 507 3725 592; baseline 0.001 -21"><span class='ocrx_word' id='word_1_347' title='bbox 2147 507 2397 587; x_wconf 78' lang='lat' dir='ltr'><strong>agendi,</strong></span> <span class='ocrx_word' id='word_1_348' title='bbox 2440 509 2577 573; x_wconf 79' lang='lat' dir='ltr'><strong>hoec</strong></span> <span class='ocrx_word' id='word_1_349' title='bbox 2620 509 3073 587; x_wconf 84' lang='lat' dir='ltr'><strong>instrumenta,</strong></span> <span class='ocrx_word' id='word_1_350' title='bbox 3110 514 3469 592; x_wconf 57' lang='lat' dir='ltr'><strong>prasertim</strong></span> <span class='ocrx_word' id='word_1_351' title='bbox 3520 512 3725 573; x_wconf 87' lang='lat' dir='ltr'><strong>inani·</strong></span> 
     </span>
     <span class='ocr_line' id='line_1_58' title="bbox 2146 602 3728 685; baseline 0.001 -20"><span class='ocrx_word' id='word_1_352' title='bbox 2146 607 2342 678; x_wconf 77' lang='lat' dir='ltr'><strong>mata,</strong></span> <span class='ocrx_word' id='word_1_353' title='bbox 2371 602 2527 665; x_wconf 81' lang='lat' dir='ltr'><strong>nihil</strong></span> <span class='ocrx_word' id='word_1_354' title='bbox 2566 602 2824 667; x_wconf 88' lang='lat' dir='ltr'><strong>omnino</strong></span> <span class='ocrx_word' id='word_1_355' title='bbox 2864 610 3166 685; x_wconf 83' lang='lat' dir='ltr'><strong>agerent,</strong></span> <span class='ocrx_word' id='word_1_356' title='bbox 3196 606 3347 685; x_wconf 81' lang='lat' dir='ltr'><strong>quia</strong></span> <span class='ocrx_word' id='word_1_357' title='bbox 3390 607 3527 668; x_wconf 77' lang='lat' dir='ltr'><strong>hoc</strong></span> <span class='ocrx_word' id='word_1_358' title='bbox 3552 607 3728 667; x_wconf 76' lang='lat' dir='ltr'><strong>auxi·</strong></span> 
     </span>
     <span class='ocr_line' id='line_1_59' title="bbox 2146 694 3729 779; baseline 0.003 -22"><span class='ocrx_word' id='word_1_359' title='bbox 2146 694 2297 757; x_wconf 88' lang='lat' dir='ltr'><strong>lium</strong></span> <span class='ocrx_word' id='word_1_360' title='bbox 2330 714 2457 759; x_wconf 91' lang='lat' dir='ltr'><strong>uon</strong></span> <span class='ocrx_word' id='word_1_361' title='bbox 2489 702 2585 761; x_wconf 83' lang='lat' dir='ltr'><strong>est</strong></span> <span class='ocrx_word' id='word_1_362' title='bbox 2620 696 2687 759; x_wconf 90' lang='lat' dir='ltr'><strong>in</strong></span> <span class='ocrx_word' id='word_1_363' title='bbox 2714 697 2871 778; x_wconf 85' lang='lat' dir='ltr'><strong>ipsis</strong></span> <span class='ocrx_word' id='word_1_364' title='bbox 2906 698 3099 762; x_wconf 85' lang='lat' dir='ltr'><strong>rebus</strong></span> <span class='ocrx_word' id='word_1_365' title='bbox 3124 716 3267 779; x_wconf 70' lang='lat' dir='ltr'><strong>qum</strong></span> <span class='ocrx_word' id='word_1_366' title='bbox 3292 698 3607 762; x_wconf 83' lang='lat' dir='ltr'><strong>dicuntur</strong></span> <span class='ocrx_word' id='word_1_367' title='bbox 3633 701 3729 761; x_wconf 89' lang='lat' dir='ltr'><strong>in-</strong></span> 
     </span>
     <span class='ocr_line' id='line_1_60' title="bbox 2146 790 3727 873; baseline 0.005 -24"><span class='ocrx_word' id='word_1_368' title='bbox 2146 794 2531 863; x_wconf 86' lang='lat' dir='ltr'><strong>strumenta;</strong></span> <span class='ocrx_word' id='word_1_369' title='bbox 2564 790 2733 853; x_wconf 88' lang='lat' dir='ltr'><strong>unde</strong></span> <span class='ocrx_word' id='word_1_370' title='bbox 2778 808 2897 852; x_wconf 88' lang='lat' dir='ltr'><strong>nec</strong></span> <span class='ocrx_word' id='word_1_371' title='bbox 2940 792 3321 857; x_wconf 83' lang='lat' dir='ltr'><strong>constituere</strong></span> <span class='ocrx_word' id='word_1_372' title='bbox 3372 792 3489 855; x_wconf 85' lang='lat' dir='ltr'><strong>illa</strong></span> <span class='ocrx_word' id='word_1_373' title='bbox 3517 798 3727 873; x_wconf 77' lang='lat' dir='ltr'><strong>potest</strong></span> 
     </span>
     <span class='ocr_line' id='line_1_61' title="bbox 2142 880 3727 964; baseline 0.003 -22"><span class='ocrx_word' id='word_1_374' title='bbox 2142 880 2209 943; x_wconf 93' lang='lat' dir='ltr'><strong>in</strong></span> <span class='ocrx_word' id='word_1_375' title='bbox 2236 888 2382 945; x_wconf 89' lang='lat' dir='ltr'><strong>actu</strong></span> <span class='ocrx_word' id='word_1_376' title='bbox 2408 882 2611 963; x_wconf 86' lang='lat' dir='ltr'><strong>primo</strong></span> <span class='ocrx_word' id='word_1_377' title='bbox 2638 883 2723 947; x_wconf 84' lang='lat' dir='ltr'><strong>ad</strong></span> <span class='ocrx_word' id='word_1_378' title='bbox 2749 884 3090 964; x_wconf 82' lang='lat' dir='ltr'><strong>agendum,</strong></span> <span class='ocrx_word' id='word_1_379' title='bbox 3116 902 3237 949; x_wconf 86' lang='lat' dir='ltr'><strong>nec</strong></span> <span class='ocrx_word' id='word_1_380' title='bbox 3262 886 3515 949; x_wconf 86' lang='lat' dir='ltr'><strong>ratione</strong></span> <span class='ocrx_word' id='word_1_381' title='bbox 3548 887 3727 948; x_wconf 83' lang='lat' dir='ltr'><strong>illius</strong></span> 
     </span>
     <span class='ocr_line' id='line_1_62' title="bbox 2142 976 3727 1061; baseline 0.003 -23"><span class='ocrx_word' id='word_1_382' title='bbox 2142 982 2387 1039; x_wconf 86' lang='lat' dir='ltr'><strong>tantum</strong></span> <span class='ocrx_word' id='word_1_383' title='bbox 2413 976 2677 1057; x_wconf 78' lang='lat' dir='ltr'><strong>possunt</strong></span> <span class='ocrx_word' id='word_1_384' title='bbox 2704 979 3100 1041; x_wconf 85' lang='lat' dir='ltr'><strong>denominari</strong></span> <span class='ocrx_word' id='word_1_385' title='bbox 3128 983 3407 1061; x_wconf 82' lang='lat' dir='ltr'><strong>agentia,</strong></span> <span class='ocrx_word' id='word_1_386' title='bbox 3432 998 3565 1045; x_wconf 81' lang='lat' dir='ltr'><strong>nee</strong></span> <span class='ocrx_word' id='word_1_387' title='bbox 3596 1001 3727 1043; x_wconf 82' lang='lat' dir='ltr'><strong>ma-</strong></span> 
     </span>
     <span class='ocr_line' id='line_1_63' title="bbox 2143 1070 3721 1157; baseline 0.001 -23"><span class='ocrx_word' id='word_1_388' title='bbox 2143 1070 2448 1135; x_wconf 83' lang='lat' dir='ltr'><strong>terialiter</strong></span> <span class='ocrx_word' id='word_1_389' title='bbox 2500 1078 2613 1134; x_wconf 83' lang='lat' dir='ltr'><strong>aut</strong></span> <span class='ocrx_word' id='word_1_390' title='bbox 2656 1073 3124 1153; x_wconf 81' lang='lat' dir='ltr'><strong>suppositaliter</strong></span> <span class='ocrx_word' id='word_1_391' title='bbox 3150 1075 3271 1157; x_wconf 82' lang='lat' dir='ltr'><strong>·(ut</strong></span> <span class='ocrx_word' id='word_1_392' title='bbox 3312 1076 3405 1138; x_wconf 86' lang='lat' dir='ltr'><strong>sic</strong></span> <span class='ocrx_word' id='word_1_393' title='bbox 3452 1076 3721 1153; x_wconf 77' lang='lat' dir='ltr'><strong>dicam),</strong></span> 
     </span>
     <span class='ocr_line' id='line_1_64' title="bbox 2143 1163 3725 1249; baseline 0.003 -24"><span class='ocrx_word' id='word_1_394' title='bbox 2143 1163 2291 1243; x_wconf 84' lang='lat' dir='ltr'><strong>quia</strong></span> <span class='ocrx_word' id='word_1_395' title='bbox 2315 1182 2443 1230; x_wconf 84' lang='lat' dir='ltr'><strong>non</strong></span> <span class='ocrx_word' id='word_1_396' title='bbox 2470 1170 2827 1229; x_wconf 81' lang='lat' dir='ltr'><strong>sustentant</strong></span> <span class='ocrx_word' id='word_1_397' title='bbox 2852 1166 3149 1229; x_wconf 80' lang='lat' dir='ltr'><strong>virtu-tem</strong></span> <span class='ocrx_word' id='word_1_398' title='bbox 3169 1168 3427 1249; x_wconf 77' lang='lat' dir='ltr'><strong>agendi,</strong></span> <span class='ocrx_word' id='word_1_399' title='bbox 3448 1186 3579 1231; x_wconf 88' lang='lat' dir='ltr'><strong>nec</strong></span> <span class='ocrx_word' id='word_1_400' title='bbox 3613 1186 3725 1248; x_wconf 85' lang='lat' dir='ltr'><strong>per</strong></span> 
     </span>
     <span class='ocr_line' id='line_1_65' title="bbox 2143 1256 3717 1339; baseline 0.003 -21"><span class='ocrx_word' id='word_1_401' title='bbox 2143 1275 2287 1319; x_wconf 88' lang='lat' dir='ltr'><strong>sese</strong></span> <span class='ocrx_word' id='word_1_402' title='bbox 2302 1275 2420 1323; x_wconf 88' lang='lat' dir='ltr'><strong>seu</strong></span> <span class='ocrx_word' id='word_1_403' title='bbox 2433 1256 2956 1339; x_wconf 79' lang='lat' dir='ltr'><strong>formaliter‚quia</strong></span> <span class='ocrx_word' id='word_1_404' title='bbox 2974 1276 3093 1339; x_wconf 87' lang='lat' dir='ltr'><strong>per</strong></span> <span class='ocrx_word' id='word_1_405' title='bbox 3109 1278 3257 1323; x_wconf 83' lang='lat' dir='ltr'><strong>suas</strong></span> <span class='ocrx_word' id='word_1_406' title='bbox 3272 1264 3569 1324; x_wconf 81' lang='lat' dir='ltr'><strong>entitates</strong></span> <span class='ocrx_word' id='word_1_407' title='bbox 3592 1278 3717 1323; x_wconf 83' lang='lat' dir='ltr'><strong>nen</strong></span> 
     </span>
     <span class='ocr_line' id='line_1_66' title="bbox 2141 1350 3719 1435; baseline 0.004 -25"><span class='ocrx_word' id='word_1_408' title='bbox 2141 1350 2417 1413; x_wconf 87' lang='lat' dir='ltr'><strong>influunt</strong></span> <span class='ocrx_word' id='word_1_409' title='bbox 2442 1352 2507 1413; x_wconf 89' lang='lat' dir='ltr'><strong>in</strong></span> <span class='ocrx_word' id='word_1_410' title='bbox 2538 1350 2857 1415; x_wconf 79' lang='lat' dir='ltr'><strong>effectum.</strong></span> <span class='ocrx_word' id='word_1_411' title='bbox 2888 1353 3071 1416; x_wconf 87' lang='lat' dir='ltr'><strong>Unde</strong></span> <span class='ocrx_word' id='word_1_412' title='bbox 3098 1354 3262 1415; x_wconf 80' lang='lat' dir='ltr'><strong>sumi</strong></span> <span class='ocrx_word' id='word_1_413' title='bbox 3298 1358 3513 1435; x_wconf 83' lang='lat' dir='ltr'><strong>potest</strong></span> <span class='ocrx_word' id='word_1_414' title='bbox 3552 1372 3719 1417; x_wconf 72' lang='lat' dir='ltr'><strong>nova</strong></span> 
     </span>
     <span class='ocr_line' id='line_1_67' title="bbox 2140 1444 3718 1523; baseline 0.004 -18"><span class='ocrx_word' id='word_1_415' title='bbox 2140 1445 2324 1518; x_wconf 87' lang='lat' dir='ltr'><strong>ratic,</strong></span> <span class='ocrx_word' id='word_1_416' title='bbox 2358 1444 2507 1523; x_wconf 85' lang='lat' dir='ltr'><strong>quie</strong></span> <span class='ocrx_word' id='word_1_417' title='bbox 2534 1446 2657 1509; x_wconf 86' lang='lat' dir='ltr'><strong>hoc</strong></span> <span class='ocrx_word' id='word_1_418' title='bbox 2680 1446 3023 1523; x_wconf 79' lang='lat' dir='ltr'><strong>auxilium,</strong></span> <span class='ocrx_word' id='word_1_419' title='bbox 3062 1446 3113 1507; x_wconf 89' lang='lat' dir='ltr'><strong>si</strong></span> <span class='ocrx_word' id='word_1_420' title='bbox 3148 1454 3437 1509; x_wconf 86' lang='lat' dir='ltr'><strong>sumatur</strong></span> <span class='ocrx_word' id='word_1_421' title='bbox 3462 1448 3530 1509; x_wconf 88' lang='lat' dir='ltr'><strong>in</strong></span> <span class='ocrx_word' id='word_1_422' title='bbox 3568 1456 3718 1511; x_wconf 82' lang='lat' dir='ltr'><strong>actu</strong></span> 
     </span>
     <span class='ocr_line' id='line_1_68' title="bbox 2142 1538 3719 1622; baseline 0.004 -24"><span class='ocrx_word' id='word_1_423' title='bbox 2142 1538 2447 1615; x_wconf 87' lang='lat' dir='ltr'><strong>secundo,</strong></span> <span class='ocrx_word' id='word_1_424' title='bbox 2476 1558 2607 1603; x_wconf 90' lang='lat' dir='ltr'><strong>non</strong></span> <span class='ocrx_word' id='word_1_425' title='bbox 2638 1545 2735 1602; x_wconf 81' lang='lat' dir='ltr'><strong>est</strong></span> <span class='ocrx_word' id='word_1_426' title='bbox 2768 1539 2967 1603; x_wconf 85' lang='lat' dir='ltr'><strong>virtus</strong></span> <span class='ocrx_word' id='word_1_427' title='bbox 3008 1540 3237 1620; x_wconf 82' lang='lat' dir='ltr'><strong>agendi</strong></span> <span class='ocrx_word' id='word_1_428' title='bbox 3266 1542 3527 1622; x_wconf 87' lang='lat' dir='ltr'><strong>proprie</strong></span> <span class='ocrx_word' id='word_1_429' title='bbox 3562 1544 3719 1605; x_wconf 78' lang='lat' dir='ltr'><strong>etin</strong></span> 
     </span>
     <span class='ocr_line' id='line_1_69' title="bbox 2142 1630 3721 1715; baseline 0.003 -22"><span class='ocrx_word' id='word_1_430' title='bbox 2142 1630 2375 1709; x_wconf 73' lang='lat' dir='ltr'><strong>rigore,</strong></span> <span class='ocrx_word' id='word_1_431' title='bbox 2408 1632 2523 1697; x_wconf 87' lang='lat' dir='ltr'><strong>sed</strong></span> <span class='ocrx_word' id='word_1_432' title='bbox 2568 1639 2667 1695; x_wconf 79' lang='lat' dir='ltr'><strong>est</strong></span> <span class='ocrx_word' id='word_1_433' title='bbox 2700 1633 2962 1696; x_wconf 86' lang='lat' dir='ltr'><strong>actualis</strong></span> <span class='ocrx_word' id='word_1_434' title='bbox 3002 1650 3349 1697; x_wconf 86' lang='lat' dir='ltr'><strong>concursus</strong></span> <span class='ocrx_word' id='word_1_435' title='bbox 3382 1635 3467 1697; x_wconf 82' lang='lat' dir='ltr'><strong>ad</strong></span> <span class='ocrx_word' id='word_1_436' title='bbox 3512 1654 3721 1715; x_wconf 82' lang='lat' dir='ltr'><strong>agen-</strong></span> 
     </span>
     <span class='ocr_line' id='line_1_70' title="bbox 2145 1724 3713 1805; baseline 0.001 -18"><span class='ocrx_word' id='word_1_437' title='bbox 2145 1724 2333 1801; x_wconf 86' lang='lat' dir='ltr'><strong>dum,</strong></span> <span class='ocrx_word' id='word_1_438' title='bbox 2362 1728 2470 1805; x_wconf 86' lang='lat' dir='ltr'><strong>qui</strong></span> <span class='ocrx_word' id='word_1_439' title='bbox 2516 1726 2711 1791; x_wconf 85' lang='lat' dir='ltr'><strong>etiam</strong></span> <span class='ocrx_word' id='word_1_440' title='bbox 2739 1728 3043 1789; x_wconf 86' lang='lat' dir='ltr'><strong>auxilium</strong></span> <span class='ocrx_word' id='word_1_441' title='bbox 3070 1728 3456 1803; x_wconf 83' lang='lat' dir='ltr'><strong>nominatur,</strong></span> <span class='ocrx_word' id='word_1_442' title='bbox 3486 1735 3555 1791; x_wconf 86' lang='lat' dir='ltr'><strong>et</strong></span> <span class='ocrx_word' id='word_1_443' title='bbox 3584 1746 3713 1789; x_wconf 76' lang='lat' dir='ltr'><strong>neu</strong></span> 
     </span>
     <span class='ocr_line' id='line_1_71' title="bbox 2144 1818 3713 1898; baseline 0.003 -19"><span class='ocrx_word' id='word_1_444' title='bbox 2144 1818 2331 1881; x_wconf 88' lang='lat' dir='ltr'><strong>estin</strong></span> <span class='ocrx_word' id='word_1_445' title='bbox 2358 1819 2775 1883; x_wconf 84' lang='lat' dir='ltr'><strong>instrumento</strong></span> <span class='ocrx_word' id='word_1_446' title='bbox 2804 1820 2907 1883; x_wconf 85' lang='lat' dir='ltr'><strong>cui</strong></span> <span class='ocrx_word' id='word_1_447' title='bbox 2926 1820 3200 1883; x_wconf 85' lang='lat' dir='ltr'><strong>conferri</strong></span> <span class='ocrx_word' id='word_1_448' title='bbox 3228 1820 3481 1898; x_wconf 83' lang='lat' dir='ltr'><strong>dicitur,</strong></span> <span class='ocrx_word' id='word_1_449' title='bbox 3501 1822 3623 1883; x_wconf 85' lang='lat' dir='ltr'><strong>sed</strong></span> <span class='ocrx_word' id='word_1_450' title='bbox 3656 1823 3713 1882; x_wconf 85' lang='lat' dir='ltr'><strong>in</strong></span> 
     </span>
    </p>
   </div>
   <div class='ocr_carea' id='block_1_9' title="bbox 2145 1912 3846 1995">
    <p class='ocr_par' dir='ltr' id='par_1_9' title="bbox 2145 1912 3846 1995">
     <span class='ocr_line' id='line_1_72' title="bbox 2145 1912 3846 1995; baseline 0.001 -20"><span class='ocrx_word' id='word_1_451' title='bbox 2145 1912 2371 1977; x_wconf 78' lang='lat' dir='ltr'><strong>effectu</strong></span> <span class='ocrx_word' id='word_1_452' title='bbox 2394 1932 2511 1975; x_wconf 89' lang='lat' dir='ltr'><strong>seu</strong></span> <span class='ocrx_word' id='word_1_453' title='bbox 2538 1914 2821 1993; x_wconf 76' lang='lat' dir='ltr'><strong>subjecto</strong></span> <span class='ocrx_word' id='word_1_454' title='bbox 2848 1915 3013 1978; x_wconf 87' lang='lat' dir='ltr'><strong>circa</strong></span> <span class='ocrx_word' id='word_1_455' title='bbox 3040 1916 3211 1995; x_wconf 85' lang='lat' dir='ltr'><strong>quod</strong></span> <span class='ocrx_word' id='word_1_456' title='bbox 3235 1922 3531 1978; x_wconf 74' lang='lat' dir='ltr'><strong>vversatur</strong></span> <span class='ocrx_word' id='word_1_457' title='bbox 3552 1917 3717 1978; x_wconf 80' lang='lat' dir='ltr'><strong>actio</strong></span> <span class='ocrx_word' id='word_1_458' title='bbox 3845 1923 3846 1961; x_wconf 49' lang='lat' dir='ltr'><strong>t</strong></span> 
     </span>
    </p>
   </div>
   <div class='ocr_carea' id='block_1_10' title="bbox 2138 2008 3715 2746">
    <p class='ocr_par' dir='ltr' id='par_1_10' title="bbox 2138 2008 3715 2746">
     <span class='ocr_line' id='line_1_73' title="bbox 2140 2008 3715 2091; baseline 0.001 -22"><span class='ocrx_word' id='word_1_459' title='bbox 2140 2008 2573 2081; x_wconf 78' lang='lat' dir='ltr'><strong>instrumenti3</strong></span> <span class='ocrx_word' id='word_1_460' title='bbox 2604 2009 2761 2071; x_wconf 89' lang='lat' dir='ltr'><strong>nihil</strong></span> <span class='ocrx_word' id='word_1_461' title='bbox 2792 2010 2959 2071; x_wconf 88' lang='lat' dir='ltr'><strong>enim</strong></span> <span class='ocrx_word' id='word_1_462' title='bbox 2984 2018 3081 2073; x_wconf 90' lang='lat' dir='ltr'><strong>est</strong></span> <span class='ocrx_word' id='word_1_463' title='bbox 3108 2010 3277 2071; x_wconf 87' lang='lat' dir='ltr'><strong>aliud</strong></span> <span class='ocrx_word' id='word_1_464' title='bbox 3318 2025 3519 2089; x_wconf 80' lang='lat' dir='ltr'><strong>quam</strong></span> <span class='ocrx_word' id='word_1_465' title='bbox 3554 2010 3715 2091; x_wconf 76' lang='lat' dir='ltr'><strong>ipsa·</strong></span> 
     </span>
     <span class='ocr_line' id='line_1_74' title="bbox 2138 2103 3713 2186; baseline -0.001 -18"><span class='ocrx_word' id='word_1_466' title='bbox 2138 2109 2273 2168; x_wconf 79' lang='lat' dir='ltr'><strong>met</strong></span> <span class='ocrx_word' id='word_1_467' title='bbox 2298 2103 2485 2180; x_wconf 83' lang='lat' dir='ltr'><strong>actio,</strong></span> <span class='ocrx_word' id='word_1_468' title='bbox 2506 2110 2575 2165; x_wconf 85' lang='lat' dir='ltr'><strong>ut</strong></span> <span class='ocrx_word' id='word_1_469' title='bbox 2594 2104 2947 2183; x_wconf 82' lang='lat' dir='ltr'><strong>specialiter</strong></span> <span class='ocrx_word' id='word_1_470' title='bbox 2970 2122 3044 2166; x_wconf 86' lang='lat' dir='ltr'><strong>ac</strong></span> <span class='ocrx_word' id='word_1_471' title='bbox 3072 2104 3505 2186; x_wconf 83' lang='lat' dir='ltr'><strong>principaliter</strong></span> <span class='ocrx_word' id='word_1_472' title='bbox 3526 2122 3566 2166; x_wconf 85' lang='lat' dir='ltr'><strong>a</strong></span> <span class='ocrx_word' id='word_1_473' title='bbox 3586 2106 3713 2167; x_wconf 85' lang='lat' dir='ltr'><strong>Deo</strong></span> 
     </span>
     <span class='ocr_line' id='line_1_75' title="bbox 2140 2197 3713 2279; baseline 0.001 -21"><span class='ocrx_word' id='word_1_474' title='bbox 2140 2197 2387 2275; x_wconf 84' lang='lat' dir='ltr'><strong>fluens3</strong></span> <span class='ocrx_word' id='word_1_475' title='bbox 2419 2215 2548 2259; x_wconf 89' lang='lat' dir='ltr'><strong>non</strong></span> <span class='ocrx_word' id='word_1_476' title='bbox 2574 2202 2783 2277; x_wconf 82' lang='lat' dir='ltr'><strong>potest</strong></span> <span class='ocrx_word' id='word_1_477' title='bbox 2810 2216 2961 2279; x_wconf 80' lang='lat' dir='ltr'><strong>ergo</strong></span> <span class='ocrx_word' id='word_1_478' title='bbox 2990 2199 3113 2261; x_wconf 88' lang='lat' dir='ltr'><strong>hoc</strong></span> <span class='ocrx_word' id='word_1_479' title='bbox 3134 2198 3443 2260; x_wconf 82' lang='lat' dir='ltr'><strong>auxilinm</strong></span> <span class='ocrx_word' id='word_1_480' title='bbox 3476 2198 3575 2259; x_wconf 84' lang='lat' dir='ltr'><strong>sic</strong></span> <span class='ocrx_word' id='word_1_481' title='bbox 3600 2198 3713 2259; x_wconf 78' lang='lat' dir='ltr'><strong>de·-</strong></span> 
     </span>
     <span class='ocr_line' id='line_1_76' title="bbox 2140 2290 3713 2373; baseline 0.001 -20"><span class='ocrx_word' id='word_1_482' title='bbox 2140 2290 2445 2355; x_wconf 80' lang='lat' dir='ltr'><strong>claratum</strong></span> <span class='ocrx_word' id='word_1_483' title='bbox 2490 2309 2629 2353; x_wconf 84' lang='lat' dir='ltr'><strong>esse</strong></span> <span class='ocrx_word' id='word_1_484' title='bbox 2672 2290 2869 2354; x_wconf 84' lang='lat' dir='ltr'><strong>virtus</strong></span> <span class='ocrx_word' id='word_1_485' title='bbox 2906 2292 3162 2372; x_wconf 84' lang='lat' dir='ltr'><strong>agendi,</strong></span> <span class='ocrx_word' id='word_1_486' title='bbox 3194 2293 3343 2373; x_wconf 86' lang='lat' dir='ltr'><strong>quia</strong></span> <span class='ocrx_word' id='word_1_487' title='bbox 3390 2292 3595 2354; x_wconf 76' lang='lat' dir='ltr'><strong>virtus</strong></span> <span class='ocrx_word' id='word_1_488' title='bbox 3638 2294 3713 2354; x_wconf 83' lang='lat' dir='ltr'><strong>si-</strong></span> 
     </span>
     <span class='ocr_line' id='line_1_77' title="bbox 2140 2383 3705 2465; baseline 0 -20"><span class='ocrx_word' id='word_1_489' title='bbox 2140 2383 2397 2463; x_wconf 82' lang='lat' dir='ltr'><strong>gnificat</strong></span> <span class='ocrx_word' id='word_1_490' title='bbox 2414 2390 2627 2447; x_wconf 81' lang='lat' dir='ltr'><strong>aetum</strong></span> <span class='ocrx_word' id='word_1_491' title='bbox 2650 2386 2950 2464; x_wconf 85' lang='lat' dir='ltr'><strong>primum,</strong></span> <span class='ocrx_word' id='word_1_492' title='bbox 2970 2402 3100 2447; x_wconf 83' lang='lat' dir='ltr'><strong>nen</strong></span> <span class='ocrx_word' id='word_1_493' title='bbox 3124 2386 3441 2448; x_wconf 81' lang='lat' dir='ltr'><strong>acti-onem</strong></span> <span class='ocrx_word' id='word_1_494' title='bbox 3470 2386 3705 2465; x_wconf 72' lang='lat' dir='ltr'><strong>ipsam-3</strong></span> 
     </span>
     <span class='ocr_line' id='line_1_78' title="bbox 2139 2476 3705 2559; baseline 0.001 -21"><span class='ocrx_word' id='word_1_495' title='bbox 2139 2476 2335 2553; x_wconf 86' lang='lat' dir='ltr'><strong>unde,</strong></span> <span class='ocrx_word' id='word_1_496' title='bbox 2356 2478 2518 2539; x_wconf 86' lang='lat' dir='ltr'><strong>sicut</strong></span> <span class='ocrx_word' id='word_1_497' title='bbox 2544 2484 2723 2541; x_wconf 86' lang='lat' dir='ltr'><strong>actus</strong></span> <span class='ocrx_word' id='word_1_498' title='bbox 2750 2478 3067 2543; x_wconf 86' lang='lat' dir='ltr'><strong>secundus</strong></span> <span class='ocrx_word' id='word_1_499' title='bbox 3082 2478 3382 2559; x_wconf 82' lang='lat' dir='ltr'><strong>supponit</strong></span> <span class='ocrx_word' id='word_1_500' title='bbox 3406 2476 3705 2558; x_wconf 85' lang='lat' dir='ltr'><strong>primum,</strong></span> 
     </span>
     <span class='ocr_line' id='line_1_79' title="bbox 2138 2572 3709 2654; baseline 0 -21"><span class='ocrx_word' id='word_1_501' title='bbox 2138 2577 2203 2633; x_wconf 89' lang='lat' dir='ltr'><strong>et</strong></span> <span class='ocrx_word' id='word_1_502' title='bbox 2220 2588 2565 2635; x_wconf 86' lang='lat' dir='ltr'><strong>concursus</strong></span> <span class='ocrx_word' id='word_1_503' title='bbox 2598 2590 2742 2634; x_wconf 87' lang='lat' dir='ltr'><strong>cum</strong></span> <span class='ocrx_word' id='word_1_504' title='bbox 2766 2573 2889 2635; x_wconf 87' lang='lat' dir='ltr'><strong>alio</strong></span> <span class='ocrx_word' id='word_1_505' title='bbox 2916 2574 3213 2654; x_wconf 84' lang='lat' dir='ltr'><strong>supponit</strong></span> <span class='ocrx_word' id='word_1_506' title='bbox 3236 2572 3387 2635; x_wconf 89' lang='lat' dir='ltr'><strong>illud</strong></span> <span class='ocrx_word' id='word_1_507' title='bbox 3416 2588 3563 2633; x_wconf 85' lang='lat' dir='ltr'><strong>cum</strong></span> <span class='ocrx_word' id='word_1_508' title='bbox 3584 2590 3709 2651; x_wconf 84' lang='lat' dir='ltr'><strong>quo</strong></span> 
     </span>
     <span class='ocr_line' id='line_1_80' title="bbox 2138 2664 3705 2746; baseline 0 -21"><span class='ocrx_word' id='word_1_509' title='bbox 2138 2670 2234 2727; x_wconf 81' lang='lat' dir='ltr'><strong>est</strong></span> <span class='ocrx_word' id='word_1_510' title='bbox 2260 2666 2791 2739; x_wconf 84' lang='lat' dir='ltr'><strong>concurrendum,</strong></span> <span class='ocrx_word' id='word_1_511' title='bbox 2818 2666 2905 2729; x_wconf 86' lang='lat' dir='ltr'><strong>ita</strong></span> <span class='ocrx_word' id='word_1_512' title='bbox 2932 2665 3055 2728; x_wconf 88' lang='lat' dir='ltr'><strong>hoc</strong></span> <span class='ocrx_word' id='word_1_513' title='bbox 3080 2664 3385 2727; x_wconf 74' lang='lat' dir='ltr'><strong>auxilium</strong></span> <span class='ocrx_word' id='word_1_514' title='bbox 3410 2666 3705 2746; x_wconf 77' lang='lat' dir='ltr'><strong>supponit</strong></span> 
     </span>
    </p>
   </div>
   <div class='ocr_carea' id='block_1_11' title="bbox 2138 2753 3834 2838">
    <p class='ocr_par' dir='ltr' id='par_1_11' title="bbox 2138 2753 3834 2838">
     <span class='ocr_line' id='line_1_81' title="bbox 2138 2753 3834 2838; baseline 0.002 -20"><span class='ocrx_word' id='word_1_515' title='bbox 2138 2757 2430 2821; x_wconf 81' lang='lat' dir='ltr'><strong>virtutem</strong></span> <span class='ocrx_word' id='word_1_516' title='bbox 2464 2758 2719 2838; x_wconf 79' lang='lat' dir='ltr'><strong>agendi.</strong></span> <span class='ocrx_word' id='word_1_517' title='bbox 2755 2760 2821 2822; x_wconf 92' lang='lat' dir='ltr'><strong>Si</strong></span> <span class='ocrx_word' id='word_1_518' title='bbox 2862 2766 3080 2823; x_wconf 87' lang='lat' dir='ltr'><strong>autem</strong></span> <span class='ocrx_word' id='word_1_519' title='bbox 3122 2760 3201 2821; x_wconf 86' lang='lat' dir='ltr'><strong>sit</strong></span> <span class='ocrx_word' id='word_1_520' title='bbox 3228 2776 3443 2821; x_wconf 86' lang='lat' dir='ltr'><strong>sermo</strong></span> <span class='ocrx_word' id='word_1_521' title='bbox 3468 2760 3557 2821; x_wconf 84' lang='lat' dir='ltr'><strong>de</strong></span> <span class='ocrx_word' id='word_1_522' title='bbox 3594 2758 3709 2821; x_wconf 84' lang='lat' dir='ltr'><strong>boc</strong></span> <span class='ocrx_word' id='word_1_523' title='bbox 3823 2753 3834 2783; x_wconf 82' lang='lat'>²</span> 
     </span>
    </p>
   </div>
   <div class='ocr_carea' id='block_1_12' title="bbox 2132 2851 3707 5547">
    <p class='ocr_par' dir='ltr' id='par_1_12' title="bbox 2132 2851 3707 5547">
     <span class='ocr_line' id='line_1_82' title="bbox 2141 2851 3707 2933; baseline 0.001 -22"><span class='ocrx_word' id='word_1_524' title='bbox 2141 2851 2373 2913; x_wconf 83' lang='lat' dir='ltr'><strong>auxilio</strong></span> <span class='ocrx_word' id='word_1_525' title='bbox 2400 2852 2469 2913; x_wconf 89' lang='lat' dir='ltr'><strong>in</strong></span> <span class='ocrx_word' id='word_1_526' title='bbox 2494 2858 2643 2915; x_wconf 82' lang='lat' dir='ltr'><strong>actu</strong></span> <span class='ocrx_word' id='word_1_527' title='bbox 2669 2852 2896 2933; x_wconf 71' lang='lat' dir='ltr'><strong>prima,</strong></span> <span class='ocrx_word' id='word_1_528' title='bbox 2919 2853 3091 2933; x_wconf 87' lang='lat' dir='ltr'><strong>quod</strong></span> <span class='ocrx_word' id='word_1_529' title='bbox 3120 2853 3316 2933; x_wconf 83' lang='lat' dir='ltr'><strong>aliqui</strong></span> <span class='ocrx_word' id='word_1_530' title='bbox 3342 2858 3577 2915; x_wconf 78' lang='lat' dir='ltr'><strong>vocant</strong></span> <span class='ocrx_word' id='word_1_531' title='bbox 3602 2870 3707 2913; x_wconf 72' lang='lat' dir='ltr'><strong>au-</strong></span> 
     </span>
     <span class='ocr_line' id='line_1_83' title="bbox 2139 2944 3705 3027; baseline 0 -20"><span class='ocrx_word' id='word_1_532' title='bbox 2139 2944 2359 3007; x_wconf 86' lang='lat' dir='ltr'><strong>xilium</strong></span> <span class='ocrx_word' id='word_1_533' title='bbox 2390 2946 2737 3025; x_wconf 85' lang='lat' dir='ltr'><strong>internum,</strong></span> <span class='ocrx_word' id='word_1_534' title='bbox 2774 2947 2865 3010; x_wconf 89' lang='lat' dir='ltr'><strong>sic</strong></span> <span class='ocrx_word' id='word_1_535' title='bbox 2890 2954 3181 3027; x_wconf 84' lang='lat' dir='ltr'><strong>respectu</strong></span> <span class='ocrx_word' id='word_1_536' title='bbox 3212 2948 3443 3009; x_wconf 84' lang='lat' dir='ltr'><strong>horum</strong></span> <span class='ocrx_word' id='word_1_537' title='bbox 3482 2947 3705 3007; x_wconf 77' lang='lat' dir='ltr'><strong>instru-</strong></span> 
     </span>
     <span class='ocr_line' id='line_1_84' title="bbox 2140 3041 3707 3121; baseline -0.001 -21"><span class='ocrx_word' id='word_1_538' title='bbox 2140 3042 2501 3101; x_wconf 83' lang='lat' dir='ltr'><strong>mentorum</strong></span> <span class='ocrx_word' id='word_1_539' title='bbox 2526 3058 2659 3102; x_wconf 88' lang='lat' dir='ltr'><strong>nen</strong></span> <span class='ocrx_word' id='word_1_540' title='bbox 2693 3048 2789 3103; x_wconf 86' lang='lat' dir='ltr'><strong>est</strong></span> <span class='ocrx_word' id='word_1_541' title='bbox 2814 3041 3053 3121; x_wconf 80' lang='lat' dir='ltr'><strong>aliquid</strong></span> <span class='ocrx_word' id='word_1_542' title='bbox 3080 3048 3361 3103; x_wconf 79' lang='lat' dir='ltr'><strong>creatum</strong></span> <span class='ocrx_word' id='word_1_543' title='bbox 3388 3041 3707 3103; x_wconf 65' lang='lat' dir='ltr'><strong>inherens</strong></span> 
     </span>
     <span class='ocr_line' id='line_1_85' title="bbox 2137 3132 3703 3215; baseline 0.001 -21"><span class='ocrx_word' id='word_1_544' title='bbox 2137 3132 2319 3213; x_wconf 89' lang='lat' dir='ltr'><strong>ipsis,</strong></span> <span class='ocrx_word' id='word_1_545' title='bbox 2349 3133 2468 3195; x_wconf 82' lang='lat' dir='ltr'><strong>sed.</strong></span> <span class='ocrx_word' id='word_1_546' title='bbox 2492 3140 2593 3197; x_wconf 88' lang='lat' dir='ltr'><strong>est</strong></span> <span class='ocrx_word' id='word_1_547' title='bbox 2630 3135 2903 3215; x_wconf 83' lang='lat' dir='ltr'><strong>ipsamet</strong></span> <span class='ocrx_word' id='word_1_548' title='bbox 2943 3133 3395 3215; x_wconf 85' lang='lat' dir='ltr'><strong>omnipotentia</strong></span> <span class='ocrx_word' id='word_1_549' title='bbox 3424 3135 3703 3195; x_wconf 79' lang='lat' dir='ltr'><strong>increata</strong></span> 
     </span>
     <span class='ocr_line' id='line_1_86' title="bbox 2137 3224 3701 3307; baseline -0.001 -18"><span class='ocrx_word' id='word_1_550' title='bbox 2137 3224 2271 3302; x_wconf 85' lang='lat' dir='ltr'><strong>Dei,</strong></span> <span class='ocrx_word' id='word_1_551' title='bbox 2294 3244 2409 3307; x_wconf 88' lang='lat' dir='ltr'><strong>per</strong></span> <span class='ocrx_word' id='word_1_552' title='bbox 2431 3227 2816 3291; x_wconf 78' lang='lat' dir='ltr'><strong>voluntatem</strong></span> <span class='ocrx_word' id='word_1_553' title='bbox 2840 3229 2981 3307; x_wconf 81' lang='lat' dir='ltr'><strong>ejus</strong></span> <span class='ocrx_word' id='word_1_554' title='bbox 3008 3228 3365 3307; x_wconf 85' lang='lat' dir='ltr'><strong>specialiter</strong></span> <span class='ocrx_word' id='word_1_555' title='bbox 3392 3228 3701 3307; x_wconf 55' lang='lat' dir='ltr'><strong>applicata</strong></span> 
     </span>
     <span class='ocr_line' id='line_1_87' title="bbox 2138 3318 3703 3384; baseline 0 -3"><span class='ocrx_word' id='word_1_556' title='bbox 2138 3318 2221 3381; x_wconf 87' lang='lat' dir='ltr'><strong>ad</strong></span> <span class='ocrx_word' id='word_1_557' title='bbox 2236 3320 2743 3384; x_wconf 88' lang='lat' dir='ltr'><strong>concurrendum</strong></span> <span class='ocrx_word' id='word_1_558' title='bbox 2772 3339 2917 3383; x_wconf 90' lang='lat' dir='ltr'><strong>cum</strong></span> <span class='ocrx_word' id='word_1_559' title='bbox 2956 3321 3355 3384; x_wconf 85' lang='lat' dir='ltr'><strong>creatura-ad</strong></span> <span class='ocrx_word' id='word_1_560' title='bbox 3382 3321 3583 3383; x_wconf 83' lang='lat' dir='ltr'><strong>talem</strong></span> <span class='ocrx_word' id='word_1_561' title='bbox 3606 3336 3703 3381; x_wconf 83' lang='lat' dir='ltr'><strong>ac·-</strong></span> 
     </span>
     <span class='ocr_line' id='line_1_88' title="bbox 2136 3412 3701 3494; baseline 0 -19"><span class='ocrx_word' id='word_1_562' title='bbox 2136 3412 2396 3489; x_wconf 84' lang='lat' dir='ltr'><strong>tionem,</strong></span> <span class='ocrx_word' id='word_1_563' title='bbox 2429 3414 2495 3475; x_wconf 88' lang='lat' dir='ltr'><strong>in</strong></span> <span class='ocrx_word' id='word_1_564' title='bbox 2544 3430 2671 3493; x_wconf 87' lang='lat' dir='ltr'><strong>qua</strong></span> <span class='ocrx_word' id='word_1_565' title='bbox 2717 3414 2873 3476; x_wconf 84' lang='lat' dir='ltr'><strong>nihil</strong></span> <span class='ocrx_word' id='word_1_566' title='bbox 2914 3414 3217 3494; x_wconf 81' lang='lat' dir='ltr'><strong>praevium</strong></span> <span class='ocrx_word' id='word_1_567' title='bbox 3266 3421 3379 3477; x_wconf 85' lang='lat' dir='ltr'><strong>aut</strong></span> <span class='ocrx_word' id='word_1_568' title='bbox 3422 3418 3701 3475; x_wconf 68' lang='lat' dir='ltr'><strong>meatum</strong></span> 
     </span>
     <span class='ocr_line' id='line_1_89' title="bbox 2137 3507 3703 3587; baseline 0 -21"><span class='ocrx_word' id='word_1_569' title='bbox 2137 3507 2333 3586; x_wconf 82' lang='lat' dir='ltr'><strong>ponit,</strong></span> <span class='ocrx_word' id='word_1_570' title='bbox 2366 3513 2441 3569; x_wconf 87' lang='lat' dir='ltr'><strong>ut</strong></span> <span class='ocrx_word' id='word_1_571' title='bbox 2460 3507 2913 3587; x_wconf 82' lang='lat' dir='ltr'><strong>supponimus;</strong></span> <span class='ocrx_word' id='word_1_572' title='bbox 2944 3509 3079 3587; x_wconf 84' lang='lat' dir='ltr'><strong>ipsa</strong></span> <span class='ocrx_word' id='word_1_573' title='bbox 3105 3515 3321 3570; x_wconf 87' lang='lat' dir='ltr'><strong>autem</strong></span> <span class='ocrx_word' id='word_1_574' title='bbox 3350 3508 3467 3569; x_wconf 85' lang='lat' dir='ltr'><strong>Dei</strong></span> <span class='ocrx_word' id='word_1_575' title='bbox 3504 3507 3703 3569; x_wconf 82' lang='lat' dir='ltr'><strong>omni-</strong></span> 
     </span>
     <span class='ocr_line' id='line_1_90' title="bbox 2136 3600 3700 3682; baseline -0.001 -21"><span class='ocrx_word' id='word_1_576' title='bbox 2136 3600 2419 3681; x_wconf 84' lang='lat' dir='ltr'><strong>potentia</strong></span> <span class='ocrx_word' id='word_1_577' title='bbox 2440 3618 2573 3662; x_wconf 80' lang='lat' dir='ltr'><strong>non</strong></span> <span class='ocrx_word' id='word_1_578' title='bbox 2595 3606 2803 3681; x_wconf 84' lang='lat' dir='ltr'><strong>potest</strong></span> <span class='ocrx_word' id='word_1_579' title='bbox 2830 3620 2973 3665; x_wconf 87' lang='lat' dir='ltr'><strong>esse</strong></span> <span class='ocrx_word' id='word_1_580' title='bbox 3000 3606 3131 3663; x_wconf 86' lang='lat' dir='ltr'><strong>tota</strong></span> <span class='ocrx_word' id='word_1_581' title='bbox 3156 3602 3355 3664; x_wconf 73' lang='lat' dir='ltr'><strong>virtus</strong></span> <span class='ocrx_word' id='word_1_582' title='bbox 3374 3600 3615 3682; x_wconf 84' lang='lat' dir='ltr'><strong>agendi</strong></span> <span class='ocrx_word' id='word_1_583' title='bbox 3640 3600 3700 3661; x_wconf 86' lang='lat' dir='ltr'><strong>in</strong></span> 
     </span>
     <span class='ocr_line' id='line_1_91' title="bbox 2136 3692 3701 3775; baseline 0.001 -22"><span class='ocrx_word' id='word_1_584' title='bbox 2136 3692 2237 3753; x_wconf 85' lang='lat' dir='ltr'><strong>his</strong></span> <span class='ocrx_word' id='word_1_585' title='bbox 2272 3693 2655 3767; x_wconf 86' lang='lat' dir='ltr'><strong>actionibus;</strong></span> <span class='ocrx_word' id='word_1_586' title='bbox 2680 3694 2957 3774; x_wconf 87' lang='lat' dir='ltr'><strong>alioquin</strong></span> <span class='ocrx_word' id='word_1_587' title='bbox 2996 3696 3135 3774; x_wconf 86' lang='lat' dir='ltr'><strong>ipsa</strong></span> <span class='ocrx_word' id='word_1_588' title='bbox 3178 3696 3313 3757; x_wconf 86' lang='lat' dir='ltr'><strong>sola</strong></span> <span class='ocrx_word' id='word_1_589' title='bbox 3340 3694 3495 3775; x_wconf 81' lang='lat' dir='ltr'><strong>agit,</strong></span> <span class='ocrx_word' id='word_1_590' title='bbox 3524 3699 3593 3757; x_wconf 83' lang='lat' dir='ltr'><strong>ct</strong></span> <span class='ocrx_word' id='word_1_591' title='bbox 3621 3694 3701 3755; x_wconf 52' lang='lat' dir='ltr'><strong>&gt;ab</strong></span> 
     </span>
     <span class='ocr_line' id='line_1_92' title="bbox 2135 3784 3699 3868; baseline 0.003 -23"><span class='ocrx_word' id='word_1_592' title='bbox 2135 3784 2273 3864; x_wconf 85' lang='lat' dir='ltr'><strong>ipsa</strong></span> <span class='ocrx_word' id='word_1_593' title='bbox 2318 3785 2455 3849; x_wconf 86' lang='lat' dir='ltr'><strong>sola</strong></span> <span class='ocrx_word' id='word_1_594' title='bbox 2494 3786 2729 3865; x_wconf 81' lang='lat' dir='ltr'><strong>pendet</strong></span> <span class='ocrx_word' id='word_1_595' title='bbox 2774 3788 3063 3861; x_wconf 78' lang='lat' dir='ltr'><strong>effectus3</strong></span> <span class='ocrx_word' id='word_1_596' title='bbox 3098 3788 3271 3849; x_wconf 84' lang='lat' dir='ltr'><strong>nullo</strong></span> <span class='ocrx_word' id='word_1_597' title='bbox 3318 3804 3479 3868; x_wconf 76' lang='lat' dir='ltr'><strong>ergo</strong></span> <span class='ocrx_word' id='word_1_598' title='bbox 3515 3786 3699 3850; x_wconf 80' lang='lat' dir='ltr'><strong>modo</strong></span> 
     </span>
     <span class='ocr_line' id='line_1_93' title="bbox 2136 3878 3699 3959; baseline 0.001 -19"><span class='ocrx_word' id='word_1_599' title='bbox 2136 3878 2367 3959; x_wconf 86' lang='lat' dir='ltr'><strong>poterit</strong></span> <span class='ocrx_word' id='word_1_600' title='bbox 2415 3878 2605 3943; x_wconf 84' lang='lat' dir='ltr'><strong>tribui</strong></span> <span class='ocrx_word' id='word_1_601' title='bbox 2646 3885 2972 3958; x_wconf 72' lang='lat' dir='ltr'><strong>creatum,</strong></span> <span class='ocrx_word' id='word_1_602' title='bbox 3016 3898 3163 3942; x_wconf 85' lang='lat' dir='ltr'><strong>cum</strong></span> <span class='ocrx_word' id='word_1_603' title='bbox 3206 3880 3379 3941; x_wconf 82' lang='lat' dir='ltr'><strong>nullo</strong></span> <span class='ocrx_word' id='word_1_604' title='bbox 3426 3898 3581 3943; x_wconf 80' lang='lat' dir='ltr'><strong>vero</strong></span> <span class='ocrx_word' id='word_1_605' title='bbox 3630 3896 3699 3941; x_wconf 87' lang='lat' dir='ltr'><strong>ac</strong></span> 
     </span>
     <span class='ocr_line' id='line_1_94' title="bbox 2134 3972 3699 4056; baseline 0.003 -24"><span class='ocrx_word' id='word_1_606' title='bbox 2134 3972 2293 4035; x_wconf 88' lang='lat' dir='ltr'><strong>reali</strong></span> <span class='ocrx_word' id='word_1_607' title='bbox 2318 3972 2508 4035; x_wconf 89' lang='lat' dir='ltr'><strong>modo</strong></span> <span class='ocrx_word' id='word_1_608' title='bbox 2536 3973 2769 4037; x_wconf 85' lang='lat' dir='ltr'><strong>habeat</strong></span> <span class='ocrx_word' id='word_1_609' title='bbox 2808 3974 2909 4037; x_wconf 83' lang='lat' dir='ltr'><strong>vel</strong></span> <span class='ocrx_word' id='word_1_610' title='bbox 2954 3980 3270 4037; x_wconf 85' lang='lat' dir='ltr'><strong>sustentet</strong></span> <span class='ocrx_word' id='word_1_611' title='bbox 3292 3974 3699 4056; x_wconf 67' lang='lat' dir='ltr'><strong>omnipoten-</strong></span> 
     </span>
     <span class='ocr_line' id='line_1_95' title="bbox 2133 4064 3699 4150; baseline 0.001 -23"><span class='ocrx_word' id='word_1_612' title='bbox 2133 4064 2289 4127; x_wconf 86' lang='lat' dir='ltr'><strong>tiam</strong></span> <span class='ocrx_word' id='word_1_613' title='bbox 2315 4066 2451 4129; x_wconf 89' lang='lat' dir='ltr'><strong>Dei.</strong></span> <span class='ocrx_word' id='word_1_614' title='bbox 2480 4067 2555 4131; x_wconf 80' lang='lat' dir='ltr'><strong>Et</strong></span> <span class='ocrx_word' id='word_1_615' title='bbox 2582 4068 2684 4130; x_wconf 88' lang='lat' dir='ltr'><strong>hic</strong></span> <span class='ocrx_word' id='word_1_616' title='bbox 2712 4068 2969 4147; x_wconf 86' lang='lat' dir='ltr'><strong>quidem</strong></span> <span class='ocrx_word' id='word_1_617' title='bbox 2992 4069 3334 4146; x_wconf 61' lang='lat' dir='ltr'><strong>discursum,</strong></span> <span class='ocrx_word' id='word_1_618' title='bbox 3364 4068 3699 4150; x_wconf 85' lang='lat' dir='ltr'><strong>suppositis</strong></span> 
     </span>
     <span class='ocr_line' id='line_1_96' title="bbox 2135 4158 3697 4247; baseline 0.004 -27"><span class='ocrx_word' id='word_1_619' title='bbox 2135 4158 2457 4240; x_wconf 86' lang='lat' dir='ltr'><strong>principiis</strong></span> <span class='ocrx_word' id='word_1_620' title='bbox 2485 4178 2675 4241; x_wconf 81' lang='lat' dir='ltr'><strong>snpra</strong></span> <span class='ocrx_word' id='word_1_621' title='bbox 2702 4164 3009 4241; x_wconf 85' lang='lat' dir='ltr'><strong>tractatis,</strong></span> <span class='ocrx_word' id='word_1_622' title='bbox 3030 4164 3357 4227; x_wconf 66' lang='lat' dir='ltr'><strong>evidenter</strong></span> <span class='ocrx_word' id='word_1_623' title='bbox 3379 4164 3470 4247; x_wconf 81' lang='lat' dir='ltr'><strong>(ut</strong></span> <span class='ocrx_word' id='word_1_624' title='bbox 3498 4166 3697 4227; x_wconf 81' lang='lat' dir='ltr'><strong>existi-</strong></span> 
     </span>
     <span class='ocr_line' id='line_1_97' title="bbox 2134 4253 3693 4340; baseline 0.004 -27"><span class='ocrx_word' id='word_1_625' title='bbox 2134 4254 2263 4331; x_wconf 84' lang='lat' dir='ltr'><strong>mo)</strong></span> <span class='ocrx_word' id='word_1_626' title='bbox 2288 4253 2629 4329; x_wconf 79' lang='lat' dir='ltr'><strong>concludit,</strong></span> <span class='ocrx_word' id='word_1_627' title='bbox 2652 4257 2719 4318; x_wconf 89' lang='lat' dir='ltr'><strong>in</strong></span> <span class='ocrx_word' id='word_1_628' title='bbox 2740 4257 2839 4319; x_wconf 88' lang='lat' dir='ltr'><strong>his</strong></span> <span class='ocrx_word' id='word_1_629' title='bbox 2860 4258 3315 4335; x_wconf 75' lang='lat' dir='ltr'><strong>instrumentiS‚</strong></span> <span class='ocrx_word' id='word_1_630' title='bbox 3336 4265 3693 4340; x_wconf 78' lang='lat' dir='ltr'><strong>quaeagnnt</strong></span> 
     </span>
     <span class='ocr_line' id='line_1_98' title="bbox 2134 4347 3695 4433; baseline 0.004 -26"><span class='ocrx_word' id='word_1_631' title='bbox 2134 4347 2379 4412; x_wconf 87' lang='lat' dir='ltr'><strong>actione</strong></span> <span class='ocrx_word' id='word_1_632' title='bbox 2405 4354 2791 4427; x_wconf 88' lang='lat' dir='ltr'><strong>transeunte,</strong></span> <span class='ocrx_word' id='word_1_633' title='bbox 2814 4352 2951 4413; x_wconf 89' lang='lat' dir='ltr'><strong>sine</strong></span> <span class='ocrx_word' id='word_1_634' title='bbox 2978 4351 3107 4414; x_wconf 82' lang='lat' dir='ltr'><strong>ulla</strong></span> <span class='ocrx_word' id='word_1_635' title='bbox 3134 4353 3599 4433; x_wconf 84' lang='lat' dir='ltr'><strong>supernaturali</strong></span> <span class='ocrx_word' id='word_1_636' title='bbox 3626 4370 3695 4414; x_wconf 85' lang='lat' dir='ltr'><strong>aa</strong></span> 
     </span>
     <span class='ocr_line' id='line_1_99' title="bbox 2133 4440 3697 4527; baseline 0.004 -27"><span class='ocrx_word' id='word_1_637' title='bbox 2133 4440 2395 4520; x_wconf 74' lang='lat' dir='ltr'><strong>physica</strong></span> <span class='ocrx_word' id='word_1_638' title='bbox 2418 4444 2765 4506; x_wconf 83' lang='lat' dir='ltr'><strong>mutatione</strong></span> <span class='ocrx_word' id='word_1_639' title='bbox 2796 4444 3065 4525; x_wconf 78' lang='lat' dir='ltr'><strong>positiva</strong></span> <span class='ocrx_word' id='word_1_640' title='bbox 3086 4447 3320 4527; x_wconf 80' lang='lat' dir='ltr'><strong>praevia</strong></span> <span class='ocrx_word' id='word_1_641' title='bbox 3346 4462 3493 4525; x_wconf 80' lang='lat' dir='ltr'><strong>qum</strong></span> <span class='ocrx_word' id='word_1_642' title='bbox 3520 4446 3589 4508; x_wconf 87' lang='lat' dir='ltr'><strong>in</strong></span> <span class='ocrx_word' id='word_1_643' title='bbox 3614 4446 3697 4526; x_wconf 85' lang='lat' dir='ltr'><strong>ip·</strong></span> 
     </span>
     <span class='ocr_line' id='line_1_100' title="bbox 2136 4532 3691 4619; baseline 0.006 -26"><span class='ocrx_word' id='word_1_644' title='bbox 2136 4533 2223 4594; x_wconf 87' lang='lat' dir='ltr'><strong>sis</strong></span> <span class='ocrx_word' id='word_1_645' title='bbox 2268 4532 2399 4609; x_wconf 88' lang='lat' dir='ltr'><strong>fiat,</strong></span> <span class='ocrx_word' id='word_1_646' title='bbox 2435 4535 2687 4599; x_wconf 88' lang='lat' dir='ltr'><strong>tertium</strong></span> <span class='ocrx_word' id='word_1_647' title='bbox 2721 4538 3075 4601; x_wconf 88' lang='lat' dir='ltr'><strong>membrum</strong></span> <span class='ocrx_word' id='word_1_648' title='bbox 3122 4556 3261 4601; x_wconf 86' lang='lat' dir='ltr'><strong>esse</strong></span> <span class='ocrx_word' id='word_1_649' title='bbox 3306 4539 3691 4619; x_wconf 81' lang='lat' dir='ltr'><strong>eligendum,</strong></span> 
     </span>
     <span class='ocr_line' id='line_1_101' title="bbox 2135 4626 3695 4709; baseline 0.004 -21"><span class='ocrx_word' id='word_1_650' title='bbox 2135 4626 2393 4702; x_wconf 86' lang='lat' dir='ltr'><strong>scilicet,</strong></span> <span class='ocrx_word' id='word_1_651' title='bbox 2444 4630 2713 4709; x_wconf 88' lang='lat' dir='ltr'><strong>supponi</strong></span> <span class='ocrx_word' id='word_1_652' title='bbox 2760 4630 2827 4692; x_wconf 89' lang='lat' dir='ltr'><strong>in</strong></span> <span class='ocrx_word' id='word_1_653' title='bbox 2862 4630 2967 4693; x_wconf 88' lang='lat' dir='ltr'><strong>his</strong></span> <span class='ocrx_word' id='word_1_654' title='bbox 2996 4632 3189 4695; x_wconf 80' lang='lat' dir='ltr'><strong>rebus</strong></span> <span class='ocrx_word' id='word_1_655' title='bbox 3231 4632 3595 4695; x_wconf 76' lang='lat' dir='ltr'><strong>inchoatam</strong></span> <span class='ocrx_word' id='word_1_656' title='bbox 3636 4637 3695 4695; x_wconf 86' lang='lat' dir='ltr'><strong>et</strong></span> 
     </span>
     <span class='ocr_line' id='line_1_102' title="bbox 2134 4720 3693 4806; baseline 0.002 -22"><span class='ocrx_word' id='word_1_657' title='bbox 2134 4720 2312 4800; x_wconf 84' lang='lat' dir='ltr'><strong>quasi</strong></span> <span class='ocrx_word' id='word_1_658' title='bbox 2342 4721 2877 4786; x_wconf 84' lang='lat' dir='ltr'><strong>fundamentalem</strong></span> <span class='ocrx_word' id='word_1_659' title='bbox 2910 4727 3059 4801; x_wconf 79' lang='lat' dir='ltr'><strong>vim,</strong></span> <span class='ocrx_word' id='word_1_660' title='bbox 3084 4742 3227 4805; x_wconf 81' lang='lat' dir='ltr'><strong>quae</strong></span> <span class='ocrx_word' id='word_1_661' title='bbox 3254 4743 3371 4806; x_wconf 88' lang='lat' dir='ltr'><strong>per</strong></span> <span class='ocrx_word' id='word_1_662' title='bbox 3398 4727 3693 4790; x_wconf 81' lang='lat' dir='ltr'><strong>auxilium</strong></span> 
     </span>
     <span class='ocr_line' id='line_1_103' title="bbox 2134 4813 3694 4901; baseline 0.003 -26"><span class='ocrx_word' id='word_1_663' title='bbox 2134 4813 2415 4877; x_wconf 84' lang='lat' dir='ltr'><strong>elevatur</strong></span> <span class='ocrx_word' id='word_1_664' title='bbox 2442 4815 2526 4878; x_wconf 86' lang='lat' dir='ltr'><strong>ad</strong></span> <span class='ocrx_word' id='word_1_665' title='bbox 2547 4816 2888 4897; x_wconf 85' lang='lat' dir='ltr'><strong>agendum,</strong></span> <span class='ocrx_word' id='word_1_666' title='bbox 2910 4831 2979 4880; x_wconf 81' lang='lat' dir='ltr'><strong>et</strong></span> <span class='ocrx_word' id='word_1_667' title='bbox 2998 4818 3169 4881; x_wconf 87' lang='lat' dir='ltr'><strong>illam</strong></span> <span class='ocrx_word' id='word_1_668' title='bbox 3194 4820 3321 4881; x_wconf 73' lang='lat' dir='ltr'><strong>vim</strong></span> <span class='ocrx_word' id='word_1_669' title='bbox 3347 4820 3694 4901; x_wconf 81' lang='lat' dir='ltr'><strong>potentiam</strong></span> 
     </span>
     <span class='ocr_line' id='line_1_104' title="bbox 2134 4907 3693 4995; baseline 0.004 -26"><span class='ocrx_word' id='word_1_670' title='bbox 2134 4907 2617 4973; x_wconf 86' lang='lat' dir='ltr'><strong>obedientialem</strong></span> <span class='ocrx_word' id='word_1_671' title='bbox 2655 4912 2920 4975; x_wconf 83' lang='lat' dir='ltr'><strong>activam</strong></span> <span class='ocrx_word' id='word_1_672' title='bbox 2948 4914 3377 4995; x_wconf 77' lang='lat' dir='ltr'><strong>appellamus3</strong></span> <span class='ocrx_word' id='word_1_673' title='bbox 3402 4915 3455 4977; x_wconf 87' lang='lat' dir='ltr'><strong>si</strong></span> <span class='ocrx_word' id='word_1_674' title='bbox 3485 4922 3693 4977; x_wconf 82' lang='lat' dir='ltr'><strong>autem</strong></span> 
     </span>
     <span class='ocr_line' id='line_1_105' title="bbox 2133 5002 3690 5087; baseline 0.005 -25"><span class='ocrx_word' id='word_1_675' title='bbox 2133 5002 2286 5080; x_wconf 85' lang='lat' dir='ltr'><strong>quis</strong></span> <span class='ocrx_word' id='word_1_676' title='bbox 2302 5020 2661 5067; x_wconf 85' lang='lat' dir='ltr'><strong>sermonem</strong></span> <span class='ocrx_word' id='word_1_677' title='bbox 2700 5006 2964 5069; x_wconf 84' lang='lat' dir='ltr'><strong>misceat</strong></span> <span class='ocrx_word' id='word_1_678' title='bbox 3008 5006 3085 5068; x_wconf 88' lang='lat' dir='ltr'><strong>de</strong></span> <span class='ocrx_word' id='word_1_679' title='bbox 3116 5008 3417 5087; x_wconf 78' lang='lat' dir='ltr'><strong>potentiis</strong></span> <span class='ocrx_word' id='word_1_680' title='bbox 3444 5010 3690 5082; x_wconf 65' lang='lat' dir='ltr'><strong>animae,</strong></span> 
     </span>
     <span class='ocr_line' id='line_1_106' title="bbox 2132 5096 3693 5181; baseline 0.006 -25"><span class='ocrx_word' id='word_1_681' title='bbox 2132 5107 2447 5175; x_wconf 85' lang='lat' dir='ltr'><strong>quatenus</strong></span> <span class='ocrx_word' id='word_1_682' title='bbox 2476 5096 2559 5159; x_wconf 86' lang='lat' dir='ltr'><strong>ad</strong></span> <span class='ocrx_word' id='word_1_683' title='bbox 2600 5105 2776 5161; x_wconf 89' lang='lat' dir='ltr'><strong>actus</strong></span> <span class='ocrx_word' id='word_1_684' title='bbox 2814 5101 3329 5181; x_wconf 80' lang='lat' dir='ltr'><strong>supernaturales</strong></span> <span class='ocrx_word' id='word_1_685' title='bbox 3354 5102 3693 5165; x_wconf 85' lang='lat' dir='ltr'><strong>eliciendos</strong></span> 
     </span>
     <span class='ocr_line' id='line_1_107' title="bbox 2134 5189 3693 5274; baseline 0.006 -25"><span class='ocrx_word' id='word_1_686' title='bbox 2134 5189 2479 5265; x_wconf 80' lang='lat' dir='ltr'><strong>elevantur,</strong></span> <span class='ocrx_word' id='word_1_687' title='bbox 2502 5190 2565 5253; x_wconf 87' lang='lat' dir='ltr'><strong>in</strong></span> <span class='ocrx_word' id='word_1_688' title='bbox 2586 5192 2817 5273; x_wconf 76' lang='lat' dir='ltr'><strong>quihus</strong></span> <span class='ocrx_word' id='word_1_689' title='bbox 2837 5194 3195 5274; x_wconf 66' lang='lat' dir='ltr'><strong>praecedaere</strong></span> <span class='ocrx_word' id='word_1_690' title='bbox 3212 5194 3377 5259; x_wconf 85' lang='lat' dir='ltr'><strong>solet</strong></span> <span class='ocrx_word' id='word_1_691' title='bbox 3394 5197 3693 5261; x_wconf 84' lang='lat' dir='ltr'><strong>auxilium</strong></span> 
     </span>
     <span class='ocr_line' id='line_1_108' title="bbox 2132 5281 3692 5371; baseline 0.005 -27"><span class='ocrx_word' id='word_1_692' title='bbox 2132 5281 2490 5349; x_wconf 85' lang='lat' dir='ltr'><strong>distinctum</strong></span> <span class='ocrx_word' id='word_1_693' title='bbox 2518 5284 2603 5347; x_wconf 79' lang='lat' dir='ltr'><strong>ab</strong></span> <span class='ocrx_word' id='word_1_694' title='bbox 2628 5286 2857 5349; x_wconf 84' lang='lat' dir='ltr'><strong>actuali</strong></span> <span class='ocrx_word' id='word_1_695' title='bbox 2901 5305 3213 5351; x_wconf 66' lang='lat' dir='ltr'><strong>cenoman</strong></span> <span class='ocrx_word' id='word_1_696' title='bbox 3240 5288 3495 5369; x_wconf 66' lang='lat' dir='ltr'><strong>gratie,</strong></span> <span class='ocrx_word' id='word_1_697' title='bbox 3521 5290 3692 5371; x_wconf 80' lang='lat' dir='ltr'><strong>quod</strong></span> 
     </span>
     <span class='ocr_line' id='line_1_109' title="bbox 2135 5376 3693 5461; baseline 0.006 -26"><span class='ocrx_word' id='word_1_698' title='bbox 2135 5376 2435 5439; x_wconf 84' lang='lat' dir='ltr'><strong>auxilium</strong></span> <span class='ocrx_word' id='word_1_699' title='bbox 2478 5379 2691 5441; x_wconf 76' lang='lat' dir='ltr'><strong>vacari</strong></span> <span class='ocrx_word' id='word_1_700' title='bbox 2732 5379 2891 5443; x_wconf 85' lang='lat' dir='ltr'><strong>solet</strong></span> <span class='ocrx_word' id='word_1_701' title='bbox 2932 5382 3327 5461; x_wconf 63' lang='lat' dir='ltr'><strong>praeveniens</strong></span> <span class='ocrx_word' id='word_1_702' title='bbox 3362 5400 3479 5445; x_wconf 85' lang='lat' dir='ltr'><strong>sen</strong></span> <span class='ocrx_word' id='word_1_703' title='bbox 3526 5384 3693 5445; x_wconf 75' lang='lat' dir='ltr'><strong>exci-</strong></span> 
     </span>
     <span class='ocr_line' id='line_1_110' title="bbox 2136 5475 3691 5547; baseline 0.007 -17"><span class='ocrx_word' id='word_1_704' title='bbox 2136 5475 2307 5547; x_wconf 84' lang='lat' dir='ltr'><strong>tans,</strong></span> <span class='ocrx_word' id='word_1_705' title='bbox 2356 5478 2418 5533; x_wconf 83' lang='lat' dir='ltr'><strong>et</strong></span> <span class='ocrx_word' id='word_1_706' title='bbox 2464 5477 2759 5539; x_wconf 81' lang='lat' dir='ltr'><strong>censetur</strong></span> <span class='ocrx_word' id='word_1_707' title='bbox 2796 5490 2935 5540; x_wconf 81' lang='lat' dir='ltr'><strong>esse</strong></span> <span class='ocrx_word' id='word_1_708' title='bbox 2972 5476 3169 5543; x_wconf 79' lang='lat' dir='ltr'><strong>virtus</strong></span> <span class='ocrx_word' id='word_1_709' title='bbox 3206 5476 3291 5539; x_wconf 80' lang='lat' dir='ltr'><strong>ad</strong></span> <span class='ocrx_word' id='word_1_710' title='bbox 3332 5475 3691 5543; x_wconf 77' lang='lat' dir='ltr'><strong>efficiendos</strong></span> 
     </span>
    </p>
   </div>
   <div class='ocr_carea' id='block_1_13' title="bbox 3844 2778 3847 3475">
    <p class='ocr_par' dir='ltr' id='par_1_13' title="bbox 3844 2778 3847 3475">
     <span class='ocr_line' id='line_1_111' title="bbox 3844 2778 3847 3475; baseline 0 0"><span class='ocrx_word' id='word_1_711' title='bbox 3844 2778 3847 3475; x_wconf 95' lang='lat' dir='ltr'><strong> </strong></span> 
     </span>
    </p>
   </div>
   <div class='ocr_carea' id='block_1_14' title="bbox 3842 5014 3850 6112">
    <p class='ocr_par' dir='ltr' id='par_1_14' title="bbox 3842 5014 3850 6112">
     <span class='ocr_line' id='line_1_112' title="bbox 3842 5014 3850 6112; baseline 0 0"><span class='ocrx_word' id='word_1_712' title='bbox 3842 5014 3850 6112; x_wconf 95' lang='lat' dir='ltr'><strong> </strong></span> 
     </span>
    </p>
   </div>
  </div>
 </body>
</html>
