3892 6167
1373 344 1694 401 msvu‘ru.
1723 344 1904 398 xxxt.
1935 344 2107 401 SEGT.
2144 347 2227 401 VI.

149 450 446 527 citatem,
478 448 736 513 etiamsi
761 448 928 511 iutra
951 444 1278 529 proprium
1302 444 1594 509 ordinem
1631 462 1742 507 na·

149 544 438 605 turaiem
457 550 634 607 esset
651 560 772 625 per
787 560 860 605 se
883 541 1246 620 intelligens
1271 546 1334 601 et
1359 538 1580 601 voleus
1601 537 1740 601 abs-

150 654 276 716 que
307 636 737 699 distinctione
755 636 912 699 reali
933 633 1383 715 potentiarum.

225 732 336 791 76.
380 730 640 793 Deinde
667 730 738 791 iu
777 729 838 790 vi
863 726 1064 791 activa
1080 772 1102 803 ,
1129 746 1244 790 sen
1273 728 1344 788 in
1387 728 1738 791 elevatione

145 829 578 885 creatum-ut
603 828 758 904 agat
773 828 847 885 ut
867 822 1358 883 instrumentum
1381 822 1518 896 Dei,
1539 822 1742 884 incre·

141 914 350 979 dibile
371 916 646 979 videtur
671 931 802 978 non
821 932 1010 997 posse
1030 914 1231 977 Deum
1251 914 1502 979 elevare
1528 914 1610 977 ad
1634 913 1744 977 ali-

143 1010 306 1089 quid
335 1010 920 1089 supernaturaliter
945 1008 1298 1089 agendum,
1327 1009 1452 1071 nisi
1479 1008 1546 1071 id
1570 1008 1744 1087 quod

141 1104 351 1166 hahet
389 1105 684 1182 aliquam
709 1103 1066 1165 naturalem
1089 1102 1216 1165 vim
1245 1100 1329 1165 ad
1365 1102 1537 1165 alind
1559 1109 1742 1165 notu·

144 1196 374 1259 raliter
405 1196 760 1277 agendum.
795 1196 1001 1259 Primo
1037 1194 1298 1275 quidem
1325 1198 1508 1276 quia,
1549 1196 1602 1258 si
1627 1212 1746 1277 po·

143 1298 268 1353 test
303 1292 579 1354 elevare
607 1308 862 1373 aquam,
889 1297 960 1351 ut
987 1290 1212 1371 frigida
1239 1297 1358 1365 est,
1385 1290 1566 1352 verbi
1595 1306 1746 1369 gra-

143 1386 260 1459 tia,
295 1385 390 1446 ad
425 1384 834 1447 efficiendam
866 1384 1134 1464 gratiam
1157 1428 1178 1457 ,
1205 1400 1320 1445 our
1367 1400 1498 1445 non
1537 1387 1750 1463 potest

143 1479 490 1555 eamdem,
515 1487 588 1539 ut
615 1484 850 1557 quanta
875 1483 997 1554 est,
1015 1476 1100 1538 ad
1123 1476 1420 1539 eumdem
1447 1476 1744 1539 effectum

139 1572 466 1633 elevare?
493 1570 668 1649 quod
703 1571 875 1633 enim
909 1570 1220 1651 frigiditas
1259 1570 1338 1633 sit
1375 1570 1746 1633 naturaliter

135 1666 457 1727 effectiva
501 1662 889 1745 frigiditatis,
929 1664 1246 1743 quantitas
1289 1680 1442 1725 vero
1491 1680 1624 1727 non
1664 1662 1742 1725 sit

132 1759 546 1821 naturaliter
559 1756 850 1820 effectiva
870 1756 1128 1821 alterius
1145 1756 1536 1837 quantitatis,
1556 1754 1742 1819 valde

131 1854 588 1933 impertinens
611 1855 713 1914 est
757 1850 840 1912 ad
883 1849 1252 1930 praedictum
1301 1850 1512 1929 gratim
1557 1848 1741 1912 effec-

129 1956 314 2009 tum.
349 1946 542 2019 Quod
571 1964 652 2007 ex
693 1945 1082 2007 institutione
1127 1960 1300 2005 nune
1330 1943 1500 2007 faeta
1523 1943 1741 2005 verisi-

127 2042 397 2103 militer
427 2042 796 2120 conjectare
823 2054 1162 2120 possumus
1177 2054 1199 2118 3
1231 2055 1378 2101 nam
1397 2082 1416 2113 ‚
1457 2044 1528 2101 ut
1573 2054 1744 2117 aqua

127 2134 463 2215 baptismi
513 2134 799 2197 conferat
845 2135 1138 2214 gratiam,
1185 2133 1600 2215 impertinens
1643 2138 1742 2195 est

122 2228 326 2309 qnod
376 2229 466 2291 sit
513 2226 751 2309 frigida
797 2228 896 2290 vel
937 2226 1164 2305 calida,
1196 2226 1542 2289 dnmmodo
1573 2244 1740 2306 aqua

119 2324 240 2399 sit,
279 2326 354 2383 et
383 2322 804 2402 impertinens
833 2322 1024 2384 etiam
1049 2319 1340 2401 estquod
1369 2320 1566 2401 possit
1587 2320 1740 2382 alte-

119 2434 296 2477 rare
341 2433 612 2495 eorpus,
633 2422 768 2477 tum
805 2416 979 2494 quia,
1008 2414 1156 2476 lieet
1197 2430 1327 2475 uon
1351 2418 1568 2494 posset
1597 2430 1742 2493 pro·-

125 2518 294 2591 pter
323 2510 764 2571 resistentiam
797 2508 900 2571 vel
931 2508 1408 2587 dispositionem
1433 2506 1736 2587 eorporis,

133 2605 242 2665 nii
271 2602 586 2681 referret3
608 2609 750 2664 tum
768 2603 960 2665 etiam
990 2600 1138 2680 quia
1165 2618 1294 2663 non
1315 2607 1414 2663 est
1437 2600 1740 2663 effectura

129 2699 432 2779 gratiam
457 2698 524 2759 in
551 2712 842 2778 corpore,
863 2696 974 2759 sed
1002 2697 1070 2757 in
1098 2697 1332 2773 anima,
1355 2696 1420 2757 iu
1449 2712 1574 2774 qna
1597 2694 1740 2756 nnl-

127 2793 278 2853 lam
305 2782 692 2871 qualitatem
721 2794 926 2870 potest
953 2789 1322 2853 naturaliter
1361 2788 1736 2869 producere.

127 2885 402 2947 Deinde
423 2928 450 2960 ,
491 2884 752 2965 quando
797 2884 1080 2947 Christus
1129 2882 1425 2945 Dominus
1475 2880 1742 2943 sanabat

127 2986 476 3058 aegrotum
491 3019 516 3055 ‚
543 2979 650 3043 vel
677 2977 1108 3041 sanctificabat
1129 2976 1308 3037 illum
1333 2992 1449 3057 per
1485 2981 1742 3037 eontae·

131 3082 312 3150 tnm,
333 3074 617 3135 omnino
635 3074 1050 3153 impertinens
1073 3078 1140 3135 et
1155 3088 1274 3151 per
1291 3070 1587 3133 accidens
1603 3075 1742 3131 erat

133 3186 222 3228 ex
277 3173 476 3247 parte
531 3167 740 3231 narnis
793 3172 901 3228 ant
949 3166 1466 3227 vestimentorum
1515 3162 1738 3225 Christi

131 3262 472 3323 naturalis
489 3262 584 3323 vis
605 3262 806 3324 activa
827 3260 1222 3342 qualitatum,
1245 3258 1358 3321 sed
1377 3257 1740 3321 immediate

135 3361 208 3418 et
256 3374 380 3436 per
411 3374 488 3419 se
515 3354 902 3435 sequebatur
945 3356 1206 3417 effectus
1233 3370 1314 3415 ex
1342 3357 1634 3415 contactu
1669 3352 1738 3413 il-

136 3449 362 3511 lorum
391 3450 759 3528 corporum,
781 3448 890 3529 qui
913 3448 1176 3528 proeeise
1193 3448 1259 3509 in
1283 3445 1738 3526 quantitatibus

141 3560 262 3604 seu
293 3560 426 3622 per
464 3542 854 3622 quantitates
895 3539 1124 3615 fiebat3
1157 3543 1222 3603 et
1259 3540 1528 3603 fortasse
1573 3538 1740 3601 aetio

145 3635 532 3699 immediate
547 3635 965 3715 prosedehat,
991 3635 1094 3696 vel
1135 3652 1176 3695 a
1201 3650 1399 3696 earne
1427 3632 1564 3713 ipsa
1590 3632 1738 3694 sub·

159 3725 469 3805 stantiali,
485 3729 592 3790 vel
611 3747 650 3791 a
671 3728 1018 3809 quantitate
1038 3728 1201 3808 ipsa,
1219 3727 1322 3789 vei
1339 3726 1528 3789 simul
1547 3727 1736 3789 etiam

167 3840 204 3881 a
241 3822 650 3901 qualitatibus
678 3821 906 3901 quihus
929 3827 1069 3883 erat
1091 3821 1342 3896 affecta,
1361 3821 1490 3883 sive
1517 3821 1736 3882 aetivoe

163 3922 374 3977 essent
403 3916 780 3995 qualitatum
807 3916 925 3977 sibi
951 3914 1274 3989 similium,
1309 3914 1440 3976 sive
1469 3930 1598 3975 non
1636 3930 1736 3975 es-

160 4017 318 4073 sent.
365 4007 447 4073 Et
474 4010 648 4072 idem
689 4017 786 4073 est
822 4010 906 4071 de
945 4009 1174 4071 effectu
1202 4008 1425 4087 gratiis
1459 4007 1734 4069 sanetifi-

162 4102 362 4165 cantis
377 4148 399 4180 ,
429 4102 694 4182 quando
721 4116 838 4183 per
867 4116 1096 4165 manus
1123 4100 1590 4182 impositionem
1619 4101 1736 4162 da-

163 4207 280 4259 tur.
302 4198 634 4278 Multoque
661 4196 1020 4259 evidentius
1042 4196 1161 4258 erit
1187 4198 1654 4276 argumentum,
1679 4196 1732 4256 si

165 4292 298 4353 talis
333 4292 607 4353 effeetus
630 4290 921 4369 proxime
951 4306 1064 4370 per
1091 4288 1362 4350 localem
1383 4288 1732 4349 motionem

169 4383 566 4448 instrumenti
608 4382 745 4457 fiat,
793 4382 881 4445 ita
929 4388 1000 4444 ut
1037 4379 1404 4443 immediata
1455 4381 1617 4443 ratio
1666 4386 1734 4442 et

169 4477 353 4538 virtus
379 4474 620 4555 agendi
647 4476 732 4543 sit
765 4482 974 4538 motus
1015 4474 1186 4555 ipse3
1218 4489 1368 4533 nam
1407 4478 1617 4535 motus
1643 4474 1736 4534 lo·

171 4571 317 4633 calis
348 4570 600 4631 nullam
643 4570 775 4636 vim
815 4570 1085 4631 activam
1129 4566 1484 4629 naturalem
1515 4566 1728 4641 habet,

173 4664 460 4743 idemque
497 4669 600 4725 est
624 4664 704 4725 de
747 4681 899 4726 rece
929 4680 1048 4725 seu
1086 4661 1308 4738 verbo,
1331 4679 1474 4742 quie
1499 4661 1734 4723 elevari

173 4766 446 4837 possunt,
483 4765 560 4820 nt
587 4758 714 4820 sint
733 4759 1228 4821 instrumentum
1253 4755 1366 4818 Dei
1395 4755 1478 4817 ad
1505 4754 1732 4835 produ-

173 4852 430 4914 cendum
477 4852 785 4931 gratham
837 4852 965 4913 ime
1016 4858 1080 4913 et
1127 4850 1215 4913 ad
1255 4848 1733 4931 producendam

171 4946 581 5011 substantiam
597 4991 622 5023 ,
643 4946 760 5008 ‘vel
799 4943 1294 5009 convertendam
1342 4960 1540 5005 unam
1583 4940 1732 5005 sub·

173 5040 450 5102 stantiam
496 5041 584 5101 in·
609 5038 824 5115 aihu),
863 5044 934 5102 ut
979 5038 1048 5099 in
1095 5055 1276 5101 sacre
1319 5036 1726 5099 Eucharistiae

173 5134 461 5213 mysterio
477 5134 584 5208 flu
602 5138 676 5197 et
695 5133 976 5195 Christus
995 5133 1296 5194 Dmninus
1323 5130 1516 5195 etiam
1543 5130 1612 5193 id
1635 5130 1730 5193 fe-

173 5228 244 5289 cit
263 5226 456 5289 verbo
481 5244 632 5303 sne,
648 5226 903 5307 qnando
931 5227 1002 5287 in
1027 5226 1262 5315 nuptiis
1287 5243 1518 5305 aquam
1547 5226 1612 5287 in
1635 5225 1728 5286 vi·-

173 5338 310 5381 num
355 5320 698 5397 convertit,
739 5320 964 5383 saltem
996 5320 1404 5383 conversione
1450 5319 1722 5396 formali,

173 5430 300 5475 cum
325 5421 540 5475 tamen
565 5412 869 5477 verba-ex
895 5420 1120 5477 natura
1146 5432 1266 5476 >sua
1291 5432 1422 5475 non
1449 5412 1726 5475 habeant

3263 344 3379 425 ιιι-ι

1819 444 1969 507 dam
1996 442 2435 509 substantiam.
2464 445 2621 509 Item
2656 444 2921 509 interior
2956 450 3135 511 aetus
3160 445 3387 511 volun-

1819 539 1965 602 tatis
1990 540 2093 601 vel
2116 538 2469 603 intellectus
2509 556 2639 603 non
2682 538 2875 603 habet
2906 539 3101 605 ullam
3126 546 3387 606 natura-

1818 631 1946 695 lem
1968 634 2097 695 vim
2122 634 2415 707 aetivam,
2436 636 2499 695 et
2514 639 2756 710 tamen,
2776 632 2828 695 si
2859 632 3073 713 aliqua
3094 640 3383 699 ereatura

1821 734 2031 807 potest
2054 728 2217 791 sumi
2258 734 2325 791 nt
2362 729 2847 793 instrumentum
2876 728 2961 791 ad
3002 737 3383 811 supernatu-

1821 822 1989 885 rales
2012 820 2294 898 effeems,
2318 822 2591 885 maxime
2616 822 2979 902 hujusmodi
3002 828 3179 886 aetus
3200 823 3387 887 intel·

1821 917 2023 979 leatus
2053 921 2119 977 et
2146 915 2507 989 voluntatis,
2542 922 2618 978 ut
2640 918 2715 977 D.
2744 916 2969 979 Thom.
3000 916 3203 980 citatis
3230 916 3383 979 loeis

1823 1027 1993 1090 saepe
2012 1009 2219 1072 docet.
2246 1008 2422 1083 Quod
2448 1009 2501 1071 si
2526 1010 2670 1089 quis
2704 1009 2893 1085 dieat,
2914 1008 2985 1071 in
3012 1007 3108 1071 his
3136 1008 3385 1073 actibus

1823 1120 1967 1165 esse
1990 1103 2285 1165 virtutem
2310 1102 2663 1165 naturalem
2700 1102 2784 1165 ad
2806 1102 3169 1165 efficiendos
3210 1102 3385 1165 habi-
3475 1146 3481 1154 -

1822 1203 1928 1259 tus
1947 1196 2067 1258 sibi
2088 1196 2613 1277 proportionatos,
2640 1195 2708 1257 id
2730 1195 2989 1275 quidem
3016 1201 3083 1259 et
3106 1195 3385 1276 imperti-

1823 1307 1985 1352 nens
2005 1290 2251 1353 videtur
2266 1290 2354 1351 ad
2379 1289 2743 1353 efficiendos
2762 1290 3021 1353 effeetus
3044 1289 3383 1369 superioris

1825 1383 2084 1459 ordinis,
2112 1390 2177 1446 et
2202 1400 2332 1445 non
2368 1390 2462 1446 est
2488 1383 2925 1447 universaliter
2948 1400 3199 1460 verum3
3230 1398 3381 1446 nam

1823 1484 2000 1540 aetus
2026 1477 2559 1558 supernaturales,
2590 1482 2661 1539 ut
2691 1477 2845 1539 visio
2891 1476 3103 1553 beata,
3132 1474 3383 1539 dilectio

1821 1577 1932 1633 aut
1958 1572 2249 1633 contritio
2268 1570 2503 1648 Musa,
2526 1588 2657 1633 non
2682 1569 2921 1633 habent
2946 1571 3111 1633 hano
3131 1575 3383 1633 natura·

1819 1666 1949 1728 lem
1974 1665 2125 1741 vim,
2148 1670 2215 1727 et
2230 1671 2445 1727 tamen
2464 1682 2545 1727 ex
2570 1665 2855 1725 omnium
2884 1662 3197 1726 sententia
3218 1660 3383 1725 mul-

1818 1765 1884 1823 to
1915 1758 2161 1821 facilins
2186 1765 2447 1839 possunt
2466 1758 2537 1819 hi
2556 1764 2737 1821 actus
2762 1756 3021 1833 elevari,
3044 1762 3117 1819 ut
3138 1756 3263 1819 siut
3288 1755 3383 1817 in·-

1823 1856 2173 1915 strumenta
2202 1854 2422 1933 gratim
2451 1852 2821 1929 efficiendus,
2848 1866 3041 1930 quam
3068 1848 3173 1911 alii
3204 1855 3381 1913 actus

1819 1962 2001 2008 mere
2044 1946 2383 2009 naturales.
2426 1946 2660 2009 Deinde
2682 1992 2703 2023 ‚
2743 1946 2883 2027 quis
2930 1943 3149 2008 eredat
3192 1958 3381 2025 posse

1818 2040 2025 2101 Deum
2050 2040 2263 2102 uti-his
2292 2040 2753 2116 assidentibus,
2780 2056 2919 2120 qnoe
2946 2044 3093 2102 sunt
3118 2037 3383 2118 qualita-

1819 2138 1916 2196 tes
1945 2132 2187 2209 notive,
2214 2138 2283 2195 et
2304 2151 2435 2194 non
2463 2132 2625 2209 aliis,
2656 2133 2709 2195 si
2741 2150 2882 2213 quai
2924 2131 3187 2195 fortasse
3235 2133 3385 2195 sunt
3490 2136 3503 2145 '

1818 2226 1985 2289 bene
2014 2225 2349 2289 afficientia
2368 2232 2435 2289 et
2454 2226 2849 2305 disponentia
2864 2224 3215 2306 subjeetum
3242 2224 3385 2287 abs·

1819 2336 1946 2400 que
1980 2319 2257 2382 naturali
2284 2319 2505 2383 ordine
2542 2319 2628 2381 ad
2664 2318 3023 2400 agendum!
3045 2322 3157 2381 aut
3196 2334 3381 2397 posse

1820 2414 2021 2475 Deum
2056 2411 2303 2478 elevare
2336 2412 2655 2489 amadeus,
2695 2412 2889 2476 etiam
2918 2411 3267 2485 materiale,
3298 2410 3381 2475 ad

1821 2506 2736 2587 supernaturaliteragendum,
2760 2524 2889 2569 non
2912 2523 3061 2569 vero
3090 2504 3383 2569 substan-

1819 2602 1997 2676 tiam,
2032 2601 2225 2663 etiam
2256 2600 2635 2681 angelicam,
2650 2601 2703 2662 si
2730 2598 2995 2662 fortasse
3022 2597 3385 2663 immediate

1821 2702 1882 2757 et
1906 2712 2021 2776 per
2046 2712 2113 2757 se
2140 2694 2379 2755 nullam
2403 2692 2638 2756 habeat
2663 2693 3079 2757 nativitatem?
3097 2692 3382 2773 Denique

1819 2789 1886 2851 in
1903 2787 2285 2851 Eucharistis
2306 2806 2453 2849 eam
2470 2788 2572 2849 vel
2592 2787 2851 2867 sanguis
2864 2784 3093 2851 Christi
3110 2786 3379 2865 Domini,

1819 2889 2008 2965 prout
2047 2882 2129 2944 ibi
2160 2882 2390 2958 existit,
2420 2882 2576 2944 nihil
2606 2888 2809 2964 potest
2834 2880 3205 2945 naturaliter
3226 2898 3384 2963 age-

1819 2993 1914 3054 re,
1944 2982 2013 3039 et
2038 2982 2275 3051 tamen,
2304 2982 2497 3056 prout
2520 2976 2605 3039 ibi
2650 2980 2779 3052 est,
2810 2976 3093 3040 elevatur
3120 2973 3205 3039 ad
3248 2974 3383 3039 effi-

1821 3070 2110 3133 ciendam
2136 3070 2407 3151 gratiam
2444 3070 2509 3131 iu
2536 3075 2829 3133 sumente
2866 3069 3089 3149 digne3
3118 3078 3271 3149 ergo
3300 3070 3383 3131 si·

1821 3180 2017 3245 gnum
2062 3170 2161 3225 est
2192 3182 2325 3225 non
2374 3163 2607 3225 elevari
2642 3181 2759 3243 per
2782 3162 3137 3225 naturalem
3162 3167 3385 3243 poten·-

1818 3257 1973 3319 tiam
2000 3274 2193 3337 quam
2218 3256 2453 3323 habeat
2472 3256 2557 3318 ad
2576 3256 2815 3337 aliquid
2843 3254 3019 3319 aliud
3038 3254 3377 3334 agendum.

1897 3354 1999 3412 Π.
2046 3351 2221 3413 Ratio
2254 3366 2405 3413 vero
2438 3354 2556 3426 est,
2588 3351 2761 3429 quia,
2790 3348 3075 3429 quamvis
3100 3348 3381 3429 potentia

1817 3445 1898 3507 sit
1923 3444 2293 3505 naturaliter
2312 3444 2537 3517 activa,
2568 3443 2624 3504 si
2650 3460 2727 3505 ex
2746 3448 2965 3505 nature
2992 3460 3111 3505 sua
3136 3447 3231 3505 est
3247 3458 3381 3505 om·

1817 3538 1967 3601 nino
1996 3538 2261 3601 limitata
2286 3537 2369 3600 ad
2389 3536 2581 3601 talem
2609 3538 2927 3614 effectum,
2956 3542 3211 3618 prepter
3239 3552 3381 3601 eam

1818 3632 2201 3693 nativitatem
2220 3648 2349 3693 nen
2368 3630 2563 3693 habet
2579 3630 2889 3695 actualem
2906 3629 3382 3711 proportionem

1819 3725 1902 3787 ad
1941 3724 2099 3787 alios
2152 3725 2437 3801 effeetus,
2468 3724 2831 3805 praesertim
2870 3724 3279 3806 perfectiores
3318 3731 3383 3786 et

1817 3819 2173 3900 superiores
2192 3862 2211 3894 ,
2246 3818 2725 3899 producendum
2774 3837 2927 3899 ergo
2973 3820 3025 3880 si
3040 3861 3065 3895 ‚-
3100 3836 3232 3881 uon
3274 3817 3381 3881 oh·

1815 3918 2019 3975 stante
2065 3912 2187 3975 hae
2234 3913 2505 3976 unt-nali
2552 3912 3045 3994 improportione
3086 3918 3152 3975 et
3180 3912 3381 3993 impo-

1815 4006 2013 4069 tentia
2056 4009 2267 4085 potest
2306 4005 2539 4069 elevari
2576 4006 2659 4067 ad
2698 4005 3063 4069 efficiendos
3096 4005 3242 4067 illos
3278 4022 3383 4067 ex·-

1815 4100 2212 4163 cellentiores
2237 4102 2515 4176 effeetus,
2548 4102 2743 4163 etiam
2770 4100 2898 4163 alia
2921 4118 3051 4176 res,
3084 4117 3225 4181 quae
3249 4116 3381 4161 non

1814 4195 1896 4256 sit
1937 4196 2217 4273 potentia
2260 4196 2464 4258 activa
2511 4195 2841 4271 naturalis,
2890 4195 3005 4257 sed
3036 4194 3383 4257 substantia

1813 4287 1914 4349 vel
1946 4288 2304 4366 quantitas',
2346 4288 2449 4351 vel
2474 4289 2713 4369 aliquid
2739 4288 3139 4370 huJu-nodi,
3178 4292 3385 4371 potest

1813 4380 2045 4443 elevari
2076 4380 2157 4443 ad
2193 4382 2594 4445 effleiendum
2622 4384 2859 4463 aliquid
2885 4384 3060 4465 quod
3079 4382 3382 4446 naturali-

1812 4482 1910 4537 ter
1952 4474 2201 4539 effieere
2244 4494 2375 4538 non
2414 4484 2643 4557 potest.
2692 4478 2869 4541 Patet
2902 4476 3377 4558 consequentia,

1813 4566 1961 4647 quia
1988 4568 2333 4647 respective
2358 4570 2454 4649 (ut
2486 4570 2577 4633 sie
2604 4570 2837 4652 dicam)
2875 4572 3101 4635 eadem
3124 4577 3227 4633 est
3248 4570 3379 4649 for·-

1812 4660 1998 4723 malis
2020 4661 2427 4743 impr-opertio
2448 4682 2465 4737 3
2496 4665 2645 4743 quia
2660 4672 2793 4728 tam
2814 4666 3027 4745 inepta
3046 4668 3143 4727 est
3160 4670 3381 4745 poten·

1813 4755 1898 4817 tia
1927 4755 2008 4817 sd
2038 4773 2115 4817 ea
2145 4774 2281 4835 quae
2312 4764 2461 4820 sunt
2488 4765 2662 4821 extra
2690 4778 2869 4821 suam
2908 4760 3035 4821 vim
3064 4758 3333 4821 activam
3354 4803 3374 4833 ‚

1813 4867 1888 4910 ae
1911 4850 1963 4913 si
1991 4866 2247 4930 prorsus
2273 4851 2447 4913 nulla
2472 4860 2645 4915 esset
2664 4853 2973 4933 potentia,
3000 4870 3208 4933 neque
3231 4853 3381 4915 areti-

1812 4944 2071 5006 vitatsm
2108 4945 2389 5009 haberet.
2438 4946 2619 5011 Unde
2650 4947 2811 5010 ratio
2844 4947 3139 5028 potentiis
3162 4947 3379 5009 activis

1812 5038 1880 5107 in
1915 5036 2023 5099 tali
2048 5036 2470 5101 instrumento
2506 5042 2683 5120 quasi
2728 5040 3137 5103 materialiter
3168 5056 3237 5103 se
3268 5041 3377 5101 ha·

1807 5131 2005 5195 hetin
2022 5133 2245 5195 ‹ii-(line
2268 5134 2349 5195 ad
2372 5136 2917 5215 supernaturalem
2940 5136 3285 5213 astionem3
3308 5142 3379 5199 ut

1809 5226 1872 5288 in
1899 5226 2244 5303 voluntate,
2268 5228 2450 5290 ¹verbi
2480 5230 2703 5309 gratis,
2730 5236 2801 5292 ut
2821 5228 3053 5291 elevari
3074 5228 3273 5309 possit
3290 5228 3374 5289 ad

1807 5319 2173 5387 efficiendos
2226 5326 2403 5383 aetus
2452 5322 2809 5385 inlelleotus
2838 5368 2855 5397 ‚
2908 5319 3231 5381 materiale
3280 5324 3375 5381 aet

1805 5413 1974 5493 quod
2016 5413 2153 5493 ipsa
2180 5413 2411 5477 habeat
2442 5415 2795 5478 naturalem
2833 5414 3210 5475 actis-:itatem
3242 5427 3368 5470 res-

169 5508 558 5571 efficientiam
591 5506 806 5585 uum,
849 5508 1198 5591 prasertim
1239 5506 1320 5571 ad
1371 5506 1722 5590 producem
1802 5514 1993 5588 pectu
2031 5508 2427 5590 propriorum
2464 5516 2758 5586 actuum3
2800 5507 2887 5567 sie
2916 5521 3087 5585 ergo,
3124 5507 3195 5563 ut
3226 5519 3370 5583 pos·
