3892 6167
1348 361 1662 416 Disru'm‘r.
1701 359 1822 414 ΜΠ.
1858 360 2028 412 SECT.
2063 361 2145 413 itt.

138 460 378 524 cedens
411 459 628 540 quoad
653 461 920 540 primam
957 467 1204 542 partem
1243 461 1546 542 probatur
1577 462 1712 540 pri-

137 571 272 626 mo,
308 555 458 634 quia
505 553 728 615 nullibi
771 561 866 616 est
907 555 1140 633 scripta
1177 555 1312 617 talis
1345 555 1705 635 prohibitio,

137 667 184 709 n
200 667 363 727 eque
395 649 586 710 etiam
611 647 946 710 traditione
967 654 1241 723 coustat3
1271 654 1331 710 et
1350 649 1606 726 quidem
1625 650 1706 711 de

143 742 359 803 divino
376 744 522 821 jure
558 760 663 803 res
695 747 790 804 est
816 741 1174 804 manifesta.
1209 743 1296 805 De
1326 744 1706 805 ecclesiasti·-

137 853 216 896 co
243 853 392 896 vcro
417 834 710 897 dubitare
732 836 872 915 quis
892 841 1131 916 posset,
1148 838 1246 898 vel
1267 842 1522 917 propter
1545 839 1704 899 Con·

136 928 281 989 cilia
331 947 524 1008 supra
557 930 768 1001 citata,
801 945 941 1006 quae
991 929 1207 991 dicunt
1238 929 1550 994 Christum
1594 930 1704 992 ho-

135 1023 422 1096 minem,
468 1039 596 1082 una
637 1021 1004 1085 adoratione
1054 1041 1176 1103 qua
1227 1023 1528 1099 Verbum,
1563 1041 1702 1086 esse

135 1113 561 1191 adorandum,
590 1131 731 1192 quoe
759 1119 855 1177 est
872 1115 1150 1195 perfecta
1175 1116 1358 1178 latria
1383 1135 1399 1190 ;
1426 1118 1527 1179 vel
1557 1134 1702 1198 pro-

133 1213 282 1286 pter·
309 1223 492 1268 usum
541 1206 856 1283 Ecclesiae,
891 1225 1030 1288 qnae
1064 1227 1190 1270 non
1249 1210 1572 1272 consuevit
1617 1213 1700 1274 ita

129 1300 406 1362 adorare
457 1299 682 1363 Christi
711 1301 1338 1376 humanitatem‚sed
1383 1305 1698 1366 Christum

133 1395 339 1455 Deum
369 1393 688 1455 hominem
735 1395 922 1457 unica
951 1395 1339 1459 adoratione.
1373 1397 1700 1460 Verumta-

131 1503 286 1546 men
317 1503 396 1548 ex
451 1487 548 1549 his
593 1487 766 1550 nulla
810 1489 1146 1568 prohibitio
1193 1488 1402 1569 colligi
1451 1498 1695 1570 potest,

137 1597 320 1652 nam,
359 1587 424 1642 ut
455 1581 664 1643 statim
711 1582 898 1643 latius
943 1581 1148 1644 dicam
1173 1628 1189 1657 ,
1223 1583 1496 1645 Concilia
1542 1603 1699 1646 nun·

133 1690 336 1750 qnam
381 1673 584 1736 locuta
627 1683 772 1737 sunt
809 1673 886 1738 de
928 1676 1318 1738 humanitate
1349 1677 1592 1752 Christi,
1630 1686 1698 1743 ut

127 1767 454 1829 abstracte
475 1774 537 1829 et
551 1771 810 1848 praecise
851 1777 1177 1850 concepta,
1211 1771 1322 1832 sed
1356 1772 1437 1833 de
1461 1771 1700 1834 Christo

127 1861 442 1936 homino3
482 1869 545 1923 et
578 1863 786 1925 adhuc
836 1863 916 1926 de
953 1864 1059 1927 illo
1089 1865 1328 1925 nullum
1353 1865 1460 1945 jus
1488 1867 1701 1945 positi-

121 1971 283 2013 vum
314 1959 620 2027 statuunt,
655 1955 770 2019 sed
819 1963 1060 2020 tantum
1107 1957 1428 2021 declarant
1469 1959 1699 2022 doctri·

123 2065 281 2106 nam
315 2047 490 2123 fidei,
515 2048 778 2126 scilicet,
809 2068 1098 2131 quaenam
1142 2051 1424 2114 adoratio
1468 2051 1698 2115 Christi

127 2157 210 2201 cx
265 2141 569 2220 mysterio
625 2143 1076 2206 incarnationis
1130 2151 1572 2225 consequatur.
1605 2147 1696 2208 Ex

127 2251 253 2293 usu
285 2241 502 2295 autem
521 2235 834 2310 Ecclesiae,
859 2244 930 2297 ut
953 2239 1020 2299 in
1045 2238 1231 2300 simili
1249 2239 1440 2319 Cajet.
1463 2238 1566 2300 hic
1585 2257 1696 2301 no-

127 2325 310 2400 tavit,
340 2327 423 2386 ad
451 2343 768 2390 summum
797 2329 1006 2410 colligi
1037 2337 1264 2412 potest,
1297 2333 1546 2412 publico
1569 2331 1692 2394 ritu

125 2419 568 2481 adorationem
624 2421 1020 2500 dirigendam
1066 2443 1203 2488 esse
1252 2427 1334 2487 ad
1381 2426 1692 2489 Christum

125 2511 338 2574 Deum
371 2514 712 2592 hominem,
745 2518 1025 2596 qnando,
1063 2519 1321 2594 scilicet,
1350 2520 1489 2598 ipsa
1527 2521 1692 2582 inte-

127 2607 261 2667 rior
283 2607 548 2670 intentio
575 2610 675 2671 vel
717 2611 897 2672 factis
922 2617 1032 2674 aut
1077 2613 1286 2674 verbis
1313 2614 1693 2676 sufficienter

125 2699 411 2760 exterius
455 2709 520 2764 et
553 2702 803 2782 publice
831 2704 1270 2768 manifestatur
1298 2725 1312 2766 ε
1347 2707 1423 2769 de
1452 2708 1690 2788 privato

121 2800 348 2854 autem
378 2795 564 2856 modo
589 2795 922 2873 adorandi,
951 2798 1106 2860 nihil
1131 2799 1446 2879 peculiare
1469 2800 1688 2864 Eccle-

120 2889 220 2947 sia
251 2888 466 2951 statuit
498 2911 517 2965 3
553 2907 759 2972 neque
787 2891 924 2954 solo
963 2911 1082 2956 usu
1103 2900 1214 2955 aut
1237 2896 1688 2958 consuetudine

119 2981 442 3043 introduci
466 2985 716 3063 poterit,
759 2985 905 3065 quia
945 2986 1048 3048 hic
1087 3005 1240 3049 usus
1295 2993 1501 3069 potest
1547 3007 1687 3051 esse

123 3075 345 3136 varius
393 3083 454 3138 ct
500 3077 844 3159 multiplex,
878 3081 1049 3160 quia,
1080 3099 1221 3144 cnm
1254 3083 1335 3144 sit
1382 3084 1684 3163 privatus,

120 3186 258 3229 non
289 3178 536 3234 constat
573 3175 811 3236 caeteris
839 3175 990 3256 quid
1025 3177 1456 3256 unusquisque
1482 3195 1689 3240 secre-

125 3270 190 3322 to
215 3263 424 3327 faciat.
449 3265 645 3346 Igitur
672 3286 748 3329 ex
780 3269 1040 3349 positiva
1073 3268 1212 3349 lege
1259 3269 1504 3332 sublata
1536 3289 1688 3352 pen·

119 3357 398 3418 sandum
432 3358 552 3422 hoc
581 3365 697 3434 est,
730 3362 1052 3442 supposito
1080 3362 1318 3425 lumine
1363 3371 1426 3426 et
1459 3365 1686 3444 princi-

119 3451 248 3531 piis
279 3451 450 3515 fidei.
487 3455 562 3518 At
611 3474 686 3517 ex
736 3455 837 3518 his
889 3457 1063 3520 nulla
1095 3463 1296 3538 potest
1342 3458 1550 3538 colligi
1594 3459 1686 3520 in·

118 3545 402 3606 trinseca
433 3547 668 3611 malitia
698 3549 760 3610 in
799 3550 910 3612 tali
951 3557 1116 3623 actu,
1145 3552 1325 3630 cujus
1369 3550 1683 3614 sufficiens

118 3647 574 3718 augumentum
623 3650 738 3720 est,
778 3645 949 3724 quod
976 3645 1317 3707 doctissimi
1347 3645 1680 3726 Theologi,

119 3731 212 3812 pii
257 3749 336 3793 ac
384 3735 603 3810 sancti,
627 3737 797 3800 illam
845 3755 975 3802 non
1019 3739 1416 3802 invenerunt.
1447 3739 1686 3801 Deinde

119 3825 382 3904 inquiro
426 3845 712 3908 quoenam
753 3832 807 3892 si
832 3832 966 3894 hoec
994 3831 1378 3908 deformitaS,
1404 3839 1513 3896 aut
1539 3850 1690 3894 con-

121 3928 224 3979 tra
253 3937 448 3997 quam
471 3922 760 3986 virtutem
783 3925 880 3986 sit.
913 3925 1185 3987 Maxime
1224 3925 1392 3987 enim
1441 3926 1689 4005 excogi-

120 4013 245 4072 tari
280 4020 485 4092 potest
525 4025 742 4079 contra
776 4018 1144 4100 religionem
1185 4035 1302 4080 seu
1353 4020 1690 4082 observan-

115 4109 308 4182 tiam,
340 4127 490 4170 nam
533 4111 612 4174 de
651 4114 898 4176 caeteris
922 4113 1252 4176 virtutibus
1281 4115 1454 4176 nulla
1483 4117 1690 4196 potest

117 4220 273 4263 csse
302 4205 609 4286 suspicio;
641 4206 755 4268 sed
773 4225 902 4269 non
927 4214 1020 4269 est
1047 4212 1266 4270 contra
1294 4209 1688 4288 religionem,

119 4297 279 4375 quia
293 4315 500 4378 neque
519 4319 597 4362 ex
615 4308 792 4382 parte
809 4301 1060 4382 objecti;
1079 4305 1402 4364 ostensum
1420 4301 1692 4364 estenim

117 4391 368 4453 hahere
387 4393 794 4457 sufficientem
815 4394 1274 4474 excellentiam,
1301 4395 1384 4457 ob
1405 4414 1595 4475 quam
1613 4393 1690 4456 sit

119 4487 395 4566 dIgnum
443 4487 651 4568 aliqua
685 4489 1074 4551 adoratione.
1129 4489 1344 4570 Neque
1391 4507 1468 4551 ex
1517 4496 1690 4570 parte

121 4581 398 4661 subjecti
427 4583 765 4658 adorantia,
789 4591 858 4646 ut
881 4601 996 4664 per
1037 4601 1105 4646 se
1137 4591 1404 4662 constat,
1423 4583 1568 4664 quia
1599 4590 1694 4646 est

121 4678 325 4738 homo
357 4677 461 4755 qui
485 4676 743 4740 infinitis
774 4677 965 4740 titulis
991 4677 1181 4740 debet
1201 4677 1466 4754 Christe,
1490 4683 1552 4739 et
1577 4677 1694 4739 hu-

115 4770 424 4831 manitati
456 4769 614 4849 ejuS,
643 4789 897 4833 omnem
924 4771 1336 4834 reverentiam
1367 4775 1694 4832 consenta-

117 4881 322 4924 neam
357 4863 642 4942 dignitati
672 4863 888 4943 ipsius.
918 4865 1133 4946 Neque
1161 4864 1346 4928 etiam
1371 4883 1446 4926 ex
1475 4862 1691 4941 modo,

121 4958 278 5035 qnia
315 4955 382 5016 in
419 4957 542 5018 hoc
595 4964 798 5038 potest
837 4959 1026 5020 homo
1085 4959 1420 5020 observare
1467 4975 1697 5020 conve-

119 5054 422 5114 nientem
476 5069 840 5114 mensuram
889 5059 954 5115 et
1005 5050 1309 5114 adorandi
1353 5051 1687 5128 rationem,

115 5147 307 5224 juxta
339 5161 438 5220 ea,
462 5163 602 5225 quae
635 5146 842 5207 statim
873 5145 1156 5208 dicemus
1189 5161 1210 5223 ;
1257 5163 1410 5225 ergo
1455 5161 1532 5206 ex
1561 5144 1698 5204 nul-

117 5243 184 5302 lo
219 5239 430 5316 capite
467 5243 671 5316 potest
697 5239 961 5318 reperiri
1003 5239 1214 5318 aliqua
1246 5238 1637 5301 deformitas.

207 5337 271 5396 9.
325 5333 400 5392 Et
443 5330 801 5394 declaratur
842 5339 1172 5412 praeterea,
1207 5333 1377 5411 quia,
1411 5332 1464 5392 si
1497 5331 1562 5392 in
1619 5349 1696 5392 eo

117 5435 276 5490 actu
325 5431 420 5488 est
469 5425 709 5488 malitia
769 5433 986 5490 contra
1027 5425 1425 5520 religionem,
1459 5423 1557 5486 vel
1605 5428 1698 5485 est

115 5541 246 5603 per
277 5537 647 5598 excessum3
678 5527 738 5583 et
783 5521 902 5584 hoc
940 5539 1068 5586 non
1101 5527 1194 5582 est
1244 5519 1694 5595 necessarium,

3230 359 3339 420 58¹

1791 465 1862 520 ut
1887 477 2001 538 per
2028 477 2095 522 se
2124 465 2391 532 constat,
2420 459 2571 538 quia
2600 465 2804 538 potest
2834 460 3019 523 homo
3048 478 3178 524 non
3202 463 3347 542 plus

1787 551 2056 614 adorare
2104 552 2277 613 illam
2332 552 2787 614 humanitatem
2840 571 3031 632 quam
3088 573 3207 635 par
3242 558 3345 620 sit.

1787 646 1900 708 Vel
1937 653 2030 708 est
2058 661 2174 725 per
2194 645 2535 708 defectum.
2564 645 2641 708 Et
2666 646 2769 708 hic
2822 654 3031 728 potest
3056 647 3341 727 intelligi,

1787 743 1896 800 aut
1915 746 2199 820 respectu
2218 740 2424 814 Verbi,
2443 745 2551 802 aut
2570 747 2858 821 respectu
2874 740 3205 820 ipsiusmet
3229 742 3339 802 hu·

1783 834 2126 895 manitatiS.
2158 835 2395 896 Neutro
2425 839 2636 895 autem
2678 841 2969 914 respectu
3010 835 3347 898 intervenit

1783 927 2139 988 necessario
2171 927 2449 988 defectus
2472 927 2832 1006 privativus,
2861 934 2931 990 ut
2977 928 3065 990 sic
3110 927 3341 1004 dicam,

1783 1018 1896 1080 sed
1923 1027 2167 1081 tantum
2196 1019 2545 1099 negativuS,
2578 1021 2685 1100 qui
2716 1020 2957 1082 nullam
2994 1020 3181 1082 infert
3209 1040 3343 1083 ma-

1780 1113 1975 1174 litiani
1999 1133 2015 1188 ;
2046 1131 2216 1192 ergo.
2248 1113 2614 1176 Declaratur
2637 1115 2863 1189 minor,
2882 1133 3032 1175 nam
3050 1122 3344 1195 respectu

1781 1206 1971 1269 Verbi
1998 1207 2201 1268 solum
2230 1213 2433 1286 potest
2466 1207 2745 1270 defectus
2774 1209 2835 1269 in
2877 1208 2991 1270 hoc
3018 1209 3341 1286 constitui,

1781 1299 1954 1378 quod
1984 1319 2099 1379 per
2124 1299 2297 1361 illam
2326 1301 2761 1363 adorationem
2791 1319 2918 1362 non
2954 1319 3071 1381 per
3118 1319 3189 1364 se
3214 1301 3345 1382 pri-

1783 1411 1889 1454 mo
1912 1393 2235 1455 adoratur.
2272 1395 2349 1455 At
2388 1412 2540 1456 vero
2570 1396 2699 1456 haec
2742 1396 2995 1474 negatio
3024 1413 3151 1456 non
3180 1413 3347 1456 scm·-

1782 1504 1895 1567 per
1923 1496 2019 1550 est
2069 1493 2284 1549 contra
2328 1487 2580 1568 aliquod
2620 1489 3055 1549 affirmativum
3112 1505 3339 1568 praece-

1779 1587 1980 1659 ptum,
2021 1581 2166 1659 quia
2197 1580 2481 1642 absolute
2505 1600 2633 1642 non
2674 1599 2923 1662 semper
2954 1586 3205 1643 tenetur
3230 1580 3341 1642 ho-

1777 1691 1882 1734 mo
1937 1674 2213 1735 Verbum
2266 1679 2374 1736 aut
2413 1674 2737 1736 «Christum
2782 1675 3069 1738 adorare.
3122 1675 3337 1754 Neque

1785 1766 1972 1827 etiam
2007 1785 2082 1828 ex
2126 1767 2553 1848 suppositione
2584 1769 2752 1848 quod
2796 1769 2943 1830 velit
2984 1769 3339 1830 humanita-

1780 1865 1906 1920 tem
1929 1861 2069 1939 ejus
2104 1861 2403 1934 adorare;
2429 1861 2562 1924 haec
2589 1863 2756 1924 enim
2790 1861 3087 1944 obligatio
3125 1879 3334 1941 neque

1779 1971 1856 2015 ex
1884 1954 2220 2016 intrinseca
2249 1955 2337 2016 rei
2388 1962 2613 2018 natura
2650 1957 2949 2032 nascitur,
2982 1974 3189 2036 neque
3231 1973 3337 2017 os-

1777 2047 1949 2108 tendi
1980 2055 2179 2126 potest
2220 2063 2599 2129 praeceptum
2627 2051 2795 2110 unde
2822 2051 3076 2112 oriatur.
3112 2051 3187 2110 Et
3216 2049 3335 2111 hac

1775 2142 2019 2202 ratione
2049 2140 2175 2202 dixi
2206 2142 2374 2203 hunc
2416 2141 2731 2206 defectum
2757 2161 2898 2205 esse
2940 2144 3329 2223 negativum,

1775 2252 1904 2294 non
1933 2233 2331 2313 privativum,
2362 2236 2509 2314 qnia
2569 2255 2700 2298 non
2756 2243 2854 2299 est
2892 2243 3111 2299 contra
3154 2238 3333 2300 debi-

1779 2336 1932 2404 tum,
1990 2331 2088 2390 vel
2134 2330 2582 2410 obligationem
2637 2333 2968 2395 exercendi
3022 2335 3327 2414 majorem

1773 2421 1872 2484 vel
1903 2423 2339 2502 perfectiorem
2368 2425 2818 2488 adorationem.
2850 2427 3213 2506 Eademque
3232 2447 3329 2490 ra-

1771 2517 1857 2577 tio
1884 2523 1978 2578 est
2021 2525 2308 2597 respectu
2362 2518 2807 2590 humanitatis:
2842 2537 2969 2582 non
3018 2521 3182 2581 enim
3215 2539 3331 2600 po-

1771 2615 1892 2672 test
1920 2611 1988 2671 in
2016 2612 2233 2673 ordine
2264 2611 2345 2674 ad
2368 2613 2539 2674 illam
2562 2613 2865 2676 committi
2884 2614 3185 2686 defectus,
3210 2615 3328 2675 nisi

1771 2705 1920 2784 quia
1950 2723 2079 2766 non
2110 2705 2560 2785 perfectissimo
2590 2708 2778 2770 modo
2829 2707 3161 2781 adoratum
3207 2709 3328 2770 hoc

1771 2805 1985 2860 autem
2016 2818 2146 2861 non
2178 2807 2271 2863 est
2301 2819 2417 2880 per
2458 2821 2527 2863 se
2560 2802 2821 2876 malum,
2846 2802 2991 2884 quia
3018 2819 3145 2863 non
3167 2819 3329 2864 sem-

1771 2911 1884 2972 per
1909 2899 2095 2972 urget
2121 2894 2417 2973 obligatio
2448 2897 2781 2958 exercendi
2809 2895 3327 2977 perfectissimam

1771 2986 2232 3061 adorationem;
2260 2988 2451 3063 unde,
2482 2989 2629 3050 licet
2678 2990 2885 3051 minus
2918 2989 3195 3070 perfecta
3220 2990 3327 3051 tri-

1768 3079 2023 3153 buatur,
2066 3079 2408 3143 dummodo
2454 3101 2583 3143 non
2634 3083 2715 3144 sit
2740 3083 3063 3161 indecens,
3114 3099 3327 3163 neque

1771 3173 1977 3235 aliena
2008 3175 2089 3234 ab
2118 3175 2327 3256 aliqua
2355 3176 2721 3239 excellentia
2743 3179 2807 3239 in
2838 3179 3085 3259 obJecto
3106 3179 3327 3240 adora·

1771 3273 1836 3328 to
1865 3267 2144 3345 inventa,
2184 3287 2313 3330 non
2351 3270 2469 3331 erit
2507 3271 2848 3349 privativus
2877 3271 3179 3350 defectus,
3212 3271 3327 3335 sed

1766 3379 1936 3423 mere
1966 3364 2315 3443 negativus,

1847 3457 1946 3518 10.
1996 3455 2401 3522 Humanitati
2452 3457 2693 3522 Christi
2742 3478 2781 3522 a
2846 3459 3027 3526 Verbo
3058 3461 3325 3541 proeciee

1766 3554 2056 3628 conceptoe
2085 3549 2417 3614 studiosius
2442 3553 2719 3629 defertur
2736 3552 2940 3628 honos,
2969 3570 3151 3633 quam
3163 3569 3322 3631 proe-

1767 3643 2159 3707 ter-mittitur.
2191 3645 2467 3708 —Unde
2510 3643 2775 3706 ulterius
2825 3646 3067 3707 ostendi
3116 3651 3323 3725 potest

1769 3737 1935 3798 hunc
1963 3737 2220 3799 modum
2252 3738 2559 3800 adorandi
2586 3737 3042 3801 humanitatem
3074 3738 3320 3814 Christi,

1767 3847 1895 3892 non
1927 3828 2128 3891 solum
2156 3849 2283 3893 non
2327 3849 2466 3894 esse
2504 3832 2741 3893 malum
2771 3831 2872 3893 vel
2916 3831 3322 3912 prohibitum,

1769 3924 1884 3986 sed
1911 3923 2101 3984 etiam
2138 3943 2271 3986 esse
2300 3926 2525 3986 melius
2551 3925 2638 3986 sic
2663 3925 2951 4000 adorare,
2976 3943 3165 4006 quam
3197 3941 3327 3984 om-

1770 4018 1922 4079 nino
1978 4016 2412 4080 adorationem
2465 4018 2960 4098 praetermittere,
3006 4017 3327 4098 supposita

1771 4111 2035 4191 praecisa
2065 4111 2567 4174 consideratione
2608 4117 2672 4173 et
2700 4109 3079 4192 cogitatione
3110 4109 3331 4172 huma-

1771 4207 1985 4269 nitatis
2012 4207 2111 4269 vel
2138 4205 2365 4267 animae
2396 4205 2644 4282 Christi,
2672 4223 2861 4285 quam
2894 4225 3080 4286 supra
3119 4211 3332 4267 osten·

1772 4298 1981 4362 dimus
2028 4318 2166 4362 esse
2191 4299 2574 4380 possibilem,
2602 4306 2665 4362 et
2694 4317 2821 4362 non
2864 4299 3093 4361 malam
3121 4315 3330 4380 neque

1773 4393 2196 4456 indecentem.
2226 4395 2467 4473 Itaque,
2493 4394 2545 4454 si
2594 4394 2732 4474 quis
2783 4399 2926 4456 actu
2974 4394 3207 4472 cogitet
3250 4390 3331 4455 de

1775 4486 2041 4560 Christo,
2070 4494 2133 4550 et
2160 4487 2449 4548 absoluta
2503 4486 2806 4567 dignitate
2836 4505 3121 4567 personae
3166 4487 3328 4566 ejus,

1775 4599 1903 4644 non
1943 4588 2038 4644 est
2088 4599 2202 4644 cur
2249 4580 2571 4642 adorando
2603 4583 2780 4642 sistat
2830 4581 2893 4641 in
2944 4581 3333 4643 humanitate

1776 4677 1936 4757 ejus„
1974 4693 2185 4754 neque
2236 4676 2681 4736 convenienter
2730 4675 2814 4734 ita
2853 4675 3162 4746 adoraret,
3206 4675 3333 4735 imo

1774 4769 1874 4830 vix
1895 4774 2121 4850 potest,
2150 4769 2393 4830 sirecte
2424 4767 2752 4829 sentiatde
2778 4767 3013 4828 unitate
3053 4784 3334 4845 personae

1774 4861 1997 4926 Christi
2028 4863 2093 4922 in
2134 4868 2403 4942 utraque
2438 4869 2695 4936 natura3
2736 4860 2886 4921 dum
2939 4865 3153 4920 tamen
3195 4857 3337 4920 abs·

1779 4962 1974 5017 tracte
2033 4963 2093 5016 et
2144 4955 2403 5036 praecise
2459 4953 2811 5016 considerat
2878 4953 3334 5014 humanitatem

1781 5047 2027 5117 Christi,
2062 5053 2125 5110 et
2147 5047 2517 5130 dignitatem
2550 5047 2709 5126 ejus,
2740 5046 3006 5107 durante
3036 5047 3156 5107 hac
3200 5045 3334 5106 sola

1779 5141 2155 5222 cognitione,
2180 5159 2329 5202 nam
2356 5145 2557 5219 potest
2581 5155 2915 5218 personam
2942 5138 3138 5218 ipsam
3170 5137 3234 5198 in
3265 5155 3333 5200 se

1779 5241 1844 5298 et
1867 5254 1985 5315 per
2025 5253 2093 5297 se
2120 5233 2410 5306 adorare,
2447 5231 2597 5312 quia
2638 5248 2766 5292 non
2808 5238 3015 5312 potest
3054 5229 3333 5292 adoratio

1778 5329 1996 5392 referri
2021 5330 2084 5389 in
2120 5329 2438 5408 objectum
2482 5343 2613 5387 non
2660 5329 2999 5406 cogitatum
3022 5324 3369 5402 3refertur·

1780 5423 1946 5485 enim
1985 5441 2097 5503 per
2121 5422 2441 5492 affectum,
2466 5426 2527 5482 et
2578 5421 2842 5481 affectus
2873 5436 2999 5480 non
3046 5417 3247 5478 tendit
3269 5417 3333 5477 in

1778 5517 2185 5596 incognitum.
2206 5515 2423 5594 Igitur,
2451 5519 2655 5578 stante
2680 5513 2787 5577 illa
2812 5511 3333 5584 consideratione,
