3892 6167
618 420 777 497 rari,
809 422 1105 485 manente
1131 429 1283 477 vero
1310 418 1617 493 conceptu
1635 411 1982 495 utriusque.
2009 415 2191 493 Quod

626 522 799 601 patet
824 532 905 577 ex
928 511 1133 587 dicta,
1162 507 1373 573 addito
1413 508 1685 587 generali
1716 510 2049 589 principio,
2068 511 2188 575 im·-

627 609 921 695 possibile
940 623 1083 672 esse
1102 604 1431 683 concipere
1449 602 1747 667 effectum
1772 604 2044 685 aliquem
2058 604 2188 669 t'or-

625 704 881 771 maliter
904 700 1309 765 constitutum
1340 714 1455 777 per
1468 697 1743 779 aliquam
1767 699 2062 773 formam,
2077 706 2186 763 aut

628 817 745 881 per
780 802 987 859 aetum
1020 794 1433 859 intrinsecum
1470 791 1739 854 similem
1766 792 2008 866 formoe,
2031 793 2187 873 quin

628 894 695 958 in
718 890 823 953 illo
854 889 1206 953 includatur
1232 887 1373 950 talis
1400 886 1623 949 forma.
1656 887 1973 967 Exemplis
2000 904 2104 949 res
2121 888 2189 951 tit

626 983 1003 1047 manifesta:
1034 1000 1164 1045 non
1207 980 1377 1045 enim
1428 982 1635 1060 potest
1682 980 1928 1059 concipi
1971 979 2187 1043 album

630 1079 1037 1143 constitutum
1064 1077 1129 1140 in
1154 1077 1397 1139 ratione
1430 1075 1581 1151 albi,
1618 1074 1773 1155 quin
1804 1076 1868 1136 in
1895 1076 2006 1139 illc
2039 1094 2189 1139 con·

628 1180 817 1255 cepta
870 1171 1213 1235 intrinsece
1272 1168 1631 1235 includatur
1684 1168 1947 1245 albed03
2007 1176 2068 1237 et
2124 1169 2190 1233 in

630 1268 645 1329 l
672 1285 748 1331 oc
790 1266 1087 1347 mysterio
1129 1262 1516 1346 impossibile
1544 1269 1641 1327 est
1660 1263 1992 1343 concipere
2021 1263 2192 1328 Chri-

622 1366 793 1425 stum
819 1360 1225 1425 constitutum
1254 1357 1600 1434 hominem,
1627 1360 1781 1439 quin
1807 1358 1891 1422 ibi
1910 1358 2190 1422 includa-

630 1462 735 1519 tur
754 1454 1137 1530 humanitas,
1162 1471 1303 1534 quaa
1336 1459 1430 1519 est
1456 1454 1660 1517 forma
1680 1453 2069 1517 constituens
2081 1452 2193 1517 ho-

624 1550 887 1613 minem.
908 1548 1141 1627 Et‘pari
1157 1548 1423 1621 ratione,
1445 1546 1835 1627 impossibile
1858 1552 1956 1611 est
1984 1546 2194 1608 conci-

627 1660 781 1725 pere
810 1641 1105 1705 eumdem
1144 1640 1453 1706 Christum
1480 1641 1885 1706 constitutum
1910 1641 1976 1703 in
1999 1639 2194 1705 ratio·-

626 1754 711 1801 ne
739 1737 933 1817 hujus
954 1754 1243 1816 personoe
1272 1736 1657 1815 compositae,
1689 1734 1841 1816 quin
1870 1734 1960 1797 ibi
1988 1734 2192 1797 inclu-

628 1830 816 1895 datur
834 1829 1239 1895 subsistentia
1256 1829 1473 1905 Verbi,
1494 1837 1795 1911 tanquam
1816 1828 2190 1892 intrinsecus

628 1923 935 1989 terminus
980 1924 1161 2003 quasi
1188 1923 1535 1991 formaliter
1578 1923 1966 1989 constituens
2022 1921 2190 1984 Chri·

630 2024 798 2083 stum
817 2018 887 2081 in
916 2034 1055 2081 esse
1082 2035 1395 2098 personae.
1428 2019 1504 2083 Et
1529 2018 1687 2082 ratio
1716 2014 2036 2097 generalis
2065 2021 2183 2077 est.

628 2114 779 2194 qnia
814 2128 1006 2175 causa
1032 2110 1313 2175 formalis
1338 2112 1441 2177 vel
1466 2118 1645 2175 actus
1676 2110 1855 2193 quasi
1904 2108 2188 2173 formalis

624 2206 943 2269 concurrit
970 2204 1054 2269 ad
1084 2224 1271 2267 suum
1300 2206 1593 2271 effectum
1637 2207 1737 2269 vel
1790 2202 1974 2283 quasi
2005 2202 2189 2265 effec-

622 2305 787 2376 tum,
814 2300 1151 2363 intrinsece
1174 2304 1238 2363 et
1268 2318 1383 2381 per
1416 2300 1717 2379 seipsum
1750 2296 1925 2359 illum
1955 2295 2189 2357 consti-

622 2394 889 2469 tuendo,
922 2394 1143 2457 etideo
1162 2394 1383 2457 intime
1414 2391 1755 2456 includitur
1782 2392 1847 2455 in
1877 2394 2188 2469 conceptu

626 2488 979 2563 constituti3
1009 2492 1253 2549 constat
1282 2494 1496 2551 autem
1522 2505 1599 2551 ex
1624 2486 1829 2557 dictis,
1861 2482 2188 2546 entitatem

626 2583 943 2647 actualem
970 2589 1043 2646 ut
1072 2582 1185 2660 sic,
1200 2582 1537 2647 intrinsece
1563 2588 1625 2644 et
1638 2578 1815 2661 qnasi
1844 2577 2187 2641 formaliter

632 2677 925 2741 constitui
958 2678 1027 2739 in
1056 2694 1194 2739 esse
1216 2676 1487 2741 entitatis
1500 2675 1762 2739 actualis
1786 2692 1901 2755 per
1920 2673 2185 2735 existen·

630 2772 825 2851 tiam;
856 2789 1011 2850 ergo
1052 2772 1437 2851 impossibile
1466 2779 1562 2834 est
1602 2769 1935 2849 concipere
1965 2767 2193 2829 entita-

628 2872 758 2929 tem
790 2866 1103 2928 actualem
1152 2871 1223 2927 ut
1258 2865 1373 2941 sic,
1411 2866 1563 2945 quin
1606 2864 1672 2927 in
1702 2863 1809 2924 illa
1852 2861 2192 2924 intrinsece

629 2959 987 3022 includatur
1036 2958 1393 3021 existentia.
1430 2958 1633 3031 Unde,
1662 2974 1809 3019 mea
1854 2954 2188 3030 sententia,

630 3052 813 3116 valde
838 3052 1261 3134 decipiuntur,
1284 3053 1391 3134 qni
1418 3052 1635 3115 dicunt
1654 3050 1992 3113 essentiam
2022 3066 2194 3109 crea-

636 3154 767 3211 tam
793 3146 1131 3209 intrinsece
1160 3145 1453 3209 constitui
1504 3146 1571 3207 in
1614 3162 1753 3207 esse
1782 3143 2058 3207 entitatis
2090 3160 2194 3205 ac-

633 3242 846 3315 tualis,
892 3260 1019 3303 non
1062 3260 1179 3322 per
1226 3242 1621 3305 existentiam
1674 3240 1899 3321 ipsam,
1930 3238 2044 3301 sed
2079 3256 2194 3319 per

633 3335 1067 3399 habitudlnem
1106 3334 1185 3397 ad
1214 3335 1630 3409 existentiam,
1664 3352 1777 3397 seu
1809 3352 1925 3413 per
1953 3333 2194 3412 capaci-

628 3436 826 3492 tatem
874 3429 1241 3503 existentiae,
1272 3430 1359 3491 ita
1390 3435 1459 3491 ut
1499 3446 1637 3490 rem
1681 3445 1821 3491 esse
1867 3427 2192 3490 entitatem

632 3522 969 3598 actualem,
1004 3523 1084 3586 sit
1116 3540 1259 3585 esse
1284 3522 1569 3603 proxime
1596 3538 1895 3602 capacem
1921 3520 2193 3582 existen-

630 3617 757 3694 tiae3
778 3618 917 3697 ipsa
935 3634 1085 3679 vero
1113 3618 1443 3681 existentia
1470 3616 1551 3679 sit
1576 3615 1869 3697 quoedam
1890 3613 2188 3689 conditio,

632 3728 751 3773 seu
797 3712 1055 3791 quidam
1096 3711 1354 3795 ultimus
1388 3711 1697 3774 terminus
1730 3716 1792 3773 et
1820 3715 1996 3773 actus
2025 3707 2192 3767 illius

632 3805 931 3882 entitatis,
958 3824 1071 3867 seu
1102 3806 1481 3886 capacitatis.
1513 3806 1619 3867 Est
1647 3804 1817 3865 enim
1844 3803 1966 3865 hoc
2011 3818 2193 3880 repu-

631 3916 836 3979 gnans
879 3917 1045 3961 verm
1077 3918 1151 3961 ac
1194 3899 1459 3980 proprias
1505 3897 1731 3961 rationi
1778 3895 2122 3959 existentias
2151 3914 2190 3957 a

626 3992 812 4055 nobis
865 3993 1185 4073 explicatae
1212 4013 1228 4066 ς
1260 4000 1327 4055 et
1368 3993 1763 4073 improbatur
1794 3990 2002 4063 facile,
2041 3988 2189 4068 quia

630 4087 903 4149 essentia
930 4086 1279 4149 secundum
1303 4104 1395 4163 se,
1425 4092 1495 4147 nt
1532 4086 1760 4147 dicitur
1789 4102 1925 4146 esse
1953 4088 2188 4144 aeterna

626 4178 695 4241 in
723 4180 1005 4260 potentia
1028 4198 1157 4242 sues
1202 4198 1429 4254 causoe,
1461 4183 1557 4241 est
1590 4196 1790 4257 capax
1842 4176 2188 4241 existentiae

630 4272 982 4335 secundum
1010 4274 1355 4353 potentiam
1380 4272 1770 4353 obiectivam,
1808 4290 1923 4335 seu
1949 4288 2064 4350 per
2087 4290 2191 4333 ex-

628 4366 969 4429 trinsecam
1022 4366 1602 4429 denominationem
1644 4385 1683 4427 a
1728 4367 2011 4448 potentia
2058 4382 2188 4430 suoe

632 4476 880 4533 causae3
924 4460 1151 4523 entitas
1192 4479 1343 4541 ergo
1372 4460 1633 4523 actualis
1657 4478 1787 4523 non
1814 4461 2095 4523 consistit
2125 4461 2188 4523 in

628 4552 753 4615 hac
784 4554 1153 4633 capacitate,
1174 4560 1247 4616 ut
1274 4554 1384 4615 sic.

709 4650 770 4709 8.
805 4644 1083 4728 objectio.
1110 4678 1190 4695 --
1210 4647 1567 4730 Responsio.
1591 4680 1673 4695 --
1688 4648 1945 4711 Dicetur
1969 4648 2190 4710 fortas·

628 4758 724 4817 se,
754 4740 920 4803 banc
963 4760 1104 4804 esse
1158 4743 1571 4823 capacitatem
1616 4748 1947 4820 remotam,
1995 4744 2190 4805 ratio-

626 4852 777 4896 nem
808 4852 957 4899 vero
994 4836 1269 4899 entitatis
1310 4837 1570 4900 actualis
1604 4837 1945 4899 consistere
1975 4838 2040 4899 in
2085 4855 2189 4897 ca-

626 4928 895 5009 pacitate
948 4928 1254 5009 proxima.
1298 4929 1421 4992 Sed
1456 4935 1697 5002 contra,
1726 4948 1877 4993 nam
1918 4932 2018 4993 vel
2049 4931 2182 4991 haec

632 5020 947 5101 capacitas
984 5026 1273 5102 proxima
1306 5030 1399 5085 est
1446 5022 1749 5102 objectiva
1788 5027 2032 5085 tantum
2058 5069 2072 5097 ,
2123 5027 2188 5085 et

624 5114 713 5176 sic
740 5132 871 5177 non
901 5122 997 5178 est
1022 5122 1195 5177 extra
1237 5113 1629 5177 latitudinem
1660 5116 1821 5178 entis
1872 5118 1937 5179 in
1962 5122 2184 5197 poten-

622 5206 734 5284 tia,
774 5224 984 5287 neque
1040 5214 1135 5271 est
1188 5209 1443 5271 realitas
1496 5215 1637 5271 actu
1684 5210 1988 5289 producta
2013 5230 2031 5285 ς
2079 5210 2180 5273 vel

622 5305 721 5363 est
742 5302 1055 5383 capacitas
1084 5302 1425 5384 subjectiva
1445 5303 1707 5365 fundata
1722 5304 1798 5365 -in
1840 5306 2050 5385 aliqua
2082 5324 2180 5367 ac-

618 5392 777 5458 tuali
826 5398 1083 5459 entitate
1130 5397 1267 5477 jam
1319 5397 1645 5479 producta,
1690 5404 1753 5461 et
1804 5399 1893 5461 sic
1920 5418 2180 5463 necesse

624 5493 725 5551 est
748 5494 817 5551 ut
832 5488 936 5553 illa
962 5490 1209 5569 entitas,
1236 5489 1303 5553 in
1326 5506 1453 5569 qua
1470 5491 1791 5569 fundatur,-
1815 5492 2045 5556 babeat
2067 5494 2180 5557 ali-

1852 315 2092 379 QUAEST.
2121 316 2276 377 xva.
2311 320 2514 383 sanc.
2545 320 2610 379 11.

2269 419 2442 500 quod
2467 438 2606 485 esse
2634 420 3046 489 intrinsecum
3071 439 3306 487 novum
3331 429 3394 487 et
3415 430 3710 506 productam,

2269 514 2440 595 quod
2488 534 2748 580 necesse
2795 521 2890 581 est
2945 522 3015 579 ut
3041 516 3124 579 sit
3169 534 3310 579 esse
3347 520 3652 602 existentia,
3675 542 3712 595 nx

2265 609 2602 689 probatum
2631 616 2764 685 est;
2797 628 2948 691 ergo
2976 610 3118 677 talis
3155 611 3378 675 entitas
3413 633 3525 678 non
3563 628 3716 689 consti.

2267 702 2464 767 tuitur
2489 721 2606 783 per
2637 704 3052 783 capacitatem
3079 703 3440 783 existentiae,
3463 710 3558 769 sed
3577 712 3717 779 iniria.

2267 812 2412 859 sece
2435 814 2548 875 per
2585 797 2980 861 existentiam
3025 798 3254 877 ipsam.
3287 798 3444 873 Quin
3485 805 3716 883 potius‚ut

2270 906 2460 967 supra
2483 888 2798 965 dicebam,
2829 891 2882 953 si
2909 908 3014 953 res
3030 890 3164 971 jam
3193 891 3384 955 habet
3407 892 3515 957 hoc
3537 913 3642 961 esse
3659 921 3718 965 ae.

2271 979 2456 1049 tualis
2507 984 2808 1061 entitatis‚
2839 1001 2969 1049 non
2995 984 3367 1065 intelligitur
3403 992 3657 1067 quomodo
3675 1000 3718 1059 sit

2269 1075 2338 1140 in
2371 1077 2653 1157 potentia
2682 1078 2780 1141 vel
2831 1078 3197 1159 capacitate,
3231 1084 3300 1143 ut
3329 1077 3563 1143 ulterius
3583 1090 3719 1151 termi-

2272 1176 2458 1233 netur
2478 1188 2591 1252 per
2629 1172 3022 1237 existentiam
3051 1191 3070 1245 ;
3103 1172 3220 1235 sed
3245 1178 3416 1237 recte
3459 1174 3718 1259 intelligitur

2273 1280 2412 1329 esse
2442 1264 2508 1327 in
2534 1266 2836 1345 potentia,
2862 1271 2936 1330 ut
2963 1266 3340 1331 terminetur
3369 1284 3480 1347 per
3510 1269 3720 1337 inheren-

2272 1358 2448 1433 tiam,
2475 1358 2576 1421 vel
2627 1377 2742 1441 per
2789 1359 3257 1423 subsistentiam
3275 1381 3298 1435 3
3329 1378 3496 1435 nam,
3532 1371 3590 1425 ut
3620 1376 3720 1433 rem

2274 1452 2428 1515 dixit
2471 1454 2937 1530 Damascenus,
2985 1455 3096 1519 lib.
3137 1458 3208 1529 5,
3243 1473 3300 1517 c.
3355 1458 3417 1529 3,
3445 1458 3724 1527 absistentia

2273 1552 2364 1612 est
2389 1548 2598 1614 modus
2645 1550 3004 1615 existentia».
3037 1548 3219 1613 Unde
3269 1548 3462 1613 etiam
3504 1550 3655 1615 obiter
3671 1556 3723 1617 in-

2274 1640 2596 1721 tclligitur,
2625 1644 2962 1707 essentiam
2995 1660 3128 1707 non
3154 1661 3305 1705 vere
3349 1660 3544 1721 neque
3562 1650 3722 1727 proprie

2273 1735 2624 1816 comparari
2645 1734 2726 1797 ad
2750 1737 3148 1801 existentiam
3165 1754 3282 1817 per
3297 1736 3548 1800 modum
3569 1739 3722 1821 subjee-

2271 1829 2342 1904 ti,
2371 1830 2474 1893 vel
2500 1830 2794 1910 potentias
2840 1831 3210 1911 receptivae;
3247 1831 3402 1911 quia
3425 1831 3490 1891 in
3516 1832 3722 1911 subiecto,

2270 1923 2370 1987 vel
2398 1923 2710 2004 receptiva
2741 1925 3044 2004 potentia,
3075 1940 3342 1988 necesse
3377 1929 3472 1985 est
3511 1927 3724 2005 pieintel-

2269 2015 2382 2096 ligi
2403 2016 2830 2081 actualitatem
2863 2017 3164 2099 aliquam,
3199 2023 3267 2081 ut
3291 2018 3490 2098 possit
3509 2018 3654 2081 alium
3671 2040 3724 2083 ac-

2269 2113 2405 2173 tum
2431 2110 2748 2189 suscipere
2773 2126 2796 2187 ;
2832 2111 2951 2192 ipsi
2992 2130 3142 2175 vero
3167 2110 3510 2177 existentiae
3525 2112 3724 2179 nullast·

2268 2202 2520 2267 tualitas
2561 2221 2676 2266 seu
2729 2204 2990 2267 actualis
3030 2205 3258 2269 entitas
3293 2205 3726 2285 supponitur-‚sel

2269 2314 2386 2379 per
2411 2296 2584 2359 illam
2614 2297 2832 2359 intime
2858 2304 2920 2361 et
2947 2297 3292 2363 formaliter
3321 2298 3726 2363 constantiani)

2269 2391 2491 2455 eadem
2547 2392 2793 2456 ratione
2839 2393 3044 2457 obiter
3097 2393 3448 2473 colligitur,
3495 2396 3726 2457 essentiam

2269 2504 2398 2549 non
2447 2488 2796 2567 comparari
2855 2487 2938 2549 ad
2981 2488 3384 2551 existentiam
3411 2504 3520 2567 per
3559 2486 3724 2547 modun

2269 2579 2557 2661 principii
2585 2579 2876 2659 effectivi,
2916 2598 3122 2661 neque
3147 2599 3262 2662 per
3291 2582 3590 2663 propriam
3613 2582 3724 2641 aetio·

2270 2691 2416 2735 nem
2442 2717 2463 2751 ,
2521 2692 2726 2755 neque
2778 2691 2894 2755 per
2941 2674 3300 2736 naturalem
3355 2673 3722 2745 resultantiam;

2272 2768 2418 2848 quia
2439 2768 2502 2829 in
2521 2769 2694 2831 omni
2708 2769 3011 2851 principio
3035 2769 3327 2833 effectivo
3357 2770 3600 2849 supponi
3615 2768 3722 2829 debet

2273 2861 2528 2942 aliquod
2549 2863 2792 2927 actuale
2819 2881 2980 2938 esse,
3011 2870 3082 2925 ut
3105 2862 3188 2925 ab
3225 2862 3338 2926 illo
3367 2862 3552 2942 possit
3581 2858 3726 2940 aliquid

2273 2954 2408 3017 fieri
2437 2956 2536 3017 vel
2564 2974 2844 3019 manere.
2893 2957 3072 3033 Quod
3102 2957 3272 3019 enim
3308 2956 3610 3033 actualiter
3639 2954 3726 3015 nihil

2275 3051 2392 3127 est,
2409 3048 2583 3111 nullo
2603 3049 2792 3113 modo
2817 3055 3022 3131 potest
3043 3048 3282 3129 aliquid
3313 3049 3550 3111 efficere
3571 3070 3586 3123 3
3615 3055 3656 3107 a!
3673 3065 3726 3107 re·

2273 3161 2345 3204 ro
2370 3144 2662 3217 essentia,
2686 3149 2756 3207 ut
2782 3143 3282 3224 praeintelligitur
3309 3142 3638 3217 existentiae‚
3657 3158 3728 3201 nor

2275 3245 2372 3299 est·
2419 3238 2682 3299 actualis
2713 3239 2965 3315 entitas,
2994 3238 3198 3301 sedin
3227 3238 3510 3317 potentia
3543 3240 3728 3306 tantum

2272 3330 2429 3393 nihil
2459 3350 2610 3411 ergo
2638 3338 2846 3413 potest
2873 3332 3137 3407 efficere,
3171 3330 3292 3393 nisi
3315 3330 3490 3411 prius
3509 3329 3728 3409 peripsam

2273 3426 2664 3489 existentiam
2693 3427 3102 3489 constituatur
3127 3426 3192 3489 in
3227 3443 3376 3489 esse
3397 3424 3626 3487 actualis
3641 3420 3730 3482 enti·

2273 3521 2456 3594 tatis;
2493 3539 2646 3601 ergo
2683 3520 3072 3601 impossibile
3100 3526 3195 3583 est
3231 3525 3308 3581 ut
3335 3519 3419 3583 sit
3459 3517 3728 3599 principium

2276 3614 2549 3677 efficiens
2575 3616 2778 3695 ipsam
2809 3615 3223 3678 existentiam.

2355 3711 2418 3771 6.
2464 3710 2842 3773 Humanitas
2901 3708 3176 3785 Christi,
3227 3712 3302 3771 nt
3355 3704 3730 3772 condidisset

2291 3806 2468 3873 Verbo
2483 3850 2500 3879 ‚
2531 3810 2618 3869 ert
2653 3804 2918 3867 actualis
2941 3803 3369 3867 euticam—Ex
3396 3802 3492 3865 his
3515 3796 3732 3880 principiis

2271 3896 2718 3979 metaphysicis
2764 3897 3229 3959 demonstratur
3267 3895 3622 3975 'theologica
3651 3908 3732 3952 ces·

2271 3992 2467 4057 clusio
2498 4010 2536 4053 a
2561 3991 2745 4055 nobis
2775 3992 3002 4071 posita,
3023 3991 3174 4070 quia
3199 3990 3552 4051 hnmanitas
3575 3980 3730 4049 christ,

2269 4093 2340 4147 ut
2393 4086 2808 4169 condistincta
2863 4103 2899 4147 a
2954 4084 3161 4147 Verbo
3201 4130 3217 4159 ‚
3277 4081 3618 4161 intelligitur
3655 4090 3732 4137 esse

2269 4180 2556 4261 quasdam
2573 4180 2832 4243 actualis
2860 4179 3110 4253 entitas,
3133 4196 3330 4258 quam
3351 4178 3488 4258 ipsa
3503 4190 3670 4238 secum
3685 4168 3732 4229 al-

2269 4275 2414 4349 fert,
2443 4280 2506 4335 et
2541 4273 2712 4335 illam
2738 4291 2776 4333 a
2805 4271 3012 4335 Verbo
3049 4271 3400 4336 formaliter
3425 4287 3544 4332 nou
3563 4264 3728 4343 recipil3

2271 4386 2426 4448 ergo
2453 4366 2818 4446 intelligitur
2841 4382 2981 4427 esse
3005 4365 3280 4427 existens
3303 4383 3424 4445 per
3439 4358 3730 4425 existentiam

2271 4462 2587 4541 propriam
2617 4466 2682 4523 et
2703 4465 3000 4535 creatam,
3027 4459 3286 4521 omnino
3315 4479 3360 4519 a
3384 4456 3574 4520 Verbo
3595 4450 3730 4515 distin·

2270 4560 2453 4617 ctam.
2478 4553 2934 4633 Consequentia
2963 4558 3136 4632 patet
3161 4571 3242 4615 ex
3267 4552 3473 4625 dictis,
3493 4544 3728 4628 quiflidssffl

2269 4654 2364 4709 est
2389 4664 2530 4711 esse
2555 4646 2876 4709 entitatem
2897 4646 3294 4723 existentem,
3311 4644 3482 4725 quod
3501 4640 3725 4705 entitatem

2269 4742 2600 4817 actualem,
2627 4748 2689 4803 et
2713 4741 2862 4823 quia
2883 4740 2948 4801 in
2976 4742 3317 4806 intrinseco
3341 4741 3616 4815 conceptu
3631 4728 3726 4791 enti-

2267 4836 2412 4898 tatis
2440 4834 2702 4897 actualis
2743 4834 3086 4899 includitur
3113 4834 3478 4905 existentia3
3507 4832 3564 4893 in
3585 4824 3722 4889 intrin-

2265 4947 2412 4991 seco
2455 4934 2666 4993 autem
2693 4936 3004 5009 conceptu
3027 4926 3464 4999 humanitatis,
3491 4928 3556 4985 ut
3574 4926 3642 4983 est
3659 4932 3722 4975 en·

2264 5024 2410 5085 titas
2453 5022 2738 5098 actualis,
2779 5040 2906 5085 ncn
2938 5022 3279 5085 includitur
3316 5020 3587 5083 Verbum.
3613 5004 3720 5083 0¹¹⁰d

2264 5118 2450 5180 simul
2479 5136 2622 5179 cum
2651 5117 3050 5181 antecedenti
3073 5116 3402 5197 probatur,
3423 5114 3660 5193 primum,
3673 5118 3716 5163 2¹

2259 5211 2452 5273 modo
2497 5227 2624 5289 quo
2675 5212 2946 5272 Concilia
2997 5216 3065 5273 et
3108 5211 3322 5273 Sancti
3349 5207 3616 5288 explicant
3645 5198 3716 5257 1¹⁰⁰

2259 5307 2631 5384 mysterium
2646 5328 2664 5381 3
2695 5303 2912 5367 dicun't
2939 5304 3109 5365 enim
3135 5304 3372 5371 factum
3399 5319 3523 5365 esse
3557 5314 3640 5376 per
3657 5291 3714 5349 ἰΰ-

2259 5398 2576 5463 effabilem
2623 5397 3144 5481 compositionem
3185 5398 3372 5463 unius
3413 5406 3642 5477 persone
3667 5398 3710 5444 ει

2259 5493 2506 5557 duabus
2541 5493 2780 5557 naturis
2823 5492 3100 5557 realibus
3125 5498 3194 5583 et
3237 5488 3582 5557 actualibus,
3605 5483 3706 5543 ⁹1⁰¹
