3892 6167
1321 386 1642 442 mSPUTAT.
1674 384 1851 442 xxxi.
1883 386 2055 445 δὲ’-(ΞΤ.
2090 388 2169 442 vt.

131 488 394 562 tionem3
443 487 734 567 quamvis
797 487 1014 571 quoad
1083 488 1682 563 denominationem,

128 580 372 658 quando
404 598 538 641 una
567 600 642 645 ex
681 582 780 645 his
833 584 1043 645 causis
1077 590 1171 646 est
1199 584 1583 665 incompleta
1623 588 1688 643 et

126 674 502 736 insufficiens
531 676 594 735 in
629 694 745 738 suo
785 676 1008 739 ordine
1029 678 1110 739 ad
1137 676 1432 740 effectum
1462 694 1690 739 secun·

127 770 267 829 dum
319 770 646 851 propriam
691 770 1007 833 rationem
1063 771 1202 851 ejus
1258 770 1681 844 efficiendum,

125 870 266 925 tunc
296 862 549 925 dicatur
577 880 706 925 una
747 865 1128 928 constituere
1157 864 1422 928 alteram
1444 866 1514 926 in
1543 869 1689 926 actu

125 955 318 1039 primo
343 957 660 1037 completo
703 962 768 1019 et
793 958 1106 1039 proximo,
1137 958 1286 1039 quia
1319 958 1408 1020 illi
1464 958 1687 1038 adjun-

133 1053 282 1133 gitur
309 1050 398 1112 ad
429 1068 578 1113 eam
599 1051 948 1131 juvandam
977 1056 1040 1117 et
1065 1051 1442 1115 elevandam
1472 1050 1556 1115 ad
1589 1058 1686 1115 ta-

133 1146 242 1207 lem
267 1144 536 1207 modum
563 1144 820 1225 agendi.
865 1146 1002 1207 Non
1055 1150 1154 1209 est
1205 1152 1420 1208 tamen
1471 1144 1688 1208 dicen-

131 1239 292 1313 dum,
313 1256 438 1301 nec
467 1256 616 1301 vere
644 1238 768 1301 dici
795 1245 1024 1319 potest,
1041 1246 1196 1301 tunc
1219 1238 1511 1302 constitui
1539 1258 1687 1301 cau-

131 1351 254 1395 sam
273 1333 344 1393 in
359 1344 508 1395 actu
525 1333 732 1413 primo
752 1350 869 1413 per
889 1333 1088 1395 solam
1107 1332 1686 1395 denominationem

131 1431 564 1503 extrinsecam,
591 1446 742 1491 cum
765 1428 964 1491 virtus
999 1434 1064 1491 et
1091 1428 1320 1490 entitas
1347 1426 1686 1490 intrinseca

131 1525 304 1585 simul
363 1528 700 1586 concurrat
739 1522 820 1583 ad
875 1521 1260 1602 completum
1311 1527 1521 1585 actum
1557 1520 1686 1601 pri-

127 1638 293 1679 mum
322 1616 860 1681 constituendum.

199 1716 298 1775 23.
347 1715 428 1775 At
477 1729 652 1786 vero,
699 1710 954 1792 quando
997 1710 1360 1774 constitutio
1389 1710 1462 1773 fit
1489 1710 1680 1791 priori

125 1806 336 1881 modo,
367 1805 434 1867 id
453 1812 574 1882 est,
597 1805 768 1887 quod
795 1805 998 1867 forma
1021 1805 1410 1867 constituens
1439 1805 1504 1867 in
1538 1810 1684 1867 actu

127 1900 346 1979 primo,
401 1898 646 1961 confert
709 1898 1053 1961 formaliter
1121 1904 1321 1961 totam
1387 1898 1682 1961 virtutem

126 1993 376 2071 agendi,
409 1998 558 2055 tunc
581 1991 722 2055 fieri
747 2009 878 2055 non
909 1998 1116 2073 potest
1151 1998 1224 2055 ut
1261 1991 1504 2071 aliquid
1538 2010 1686 2055 con-

123 2086 412 2149 stituatur
439 2086 508 2147 in
528 2092 672 2149 actu
703 2086 908 2165 primo
935 2103 1048 2165 per
1067 2086 1360 2149 virtutem
1379 2104 1493 2147 seu
1520 2084 1686 2148 enti-

121 2185 314 2241 tatem
377 2184 629 2241 tantum
683 2179 1071 2241 extrinsecus
1122 2180 1518 2243 assistentem
1569 2196 1686 2241 seu

119 2272 682 2347 denominantem;
713 2272 829 2335 sed
855 2273 1146 2336 constitui
1175 2274 1368 2337 debet
1391 2292 1506 2355 per
1545 2290 1688 2353 pro-

117 2367 322 2447 priam
377 2366 712 2429 entitatem
759 2366 859 2427 vel
903 2384 1019 2446 per
1059 2366 1330 2429 formam
1385 2366 1690 2429 inhaeren-

120 2470 272 2523 tem.
303 2460 490 2533 Quod
535 2465 710 2539 patet
755 2460 960 2541 primo
1005 2461 1368 2524 inductione
1395 2462 1460 2523 in
1489 2459 1690 2523 omni-

125 2554 248 2615 bus
273 2554 632 2633 agentibus,
669 2558 802 2615 tam
829 2554 1219 2617 naturalibus
1247 2572 1440 2633 quam
1465 2570 1691 2633 super-

127 2647 522 2708 naturalibus
551 2652 728 2709 extra
761 2646 1092 2709 materiam
1117 2647 1200 2709 de
1237 2664 1365 2725 qua
1411 2645 1688 2727 disputa-

123 2760 286 2801 mus.
309 2740 632 2815 Secundo,
659 2758 735 2803 ex
771 2740 878 2803 illo
905 2740 1127 2805 eodem
1156 2740 1487 2821 principio,
1517 2739 1690 2819 quod

119 2835 274 2895 nihil
309 2840 522 2915 potest
553 2852 696 2895 esse
725 2836 790 2896 in
821 2842 966 2897 actu
985 2836 1287 2911 secunde,
1303 2834 1426 2897 nisi
1459 2835 1692 2915 praein-

119 2928 442 3009 telligatur
484 2933 714 3007 potens
765 2927 833 2989 in
879 2932 1026 2991 actu
1064 2930 1302 3008 primo;
1334 2928 1492 2990 nihil
1520 2928 1690 2990 enim

115 3028 210 3083 est
249 3028 486 3100 potens
537 3022 604 3082 in
639 3027 784 3083 actu
847 3022 1070 3103 prime,
1103 3019 1222 3083 nisi
1257 3022 1326 3083 in
1381 3027 1689 3102 quantum

125 3122 211 3175 est
267 3116 550 3195 ipsamet
606 3114 890 3195 potentia
943 3115 1168 3191 activa,
1220 3115 1322 3177 vel
1377 3115 1448 3177 in
1485 3133 1690 3195 quan-

125 3215 248 3269 tum
311 3208 602 3289 potentia
654 3208 856 3271 activa
905 3207 1312 3283 informatum
1373 3226 1524 3271 nam
1577 3228 1688 3289 po·

123 3302 316 3363 tentia
369 3300 582 3363 activa
629 3307 697 3366 ut
747 3302 838 3363 sic
897 3320 1028 3365 non
1079 3302 1288 3365 reddit
1334 3308 1685 3384 potentem,

119 3395 236 3455 nisi
303 3394 372 3457 id
435 3393 542 3457 cni
584 3394 778 3471 inest,
821 3394 923 3456 vel
973 3414 1088 3475 per
1137 3395 1556 3471 identitatem,
1589 3397 1688 3459 vel

114 3506 228 3565 per
255 3486 818 3567 informationem,
801 3504 816 3519 ·
843 3506 1016 3565 nam,
1049 3486 1101 3549 si
1148 3488 1430 3568 potentia
1453 3507 1583 3551 non
1610 3490 1690 3551 sit

116 3599 214 3643 res
272 3581 580 3644 distincta
630 3599 668 3644 a
721 3601 792 3644 re
835 3598 975 3661 qnoe
1028 3601 1144 3663 per
1199 3582 1372 3645 illam
1424 3582 1692 3646 efficitur

117 3681 366 3777 potenS,
411 3673 536 3737 erit
567 3672 656 3735 illi
711 3674 1050 3737 intrinseca
1091 3693 1204 3755 per
1247 3674 1686 3748 identitatem;

123 3767 178 3827 si
239 3774 452 3829 antem
511 3767 594 3829 sit
655 3786 760 3830 res
827 3768 1116 3831 distincta
1135 3813 1156 3847 ,
1211 3768 1554 3849 pertinebit
1605 3770 1690 3832 ad

119 3877 318 3939 genus
355 3861 724 3941 qualitatis;
753 3868 814 3927 et
859 3860 1002 3925 ideo
1050 3880 1180 3925 non
1221 3868 1428 3943 potest
1459 3862 1686 3925 consti-

113 3960 292 4015 tuere
339 3972 487 4017 rem
529 3960 876 4033 potentem,
905 3953 1027 4017 nisi
1059 3954 1478 4019 informando.
1508 3956 1688 4032 Quod

105 4047 156 4107 si
187 4047 336 4109 talis
367 4047 658 4128 potentia
709 4048 1042 4111 intrinsece
1083 4050 1420 4113 constituat
1445 4056 1688 4131 'potens

101 4140 168 4201 id
209 4142 280 4201 in
332 4158 468 4219 quo
505 4147 604 4204 est
651 4141 984 4207 intrinsece
1015 4161 1131 4223 per
1155 4141 1547 4207 identitatem
1586 4142 1688 4205 vel

99 4233 656 4309 informationem,
687 4252 816 4295 non
843 4236 1074 4315 poterit
1099 4235 1208 4299 ina
1236 4242 1308 4301 ut
1345 4236 1434 4299 sic
1464 4238 1689 4299 consti-

99 4332 288 4389 tuere
319 4332 656 4407 potentem
701 4346 840 4391 rem
887 4328 1076 4391 aliam
1127 4330 1388 4392 omnino
1438 4328 1690 4392 distinc-

101 4425 260 4493 tam,
285 4422 400 4481 cui
439 4420 646 4483 solum
669 4421 930 4498 assistit,
956 4422 1058 4483 vel
1085 4440 1278 4502 quam
1325 4423 1532 4485 solum
1581 4442 1690 4485 ex-

97 4514 392 4575 trinsece
429 4514 822 4577 denominat.
876 4516 1114 4592 Tertio,
1141 4518 1294 4596 quia
1337 4518 1690 4581 extrinseca

95 4608 554 4671 denominatio
587 4608 830 4671 nullum
859 4628 1002 4672 esse
1026 4656 1048 4687 ,
1091 4610 1407 4673 nullamve
1445 4611 1692 4693 perfec-

99 4702 358 4763 tionem
379 4708 592 4783 potest
616 4720 854 4781 ponere
889 4705 956 4766 in
974 4723 1044 4767 re
1073 4704 1514 4780 denominata;
1549 4724 1688 4769 esse

102 4804 334 4859 autem
397 4796 708 4872 activum,
740 4797 976 4877 aliquid
1015 4799 1414 4881 perfectionis
1461 4808 1578 4875 est,
1626 4813 1692 4862 et

101 4890 170 4951 in
215 4891 446 4969 aliquo
483 4908 624 4953 esse
647 4890 948 4955 fundatur
957 4908 980 4971 3
1011 4894 1162 4975 imo,
1195 4900 1266 4957 ut
1293 4894 1486 4959 habet
1521 4913 1691 4957 com·

102 5002 308 5047 mnne
363 4984 770 5065 proloquium
789 5030 808 5060 ,
861 5004 1054 5067 agere
1113 4988 1522 5067 consequitur
1571 5006 1686 5051 seu

107 5078 460 5139 comitatur
489 5095 656 5141 esse.
697 5078 952 5156 Quarto,
981 5081 1132 5159 quia
1171 5080 1430 5161 quando
1481 5080 1687 5143 forma

113 5171 442 5235 constituit
461 5189 534 5235 se
563 5172 698 5235 sola
723 5191 860 5235 rem
879 5174 1072 5237 aliam
1097 5174 1165 5235 in
1203 5181 1352 5237 actu
1372 5176 1578 5255 primo
1607 5176 1690 5237 ad

116 5265 468 5343 agendum,
521 5265 888 5331 inhaerendo
937 5268 1028 5329 illi
1049 5314 1066 5343 ,
1117 5286 1236 5331 seu
1286 5268 1686 5332 informando

119 5357 476 5435 illam‚tunc
505 5377 608 5421 res
633 5359 738 5422 illa
769 5361 858 5425 sic
883 5361 1218 5425 informata
1243 5363 1310 5423 in
1335 5368 1580 5425 tantum
1597 5362 1690 5425 di-

125 5452 281 5515 citur
309 5453 518 5517 activa
547 5455 647 5517 vel
673 5473 896 5533 agens,
925 5457 992 5519 in
1029 5463 1338 5537 quantum
1365 5456 1430 5519 in
1457 5475 1526 5519 se
1557 5475 1691 5517 sus-

125 5552 346 5622 tentat,
377 5547 483 5608 vel
524 5546 689 5611 intra
735 5568 804 5611 se
841 5550 1034 5613 habet
1077 5551 1372 5625 formam,
1403 5567 1544 5629 quae
1595 5554 1692 5612 est

1765 486 2145 569 principium
2188 488 2453 555 actionis
2468 505 2492 570 ;
2534 491 2695 557 sicut
2718 510 2887 575 aqna
2914 494 3141 561 dicitur
3168 498 3337 563 cale.

1765 579 2009 644 faciens
2038 601 2153 645 scu
2182 584 2545 647 calefactiva
2570 586 3061 667 denominative,
3092 592 3243 673 quia
3272 594 3335 655 in

1769 694 1838 739 se
1863 675 2057 739 hahet
2104 677 2402 754 calorem,
2434 696 2576 759 quas
2621 679 3053 745 denominatio
3080 684 3145 747 in
3186 691 3338 747 tan-

1767 774 1904 831 tum
1933 770 2273 833 intrinseca
2300 778 2419 849 est,
2456 773 2521 834 in
2565 780 2871 853 quantum
2914 774 3088 839 calor
3116 778 3334 841 intrin-

1768 880 1912 926 sece
1952 865 2217 927 inhaeret
2240 883 2459 946 aquoe3
2497 886 2673 947 ergo,
2700 868 2947 933 seclusa
2982 870 3333 950 identitate,

1765 963 1830 1019 et
1855 956 2103 1021 seclusa
2134 958 2323 1021 etiam
2344 959 2683 1023 intrinseca
2712 962 3181 1037 informatione,
3206 984 3335 1029 non

1763 1054 1971 1130 potest
1998 1068 2105 1113 res
2134 1068 2285 1113 vere
2311 1051 2715 1117 denominari
2764 1058 2966 1119 activa
3018 1075 3059 1118 a
3102 1060 3333 1123 virtute

1768 1145 1945 1207 totali
1994 1164 2253 1225 prorsus
2280 1148 2653 1211 extrinseca.

1847 1240 1947 1299 24.
1996 1236 2201 1313 Dices,
2234 1238 2351 1301 etsi
2392 1258 2525 1301 non
2556 1240 2755 1321 possit
2802 1242 3197 1307 denominari
3226 1244 3333 1309 de-

1769 1332 2203 1394 nominatione
2248 1332 2611 1411 intrinseca,
2658 1341 2873 1397 tamen
2908 1356 3137 1418 posse,
3190 1357 3337 1421 sup-

1766 1426 1971 1507 posita
2020 1425 2143 1487 alia
2186 1425 2701 1491 denominatione
2740 1446 2854 1491 seu
2888 1433 3335 1511 conjunctione

1767 1520 2136 1582 extrinseca.
2170 1518 2297 1583 Sed
2337 1526 2554 1585 contra
2580 1522 2703 1585 hoc
2732 1527 2845 1599 est,
2876 1526 3025 1603 quia
3054 1526 3332 1589 ostendi-

1763 1631 1908 1675 mus
1936 1612 2519 1677 denominationem
2549 1616 2826 1697 potentis
2878 1636 2993 1681 seu
3035 1620 3219 1682 activi
3254 1640 3332 1683 ex

1764 1708 2019 1789 propria
2066 1708 2309 1771 ratione
2360 1726 2503 1771 esse
2534 1710 2964 1787 intrinsecam,
2994 1718 3126 1773 tum
3184 1715 3333 1793 quia

1763 1800 2025 1879 requirit
2043 1800 2299 1881 aliquod
2325 1820 2465 1865 esse
2486 1808 2549 1865 et
2572 1803 2849 1885 aliquam
2877 1805 3329 1886 perfectionem

1765 1892 1829 1956 in
1857 1912 1926 1955 re
1974 1893 2062 1956 sic
2091 1892 2537 1976 denominata3
2568 1905 2706 1960 tum
2734 1898 2925 1961 etiam
2953 1900 3102 1979 quia
3132 1900 3333 1963 deno-

1763 1989 2025 2052 minatio
2076 1990 2353 2071 potentis
2402 1999 2499 2055 est
2532 1992 2961 2056 denominatio
3004 1995 3335 2057 continen-

1767 2083 1844 2144 tis
1881 2082 2093 2163 aliquo
2146 2085 2333 2146 modo
2370 2085 2699 2161 effectum3
2734 2088 2883 2167 quia
2916 2086 3175 2151 effectus
3203 2104 3335 2151 non

1766 2174 1836 2239 fit
1863 2195 1900 2239 a
1929 2196 2145 2253 causa,
2178 2178 2302 2239 nisi
2328 2186 2641 2257 quatenus
2690 2180 2755 2241 in
2808 2198 2877 2243 se
2924 2180 3149 2262 recipit
3186 2198 3329 2245 esse

1769 2271 1940 2351 quod
1984 2271 2051 2332 in
2097 2270 2205 2333 illa
2246 2272 2457 2351 aliquo
2514 2272 2705 2336 modo
2732 2272 3175 2355 praehabeba13
3204 2292 3335 2337 non

1771 2370 2223 2444 potestantem
2260 2365 2523 2429 effectus
2552 2368 2859 2431 contineri
2894 2368 2957 2429 in
2996 2386 3191 2431 cansa
3216 2385 3335 2449 per

1773 2458 1973 2519 solam
2002 2458 2417 2521 extrinsecam
2448 2458 3053 2535 denominationem,
3084 2460 3201 2523 sed
3238 2479 3334 2523 se-

1771 2550 2055 2615 cundum
2086 2552 2343 2633 aliquod
2371 2571 2593 2615 verum
2620 2572 2785 2629 esse,
2806 2556 2955 2635 quia
2982 2554 3335 2618 extrinseca

1771 2645 2202 2708 denominatio
2238 2647 2397 2709 nihil
2450 2653 2568 2722 est,
2605 2666 2815 2729 neque
2866 2650 2936 2711 in
2980 2648 3117 2731 ipsa
3144 2666 3337 2711 causa

1769 2756 1918 2801 vere
1972 2738 2349 2801 continetur.
2398 2739 2649 2816 Quinto,
2696 2740 2845 2820 quia
2894 2740 3069 2803 nulla
3122 2744 3331 2821 potest

1769 2830 2034 2911 intelligi
2058 2832 2415 2911 conjunctio
2443 2833 2546 2895 vel
2572 2834 2931 2897 assistentia
2952 2835 3329 2911 extrinseca,

1771 2942 1852 2987 ex
1874 2942 2003 3004 qua
2042 2924 2185 2988 talis
2230 2925 2665 2989 denominatio
2692 2928 2945 3007 proprie
2974 2946 3049 2989 ac
3072 2927 3334 3009 physice

1771 3020 2077 3081 sumatur.
2142 3018 2289 3081 Dico
2346 3016 2559 3081 autem
2610 3021 2861 3101 proprie
2918 3038 2995 3083 ac
3045 3020 3329 3102 physice,

1769 3110 1918 3190 quia
1947 3110 2215 3173 dicimur
2240 3111 2563 3175 interdum
2591 3130 2781 3191 posse
2808 3112 2983 3193 quod
3010 3131 3125 3193 per
3174 3112 3337 3175 ami-

1770 3221 1876 3267 cos
1902 3222 2279 3284 possumus3
2312 3204 2427 3267 sed
2456 3190 2611 3267 illud
2640 3224 2771 3271 non
2799 3208 3051 3287 proprie
3080 3224 3157 3269 ac
3182 3206 3339 3289 phy·

1769 3297 1922 3370 sice,
1956 3296 2067 3359 sed
2114 3296 2438 3359 moraliter
2482 3316 2557 3359 ac
2611 3300 3041 3377 metaphorice
3083 3298 3335 3363 dicitur.

1767 3392 1925 3453 Item
1952 3390 2105 3469 quia
2132 3388 2360 3453 dicitur
2398 3390 2626 3497 aliquis
2652 3397 2880 3471 potens
2909 3397 3166 3473 propter
3188 3390 3343 3455 divi-

1769 3484 1912 3556 tias,
1945 3489 2009 3545 et
2032 3482 2285 3557 similia,
2314 3499 2457 3561 quoe
2485 3482 2696 3563 ipsum
2722 3502 2850 3547 non
2882 3484 3222 3546 intrinsece
3252 3484 3341 3549 af-

1769 3574 2009 3639 ficiunt.
2044 3574 2169 3639 Sed
2198 3573 2305 3637 illa
2328 3577 2521 3638 etiam
2548 3582 2647 3639 est
2682 3578 2960 3657 potentia
3008 3562 3341 3657 metapho-

1771 3670 1902 3733 rica
1935 3675 2000 3732 et
2022 3668 2303 3732 moralis,
2332 3668 2598 3741 Tamen,
2631 3668 2949 3749 loquendo
3000 3668 3079 3731 de
3107 3674 3339 3749 peten-

1769 3764 1855 3827 tia
1883 3762 2144 3843 physica
2180 3780 2255 3825 ac
2283 3780 2399 3843 per
2440 3781 2533 3839 se,
2580 3762 2757 3825 nulla
2812 3766 3017 3842 potest
3067 3758 3339 3841 intelligi

1769 3858 2127 3937 conjunctio
2157 3855 2361 3919 solum
2393 3857 2763 3935 extrinseca,
2796 3874 2939 3937 quae.
2968 3854 3234 3917 sufficiat
3264 3860 3337 3917 ut

1767 3970 1894 4015 una
1909 3969 2011 4013 res
2037 3950 2282 4013 dicatur
2300 3956 2524 4031 potens
2550 3949 2753 4013 solum
2778 3968 2892 4031 per
2914 3950 3331 4013 extrinsecam

1769 4044 2191 4109 assistentiam
2220 4044 2519 4119 alterius3
2553 4044 2787 4123 alioqui
2834 4042 3180 4125 explicetur
3225 4042 3337 4103 ali·

1768 4157 1895 4221 quo
1926 4138 2117 4202 modo
2153 4137 2293 4201 talis
2348 4138 2729 4217 conjunctim
2760 4144 2827 4199 et
2884 4134 3204 4219 quomodo
3251 4135 3337 4197 ad

1768 4233 1936 4295 hanc
1964 4231 2545 4295 denominationem
2573 4230 2838 4293 sufficiat
2865 4250 2882 4304 ;
2918 4228 3091 4311 quod
3122 4228 3339 4291 hacte-

1767 4346 1891 4391 nus
1912 4327 2149 4389 factum
2178 4342 2307 4387 non
2334 4332 2453 4400 est,
2472 4343 2684 4404 neque
2716 4324 3003 4387 existimo
3033 4321 3169 4385 fieri
3200 4340 3342 4402 pos·

1769 4440 1864 4499 se,
1890 4428 1963 4485 ut
1990 4420 2231 4502 patebit
2243 4419 2447 4499 magis
2477 4418 2766 4495 inferius,
2790 4416 3201 4483 discurrendo
3221 4434 3339 4499 per

1772 4515 2062 4595 exempla
2090 4532 2279 4594 supra
2308 4512 2601 4589 adducta,
2638 4518 2703 4574 et
2722 4510 3106 4575 declarando
3137 4508 3341 4574 eleva-

1771 4610 2006 4672 tionem
2058 4606 2415 4669 divinorum
2473 4607 3057 4679 instrumentorum,
3098 4608 3161 4665 et
3203 4621 3339 4665 om-

1771 4720 1918 4764 nem
1950 4700 2485 4779 conjunctionem,
2516 4717 2625 4761 seu
2650 4698 3075 4761 assistentiam
3106 4696 3340 4761 extrin-

1771 4814 1983 4859 secam
2017 4795 2263 4858 virtutis
2287 4794 2515 4857 divinae
2536 4798 2828 4875 respectu
2858 4808 3101 4867 eorum,
3146 4796 3208 4853 et
3237 4807 3337 4851 os·

1769 4888 2089 4955 tendendo
2126 4888 2301 4951 illam
2330 4888 2531 4949 solam
2566 4906 2695 4951 non
2735 4904 2923 4968 posse
2951 4888 3239 4947 sufficere
3268 4886 3337 4945 ut

1767 4984 1878 5047 illa
1905 4982 2323 5045 instrumenta
2383 4980 2673 5045 dicantur
2719 4979 3014 5043 constitui
3068 4978 3136 5039 in
3190 4982 3337 5040 actu

1769 5078 1972 5159 primo
2010 5076 2093 5139 ad
2114 5076 2457 5157 agendum.

1851 5175 1955 5237 25.
2000 5173 2088 5233 Ac
2141 5170 2416 5249 denique
2469 5168 2826 5231 declaratur
2876 5184 2953 5229 ex
2980 5165 3337 5229 differentia

1771 5265 1938 5329 inter
1964 5266 2120 5329 duos
2138 5264 2361 5327 modos
2382 5262 2841 5325 constitutionis
2868 5262 2935 5322 in
2956 5266 3099 5322 actu
3128 5259 3335 5339 primo

1771 5379 1961 5441 supra
1992 5358 2293 5423 adductos
2311 5380 2330 5434 3
2357 5356 2532 5438 quia,
2580 5354 2835 5435 quando
2893 5371 3018 5428 res,
3050 5368 3192 5433 quoe
3222 5352 3337 5412 ha-

1770 5456 1876 5518 bet
1903 5455 1971 5515 in
2012 5472 2081 5517 se
2128 5452 2402 5532 aliquam
2448 5450 2743 5513 virtutem
2782 5448 3072 5520 activam,
3111 5444 3335 5506 dicitur

1771 5548 2065 5613 constitui
2094 5548 2159 5609 in
2190 5552 2333 5608 actu
2362 5544 2561 5625 primo
2592 5561 2705 5623 per
2722 5540 3141 5603 assistentiam
3178 5536 3331 5600 alte-
