3892 6167
1535 343 1724 400 INDEX
1757 343 1990 397 nuncil.

153 438 486 494 contritione
515 442 694 508 posita
724 442 781 494 in
808 441 1030 495 homine
1050 441 1229 495 statim
1253 441 1323 495 ab
1351 441 1449 496 illo
1489 443 1717 512 expelli-

207 521 294 568 tur
315 523 629 581 peccatum,
649 519 704 572 d.
726 522 776 581 4,
801 533 844 572 s.
877 522 924 569 ’1.

151 591 550 646 contritionem
573 594 647 646 ita
664 595 932 661 expellere
950 600 1249 662 peccatum,
1269 593 1411 649 sieut
1431 596 1520 648 lux
1539 593 1720 662 expel-

211 669 270 720 lit
291 669 577 734 tenebras,
600 678 680 724 est
698 672 1063 737 quorumdam
1086 672 1295 738 opinio,
1317 687 1358 726 s.
1387 678 1434 726 8.

153 742 411 799 contritio
433 745 681 812 perfecta
701 752 780 799 est
813 747 1005 800 ultima
1023 746 1308 812 dispositio
1339 746 1408 801 ad
1439 745 1717 799 remissio-

209 831 334 872 nem
355 822 595 886 peccati,
623 822 699 874 ib.

151 896 512 950 contritionis
545 898 791 951 formalis
811 898 1032 953 effectus
1053 909 1162 952 non
1189 905 1268 952 est
1300 897 1550 952 remissio
1589 911 1719 966 pec-

207 973 326 1035 cati,
357 973 436 1026 ib.

151 1048 410 1102 contritio
431 1050 595 1104 nullo
623 1051 788 1104 modo
826 1055 908 1106 cst
949 1050 1243 1105 satisfactio
1265 1051 1335 1104 ad
1355 1051 1718 1119 aequalitatem

209 1137 304 1194 pro
323 1131 581 1191 peccate,
601 1141 644 1179 S.
684 1134 731 1182 9.

151 1200 430 1266 contritio,
451 1205 520 1254 ut
539 1208 622 1256 est
647 1201 930 1270 dispositio
953 1204 1020 1257 ad
1047 1204 1277 1271 primam
1302 1203 1548 1270 gratiam,
1569 1210 1621 1257 et
1641 1215 1723 1256 re·

209 1277 542 1331 missionem
576 1280 799 1346 peccati,
835 1281 1080 1346 procedit
1115 1281 1184 1334 ab
1223 1281 1445 1334 homine
1475 1281 1722 1334 nondum

207 1359 374 1420 grato,
399 1366 518 1406 nee
539 1355 714 1409 libero
733 1369 764 1410 a
785 1361 1002 1423 peccato
1026 1357 1328 1410 secundum
1354 1357 1604 1410 ordinem
1621 1369 1722 1410 na-

209 1437 359 1491 turae,
395 1429 480 1482 ib.

161 1504 410 1560 contritio
427 1511 526 1558 est
542 1507 836 1562 satisfactio
856 1508 1170 1575 imperfecta
1193 1523 1292 1576 pro
1319 1514 1554 1577 peccato,
1575 1523 1618 1560 s.
1641 1512 1722 1560 10.

162 1580 412 1635 contritio
447 1584 545 1636 vel
571 1583 790 1637 dilectio
828 1584 922 1639 Dei
951 1589 1031 1638 est
1059 1599 1196 1652 opus
1235 1587 1468 1640 maxime
1497 1597 1726 1652 propor-

213 1659 492 1712 tionatum
512 1661 582 1714 ad
601 1661 1048 1716 satisfaciendum
1068 1675 1132 1715 ex
1147 1663 1356 1728 justitia
1378 1663 1517 1716 etad
1539 1675 1724 1728 tequa-

213 1734 417 1787 litatem
442 1749 552 1802 pro
579 1739 811 1803 peccatis
833 1737 1160 1802 venialibus
1191 1753 1233 1791 5.
1271 1742 1346 1790 11.

155 1812 414 1865 contritio
439 1825 560 1879 qua
584 1815 794 1868 ratione
826 1815 897 1868 sit
929 1815 1214 1882 dispositio
1249 1813 1472 1869 moralis
1497 1813 1568 1868 ad
1602 1827 1730 1880 gra-

213 1887 363 1953 tiam,
393 1888 454 1942 d.
497 1895 575 1951 1ο,
598 1905 642 1944 s.
671 1895 720 1943 2.

159 1965 302 2017 Juxta
327 1965 690 2020 contritionis
713 1979 1024 2020 mensuram
1052 1965 1362 2022 infunditur
1383 1965 1572 2034 gratia,
1596 1969 1648 2017 et
1671 1964 1730 2017 tit

217 2040 422 2106 peccati
447 2042 724 2105 remissio,
761 2043 836 2096 ib.

779 2172 1106 2214 couvtntSRS.

163 2270 513 2398 cogiveniens
533 2272 640 2326 late
656 2276 934 2340 sumptum
955 2271 1102 2326 idem
1136 2278 1216 2324 est
1247 2271 1396 2338 quod
1418 2269 1645 2336 bonum,
1669 2271 1724 2326 d.

167 2361 513 2512 Εοῐῖνίὶιὶὲηξ
537 2427 649 2480 Deo
671 2427 817 2481 idem
841 2427 1088 2493 estquod
1111 2425 1339 2480 bonitati
1363 2425 1481 2492 ejus
1501 2437 1728 2479 consen-

171 2503 581 2704 Ωιιέῗῐῗέᾱῗίιιξῇ
597 2577 765 2633 fuerit
783 2579 1135 2644 conveniens,
1157 2579 1326 2632 Deum
1347 2577 1464 2632 fieri
1492 2579 1726 2643 leonem,

175 2668 516 2783 ctilnyeniens
533 2731 673 2784 nihil
693 2736 862 2799 potest
886 2745 1000 2786 esse
1014 2733 1122 2786 Deo
1145 2733 1362 2798 propter
1386 2729 1558 2797 ipsius
1578 2741 1729 2783 eom-

233 2806 566 2872 moditatem,
591 2808 666 2860 ib.

177 2883 516 2939 conveniens
537 2884 754 2939 dnobus
781 2883 958 2938 modis
983 2883 1234 2949 sumitur,
1256 2887 1309 2936 et
1340 2881 1559 2950 quibuS,
1591 2881 1665 2935 ib.

485 3045 904 3086 001?08(ssssussfh
939 3041 1127 3084 GOBPUS
1157 3043 1419 3085 nunaunt.

853 3162 1054 3202 CORDVS.

198 3262 394 3326 corpus
419 3261 604 3314 christi
642 3260 700 3314 in
725 3261 910 3316 triduo
943 3261 1145 3316 mansit
1185 3260 1306 3314 sinc
1343 3259 1548 3323 anima,
1578 3257 1630 3310 ei
1663 3261 1742 3311 ta-

253 3349 372 3389 men
396 3337 718 3404 hypostatice
743 3337 980 3391 Verbum
1007 3337 1112 3391 fuit
1142 3337 1380 3400 unitum,
1415 3335 1469 3388 d.
1497 3339 1576 3399 14,
1603 3347 1645 3387 s.
1664 3341 1712 3387 2.

191 3414 402 3480 corpori
426 3415 620 3467 christi
655 3414 828 3468 inille
852 3415 1036 3468 triduo
1061 3411 1278 3466 unitum
1299 3416 1380 3465 est
1397 3411 1632 3465 verbum
1655 3425 1744 3466 ra-

249 3490 395 3544 tione
419 3491 679 3555 materiae,
715 3503 828 3545 non
859 3492 1070 3544 ratione
1103 3491 1313 3552 formae,
1339 3501 1382 3541 s.
1421 3493 1465 3539 a.

189 3566 388 3631 corpus
425 3566 624 3618 Christi
654 3579 764 3619 non
804 3566 910 3620 ruit
945 3565 1254 3620 confectum
1282 3577 1348 3616 ex
1381 3563 1606 3615 materia
1649 3576 1744 3616 seu

246 3641 544 3694 substantia
571 3641 798 3706 coelesti,
827 3641 902 3694 ib.

187 3716 388 3782 corpus
425 3717 622 3770 Christi
672 3717 839 3770 fuisse
879 3717 1278 3785 phantasticum
1304 3757 1317 3780 ,
1369 3716 1464 3781 qui
1507 3714 1742 3769 baeretici

243 3792 494 3855 dixerint,
515 3793 573 3846 d.
605 3797 685 3852 15,
709 3808 754 3846 s,
789 3799 838 3845 2.

185 3869 386 3936 Corpus
411 3883 604 3924 verum
620 3870 856 3923 Verbum
884 3869 1138 3922 divinum
1171 3865 1526 3933 assumpsisse
1554 3873 1608 3919 et
1638 3867 1747 3919 hu-

243 3959 490 4012 manum,
522 3959 588 3998 ac
618 3946 862 4012 ejusdem
880 3945 1122 3998 materiae
1141 3957 1268 3998 cum
1303 3948 1505 4008 nostro,
1546 3941 1748 4010 proba-

243 4027 352 4082 tur,
384 4022 461 4074 ih.

185 4097 421 4164 corpora
444 4111 562 4152 esse
599 4100 742 4151 mala
780 4111 844 4150 ex
878 4102 1070 4150 natura
1091 4109 1190 4150 sua
1211 4095 1628 4150 Manichaeorum
1659 4109 1749 4149 er-

244 4189 342 4230 ror
373 4176 496 4239 fuit,
531 4190 574 4230 s.
601 4182 648 4228 3.

185 4253 394 4320 corpus
416 4254 686 4320 integrum
713 4259 768 4306 et
787 4250 1046 4306 omnibus
1065 4250 1181 4305 suis
1205 4251 1449 4318 partibus
1469 4256 1744 4314 constanS,

243 4329 487 4384 Verbum
514 4327 821 4396 assumpsit,
857 4343 900 4381 s.
923 4332 970 4379 ⁴.

245 4407 418 4472 Cujus
437 4418 628 4460 omnes
661 4409 838 4472 partes
860 4403 1161 4458 secundum
1191 4402 1520 4470 hypostasim
1551 4403 1749 4455 imme·

245 4482 398 4536 diate
429 4483 666 4537 Verbum
691 4481 1000 4548 assumpsit,
1038 4480 1114 4534 ib.

186 4559 442 4625 Corporis
473 4559 718 4626 quaedam
753 4563 932 4625 partes
965 4557 1333 4611 informantur
1359 4555 1542 4609 anima
1582 4555 1751 4610 ratio·

253 4636 388 4700 nali,
409 4642 464 4688 et
489 4635 738 4701 quaedam
765 4647 897 4696 non,
923 4633 996 4686 ib.

186 4714 398 4777 corpus
421 4710 616 4763 Christi
639 4710 830 4762 eodem
857 4713 1099 4775 tempore
1121 4708 1224 4761 suit
1255 4709 1544 4761 formatum
1567 4712 1620 4760 ct
1636 4705 1755 4760 ani·

251 4792 483 4847 matum,
515 4799 559 4839 s.
595 4791 642 4838 8.

187 4867 400 4928 corpus
413 4861 608 4916 Christi
637 4873 748 4913 non
771 4860 876 4914 suit
913 4859 1066 4926 prius
1094 4865 1334 4925 tempore
1365 4859 1578 4912 unitum
1621 4859 1755 4910 Ver-

253 4939 328 4991 bo
355 4949 519 5004 quam
545 4938 749 5000 anima,
777 4935 835 4990 d.
867 4941 948 5001 16,
984 4949 1028 4988 5.
1051 4939 1100 4987 3.

255 5014 359 5067 Nee
380 5015 533 5082 prius
551 5011 727 5065 Verbo
758 5025 923 5078 quam
957 5011 1175 5074 animae,
1213 5009 1288 5062 ib.

188 5089 400 5156 Corpus
431 5089 629 5142 christi
658 5099 760 5140 cur
783 5087 906 5140 sine
932 5087 1120 5139 anima
1151 5087 1353 5139 mansit
1379 5085 1596 5138 unitum
1625 5083 1759 5136 Ver-

257 5167 330 5219 bo
349 5166 408 5218 in
439 5165 644 5230 triduo,
679 5171 734 5218 et
759 5175 872 5217 non
897 5163 954 5215 in
983 5162 1360 5228 conceptione,
1390 5161 1465 5213 ib.

192 5243 403 5309 Corpus
424 5255 524 5295 seu
545 5255 672 5294 caro
704 5239 900 5294 christi
929 5245 1204 5304 assumpta
1231 5244 1310 5290 est
1341 5237 1616 5298 mediante
1635 5237 1762 5289 ani--

259 5332 350 5373 ma
373 5319 432 5374 id
455 5325 536 5372 est
553 5318 762 5371 ratione
790 5317 992 5370 animae
1011 5317 1144 5371 etin
1176 5313 1372 5368 ordine
1391 5313 1460 5368 ad
1493 5313 1760 5377 animum,

261 5396 315 5448 d.
351 5401 432 5456 17,
463 5409 505 5447 s.
535 5401 583 5446 3.

199 5476 406 5539 corpus
425 5473 730 5525 humanum
757 5467 1083 5521 sanctificari
1112 5467 1330 5524 dicitur.
1374 5463 1596 5534 quando
1636 5464 1762 5520 red-

264 5550 412 5602 ditur
433 5553 618 5614 aptum
647 5547 716 5600 ad
737 5555 900 5612 opera
925 5543 1239 5609 sanctitatis,
1261 5559 1305 5597 u.
1343 5548 1388 5595 6.

1797 441 2003 506 corpus
2026 439 2222 492 christi
2249 449 2347 505 per
2366 443 2615 492 externos
2646 443 2798 493 actus
2828 436 3068 492 habilius
3089 437 3245 492 reddi
3266 450 3369 506 po-

1860 516 1963 570 tuit
1984 516 2054 569 ad
2074 521 2325 570 externos
2351 515 2567 569 labores
2594 515 2966 582 perferendos,
2990 514 3044 568 d.
3074 519 3155 578 19,
3179 529 3223 568 5.
3252 520 3302 566 2.

1798 591 2020 658 corpori
2054 591 2249 645 Christi
2277 591 2453 658 gloria
2486 590 2593 644 fuit
2632 591 2817 644 debita
2858 605 2891 642 a
2920 589 3195 656 principio
3230 601 3368 644 con-

1862 667 2147 734 ceptioniS,
2170 668 2267 721 sed
2287 667 2455 721 dilata
2481 671 2561 720 est
2593 672 2813 734 propter
2848 668 3073 720 salutem
3103 671 3364 733 nostram,

1864 743 1918 796 d.
1939 748 2021 808 25,
2047 757 2090 795 s.
2125 747 2172 794 1.

1798 819 2005 886 corpus
2023 819 2135 873 duo
2150 818 2271 872 loca
2292 819 2502 886 replere
2523 823 2715 886 potest,
2732 823 2785 872 ct
2798 819 2909 873 duo
2930 830 3157 886 corpora
3177 819 3235 872 in
3259 830 3369 874 uno

1863 893 1983 948 loco
2013 907 2129 948 esse
2150 897 2395 962 possunt,
2427 895 2481 948 d.
2510 898 2589 958 31,
2615 909 2659 947 5.
2691 899 2738 946 5.

1798 970 2052 1037 Corporis
2080 969 2177 1024 def
2174 976 2325 1024 ectus
2342 982 2482 1035 quos
2500 969 2744 1025 Christus
2764 969 3074 1037 assumpsit,
3100 969 3217 1036 qui.
3248 984 3292 1022 5.
3318 976 3367 1022 9.

1799 1047 2007 1112 Corpus
2030 1046 2305 1114 passibile,
2336 1047 2463 1100 licet
2492 1047 2817 1110 humanum,
2847 1048 3116 1102 Christum
3157 1061 3371 1102 assum·

1863 1121 2034 1190 psisse
2056 1122 2297 1176 haeretici
2327 1122 2554 1189 quidam
2580 1128 2933 1189 negaverunt,
2961 1123 3035 1176 ib.

1863 1197 1990 1263 Alii,
2020 1209 2218 1265 corpus
2238 1211 2419 1266 grave,
2447 1197 2523 1252 ib.

1803 1274 2011 1340 corpus
2033 1275 2290 1342 passibile
2321 1274 2592 1330 Christum
2616 1287 2889 1329 assumere
2917 1273 3212 1342 expediens
3246 1273 3367 1340 fuit,

1871 1350 1947 1402 ib.

1805 1426 2031 1492 Corpori
2054 1426 2250 1480 christi
2272 1427 2488 1480 claritas
2520 1428 2920 1482 communicata
2944 1431 3025 1481 est
3064 1426 3121 1481 in
3150 1427 3371 1482 transfi—

1867 1502 2155 1567 guratione
2207 1516 2331 1570 quae
2377 1509 2457 1558 est
2494 1505 2595 1558 dos
2624 1504 2869 1571 corporis
2912 1503 3167 1571 gloriosi.
3214 1503 3371 1566 sicut,

1869 1577 2003 1632 dum
2026 1579 2330 1633 ambularet
2361 1593 2523 1646 super
2551 1594 2739 1646 aquas,
2774 1580 3006 1646 agilitas,
3036 1579 3094 1643 d,
3120 1584 3199 1644 82,
3225 1592 3269 1633 s.
3294 1584 3345 1630 1.

1807 1653 2061 1720 corporis
2080 1655 2344 1720 defectus,
2371 1656 2467 1721 qui
2495 1663 2621 1710 sunt
2642 1655 2807 1709 veluti
2832 1656 3103 1710 naturales
3124 1654 3375 1722 proprie-

1874 1735 2005 1782 tates
2032 1730 2279 1796 corporis
2298 1731 2597 1798 passibilis,
2623 1731 2861 1784 Verbum
2890 1731 3195 1796 assumpsit,
3218 1729 3294 1784 ib.

1807 1805 2015 1871 Corpus
2034 1806 2335 1861 humanum
2350 1807 2651 1873 perfectum
2669 1813 2723 1859 et
2735 1807 2879 1860 bene
2889 1805 3211 1872 dispositum
3227 1808 3379 1872 juxta

1871 1882 2248 1936 conditionem
2276 1896 2451 1948 suam,
2472 1883 2709 1938 Verbum
2736 1881 3047 1950 assumpsit.
3074 1896 3118 1937 s.
3141 1888 3189 1934 Ξ.

1808 1957 2018 2024 corpus
2045 1959 2241 2011 Christi
2264 1959 2457 2012 habuit
2475 1959 2741 2026 optimum
2774 1963 3277 2025 temperamentum.
3302 1956 3377 2010 ib.

1875 2033 1938 2085 Et
1966 2033 2259 2099 perfectam
2306 2035 2551 2102 corporis
2585 2034 3050 2102 pulchritudinem
3077 2076 3091 2098 ,
3123 2046 3289 2100 quam
3320 2033 3381 2086 in

1875 2121 2101 2175 corpore
2120 2109 2363 2164 humano
2396 2116 2449 2163 et
2474 2110 2625 2164 virili
2652 2123 2770 2164 esse
2792 2111 3036 2175 decebat,
3058 2110 3134 2164 ib.

1811 2185 2017 2252 corpus
2044 2186 2241 2240 Christi
2264 2187 2509 2242 futurum
2528 2193 2609 2242 est
2636 2187 2805 2242 veluti
2834 2187 3107 2254 objectum
3138 2186 3382 2242 beatitu—

1872 2261 2023 2316 dinis
2048 2263 2293 2328 corporis
2315 2263 2504 2326 nostri,
2532 2263 2607 2316 ib.

1808 2337 2031 2406 corpori
2072 2340 2314 2394 humano
2354 2353 2469 2396 non
2511 2345 2779 2407 repugnat
2822 2351 2999 2405 usque
3044 2339 3115 2394 ad
3147 2343 3379 2393 mortem

1870 2413 2075 2480 absque
2109 2415 2434 2482 aegritudine
2456 2415 2763 2482 pervenire,
2800 2415 2874 2468 ib.

1807 2489 2015 2556 corpus
2046 2491 2245 2544 christi
2280 2497 2489 2545 naturae
2524 2492 2736 2558 legibus
2768 2504 2881 2545 non
2922 2491 3201 2557 paruisse,
3252 2503 3384 2544 sen-

1871 2567 2041 2620 tentia
2066 2568 2340 2634 haeretica,
2364 2569 2421 2620 in
2447 2581 2558 2635 quo
2591 2582 2773 2632 sensu,
2797 2568 2851 2620 d.
2889 2573 2969 2632 32,
3000 2583 3043 2622 s.
3066 2574 3114 2620 3.

1809 2645 2015 2710 corpus
2046 2644 2243 2698 christi
2278 2657 2395 2698 esse
2425 2645 2654 2711 ubique,
2689 2648 2770 2698 est
2796 2643 3021 2698 haeresis
3056 2642 3200 2696 notri
3234 2648 3381 2696 tem-

1874 2720 2040 2788 poriS.
2083 2721 2159 2774 ib.

1811 2797 2020 2864 corpus
2050 2797 2248 2852 Christi
2274 2795 2379 2851 fuit
2398 2802 2453 2852 et
2482 2800 2563 2850 est
2588 2796 2709 2852 leco
2736 2795 3232 2862 circumscriptum,
3270 2795 3347 2848 ib.

1813 2875 2021 2939 corpus
2044 2873 2239 2928 Christi
2274 2875 2451 2928 solum
2474 2872 2632 2926 estin
2666 2873 2825 2937 coelo,
2846 2877 2901 2926 et
2934 2872 2993 2926 in
3020 2871 3361 2928 Eucharistia

1879 2948 1957 3002 ib.
2954 2983 2959 2988 -

2210 3063 2483 3104 cunnum.
2514 3063 2742 3110 canario,
2778 3063 2986 3103 creant.

1821 3181 2091 3233 creaturae
2114 3190 2307 3232 omnes
2331 3191 2429 3244 per
2464 3178 2898 3306 incarnau‘uonem
2921 3178 3196 3246 quoddam
3217 3177 3390 3236 bene-

1886 3254 2075 3307 ficium
2095 3258 2440 3320 acceperunt,
2475 3254 2530 3306 d.
2566 3259 2617 3318 8,
2647 3269 2691 3306 s.
2764 3288 2777 3303 .

1826 3329 2035 3383 creatio
2062 3328 2263 3383 animae
2284 3329 2499 3390 Christi,
2536 3333 2589 3382 et
2618 3329 2756 3383 unio
2783 3330 2902 3395 ejus
2924 3329 2995 3384 ad
3026 3329 3280 3394 Verbum,
3302 3329 3392 3384 di-

1888 3405 2099 3459 stinctae
2124 3411 2253 3459 sunt
2270 3405 2527 3469 actiones,
2549 3406 2603 3458 d.
2632 3410 2680 3469 8,
2699 3420 2743 3459 5.
2766 3411 2813 3458 1.

1827 3483 2082 3535 creatura
2111 3494 2221 3535 non
2244 3485 2419 3547 potest
2435 3493 2761 3534 concurrere
2779 3481 2849 3534 ad
2872 3481 3187 3547 mysterium
3209 3482 3392 3535 incar-

1892 3557 2151 3620 nationiS,
2188 3563 2449 3623 tanquam
2470 3570 2635 3610 causa
2659 3556 3001 3623 principalis,
3025 3557 3079 3610 d.
3104 3561 3187 3621 1ο,
3206 3571 3249 3610 5.
3278 3562 3325 3609 1.

1829 3637 2085 3689 creatura
2106 3635 2259 3688 nulla
2278 3638 2453 3700 potest
2464 3647 2563 3686 sua
2582 3631 2781 3688 virtute
2804 3633 3055 3688 ordinem
3080 3647 3263 3688 rerum
3286 3635 3392 3688 im·-

1891 3719 2118 3777 mutarc,
2156 3711 2233 3764 ib.

1827 3791 2081 3844 creatura
2104 3787 2279 3856 potuit
2296 3787 2499 3842 assumi
2529 3794 2590 3843 ut
2608 3789 3029 3842 instrumentum
3059 3787 3126 3840 ad
3148 3786 3393 3840 efficien-

1891 3865 2019 3918 dam
2043 3864 2496 3930 incarnationem,
2534 3864 2608 3918 ib.

1831 3943 2142 3994 creaturam
2176 3940 2345 3993 ullam
2372 3946 2567 4006 praeter
2597 3940 2877 4007 Virginem
2904 3940 2973 3994 de
3016 3937 3155 3994 sacto
3189 3940 3257 3994 ad
3290 3939 3395 3994 hoc

1897 4016 2210 4082 mysterium
2250 4017 2591 4070 concurrisse
2634 4030 2733 4084 per
2762 4017 2989 4071 modum
3024 4015 3391 4081 instrumenti,

1894 4092 2077 4146 dicere
2111 4105 2401 4145 erroneum
2430 4098 2525 4155 est,
2564 4092 2639 4145 ib.

1831 4169 2087 4222 creatura
2115 4182 2147 4222 a
2167 4168 2275 4221 Deo
2298 4167 2477 4222 differt
2501 4167 2649 4235 quod
2678 4179 2791 4222 non
2813 4167 2884 4221 sit
2902 4181 3063 4222 suum
3096 4179 3233 4230 esse.
3254 4167 3397 4222 sicut

1899 4245 2085 4308 ille,d.
2118 4249 2198 4308 11,
2230 4259 2272 4297 s.
2305 4249 2352 4297 1.

1831 4321 2098 4375 creaturae
2121 4335 2153 4374 a
2186 4323 2291 4374 Deo
2326 4327 2550 4374 manant
2581 4324 2743 4388 prout
2761 4334 2907 4376 unus
2930 4326 3027 4386 est,
3055 4321 3130 4375 ib.

1831 4397 2143 4451 creaturam
2180 4395 2551 4450 irrationalem
2574 4395 2684 4450 Deo
2725 4397 2877 4450 uniri
2919 4397 3250 4464 hypostatice
3284 4409 3397 4452 non

1895 4478 2181 4541 repugnat,
2204 4485 2316 4526 non
2352 4476 2432 4526 cst
2462 4478 2641 4526 tamen
2667 4484 2989 4540 congruum,
3019 4474 3073 4529 d.
3101 4477 3182 4540 13,
3202 4488 3247 4528 s.
3275 4478 3323 4526 t.

1894 4552 2009 4604 Non
2034 4557 2216 4604 tamen
2242 4554 2323 4603 est
2343 4561 2557 4616 semper
2582 4549 2867 4614 indecens,
2888 4549 2962 4603 ib.

1834 4627 1979 4679 inter
2006 4633 2309 4681 creaturam
2338 4631 2393 4679 et
2416 4627 2585 4680 Deum
2612 4625 2773 4692 quale
2806 4625 3047 4680 medium
3080 4625 3400 4692 reperiatur,

1897 4705 1951 4756 d.
1978 4709 2054 4766 15,
2076 4717 2120 4756 s.
2148 4709 2195 4754 8.

1835 4780 2047 4834 creatio
2070 4794 2133 4832 ex
2161 4780 2397 4833 naturali
2420 4793 2520 4833 sua
2543 4779 2782 4832 efficacia
2804 4777 2964 4831 habet
2986 4785 3047 4830 ut
3082 4777 3399 4830 terminetur

1898 4856 1969 4909 ad
1994 4867 2108 4910 rem
2138 4855 2520 4909 subsistentem
2551 4853 2658 4908 nisi
2684 4851 3065 4920 praeveniatur,
3086 4851 3141 4904 d.
3166 4857 3247 4912 17,
3280 4865 3321 4904 5.
3348 4857 3399 4904 1.

1837 4935 2148 4986 creaturam
2184 4943 2299 4984 esse
2326 4929 2597 4982 infinitam
2624 4935 2733 4982 tam
2770 4929 2826 4980 in
2857 4928 3110 4992 essentia,
3134 4939 3299 4992 quam
3340 4929 3398 4979 in

1902 5008 2202 5074 quantitate
2226 5006 2311 5060 vel
2348 5006 2655 5060 intensione
2680 5007 2963 5070 repugnat,
2986 5003 3039 5056 d.
3064 5007 3146 5069 22,
3178 5016 3224 5054 5.
3256 5007 3303 5054 1.

1839 5085 2149 5137 creaturam
2178 5083 2252 5135 ita
2280 5094 2396 5136 esse
2423 5093 2675 5148 capacem
2696 5079 2881 5147 gratim
2904 5091 3079 5144 usque
3104 5079 3175 5132 ad
3195 5087 3402 5131 certum

1903 5161 2133 5226 gradum
2158 5201 2170 5224 ,
2204 5165 2265 5213 ut
2309 5159 2377 5211 de
2424 5157 2666 5224 potentia
2697 5155 2941 5209 absoluta
2992 5156 3253 5221 majorem
3288 5165 3399 5208 non

1905 5236 2075 5302 possit
2103 5236 2343 5302 recipere
2376 5234 2593 5298 falsum,
2620 5247 2664 5285 S.
2699 5238 2746 5285 2.

1845 5311 2222 5366 creaturarum
2243 5310 2493 5366 omnium
2526 5313 2690 5377 caput
2721 5309 2963 5364 Christus
2996 5305 3106 5362 dici
3136 5313 3325 5376 potest,
3346 5305 3399 5359 d.

1907 5394 1989 5452 23,
2022 5403 2067 5441 s.
2094 5393 2141 5441 1.

1845 5466 2101 5520 creatura
2132 5463 2328 5518 virtute
2359 5463 2591 5518 naturali
2616 5465 2789 5530 potest
2818 5459 3281 5528 comprehendere
3301 5471 3403 5512 na-

1909 5541 2139 5596 turalem
2178 5540 2567 5608 perfectionem
2600 5545 2648 5592 et
2678 5541 2990 5606 potestatem
3017 5534 3255 5602 alterius,
3292 5544 3403 5589 non
