3892 6167
633 295 752 358 670
1661 295 1850 348 INDEX
1881 292 2168 346 Laconum
2202 291 2419 344 SAGRAE
2448 291 2824 346 summum.

631 395 752 448 cn.
767 383 1004 456 XVHLV'.
1032 396 1112 445 15.
1133 392 1307 456 Quare
1333 391 1645 460 inquietasti
1663 403 1753 444 me
1767 393 1796 444 7
1810 389 2007 443 Altudit
2026 389 2096 442 ad
2109 387 2187 440 lo-
2335 393 2425 440 tur
2453 389 2589 440 inter
2608 389 2787 452 Deum,
2806 393 2861 442 et
2882 387 3149 444 Christum
3172 398 3229 446 ut
3254 394 3477 454 hominem
3494 407 3549 460 ad
3563 415 3690 472 naa„-

693 471 884 538 quendi
915 468 1120 522 modum
1140 469 1496 535 antiquorum,
1522 470 1616 535 qui
1635 469 1842 520 animas
1861 470 2189 518 mortuorum
2332 465 2574 530 ptionem,
2608 465 2663 518 d.
2696 469 2775 531 4ο,
2798 479 2841 520 s·
2867 469 2913 518 3.

693 544 1071 611 superstitiosis
1089 545 1534 597 incantationibus
1547 543 1835 610 inquietari
1855 542 2109 605 dicebant,
2129 541 2185 594 d.
2268 568 2333 580 -
2362 541 2599 604 Qualiter
2639 555 2765 594 vero
2808 542 2913 596 hoec
2956 543 3235 611 postulatio
3278 550 3343 604 ad
3365 551 3479 607 hanc
3500 559 3691 624 imaum,

694 627 774 687 55,
796 635 839 674 S.
865 626 914 675 1.
2332 623 2430 670 tem
2467 618 2851 684 impetrandam
2880 623 3173 674 necessaria
3198 624 3365 690 suerit,
3400 637 3627 692 ostenditur
3659 651 3681 700 d

630 699 749 750 Gir.
777 698 975 763 XXVII,
1009 711 1062 752 v.
1097 699 1176 751 14.
1209 697 1322 765 Ego
1343 709 1438 752 ero
1464 697 1544 750 ini
1573 701 1799 763 patrem,
1835 701 1892 748 et
1929 693 2047 761 ipse
2084 693 2188 746 erit
2330 699 2411 758 45,
2446 708 2491 748 s.
2527 699 2577 748 1.
3630 687 3639 707 '
3684 691 3690 700 '

693 774 829 826 mihi
856 773 913 826 in
935 773 1130 828 fllium.
1153 775 1259 826 Hoc
1280 775 1661 840 interpretatur
1679 771 1878 826 Paulus
1897 771 1960 824 de
1980 770 2187 836 filiatio·
2266 772 2350 825 Ps.
2383 772 2468 824 IX.
2503 769 2673 836 neges
2698 781 2793 824 eos
2816 770 2875 822 in
2893 770 3045 838 virga
3068 771 3255 842 ferrea,
3268 776 3321 832 id
3338 785 3420 846 est,
3438 783 3487 836 in
3508 787 3693 854 infinita,

690 864 755 902 ne
779 851 1018 903 naturali
1045 849 1240 902 Christi
1267 850 1490 914 Domini,
1520 847 1573 902 d.
1600 854 1650 911 2,
1679 863 1720 902 s.
1746 853 1794 900 4.
2320 849 2548 914 justitia,
2578 848 2633 900 d.
2657 851 2736 908 47,
2770 861 2814 900 s.
2851 849 2898 900 2.

629 929 747 982 cu».
783 927 824 992 I,
847 941 902 982 v.
933 931 1011 988 12,
1039 931 1118 980 13.
1152 925 1372 980 peccavi
1397 925 1646 980 Domino.
1669 925 1866 986 Quibus
1887 923 2060 977 verbis
2086 925 2187 978 Da·
2265 926 2348 979 Ps.
2384 923 2514 988 VIII,
2547 937 2599 976 v.
2636 929 2683 976 6.
2718 923 2959 978 Ιίηιιίειί
2996 937 3142 990 eum,
3180 927 3415 984 hontinem
3444 935 3493 988 in
3525 943 3605 993 ιοω
3631 961 3693 1002 ,Μ

688 1004 782 1055 vid
811 1017 964 1056 suam
996 1004 1352 1055 contritionem
1377 1001 1666 1054 declaravit
1680 1016 1701 1066 ‚·
1731 1014 1848 1054 cum
1883 1013 2011 1052 vero
2048 1001 2187 1051 Pro·
2328 1002 2496 1066 specie
2515 998 2677 1065 paulo
2700 1002 2873 1052 minus
2893 999 2957 1052 ab
2980 1003 3199 1067 Angelis,
3222 1006 3308 1058 sed
3326 1008 3479 1074 gloria
3500 1017 3694 1077 ethonore

686 1081 840 1147 pheta
859 1080 1147 1145 subjunxit.
1176 1079 1440 1133 Dominus
1453 1090 1672 1145 quoque
1695 1076 1972 1132 transtulit
2000 1087 2189 1143 pecca-
2328 1076 2599 1131 coronasti
2648 1088 2793 1142 eum,
2834 1081 2890 1129 et
2926 1077 3245 1132 constituisti
3286 1095 3401 1136 eum
3428 1101 3561 1155 super
3588 1108 3694 1161 opem

687 1160 980 1210 tumtunm
1007 1171 1040 1209 a
1066 1162 1136 1220 te,
1157 1155 1220 1208 de
1241 1157 1544 1208 remissione
1564 1155 1728 1222 cutpoe
1765 1157 1944 1220 aperte
1984 1151 2183 1205 locutus
2326 1165 2591 1207 manuum
2613 1155 2849 1214 tuarum,
2874 1152 3065 1204 scilicet
3096 1155 3151 1205 in
3179 1156 3369 1210 Christo
3386 1174 3404 1210 :
3436 1162 3588 1220 Omnia
3610 1177 3693 1228 sub.

686 1237 779 1292 est,
809 1231 862 1284 d.
887 1235 934 1296 4,
960 1245 1004 1284 e.
1035 1235 1082 1284 8.
2321 1229 2498 1296 jecisti
2523 1229 2625 1284 sub
2654 1229 2891 1296 pedibus
2912 1230 3061 1296 ejus;
3090 1232 3224 1297 quod
3254 1235 3315 1286 de
3338 1237 3516 1294 Christo
3542 1251 3693 1313 apum

624 1306 742 1359 Gn.
776 1307 862 1372 III,
887 1320 941 1360 v.
967 1311 1047 1372 12,
1071 1309 1152 1359 21.
1187 1307 1249 1360 Et
1271 1319 1383 1360 non
1417 1306 1680 1361 remansit
1709 1305 1816 1360 nisi
1841 1305 2019 1359 tribus
2044 1304 2183 1358 luda
2323 1307 2544 1369 Paulus,
2566 1321 2661 1374 per
2700 1320 2852 1374 quem
2876 1307 2985 1359 hac
3015 1308 3240 1374 di9nitas
3261 1311 3315 1362 in
3340 1318 3481 1367 totum
3502 1318 3687 1381 hum

687 1383 1301 1450 tantummodo,inteyra
1318 1383 1569 1448 videlicet,
1585 1385 1716 1451 quia
1734 1383 1902 1436 tribus
1911 1381 2184 1446 Beniamin
2324 1397 2483 1450 penus
2504 1383 2816 1449 dimnavit,
2846 1384 2905 1438 d.
2940 1390 2992 1449 6,
3012 1397 3055 1436 s.
3082 1389 3131 1437 4.

687 1472 755 1510 ecc
777 1463 929 1524 parte
950 1465 1126 1512 secuta
1144 1465 1220 1513 est
1245 1460 1536 1526 Jeroboam,
1557 1460 1613 1513 d.
1644 1465 1694 1527 1,
1714 1473 1757 1513 s·
1780 1465 1828 1513 1.
2262 1485 2328 1498 —
2356 1460 2578 1512 Ratione
2612 1461 2770 1512 etiam
2809 1461 3083 1526 potestatis
3126 1462 3416 1520 exceltentioe
3436 1468 3513 1524 hoc
3544 1473 3636 1528 idm
3653 1481 3690 1532 α,

1128 1575 1672 1632 mmmm<-
2264 1535 3595 1678 sitiit,&ennemintaam
3614 1641 3673 1684 ..,

621 1691 739 1744 Cn.
773 1690 838 1753 11,
860 1704 914 1747 v.
946 1695 1024 1744 36.
1058 1693 1120 1746 In
1167 1705 1277 1760 qua
1321 1699 1471 1760 parte
1511 1693 1706 1748 domus
1749 1697 1866 1746 crat
1895 1692 2175 1746 seniorum
2321 1688 2652 1756 ruptionem.
2686 1690 2863 1742 Sermo
2897 1693 2975 1742 est
2996 1689 3059 1742 de
3084 1695 3400 1758 corruptione
3425 1704 3693 1769 corporisjam

682 1767 1008 1834 Concilium,
1033 1769 1090 1822 id
1120 1775 1214 1834 est,
1239 1769 1581 1824 Sanhedrim.
2319 1767 2532 1830 mortui,
2560 1779 2678 1833 quoe
2706 1767 2765 1818 in
2792 1766 2992 1820 Christi
3029 1779 3241 1835 corpore
3266 1769 3416 1824 locum
3440 1789 3529 1828 non
3562 1778 3691 1846 hebuit,

619 1845 739 1898 Cir.
769 1845 809 1899 1.
837 1857 891 1900 v.
917 1851 997 1898 23.
1034 1845 1967 1900 Inclinavemntseetadcravemnt
1986 1847 2172 1899 Deum.
2319 1844 2373 1897 d.
2405 1848 2484 1908 32,
2518 1858 2561 1896 ε.
2592 1847 2641 1896 1.

681 1925 735 1974 et
761 1921 963 1976 deinde
982 1935 1183 1990 regem.
1208 1923 1462 1976 Adorotio
1481 1925 1613 1976 enim
1645 1928 1706 1976 ut
1730 1925 1925 1976 sicDeo
1945 1927 1995 1975 et
2024 1935 2175 1974 crea-
2254 1921 2335 1974 Ps.
2371 1921 2543 1984 XVIII,
2577 1933 2630 1972 v.
2678 1923 2756 1974 1⁰.
2792 1917 2982 1975 Timor
3013 1921 3226 1976 Domini
3270 1929 3463 1980 sanctus
3497 1942 3694 1996 perman&

682 2000 818 2051 euris
838 2003 912 2050 est
929 1999 1231 2066 communis,
1255 1999 1412 2064 (1.51,
1447 2013 1488 2052 s.
1517 2005 1566 2052 3.
2324 1997 2380 2050 in
2406 1997 2651 2051 seculum
2666 1997 2856 2062 seculi,
2880 1998 2945 2050 de
2962 1999 3145 2050 timore
3163 2003 3465 2056 reverentiati
3480 2011 3694 2076 exponitur,

1261 2115 1528 2170 ESTHER·
2258 2075 2673 2214 PsiLxsthinzfs.
2708 2151 2891 2218 Longe
2912 2163 2947 2204 a
2970 2149 3141 2206 salute
3166 2164 3279 2208 meo
3294 2154 3441 2212 verba
3462 2157 3690 2218 delictomm

616 2227 737 2281 css.
771 2225 902 2294 xm,
935 2243 986 2284 v.
1025 2233 1104 2283 14.
1149 2229 1215 2284 ut
1258 2229 1541 2284 neminem
1591 2227 1911 2294 adorarem,
1954 2235 2177 2298 excepto
2322 2240 2587 2282 meorum.
2622 2227 2880 2294 Loquitur
2913 2228 3153 2282 christus
3198 2244 3263 2282 ex
3296 2244 3493 2297 pei-som
3518 2241 3691 2292 meinero-

677 2303 788 2357 Deo
817 2317 960 2370 meo,
983 2305 1292 2358 adoratione
1317 2303 1509 2359 scilicet
1537 2306 1726 2373 iatrioe,
1759 2307 1814 2361 d.
1841 2311 1922 2372 62,
1941 2321 1988 2360 s.
2009 2310 2059 2360 1.
2318 2317 2445 2358 rum
2466 2317 2703 2366 suorum,
2730 2304 2831 2366 vel,
2874 2309 2939 2356 ut
2962 2304 3113 2357 habet
3150 2305 3353 2359 Βοῦν-ω
3386 2311 3560 2377 onitas,
3586 2317 3691 2369 verba

675 2377 810 2434 Vide
841 2380 1006 2434 etiam
1035 2381 1418 2436 Mardochaeus.
2314 2381 2527 2448 vagitus
2553 2381 2681 2443 mei,
2712 2385 2773 2436 ut
2802 2383 2875 2434 sit
2904 2395 3091 2436 sensus
3109 2399 3127 2436 .·
3145 2383 3299 2436 Verba
3318 2386 3479 2452 quibus
3499 2390 3601 2442 adu
3620 2393 3688 2444 ota-

1327 2499 1454 2552 102·
2314 2457 3691 2604 mistiamzmmiaeffiw

610 2611 728 2664 Cn.
761 2611 846 2677 VI,
873 2625 926 2665 v.
970 2615 1017 2665 2.
1053 2612 1269 2669 Utinam
1303 2611 1746 2680 appenderentur
1777 2615 1997 2681 peccata
2022 2623 2163 2678 mea,
2253 2639 2318 2652 --
2348 2614 2409 2666 In
2440 2617 2493 2666 te
2516 2612 2787 2678 projectus
2810 2625 2935 2664 sum
2970 2623 3035 2664 ex
3078 2617 3243 2666 utero.
3282 2613 3489 2670 christus
3516 2617 3569 2668 ob
3594 2625 3691 2672 utero

672 2688 873 2755 quibus
905 2687 1041 2741 iram
1073 2688 1270 2752 merui,
1295 2693 1347 2742 et
1377 2689 1672 2754 calamitas»,
1703 2701 1867 2756 quam
1889 2688 2082 2757 patior,
2107 2689 2163 2741 in
2312 2690 2473 2742 Deum
2492 2688 2643 2754 vidit,
2672 2687 2826 2751 (1.26,
2852 2701 2895 2742 s.
2928 2691 2978 2740 2.

671 2769 884 2832 statera,
919 2777 1073 2832 quasi
1101 2778 1268 2819 arena
1285 2765 1454 2820 maris
1475 2767 1592 2818 haec
1615 2766 1831 2833 gravior
1863 2771 2164 2833 appareret.
2248 2765 2333 2818 Ps.
2366 2763 2617 2827 XXX1,v.
2654 2769 2698 2816 ὅ.
2739 2763 2896 2816 Dixi:
2930 2763 3237 2820 confitebor
3262 2765 3511 2822 adversum
3532 2783 3593 2822 me
3626 2771 3687 2822 in-

669 2841 925 2907 Loquitur
945 2841 1006 2893 de
1031 2841 1253 2903 Christo,
1284 2843 1430 2906 cujus
1471 2855 1614 2894 mors
1652 2841 1800 2908 lonye
1828 2844 2047 2906 majoris
2066 2855 2169 2893 va-
2307 2841 2573 2908 justitiam
2601 2853 2777 2894 meam
2800 2840 3057 2894 Domino.
3076 2842 3429 2906 consessionem
3440 2845 3685 2910 inicuique-

669 2915 799 2969 toris
821 2916 881 2969 in
900 2931 1010 2969 esse
1034 2919 1408 2983 satisfactionis
1427 2919 1544 2982 fuit,
1565 2931 1723 2984 quam
1747 2919 1979 2969 omnium
1996 2917 2165 2970 homi-
2311 2919 2553 2970 teriorem
2578 2931 2673 2982 per
2698 2917 3078 2970 contritionem.
3106 2919 3171 2972 Et
3196 2923 3250 2972 tu
3270 2919 3495 2974 mmisisti
3514 2922 3681 2988 impicta-

667 3005 792 3043 num
810 2998 1021 3058 peccata
1044 2992 1101 3042 in
1127 3007 1236 3045 esse
1263 2993 1482 3058 offensis,
1509 2993 1564 3047 d.
1590 2995 1640 3054 4,
1667 3007 1710 3046 ε.
1739 2995 1785 3044 4.
2012 3011 2019 3018 ·
2306 2999 2415 3049 tem
2439 2993 2642 3060 peccati
2666 2991 2771 3046 mci
2794 3010 2807 3058 ;
2832 3007 2903 3045 ex
2930 3007 3039 3059 quo
3078 2993 3329 3061 cotiiqitur
3358 2995 3571 3048 distinctio
3596 2999 3678 3048 inter

604 3067 721 3119 cn.
756 3067 840 3132 XI,
869 3079 922 3122 v.
951 3071 1000 3120 7.
1033 3067 1277 3122 Forsitan
1296 3067 1522 3135 vestigia
1536 3069 1630 3122 Dei
1648 3067 2093 3136 comprehendes,
2111 3075 2166 3122 ct
2306 3069 2665 3122 contritionem
2698 3073 2746 3122 et
2772 3071 3133 3122 remissionem
3169 3071 3367 3136 peccati,
3392 3084 3489 3126 cum
3508 3071 3679 3126 immi-

665 3143 918 3210 usquead
933 3143 1249 3212 perfectum,
1267 3145 1697 3212 omnipotentem
1715 3145 1973 3213 reperies.
1991 3145 2165 3212 Opera
2305 3150 2559 3212 sequatur
2580 3145 2745 3210 iliata,
2770 3146 2826 3200 d.
2854 3149 2905 3206 4,
2942 3161 2989 3200 s.
3020 3151 3069 3200 3.

664 3219 858 3274 divinoe
897 3223 1259 3288 providentiae,
1303 3223 1841 3289 incomprehensibilia
1882 3235 1995 3276 esse
2022 3223 2161 3276 insi-
2242 3222 2326 3276 Ps.
2360 3221 2579 3285 xxxlx,
2610 3233 2663 3276 v.
2681 3225 2731 3274 7.
2764 3225 2939 3276 Aures
2957 3227 3143 3278 autem
3165 3222 3417 3290 perfecisti
3435 3224 3557 3278 mihi.
3574 3225 3681 3278 Verba

662 3302 810 3359 nunt,
843 3297 894 3352 d.
923 3303 1004 3364 26,
1025 3313 1067 3352 s.
1106 3303 1153 3351 3.
2305 3303 2427 3350 sunt
2447 3298 2643 3350 Christi
2660 3298 2887 3362 Domieti,
2908 3299 3151 3364 quando,
3168 3301 3321 3354 Patre
3336 3300 3680 3368 jubente,me

471 3419 484 3430 .
598 3375 719 3428 Cn.
753 3375 925 3436 XXVI,
948 3389 1000 3429 v.
1028 3379 1106 3428 11.
1143 3375 1422 3430 Columnae
1459 3374 1582 3430 coeli
1621 3375 1693 3442 (id
1713 3379 1790 3428 est
1808 3376 1957 3429 Beati
1968 3375 1982 3441 J
2022 3387 2159 3430 con·
2302 3373 2525 3427 hominis
2558 3375 2800 3442 suscepit,
2822 3374 2875 3427 d.
2900 3379 2950 3439 4,
2978 3389 3023 3428 s.
3058 3379 3107 3427 2.

659 3450 981 3506 tremiscunt
999 3456 1265 3520 etpavcnt
1283 3452 1352 3506 ad
1373 3457 1569 3506 nutum
1590 3452 1728 3518 ejus,
1747 3452 1928 3504 timore
1952 3452 2159 3518 quidem
2237 3479 2303 3491 -
2332 3453 2395 3504 In
2428 3451 2605 3519 capite
2624 3450 2753 3503 libri
2780 3451 3048 3518 scriptum
3077 3455 3158 3505 est
3187 3449 3254 3506 de
3274 3465 3372 3515 me,
3389 3455 3441 3506 ut
3458 3449 3607 3506 faciam
3617 3463 3680 3506 vo-

659 3525 1011 3592 reverentiati,
1040 3528 1096 3580 d.
1133 3530 1213 3593 51,
1246 3541 1288 3580 s.
1325 3531 1374 3578 2.
2298 3527 2563 3582 luntatem
2592 3533 2760 3592 tuam,
2800 3534 2903 3582 etc.
2939 3529 3225 3582 insinuant
3256 3537 3523 3596 proeceptum
3542 3530 3680 3580 christo

595 3603 717 3656 Cn.
745 3601 961 3668 XXXVI,
994 3615 1046 3658 v.
1084 3607 1161 3655 17.
1199 3603 1370 3657 Causa
1396 3607 1486 3656 tua
1518 3608 1775 3671 tanquam
1807 3601 1964 3671 impii
2002 3602 2157 3670 jndi-
2296 3605 2599 3669 impositum
2618 3605 2680 3656 de
2701 3605 2967 3658 hominum
2990 3605 3343 3671 redemptione,
3364 3604 3412 3658 d.
3432 3608 3595 3665 43,5.1.

657 3683 776 3734 cata
803 3685 899 3746 est,
920 3693 1139 3734 causam
1160 3678 1542 3747 judiciumque
1575 3681 1821 3748 recipies.
1849 3681 2015 3734 Verba
2052 3679 2155 3732 hoec
2236 3683 2318 3736 Ps.
2349 3681 2517 3741 XLIV,
2548 3693 2601 3734 v.
2628 3685 2673 3732 8.
2696 3681 2989 3748 speciosus
3010 3681 3188 3738 forma
3207 3694 3312 3750 prae
3332 3681 3443 3736 filiis
3458 3680 3677 3740 hominum,

659 3755 722 3807 de
752 3755 988 3810 omnibus
1007 3758 1170 3821 iustis
1207 3757 1407 3821 injusta
1429 3757 1744 3822 patientibus
1766 3757 1826 3809 D.
1871 3755 2155 3822 Gregorius
2296 3771 2365 3810 σω
2394 3756 2491 3810 hoo
2510 3755 2619 3810 loco
2649 3757 2941 3824 singularis
2962 3758 3025 3810 in
3044 3757 3247 3810 Christo
3266 3757 3561 3824 pulchritudo,
3576 3759 3676 3806 amm

657 3829 912 3898 inteiliqit,
935 3833 1027 3886 sed
1053 3833 1113 3886 D.
1141 3831 1356 3886 Thomas
1378 3837 1512 3885 recte
1529 3831 1624 3886 itta
1650 3831 1855 3885 Chr-isto
1873 3845 2158 3885 accommo·
2296 3839 2553 3900 quantum
2598 3833 2669 3886 ad
2709 3847 2903 3901 corpus
2949 3833 3012 3898 tu
3032 3847 3117 3886 sse
3160 3834 3529 3896 dmonstratur,
3554 3831 3595 3884 d.
3624 3834 3675 3891 ³2,

656 3907 764 3970 dat,
795 3908 849 3962 d.
876 3912 958 3974 46,
985 3921 1031 3962 s.
1067 3911 1148 3961 13.
2296 3923 2340 3962 S.
2364 3913 2413 3960 2.
2540 3903 2554 3918 “

593 3983 712 4038 Gn.
746 3983 1008 4048 XXXVIII,
1037 3997 1089 4038 v.
1121 3989 1201 4038 23.
1236 3983 1367 4048 Quis
1412 3989 1494 4040 est
1543 3985 1745 4053 pluviae
1781 3989 1953 4054 pater,
1984 3985 2041 4038 id
2082 3990 2158 4038 est
2236 3983 2317 4038 Ps.
2352 3983 2479 4038 VIII.
2514 3983 2679 4038 Sedes
2714 3987 2808 4038 tua
2852 3985 2997 4038 Deus
3036 3985 3095 4038 in
3136 3971 3366 4039 seculum
3394 3982 3546 4046 seculi,
3578 3979 3679 4046 virga

655 4065 878 4126 creator,
901 4059 955 4114 d.
982 4064 1064 4126 48,
1087 4073 1132 4115 e.
1157 4067 1206 4115 2.
1573 4063 1580 4069 ’
2298 4060 2587 4128 aequitatis,
2622 4062 2777 4128 virga
2805 4063 2961 4129 regni
3006 4063 3107 4118 tui.
3140 4059 3367 4116 Dilexisti
3396 4060 3619 4126 justitiam,
3646 4065 3680 4109 et

2303 4137 2465 4192 odisti
2490 4137 2853 4203 iniquitatem,
2888 4145 3175 4206 propterea
3205 4137 3353 4192 unxit
3386 4142 3431 4190 te
3458 4138 3567 4190 Deus
3586 4135 3680 4184 neus

1081 4223 1268 4279 LIBER
1297 4223 1692 4280 PSALMORUM,
2304 4221 2446 4278 tuna,
2468 4219 2569 4268 etc.
2600 4213 2721 4268 floec
2749 4229 2866 4268 eum
2894 4215 2991 4268 uni
3028 4221 3078 4267 et
3102 4215 3259 4268 eidem
3280 4213 3552 4274 concutiant,
3568 4209 3680 4275 siqni-

2294 4291 2446 4355 licant
2465 4290 2729 4344 Christum
2760 4291 2919 4344 Deum
2962 4292 3201 4358 [uturum
3228 4296 3275 4344 et
3292 4289 3523 4350 nominem,
3542 4289 3587 4336 ut
3606 4299 3671 4336 a·

591 4363 675 4420 Ps.
709 4368 772 4430 ΙΙ,
805 4379 859 4421 v.
888 4373 937 4421 6.
973 4369 1080 4436 Ego
1120 4374 1299 4423 autem
1335 4369 1661 4424 constitutus
1687 4382 1807 4423 sum
1851 4381 1944 4423 rex
1977 4369 2046 4424 ab
2084 4381 2150 4424 co
2291 4365 2453 4432 plicat
2480 4367 2771 4432 Paulus,d.
2792 4376 2908 4433 ιε.
2938 4379 2985 4422 ⁴7.

653 4457 818 4512 super
844 4444 993 4499 Sion.
1029 4447 1140 4498 Rem
1161 4453 1236 4499 est
1266 4446 1521 4508 Christus,
1552 4447 1642 4499 sed
1662 4459 1876 4514 reynum
1901 4449 2012 4510 ejus
2033 4448 2149 4513 spi·
2228 4469 2292 4482 --
2322 4443 2485 4511 virga
2510 4444 2797 4510 aequitatis,
2824 4446 2981 4512 virga
3026 4445 3181 4515 regni
3218 4444 3313 4508 tui,
3348 4443 3398 4496 id
3426 4447 3503 4506 est,
3520 4443 3677 4508 potestas

653 4520 847 4573 rituale
886 4525 979 4584 est,
1009 4523 1144 4575 unde
1170 4523 1411 4576 subditur
1431 4538 1449 4574 .·
1483 4521 1787 4576 Praedicent
1817 4528 2147 4590 praeceptum
2290 4520 2439 4587 reqia
2460 4521 2778 4586 temporalis,
2812 4521 2871 4574 d.
2898 4527 2946 4582 1,
2978 4535 3023 4576 s.
3061 4526 3109 4584 1,
3135 4522 3257 4575 etd.
3282 4525 3353 4580 1ο,
3374 4534 3412 4572 s.
3434 4521 3473 4570 4.

649 4597 786 4662 61115,
806 4597 860 4652 d.
891 4599 968 4664 47,
991 4613 1033 4651 s.
1065 4603 1112 4650 1.
2228 4613 2292 4636 ⁴-
2321 4600 2449 4651 Late
2470 4599 2757 4664 exponitur
2776 4599 2861 4652 nic
2875 4613 3062 4654 versus
3080 4615 3099 4650 .·
3123 4604 3173 4652 et
3190 4597 3381 4652 tandem
3398 4594 3480 4648 illa
3496 4589 3675 4647 unctiodc

586 4671 668 4726 Ps.
702 4673 806 4726 VII.
841 4672 1105 4728 Dominus
1145 4674 1284 4728 dixit
1321 4673 1392 4729 ad
1435 4685 1558 4729 me:
1599 4671 1770 4730 Filius
1805 4688 1960 4730 meus
1990 4679 2141 4729 estu.
2288 4675 2468 4741 qratia
2491 4674 2747 4727 habituali
2768 4675 2965 4728 Christi
2986 4675 3373 4742 intettiyitur,d.
3398 4677 3467 4734 13,
3488 4683 3524 4724 a
3548 4674 3584 4720 2.
3604 4668 3671 4719 Un-

647 4749 827 4814 utique
848 4763 1006 4804 verus
1027 4755 1075 4801 et
1101 4751 1384 4816 naturalis,
1408 4753 1463 4806 d.
1484 4757 1531 4817 2,
1558 4765 1601 4805 S.
1625 4758 1673 4806 4.
2285 4753 2387 4804 ctio
2409 4751 2517 4804 hoec
2540 4754 2826 4819 exponitur
2847 4767 2957 4806 esse
2980 4755 3108 4806 unio
3140 4751 3474 4820 hypostatica,·
3498 4752 3538 4798 et
3556 4741 3671 4808 mpli-

585 4853 648 4864 --
677 4825 786 4891 Ego
815 4825 978 4880 hodie
1005 4823 1174 4894 gemii
1203 4833 1276 4884 te.
1305 4834 1517 4892 aeterna,
1557 4829 1748 4882 scilicet
1793 4829 2143 4896 qenes-atione,
2285 4833 2437 4880 catur
2463 4829 2597 4881 ittud
2627 4833 2911 4897 propterea
2940 4835 3141 4882 tantum
3158 4829 3319 4881 dicere
3342 4826 3537 4878 ordinem
3558 4831 3669 4872 conse

649 4900 724 4954 ib.
2284 4903 2481 4969 finalis,
2506 4919 2613 4958 non
2636 4907 2919 4958 meritoriae
2936 4911 3169 4972 respectu
3186 4903 3384 4957 unionis
3407 4895 3663 4965 'imminua'-

582 5003 644 5017 —
675 4977 1076 5046 Apprehendite
1115 4979 1484 5048 disciplinam,
1517 4980 1766 5034 hebraice.
1809 4977 2140 5035 osculamini
2222 4979 2306 5032 Ps.
2336 4977 2437 5046 LV,
2469 4992 2523 5032 v.
2558 4983 2638 5032 11.
2670 4981 2829 5035 Dedit
2852 4993 3044 5036 vocem
3070 4994 3240 5045 suam,
3260 4983 3313 5034 et
3338 4977 3664 5054 monesi-terri·

644 5051 840 5120 mium,
869 5055 928 5107 id
947 5060 1038 5115 est,
1063 5057 1281 5109 adorate
1301 5071 1438 5122 eum,
1461 5057 1536 5110 ib.
2282 5057 2340 5108 id
2356 5061 2451 5123 est,
2472 5057 2609 5110 Dens
2631 5059 2879 5124 prodigia
2908 5059 3087 5124 edidit,
3121 5059 3181 5112 ob
3202 5069 3312 5124 quoe
3338 5054 3531 5108 nemim
3550 5046 3665 5100 admn-

579 5154 644 5168 -
675 5129 786 5198 Ego
807 5130 970 5186 hodie
993 5132 1158 5198 genui
1193 5136 1262 5197 te,
1298 5133 1360 5184 de
1382 5133 1707 5199 generatione
1735 5132 2011 5200 temporali
2041 5147 2139 5185 eae-
2280 5136 2392 5186 rati
2414 5140 2555 5199 sunt,
2582 5135 2639 5187 d.
2670 5140 2721 5200 1,
2754 5149 2799 5188 s.
2832 5141 2879 5188 3.

641 5209 877 5273 ponitur,
901 5208 956 5261 d.
983 5213 1062 5269 49,
1083 5221 1126 5260 S.
1151 5214 1201 5262 1.
2219 5209 2302 5263 Ps.
2334 5210 2395 5276 L,
2424 5223 2477 5264 v.
2514 5216 2593 5265 14.
2626 5211 2811 5266 Redde
2831 5211 2966 5265 mihi
2992 5210 3229 5266 Iaetitiam
3252 5205 3477 5264 salutaris
3494 5201 3573 5256 tui:
3590 5197 3661 5249 Pu·

577 5309 642 5322 —-
673 5283 886 5348 Postula
915 5295 947 5336 a
987 5297 1092 5350 me,
1136 5291 1189 5338 et
1227 5285 1369 5341 dabo
1413 5286 1510 5340 tibi
1547 5291 1736 5352 gentes
1766 5285 2135 5340 haereditatem
2283 5291 2415 5338 tavit
2443 5287 2615 5340 David
2654 5295 2913 5355 peccatum
2953 5303 3105 5342 suum
3140 5289 3340 5354 dignum
3374 5282 3455 5335 tali
3480 5288 3605 5345 pem.
3627 5275 3661 5320 Μ

644 5364 808 5421 tuam.
841 5360 898 5412 t'd
917 5367 992 5414 est
1008 5361 1292 5414 humanum
1315 5377 1492 5429 ponus,
1516 5365 1574 5417 in
1599 5365 1738 5432 qaod
1750 5365 1954 5416 ratione
1976 5364 2137 5416 satis·
2278 5369 2499 5432 propter
2524 5365 2655 5419 iliud
2676 5366 2740 5420 de
2758 5380 2857 5420 suo
2878 5367 3067 5420 sanine
3090 5365 3317 5418 Christus
3333 5373 3428 5415 non
3444 5354 3607 5414 ueniret,
3624 5345 3659 5398 cl.

641 5437 902 5502 (actionis,
927 5439 1086 5504 quasi
1125 5439 1184 5490 in
1221 5437 1570 5494 hoereditatem
1596 5442 1834 5494 Christus
1845 5440 1936 5504 J'us
1969 5438 2139 5506 quod·
2284 5444 2365 5504 1⁰,
2388 5455 2435 5494 s.
2471 5445 2522 5494 6.
3188 5495 3197 5502 ,
3538 5481 3545 5486 -

644 5511 766 5564 ἀίω*
788 5513 1087 5580 acquisivit.
1109 5513 1304 5577 Quibus
1325 5513 1494 5569 verbis
1523 5522 1732 5582 pactum
1757 5517 1913 5569 etiam
1941 5515 2139 5568 indica-
2222 5517 2303 5571 Ps.
2339 5515 2483 5585 XCV,
2508 5527 2561 5573 v.
2592 5519 2671 5573 11.
2706 5520 3117 5577 commoveatur
3146 5531 3179 5572 a
3204 5515 3333 5572 facie
3362 5504 3659 5578 eius-universa
