3892 6167
1060 519 1692 586 COMMENTARIUS.

648 787 657 794 ‚
684 716 715 776 l
729 761 744 774 .
768 709 1019 777 Titulus
1038 707 1313 776 articuli.
1334 704 2159 792 *Responsa-objectio.

600 805 1033 886 —Responttm
1057 803 1388 866 -Sensue
1420 801 1789 880 quaestionis
1816 805 1915 864 est
1950 798 2028 862 de
2055 799 2164 861 tri-

604 899 767 964 stitia
818 896 1119 972 sensibili,
1148 895 1231 958 de
1260 893 1359 958 his
1410 895 1583 958 enim
1626 893 1958 958 affectibus
1993 911 2164 957 nnnc

603 993 873 1076 agimus,
905 993 977 1054 ut
1018 989 1254 1054 dictum
1284 993 1402 1066 est,
1426 993 1489 1052 et
1537 993 1757 1070 aperte
1784 988 1855 1050 D.
1888 987 2162 1051 Thomas

606 1086 879 1168 explicat
894 1083 963 1146 in
988 1100 1247 1164 corpore
1278 1079 1545 1144 articuli.
1576 1079 1691 1156 Qui
1724 1079 2070 1162 respondet
2094 1079 2162 1142 in

604 1183 841 1246 Christo
868 1178 1055 1242 tuisse
1099 1177 1263 1240 hanc
1302 1175 1657 1250 tristitiam;
1686 1174 1785 1254 cuj
1796 1191 1871 1236 us
1900 1171 2161 1237 assertio

603 1277 685 1340 de
712 1275 837 1337 fide
857 1278 1027 1335 certa
1054 1275 1255 1334 estex
1276 1267 1553 1332 Matthaei
1566 1269 1673 1344 26,
1702 1273 1769 1328 et
1794 1267 1945 1328 Luc.
1977 1267 2080 1342 22,
2098 1271 2162 1330 et

606 1389 685 1434 ex
696 1366 875 1432 dictis
898 1365 964 1426 in
980 1362 1242 1426 articulo
1260 1360 1658 1442 praecedenti.
1686 1360 1843 1422 Eam
1870 1377 2020 1424 vero
2053 1377 2162 1440 op·

605 1464 757 1528 time
776 1459 1055 1524 declarat
1074 1457 1147 1518 D.
1162 1456 1435 1534 Thomas
1451 1472 1529 1516 ex
1547 1453 1828 1516 duobus:
1856 1454 2158 1532 primum,

604 1555 753 1637 quia
780 1555 845 1616 in
893 1550 1135 1614 Christo
1180 1548 1386 1630 potuit
1431 1565 1569 1610 esse
1608 1546 1929 1624 obiectum
1973 1545 2162 1626 hujus

605 1647 887 1722 tristitia),
912 1643 1073 1708 sicut
1092 1647 1186 1704 est
1215 1640 1531 1723 objectum
1557 1639 1821 1716 doloris3
1850 1638 1974 1704 hoc
1993 1640 2164 1704 enim

606 1742 919 1822 objectum
946 1742 1043 1800 est
1073 1734 1311 1796 malum
1348 1732 1604 1814 aliquod
1645 1733 1962 1806 sensibile,
1992 1733 2165 1813 qnod

602 1835 753 1900 licet
776 1832 1029 1896 realiter
1066 1846 1295 1908 corpus
1327 1845 1459 1889 non
1486 1827 1692 1901 laedat,
1731 1845 1939 1908 neque
1996 1833 2167 1890 exte·

607 1930 757 1995 riori
798 1945 989 1990 sensu
1044 1924 1351 1988 sentiatur
1384 1923 1529 2002 (hoc
1572 1923 1743 1984 enim
1772 1923 1855 1984 ad
1882 1923 2166 1986 dolorem

608 2021 889 2105 spectat),
909 2036 1099 2082 sensu
1120 2023 1335 2078 tamen
1363 2016 1607 2078 interno
1630 2035 1745 2078 seu
1770 2015 2166 2098 imaginatio·

606 2136 692 2182 ne
719 2123 785 2179 ut
814 2130 1092 2198 praesens
1120 2109 1651 2192 apprehenditur;
1686 2110 1747 2172 in
1774 2109 2018 2174 Christo
2053 2128 2166 2170 au-

608 2219 739 2274 tem
766 2227 907 2272 esse
954 2204 1157 2288 potuit
1198 2203 1617 2288 apprehensio
1652 2203 1843 2286 hujus
1891 2202 2066 2280 mali,
2097 2209 2165 2270 ut

604 2304 844 2384 mortis,
872 2306 983 2367 aut
1016 2297 1416 2380 injuriarum,
1438 2296 1540 2359 vel
1568 2298 2166 2378 peccatorumiipso·

602 2415 745 2464 rum
776 2395 1127 2470 hominum,
1148 2397 1313 2466 etc.;
1352 2391 1557 2470 potuit
1602 2408 1751 2470 ergo
1789 2408 1929 2455 esse
1981 2390 2166 2452 tristi·

606 2493 691 2558 tia
724 2488 1061 2562 sensibilis,
1092 2504 1236 2568 quae
1257 2503 1333 2550 ex
1360 2485 1465 2548 tali
1501 2484 1763 2564 objecto.
1792 2485 2168 2550 naturaliter

609 2584 890 2668 sequitur
910 2581 976 2647 in
1002 2578 1306 2663 appetitu,
1337 2577 1601 2642 simodo
1630 2578 1749 2641 sibi
1775 2577 2168 2645 connaturali

611 2678 1003 2762 permittatur
1031 2671 1301 2754 operari.
1335 2669 1489 2744 Quia
1536 2688 1686 2732 vero
1718 2689 1847 2734 non
1896 2671 2048 2736 satis
2077 2677 2174 2736 est

610 2773 691 2834 ad
709 2768 1069 2834 habendam
1086 2765 1397 2829 tristitiam
1414 2765 1890 2846 repraesentatio
1917 2765 2170 2846 objecti,

610 2865 731 2928 nisi
756 2863 947 2926 etiam
973 2858 1287 2942 appetitus
1329 2863 1541 2919 careat
1590 2856 1994 2938 dispositione
2029 2875 2174 2922 con-

606 2957 823 3030 traria,
854 2961 919 3017 et
932 2957 1325 3034 repugnante
1352 2950 1473 3034 ipsi
1494 2949 1774 3022 tristitiae,
1808 2951 2007 3032 qualis
2031 2969 2169 3014 esse

604 3056 819 3134 posset
846 3065 1081 3130 magna
1104 3045 1436 3108 delectatio
1458 3089 1483 3120 ,
1510 3042 1658 3107 ideo
1680 3043 1859 3108 addit
1890 3045 2168 3108 secundo

608 3147 683 3208 D.
712 3144 1007 3218 Thomas,
1032 3139 1241 3201 divina
1278 3135 2008 3220 dispensationefactum
2032 3154 2170 3200 esse

609 3243 679 3300 ut
710 3234 850 3298 talis
878 3230 1198 3314 dispositio
1228 3248 1357 3293 non
1384 3236 1547 3292 esset
1572 3228 1641 3293 in
1672 3230 1950 3312 appetitu
1999 3229 2170 3295 Chri-

610 3329 710 3414 sti.
744 3328 1117 3403 Quanquam
1140 3322 1311 3388 enim
1338 3341 1413 3387 ex
1448 3321 1661 3386 divina
1689 3321 2170 3402 contemplatio-

609 3439 715 3497 ne,
762 3435 903 3500 quae
947 3421 1085 3480 erat
1130 3416 1195 3476 in
1246 3413 1458 3476 anima
1513 3413 1784 3502 Christi„
1808 3413 2168 3479 redundare

609 3520 821 3596 posset
842 3515 971 3577 hoec
988 3510 1316 3577 delectatio
1336 3509 1405 3571 in
1421 3509 1766 3593 appetitum
1778 3509 2167 3586 sensitivam,

607 3608 819 3674 divina
846 3613 1059 3670 tamen
1089 3606 1308 3670 virtute
1336 3603 1633 3686 impedita
1648 3609 1747 3668 est
1772 3621 1857 3666 ne
1885 3603 2169 3668 dolorem

606 3701 709 3768 vel
761 3698 1073 3770 tristitiam
1124 3696 1489 3763 sensibilem
1532 3695 1869 3780 impediret
1900 3714 1917 3770 ς
1977 3713 2170 3776 quam

606 3794 955 3860 doctrinam
977 3791 1280 3856 docuerat
1305 3789 1379 3854 D.
1402 3790 1700 3866 Thomas,
1726 3788 1992 3854 articulo
2009 3807 2170 3870 prae-

607 3887 852 3962 cedenti
872 3932 889 3958 .
930 3886 1015 3948 ad
1063 3886 1339 3959 tertium,
1396 3884 1647 3948 solvens
1700 3882 2166 3960 difficultatem,

606 3981 923 4066 quomodo
972 3979 1183 4043 anima
1224 3977 1446 4043 Christi
1488 3977 1701 4057 beata,
1729 3975 1923 4041 ‚fuerit
1970 3994 2168 4057 capax

606 4076 839 4141 doloris
868 4079 933 4136 et
944 4070 1231 4139 tristitiae.
1256 4071 1435 4134 Circa
1450 4087 1645 4152 quam
1676 4068 2028 4133 doctrinam
2057 4087 2168 4133 su-

606 4174 861 4254 pererat
880 4163 1234 4240 difficultas„
1267 4163 1415 4246 quia
1446 4181 1525 4237 ex
1550 4163 1655 4232 illa
1684 4162 1931 4234 videtur
1958 4163 2162 4242 sequi,

608 4265 675 4325 in
697 4263 1018 4324 voluntate
1046 4257 1267 4322 Christi
1317 4254 1561 4321 nullam
1594 4255 1787 4320 fuisse
1829 4253 2164 4326 tristitiam,

613 4356 768 4436 quia
794 4355 860 4416 in
886 4351 990 4414 illa
1014 4351 1131 4417 fuit
1156 4367 1471 4412 summum
1520 4345 1825 4430 gaudium
1857 4365 1937 4410 ex
1959 4345 2168 4410 divina

612 4444 1137 4528 contemplatione
1168 4449 1231 4507 et
1283 4443 1523 4507 visione
1572 4457 1863 4506 manans.
1896 4440 2168 4520 Sequela

606 4549 804 4626 patet,
849 4539 1021 4624 quia,
1070 4535 1123 4602 si
1162 4537 1477 4629 appetitus
1520 4533 1851 4600 sensitivus
1891 4535 2168 4615 privatus

611 4643 705 4703 est
725 4632 1135 4700 delectatione
1166 4649 1307 4712 quae
1337 4631 1403 4694 in
1433 4630 1637 4712 ipsum
1666 4629 1931 4692 derivari
1961 4633 2169 4710 posset

606 4731 675 4794 in
700 4727 999 4794 fruitione
1030 4725 1241 4802 beata,
1268 4742 1350 4786 ne
1380 4723 1559 4788 fieret
1584 4723 1851 4802 incapax
1882 4721 2166 4795 tristitiae,

611 4841 765 4904 ergo
801 4821 1111 4894 voluntas,
1142 4820 1209 4882 in
1237 4836 1381 4900 qua,
1392 4836 1507 4900 per
1534 4835 1601 4880 se
1644 4816 1847 4899 primo
1874 4813 1993 4876 fuit
2015 4833 2170 4900 gau-

610 4919 785 4981 dium
840 4913 995 4978 illud
1040 4909 1425 4986 beatificum,
1455 4928 1569 4993 per
1596 4907 1753 4973 illud
1809 4908 2035 4995 effecta
2076 4913 2172 4970 est

613 5011 870 5076 omnino
894 5009 1164 5090 incapax
1192 5003 1473 5068 tristitiae.
1506 4999 1881 5082 Respondet)
1908 5001 1978 5062 D.
2007 5001 2172 5076 Tho-

611 5102 929 5174 mamboc
979 5101 1118 5163 loco
1146 5115 1227 5160 ea
1259 5101 1506 5169 tantum
1555 5093 1869 5179 docuisse,
1918 5110 2057 5180 quoe
2087 5092 2171 5156 ad

610 5201 987 5280 praesentem
1033 5187 1462 5277 difficultatem
1504 5183 1871 5257 solvendam
1900 5185 2171 5250 sufficie.

604 5291 803 5368 hant,
834 5295 899 5352 et
935 5284 1291 5366 assignasse
1330 5281 1591 5346 modum
1642 5298 1767 5360 quo
1814 5275 2169 5342 evidentius

610 5391 898 5449 constare
935 5383 1181 5464 poterat
1208 5376 1556 5457 appetitum
1608 5373 1970 5436 sensitivum
2001 5373 2169 5435 Chri-

612 5481 693 5544 sti
716 5480 907 5542 fuisso
946 5490 1247 5557 capacem
1265 5468 1569 5548 tristitiae3
1598 5486 1686 5534 an
1710 5484 1855 5550 vero
1876 5465 2003 5530 alio
2035 5485 2171 5530 mo-

1844 327 2084 392 Quffisr.
2119 326 2230 382 XV:
2262 327 2462 384 An‘ric.
2501 329 2580 384 vt.

2241 423 2324 486 do
2339 425 2610 504 potuerit
2639 423 2926 487 voluntas
2947 439 3084 486 esse
3111 439 3314 504 capax
3331 423 3568 486 tristitias
3583 428 3714 492 simul

2244 539 2388 583 cum
2419 521 2674 602 gaudio,
2705 521 2784 582 D.
2831 517 3106 582 Thomas
3145 519 3274 583 boc
3290 518 3563 585 loco.nec
3582 540 3716 602 nega·

2245 615 2352 686 vit,
2381 633 2499 676 nec
2524 613 2816 685 asseruit,
2849 611 2998 691 quia
3028 612 3110 673 ad
3131 630 3271 674 rem
3299 629 3423 674 non
3451 617 3714 692 spectabat.

2247 708 2424 772 Adde
2443 709 2513 770 D.
2541 709 2850 770 ‘rhomam
2869 723 3002 767 non
3027 711 3280 768 tantum
3306 705 3554 768 volitisse
3577 715 3718 772 osten·

2243 801 2398 864 dere
2422 802 2770 882 appetitum
2797 799 3166 862 sensitivum
3189 799 3416 862 Christi
3459 799 3620 864 fuisse
3652 823 3718 866 ca-

2241 913 2468 976 pacem
2493 895 2753 961 institiae
2771 892 3120 960 secundnm
3141 893 3719 974 quid,seusecundum

2241 990 2520 1069 aliquam
2545 990 2890 1062 rationemz
2921 988 3038 1052 sed
3086 985 3378 1052 absolute
3405 992 3465 1053 et
3501 989 3718 1068 simplici-

2243 1091 2336 1150 ter
2363 1084 2448 1148 ita
2495 1083 2776 1165 potuisse
2825 1081 3143 1152 tristitiam
3169 1081 3328 1162 pati,
3359 1087 3430 1144 ut
3457 1083 3628 1144 omnis
3645 1084 3722 1145 de-

2239 1178 2592 1244 lectationis
2614 1184 2678 1240 et
2701 1176 3035 1256 voluptatis
3061 1175 3616 1256 expers-aliquando
3633 1177 3720 1240 fue·

2239 1273 2341 1336 rit.
2369 1271 2551 1344 Quod
2573 1271 2642 1334 in
2665 1270 2990 1336 voluntate
3016 1269 3226 1335 locum
3250 1267 3488 1332 habere
3529 1288 3632 1332 noa
3651 1289 3720 1350 po-

2241 1367 2382 1440 tuit,
2405 1365 2578 1445 quia,
2609 1366 2753 1428 licet
2789 1365 3139 1426 secundum
3177 1363 3456 1443 aliquam
3491 1364 3716 1429 rationem

2241 1459 2520 1540 potuerit
2555 1458 2812 1534 tristari,
2847 1465 3084 1534 nmen,
3115 1457 3269 1540 quia
3309 1456 3622 1522 seeundum
3649 1473 3719 1535 pc

2241 1555 2470 1618 florem
2495 1569 2612 1616 seu
2643 1553 3038 1633 superiorem
3065 1552 3383 1616 rationem
3409 1565 3630 1629 semper
3649 1549 3720 1612 luit

2243 1647 2454 1720 beata,
2483 1661 2614 1711 non
2632 1646 2838 1725 potuit.
2861 1646 3035 1711 omni
3063 1643 3306 1726 gaudio
3335 1643 3570 1724 μείνω-ῖς
3597 1661 3722 1722 appe-

2241 1742 2395 1811 titus
2419 1746 2636 1806 autom
2657 1738 2997 1805 comitivas
3021 1737 3394 1819 simpliciter
3411 1736 3522 1801 fuit
3545 1737 3598 1798 iu
3615 1739 3720 1798 stetu

2243 1835 2546 1919 passibili,
2565 1839 2632 1898 et
2653 1835 2856 1900 caruit
2879 1830 3394 1907 statu-beatifico,
3415 1837 3482 1902 et
3512 1829 3634 1892 ideo
3651 1829 3720 1890 tuit

2245 1947 2444 2010 capax
2471 1927 2612 1992 talis
2645 1927 2930 2004 tristitie,
2967 1943 3110 2008 quae
3132 1943 3397 1990 omnem
3422 1923 3719 2001 voluptatem

2245 2021 2624 2088 excluderet.
2669 2023 2936 2098 Caetera,
2966 2019 3228 2100 quaed
3275 2017 3440 2080 hanc
3479 2017 3720 2078 difficulta-

2243 2122 2372 2180 tem
2397 2115 2732 2195 pertinent,
2761 2114 3172 2178 tractabimus
3199 2111 3392 2178 infra.
3424 2127 3482 2190 q.
3515 2112 3600 2172 48.

2323 2211 2383 2272 2.
2415 2210 2488 2272 ln
2517 2208 2828 2272 solutione
2857 2206 2944 2270 ad
2962 2207 3238 2287 primum
3262 2203 3530 2284 explicat
3547 2205 3606 2266 D.
3619 2205 3722 2266 'lho-

2243 2319 2382 2366 mas
2397 2301 2554 2367 illud
2581 2301 2724 2366 lsai.
2744 2303 2846 2378 42,
2869 2301 3080 2366 ubido
3099 2299 3348 2364 Christo
3370 2297 3612 2362 dicitur:
3635 2297 3722 2362 Nos

2245 2399 2365 2462 erit
2391 2399 2622 2474 tristis,
2649 2414 2834 2478 aequ
2861 2395 3239 2463 turbabantur
3261 2419 3288 2466 ,·
3315 2391 3425 2456 ubi
3447 2391 3720 2472 Septuagin-

2249 2498 2314 2554 ta
2337 2491 2557 2573 legunt
2581 2510 2596 2554 ε
2633 2489 3004 2574 Splendebit,
3031 2493 3088 2552 et
3107 2505 3228 2550 noa
3248 2489 3590 2552 comem.
3608 2484 3720 2557 Quod

2249 2585 2330 2648 de
2385 2585 2604 2648 Christi
2635 2580 3373 2650 resurrectionedictum
3407 2597 3536 2642 esse
3557 2581 3722 2638 constit

2251 2695 2330 2744 ex
2356 2679 2638 2752 Hieron„
2655 2676 2870 2758 cyril..
2897 2681 2962 2738 et
2986 2675 3148 2750 aliis,
3174 2675 3458 2754 quieam
3479 2671 3720 2734 lectionem

2248 2772 2336 2834 ibi
2367 2772 2887 2851 interpretatatum
2910 2775 2974 2832 et
3001 2768 3333 2833 exeodem.
3350 2766 3608 2840 Hieron„
3626 2771 3714 2826 ton

2254 2867 2316 2938 3,
2344 2882 2450 2944 ep.
2487 2867 2599 2928 151
2655 2863 2742 2926 ad
2771 2861 3210 2943 ¹A1.lgasiam,„q.
3237 2863 3320 2936 23
3354 2859 3606 2937 tet-Aug..
3627 2855 3718 2918 Lm

2253 2957 2334 3022 de
2363 2957 2570 3030 civit..
2597 2975 2655 3020 c.
2687 2957 2833 3032 ult„P
2861 2961 2926 3020 et
2959 2955 3004 3018 l.
3040 2953 3125 3019 de
3165 2954 3336 3020 uait.
3355 2952 3603 3024 Boules..
3625 2950 3715 3010 cl.

2250 3051 2527 3116 Christus
2555 3050 2912 3124 euim,1icet
2930 3049 3178 3112 occisus
3199 3048 3418 3124 tues-it,
3446 3061 3562 3111 non
3581 3050 3718 3106 nmen

2245 3145 2369 3209 fait
2402 3145 2720 3216 contritus,
2755 3151 2818 3208 et
2847 3143 3030 3223 quasi
3067 3143 3138 3204 in
3165 3142 3437 3209 nihilum.
3473 3139 3716 3206 redacta,

2252 3239 2366 3304 sed
2390 3238 2600 3306 statim
2613 3237 2884 3317 amplius
2905 3255 3018 3316 per
3042 3237 3564 3306 resurrectionem
3587 3229 3720 3308 splen·

2249 3331 2406 3394 duit.
2435 3329 2616 3403 Quod
2631 3329 2894 3397 verbum
2907 3330 2976 3392 in
2993 3329 3250 3399 habram
3275 3345 3396 3409 per
3415 3323 3718 3406 negotionem

2247 3423 2499 3504 legitur,
2529 3423 2706 3488 etad
2750 3423 3027 3486 litteram
3059 3423 3214 3488 verti
3245 3426 3480 3502 potest:
3515 3415 3630 3484 Non
3661 3415 3720 3486 [δ’

2249 3517 2530 3601 miyabit.
2563 3516 2696 3588 Quo
2727 3515 2920 3579 verbo
2947 3515 3467 3595 intelligipotest,
3498 3507 3720 3591 signitica-

2251 3617 2386 3676 tum
2413 3628 2577 3686 esse,
2617 3610 2706 3672 ita
2741 3609 2940 3672 fuisse
2984 3608 3302 3675 Christum
3357 3605 3633 3671 homiuem
3651 3615 3721 3678 per

2247 3710 2522 3770 mortem
2569 3701 3086 3784 extinguendum,
3119 3708 3192 3766 ut
3225 3707 3438 3767 tamen
3474 3697 3720 3774 fumigata·

2249 3815 2360 3863 rus
2387 3815 2515 3860 nou
2561 3801 2751 3872 esset,
2769 3795 2886 3858 sed
2912 3795 3122 3858 statim
3147 3812 3264 3874 per.
3285 3789 3720 3862 resurrectionem

2247 3890 2444 3962 fuisse
2478 3887 2982 3962 accendendum,
3011 3893 3094 3950 ut.
3107 3887 3492 3968 singularem
3509 3875 3718 3962 splende
3789 3887 3791 3894 ²

2249 4001 2388 4049 rem
2424 3984 2756 4048 emitteret.
2779 3981 3120 4061 sequendo
3149 3999 3300 4047 vero
3331 3979 3616 4058 vulgatam
3639 3970 3717 4028 lec·

2248 4078 2508 4148 tionem,
2549 4075 2812 4142 verbum
2853 4073 3029 4148 illud,
3056 4091 3180 4138 non
3217 4077 3341 4140 erit
3364 4069 3718 4140 ominem·

2247 4169 2530 4236 nendum
2580 4175 2676 4235 est
2715 4167 2822 4230 illo
2875 4168 3358 4233 proverbiorum
3399 4169 3513 4233 12:
3561 4159 3719 4224 Just-s

2247 4263 2539 4346 quidquid
2585 4263 2642 4328 ei
2693 4262 3018 4337 accideris,
3055 4279 3176 4326 non
3217 4256 3584 4326 contristabit
3619 4261 3718 4310 eun.

2245 4355 2384 4420 Non
2405 4355 2574 4418 enim
2603 4360 2701 4419 est
2728 4372 2978 4432 sensus,
3005 4353 3251 4418 nullam
3288 4350 3576 4420 tristitiam
3601 4341 3720 4402 illum

2250 4465 2390 4513 esse
2451 4465 2810 4523 sensarum,
2857 4448 2980 4510 hoc
3009 4446 3181 4512 enim
3219 4440 3318 4520 ,δεῖ
3337 4438 3613 4526 justitiam
3639 4445 3720 4494 11011

2249 4540 2521 4622 pertinet
2539 4556 2561 4620 ;
2593 4541 2703 4602 sed
2753 4540 2923 4622 quod
2951 4539 3202 4604 tristitia
3234 4525 3719 4606 nondominabiwr

2253 4633 2334 4710 ei,
2356 4651 2473 4696 nec
2503 4651 2720 4714 pacem
2752 4633 2850 4696 vel
2880 4632 3398 4715 tranquillitatem
3417 4628 3612 4696 anime
3631 4617 3719 4694 0j¹¹⁵

2247 4725 2630 4802 immutabit,
2663 4733 2730 4790 ut
2751 4727 3132 4807 Hieronym„
3145 4726 3236 4788 -ibi
3267 4723 3528 4806 exponit-
3551 4715 3614 4780 Et
3631 4711 3716 4772 liaee

2250 4819 2577 4885 sufficiunt
2619 4819 2810 4896 ‚etiam
2857 4819 2941 4885 de
2992 4819 3408 4896 solutionibus.
3427 4815 3502 4883 od
3545 4815 3580 4874 2
3601 4811 3650 4870 0ss
3679 4801 3714 4860 3·

2253 4912 2434 4986 Quod
2477 4929 2625 4977 vero
2653 4911 2720 4974 in
2749 4913 3060 4979 solutione
3101 4913 3188 4978 ad
3213 4897 3716 4997 quartum.n.Tb⁰·

2251 5025 2388 5068 mas
2417 5006 2641 5092 attigit,
2674 5007 2991 5086 quomodo
3035 5007 3292 5088 aliquod
3327 5005 3546 5067 malum
3567 4999 3717 5088 potue·

2250 5097 2331 5162 rit
2359 5117 2497 5162 esse
2527 5098 2767 5162 Christo
2801 5099 3316 5180 involuntarium,
3347 5105 3412 5163 ut
3438 5093 3564 5165 inde
3583 5083 3715 5148 trisu-

2249 5192 2338 5254 tia
2366 5192 2654 5267 oriretur,
2682 5191 3050 5255 tractabitur
3073 5193 3257 5253 latins
3289 5212 3350 5272 q.
3386 5191 3484 5267 183
3506 5195 3636 5246 nunc
3657 5187 3716 5230 sa·

2249 5284 2332 5348 tis
2359 5297 2450 5346 est
2479 5284 2754 5364 potuisse
2797 5285 3347 5356 accideresshristo
3391 5271 3608 5362 aliquod
3627 5279 3714 5326 ΠΜ·

2247 5376 2382 5440 lum
2409 5382 2628 5439 contra
2657 5379 3010 5442 naturalem
3049 5380 3344 5444 affectum
3371 5371 3652 5458 appetitus,
3672 5356 3715 5458 ,υἱ

2250 5469 2395 5534 inde
2421 5471 2689 5547 tristitia,
2710 5471 2789 5535 de
2810 5490 2932 5552 qua
2957 5472 3292 5554 loquimur,
3319 5450 3710 5548 nascipotueffl·
