3892 6167
623 449 1136 533 priucipaHS,sed
1161 448 1368 511 solum
1393 464 1507 529 per
1533 446 1846 513 actionem
1865 448 2188 528 propriam

621 546 822 626 ipsius
871 542 1312 617 instrumenti,
1369 540 1566 622 quod,
1615 542 1718 603 vel
1767 560 1804 603 ιι
1853 541 2189 621 principali

623 646 858 719 ugente
885 642 1290 710 sustentatur,
1322 636 1422 697 vel
1473 635 1653 714 qnasi
1695 634 2098 697 substituitur
2118 640 2190 695 ut

623 733 760 795 viee
778 732 948 797 illiue
975 736 1146 811 agat.
1173 728 1474 810 Exempla
1500 734 1648 791 sunt
1676 728 1741 789 in
1767 728 2185 807 caloreigniS,

623 826 728 889 ml
788 826 1036 890 semine
1079 820 1368 897 viventis,
1399 826 1497 883 -ut
1532 822 1667 901 jam
1711 820 2075 901 explicabo3
2120 820 2189 883 in

625 920 751 981 huc
775 919 943 981 enim
991 934 1230 999 genere
1271 915 1480 977 adhuc
1507 920 1772 996 possunt
1799 916 1934 977 hoec
1962 914 2191 975 instru-

625 1014 842 1075 menta
871 1009 1198 1091 distingui,
1229 1014 1297 1070 ut
1333 1008 1622 1086 quiedam
1651 1008 1802 1081 sint,
1835 1014 1979 1087 qua}
2007 1006 2191 1070 uttin-

627 1108 786 1188 gunt
808 1105 1106 1169 effectum
1147 1121 1219 1164 se
1271 1102 1672 1175 nobiliorem,
1699 1106 1771 1163 ut
1813 1100 1996 1163 multi
2044 1099 2187 1180 opi·

623 1204 858 1261 uantur
905 1197 988 1260 de
1037 1196 1248 1261 calore
1299 1195 1490 1276 ignis,
1545 1194 1694 1275 quin
1764 1193 2191 1256 substantialis

623 1293 826 1355 forme
865 1292 1028 1373 iguis
1057 1291 1418 1371 generantis
1463 1290 1658 1351 olium
1695 1290 1934 1370 ignem,
1980 1306 2093 1369 per
2122 1304 2191 1349 se

628 1392 692 1449 et
731 1386 1092 1448 immediate
1135 1402 1264 1447 non
1312 1382 1519 1457 influit
1584 1384 1652 1443 in
1700 1383 2037 1456 actionem,
2074 1398 2189 1461 per

625 1498 818 1564 quam
869 1479 1237 1561 producitur
1285 1478 1489 1542 forma
1545 1478 1969 1541 substantiolis
2024 1476 2187 1557 ignis

627 1574 848 1655 geniti,
872 1574 986 1637 sed
999 1574 1204 1635 solum
1229 1590 1344 1655 per
1363 1573 1666 1646 calorem,
1681 1569 1772 1633 ita
1789 1577 1862 1633 ut
1881 1571 2057 1632 calor
2074 1586 2189 1650 per

627 1685 718 1743 se,
751 1668 948 1741 eolus,
971 1674 1038 1729 et
1057 1675 1407 1748 separatus,
1439 1664 1636 1746 possit
1659 1672 1856 1729 totum
1881 1664 2055 1725 illam
2086 1680 2187 1725 ac-

629 1760 866 1823 tionem
915 1761 1186 1821 efficere.
1219 1758 1410 1838 Cujus
1455 1757 1662 1819 simile
1707 1757 2073 1836 exemplum
2124 1764 2189 1819 et

629 1852 860 1917 elarius
889 1854 1075 1915 estin
1105 1850 1554 1930 semine‚quod
1577 1858 1675 1913 ost
1702 1850 2189 1913 instrumentum

629 1948 714 2011 ad
739 1946 1176 2026 generandum
1195 1944 1452 2016 animal,
1472 1962 1614 2006 cum
1637 1950 1850 2007 tamen
1875 1944 1959 2005 sit
1982 1944 2189 2005 minus

627 2042 1006 2123 perfectum,
1033 2046 1117 2115 et,
1151 2056 1294 2102 cum
1325 2044 1640 2119 operatur,
1675 2036 1918 2099 nullum
1960 2038 2191 2099 habeat

625 2133 1095 2209 inflexum,nec
1129 2148 1502 2195 concursum
1534 2132 1784 2210 agentis
1802 2130 2187 2210 principalis,

629 2227 742 2291 sed
771 2234 902 2291 tota
959 2227 1124 2289 aetio
1167 2227 1246 2288 sit
1297 2243 1335 2287 a
1383 2224 1612 2286 virtute
1667 2240 1860 2304 quam
1913 2224 2192 2304 primum

629 2338 830 2401 egens
855 2320 1113 2399 reliquit
1135 2337 1252 2381 seu
1277 2318 1598 2398 impressit
1633 2318 1702 2379 in
1739 2318 1880 2397 ipso
1921 2316 2187 2379 semine.

627 2413 1000 2495 Hujusmodi
1029 2419 1240 2475 eutem
1267 2411 1498 2474 modus
1535 2410 1916 2474 naturalium
1956 2410 2195 2473 instru-

627 2514 990 2571 mentorum
1039 2506 1222 2569 valde
1267 2506 1502 2569 dubius
1549 2510 1645 2567 est
1657 2520 1678 2583 3
1723 2504 1780 2567 si
1827 2510 2043 2565 tamen
2100 2504 2194 2566 est

625 2620 814 2666 verus
862 2602 1008 2680 (hoc
1061 2601 1232 2663 enim
1280 2618 1450 2661 nunc
1517 2599 2009 2663 examinandum
2062 2616 2192 2661 non

629 2704 744 2769 est,
769 2712 938 2758 cum·
957 2695 1041 2757 od
1067 2699 1444 2777 praesentem
1471 2693 1888 2773 quaestionem
1931 2710 2065 2753 non
2090 2710 2194 2755 re-

623 2790 787 2853 feret
801 2792 848 2868 )‚
879 2787 1005 2863 illo,
1055 2788 1334 2869 inquam,
1387 2788 1738 2867 suppositO,
1793 2786 2191 2848 vet-issimum

629 2888 726 2945 est
741 2881 894 2944 talia
925 2881 1342 2942 instrumenta
1380 2897 1508 2940 non
1557 2879 1868 2960 attingere
1893 2878 2189 2941 effectum

625 2978 872 3060 agentis
901 2975 1302 3057 principalis,
1331 2974 1452 3037 nisi
1508 2974 1946 3055 pramittendo
1992 2976 2190 3036 ectio-

625 3088 777 3134 nem
833 3069 1164 3150 praeviam3
1216 3073 1628 3130 assumuntur
1671 3068 1836 3131 enim
1893 3066 2191 3130 adactio-

621 3180 776 3225 nem
826 3164 1073 3241 agentis
1125 3160 1490 3247 principalis
1533 3166 1790 3241 propter
1838 3161 2187 3223 naturalem

621 3256 1106 3328 connexionem,
1123 3244 1369 3337 quaeest
1391 3256 1556 3317 inter
1583 3254 1751 3315 illam
1777 3260 1841 3317 et
1871 3255 2191 3334 propriam

625 3350 942 3413 actionem
971 3348 1299 3429 praevium,
1331 3366 1472 3427 quae
1509 3348 1667 3410 ratio
1695 3348 1762 3411 iu
1803 3346 2031 3409 divinis
2058 3348 2189 3409 ins-

630 3443 966 3506 trumentis
987 3444 1198 3503 locum
1223 3458 1352 3503 non
1379 3442 1590 3504 habet.

705 3541 768 3599 6.
797 3536 934 3599 Alio
961 3554 1110 3597 vero
1131 3536 1368 3597 suntin
1398 3536 1518 3597 hoc
1545 3550 1780 3616 genere
1810 3536 2189 3597 instrumen-

627 3637 717 3707 ta,
739 3648 878 3711 quie
901 3648 1020 3695 sue
1047 3628 1301 3709 quidem
1331 3629 1576 3691 actione
1611 3629 1975 3691 immediate
2004 3628 2189 3691 attin·

627 3730 784 3805 gunt
829 3726 1120 3787 effectum
1167 3722 1532 3803 principalis
1559 3721 1838 3803 argentin,
1891 3724 2041 3803 quia
2082 3723 2189 3785 iile

627 3819 894 3881 effectus
934 3834 1063 3879 non
1111 3816 1353 3881 excedit
1397 3817 1750 3881 naturalem
1801 3818 2095 3881 virtutem
2126 3821 2189 3878 et

623 3910 1076 3992 perfectionem
1121 3910 1342 3973 talium
1389 3910 1951 3973 instrumentorum
1972 3955 1993 3987 ,
2032 3926 2188 3989 quo-

621 4004 811 4065 modo
839 4003 1066 4066 dicitur
1095 4020 1132 4063 ιι
1167 4004 1380 4065 multis
1421 4003 1596 4064 calor
1633 4019 1770 4065 esse
1805 4004 2188 4065 instrumen-

621 4102 759 4158 tum
789 4096 950 4178 ignis
977 4097 1062 4158 ud
1097 4094 1591 4159 calefaciendum
1603 4106 1628 4171 ,’
1653 4102 1715 4159 et
1739 4096 2009 4177 gravitas
2033 4094 2187 4176 lapi-

623 4190 718 4253 dis
745 4190 971 4253 dieitur
999 4191 1486 4252 instrumentum
1519 4206 1642 4270 quo
1673 4192 1967 4253 movetur
2005 4206 2043 4251 a
2082 4204 2187 4269 ge·

622 4288 910 4357 nerante,
936 4300 1010 4344 ac
1033 4282 1308 4361 denique
1326 4283 1598 4362 impetus
1619 4283 1961 4363 impressus
1988 4281 2183 4361 lapidi

623 4377 904 4457 projecto
930 4376 1154 4438 dicitur
1180 4376 1666 4437 instrumentum
1696 4376 2076 4456 projicientis
2100 4376 2183 4437 ad

623 4469 1019 4532 efficiendum
1059 4470 1235 4531 illum
1273 4477 1535 4530 motum„
1573 4472 1645 4533 In
1688 4471 1951 4549 quibua,
1994 4476 2059 4533 et
2102 4468 2182 4531 si·

621 4562 876 4623 milibus
913 4562 1238 4645 exemplu,
1271 4564 1422 4624 satis
1463 4568 1712 4625 constat
1735 4562 1876 4623 illas
1899 4562 2178 4643 qualita-

623 4661 740 4731 ωε,
769 4674 908 4735 quae
937 4656 1234 4718 dicuntur
1257 4656 1673 4719 instrumenta
1689 4700 1710 4732 ‚
1737 4655 1975 4718 habere
2005 4658 2181 4718 suffi-

620 4748 892 4811 cientem·
921 4750 1159 4812 vim-et
1183 4749 1636 4841 perfectionem
1685 4750 1768 4811 nd
1817 4750 2179 4812 efficiendos

620 4841 758 4903 illos
809 4844 1094 4917 effectus,
1121 4858 1280 4923 quos
1325 4860 1546 4905 revera
1597 4842 1896 4918 efficiunt,
1927 4845 2178 4923 propriu

617 4936 867 5012 virtute,
912 4937 1046 4998 siue
1073 4952 1236 4999 novo
1278 4936 1519 4998 influxu
1552 4943 1660 4998 aiut
1681 4952 1991 4998 concursu
2026 4935 2177 4998 slte-

615 5032 748 5093 rius
777 5032 1045 5111 agentis.
1071 5031 1469 5111 Quapropter
1495 5030 1628 5092 hoec
1671 5046 1800 5091 non
1841 5036 1987 5092 sunt
2032 5046 2176 5110 pro-

613 5124 752 5202 prie
777 5124 1214 5196 instrumente,
1261 5124 1378 5185 sed
1400 5122 1662 5185 virtutes
1703 5124 1804 5185 vel
1831 5126 2170 5203 potentiae3

614 5225 918 5277 vocentur
965 5222 1180 5279 eutem
1233 5216 2037 5292 interdum-instrumenta,
2073 5217 2174 5279 vel

615 5310 761 5389 quia
787 5310 1080 5390 supplent
1101 5310 1308 5371 locum
1328 5310 1685 5390 principalis
1705 5310 2007 5390 suppositi
2030 5328 2175 5391 ope-

610 5402 845 5477 rantiS,
871 5403 972 5465 vel
1013 5408 1180 5465 certe
1211 5402 1434 5463 solum
1456 5401 1735 5483 generali
1767 5404 2041 5483 quedam
2080 5424 2175 5467 ra-

1855 348 2093 412 QUAEST.
2126 346 2255 403 xlii.
2286 346 2489 402 Amic.
2521 346 2607 401 IV.

2268 448 2687 509 instrumenta
2712 462 2830 527 per
2856 459 3000 525 qum
3032 446 3375 509 substantia
3397 458 3651 529 operetur.
3669 460 3715 520 Ει

2266 539 2411 603 ideo
2439 540 2627 601 etiam
2668 540 2731 600 in
2774 540 3107 602 efficientia
3134 542 3359 603 horum
3384 544 3716 611 instrumento-

2268 650 2411 694 rum
2439 633 2617 695 nulla
2641 638 2735 695 est
2777 634 3027 715 proprie
3056 634 3221 697 actio
3256 636 3495 714 previa,
3516 646 3717 716 quami-is

2269 728 2546 789 habeant
2573 727 2885 791 actionem
2909 729 3225 808 proprium
3245 735 3309 791 et
3328 737 3717 808 connaturalem,
3773 792 3776 813 ,

2270 821 2420 899 quia
2448 821 2585 885 hoec
2608 838 2739 883 uon
2766 821 3218 884 subordinatur
3242 823 3415 885 alteri
3442 826 3643 901 actioni,
3654 832 3721 891 ted

2270 918 2365 977 est
2388 916 2596 989 unica,
2619 932 2735 994 per
2758 931 2952 995 quem
2981 920 3149 977 totus
3174 916 3429 979 effectus
3452 916 3536 979 fit.
3556 922 3621 981 Ex
3642 940 3719 999 qur·

2271 1008 2463 1070 etiam
2490 1012 2733 1069 eertum
2756 1013 2876 1084 est,
2893 1007 3063 1080 hunc
3080 1009 3341 1071 modum
3366 1014 3627 1091 operandi
3644 1032 3721 1077 non

2229 1120 2457 1181 -posse
2510 1101 2849 1165 convenire
2895 1100 3123 1164 divinis
3173 1104 3604 1183 instrumentis;
3630 1126 3721 1169 cum

2272 1195 2445 1257 enim
2468 1194 2793 1259 eleventur
2812 1195 2895 1257 ad
2914 1197 3307 1305 operandum
3325 1216 3511 1279 supra
3522 1208 3723 1263 naturam

2274 1304 2477 1363 sunm,
2499 1306 2627 1351 non
2649 1289 2920 1354 habent
2904 1308 2969 1351 ιιι
2990 1306 3059 1351 ee
3086 1290 3404 1371 propriam
3428 1297 3489 1354 et
3508 1293 3722 1356 sufficien-

2273 1388 2404 1445 tem
2435 1385 2727 1445 virtutem
2750 1383 2833 1447 ad
2860 1383 3051 1445 talem
3078 1384 3393 1458 effectum,
3424 1404 3530 1447 nec
3552 1395 3721 1465 possunt
3771 1398 3781 1443 ι

2270 1477 2430 1539 eirca
2477 1476 2659 1539 illum
2706 1475 2944 1555 aliquid
2990 1477 3243 1541 efficere
3296 1478 3429 1541 sine
3474 1480 3669 1559 proprio
3688 1496 3723 1543 u

2270 1570 2579 1650 singulari
2602 1570 2845 1633 influxu
2872 1570 3235 1651 principalis
3258 1572 3509 1653 agentis.
3759 1487 3781 1704 1

2349 1669 2413 1726 ’1.
2459 1664 2735 1728 fao-tecm
2758 1680 2949 1745 yones
2976 1666 3524 1729 instrumentorum.
3542 1696 3608 1713 —
3624 1666 3706 1748 Spe

2270 1757 2387 1822 cies
2408 1756 2823 1836 intolliyibi'lis
2840 1760 3123 1838 quomodo
3150 1760 3239 1824 eit
3266 1760 3725 1823 matraid

2270 1849 2747 1933 intelligendum.
2764 1882 2847 1901 ··-
2860 1851 3136 1913 Tertium
3166 1868 3373 1931 genus
3397 1853 3723 1915 instrumente

2272 1962 2411 2007 rum
2432 1952 2549 2021 est,
2569 1962 2708 2025 quae
2726 1944 3089 2007 immediate
3110 1946 3425 2023 attingunt
3447 1948 3645 2007 actione
3658 1964 3723 2007 sia

2268 2038 2596 2121 proprium
2638 2038 2933 2101 effectum
2980 2039 3345 2120 principalis
3389 2040 3623 2119 agentis,
3648 2056 3721 2100 non
3781 2086 3782 2093 ι

2270 2140 2483 2195 tamen
2514 2134 2649 2194 sine
2682 2132 2939 2214 proprio
2968 2132 3215 2195 influxu
3239 2133 3439 2215 ipsius
3466 2134 3723 2213 principalis
3780 2153 3782 2187 :

2268 2226 2551 2308 agentis,
2585 2242 2698 2306 per
2742 2243 2923 2289 susm
2954 2227 3279 2307 propriam
3315 2228 3559 2289 formem
3592 2228 3723 2286 eti-ir-
3780 2274 3782 2279 .

2274 2325 2474 2383 tutem
2516 2320 2949 2383 concurrentis
2967 2364 2986 2393 ‚
3032 2318 3117 2381 ita
3158 2328 3231 2385 ut
3274 2320 3455 2383 unice
3492 2324 3548 2381 et
3580 2318 3721 2379 eadem

2274 2414 2521 2477 actione
2562 2414 2821 2475 effectus
2868 2412 3193 2475 simul-fiat
3219 2413 3303 2475 ab
3330 2414 3723 2475 instrumentum

2272 2506 2601 2589 principali
2648 2508 2871 2569 forma.
2920 2509 3297 2589 Exemplum
3336 2508 3399 2569 lu
3440 2506 3721 2569 naturalibus

2274 2600 2818 2663 accommodatum
2862 2601 2954 2680 (si
2991 2606 3207 2663 tamen
3262 2608 3359 2663 est
3394 2597 3608 2677 verum)
3640 2615 3723 2657 esse
3782 2628 3784 2657 ι

2272 2701 2477 2775 potest
2504 2694 2573 2757 in
2602 2694 3073 2774 phantasmate,
3114 2696 3283 2774 quod
3316 2712 3454 2757 esse
3474 2692 3721 2756 diciturin-
3769 2689 3777 2766 '·.

2274 2794 2691 2851 strumentum
2718 2786 3075 2851 intellectus
3101 2790 3351 2870 agentis
3378 2787 3455 2849 ed
3478 2785 3721 2867 producen-

2272 2880 2420 2943 dnm
2464 2878 2739 2961 speciem
2782 2880 3263 2962 intelligibilem,
3296 2898 3433 2961 quin
3456 2888 3721 2941 tamennon
3763 2877 3777 2938 i

2272 2992 2311 3035 n
2336 2974 2473 3037 solo
2498 2978 2935 3055 phantasmate
2963 2975 3055 3051 fit,
3082 2976 3199 3039 sed
3228 2973 3415 3039 simul
3440 2970 3722 3045 cumilloin·

2270 3068 2409 3130 fluit
2434 3067 2787 3129 intellectus
2812 3084 3049 3148 agens,
3095 3075 3169 3131 ut
3207 3068 3413 3131 virtus
3440 3060 3787 3147 principalis.-

2271 3160 2457 3223 Aliud
2486 3176 2625 3223 esse
2668 3167 2875 3241 potest
2906 3160 2987 3223 de
3036 3161 3362 3225 intellectu
3392 3164 3643 3240 operante
3660 3170 3721 3233 per
3785 3208 3786 3217 ,

2272 3254 2551 3335 speciem
2598 3254 3055 3333 intelligibilem
3095 3254 3463 3318 influentem
3502 3253 3559 3313 in
3590 3256 3721 3310 actum
3784 3274 3786 3309 1

2266 3346 2656 3427 intelligendi
2694 3347 2881 3408 simul
2906 3349 3053 3409 cum
3078 3349 3387 3429 potentia,
3410 3364 3547 3409 nam
3562 3340 3721 3424 specie:
3763 3338 3777 3416 .ss

2268 3441 2735 3522 quodammodo
2754 3448 2854 3504 est
2866 3442 3357 3506 instrumentum
3374 3438 3720 3523 petentiaellffl
3763 3449 3777 3506 i

2268 3552 2386 3616 per
2420 3533 2619 3615 ipsum
2648 3543 2947 3616 operatur
2990 3544 3070 3601 et,
3096 3536 3185 3597 illi
3224 3538 3465 3617 proebet
3497 3530 3646 3595 veluti
3672 3528 3723 3585 in·

2270 3628 2508 3690 fluxum
2550 3634 2615 3690 et
2668 3646 3045 3703 concursum
3074 3630 3354 3692 vitalem.
3388 3631 3457 3691 Et
3488 3628 3557 3688 de
3582 3623 3721 3701 liujus-

2266 3722 2443 3783 modi
2468 3722 3032 3785 instrumentorum
3060 3738 3301 3803 genere
3330 3722 3505 3785 facile
3527 3711 3723 3790 iutelligi-

2268 3818 2391 3891 tur,
2418 3816 2735 3895 quomodo
2754 3815 2944 3878 etiam
2966 3817 3031 3877 in
3052 3816 3275 3881 ordine
3297 3813 3551 3879 naturali
3568 3805 3723 3917 possiti

2266 3908 2578 3988 attingere
2606 3908 2899 3973 effectum
2928 3926 2997 3971 se
3026 3910 3482 3989 permixtim-em,
3518 3904 3651 3985 quia,
3679 3914 3723 3953 W·

2266 4000 2515 4077 delicet,
2548 4018 2676 4062 non
2706 4003 2907 4063 solum
2934 4003 3421 4066 instrumentum
3462 3992 3722 4063 ἱιιιιιιιιιίἱϊιῑ·Ξ

2266 4096 2473 4170 efficit,
2504 4096 2617 4158 sed
2644 4094 2831 4158 simul
2859 4094 3065 4159 influit
3086 4114 3280 4160 eausa
3308 4114 3423 4163 seu
3445 4094 3610 4155 virtus
3622 4083 3723 4166 prifl-
3783 4118 3786 4167 Ι

2267 4190 2510 4270 cipalis,
2548 4196 2613 4252 et
2658 4206 2738 4253 ex
2779 4196 3043 4271 utroque
3074 4191 3265 4255 veluti
3292 4192 3580 4254 conflatur
3600 4190 3722 4243 unum
3783 4170 3786 4237 ἕ

2266 4285 2579 4363 integrum
2610 4302 2809 4365 agens
2836 4284 3177 4365 perfectius
3202 4286 3467 4361 effectu,
3502 4279 3637 4342 unde
3654 4273 3723 4333 hu·
3783 4292 3786 4327 ι

2255 4378 2535 4456 jusmodi
2580 4376 3067 4440 instrumentum
3102 4377 3555 4461 quodammodo
3592 4364 3723 4431 simile
3783 4378 3786 4431 Ι

2264 4476 2357 4533 est
2386 4488 2592 4532 causae
2622 4471 2909 4550 partiali;
2944 4478 3191 4549 tamen,
3225 4475 3371 4554 quin
3400 4460 3723 4550 imperfectiu

2262 4569 2380 4638 est,
2398 4570 2463 4626 et
2482 4565 2957 4627 subordinatum
2982 4568 3403 4647 principaliori
3420 4559 3617 4628 virtuti,
3636 4552 3724 4614 ῐᾶθθ

2260 4657 2773 4720 instrumentum
2766 4659 3151 4739 appelletur.
3194 4661 3371 4723 Unde
3398 4658 3567 4721 etiam
3588 4648 3666 4717 fit,
3685 4644 3723 4700 5ss

2262 4752 2383 4813 hoe
2417 4768 2649 4833 genere
2674 4754 2831 4814 insti·
2832 4754 3070 4815 umenti
3088 4770 3217 4816 nen
3244 4760 3523 4836 oportere
3539 4748 3723 4808 interce
3783 4782 3786 4855 l

2260 4844 2411 4907 dere
2439 4846 2749 4907 actionem
2794 4846 3092 4926 praeviam
3126 4848 3440 4927 propriam
3480 4838 3639 4921 ipsius
3662 4829 3723 4887 in·

2260 4939 2629 5013 strumenti,
2660 4938 3017 5007 distinctam
3061 4940 3140 5000 ab
3186 4918 3721 5016 aetioneprinc¹1³⁸¹*⁵

2257 5033 2521 5112 agentis,
2544 5032 2691 5112 quia
2718 5052 2885 5095 unus
2914 5040 2979 5095 ct
3006 5034 3175 5095 idem
3214 5035 3465 5096 effeetus
3492 5042 3585 5107 per
3606 5028 3719 5079 ²³¹⁸·

2258 5124 2403 5186 dem
2434 5126 2866 5187 ἰιιᾶὶιίεἱίιΰθιιι
2896 5128 3208 5188 actionem
3240 5134 3335 5189 est
3370 5119 3538 5185 simul
3572 5112 3634 5173 ab
3659 5120 3717 5164 ¹¹¹

2259 5223 2644 5292 strument0,
2683 5222 2749 5280 et
2791 5236 2829 5281 a
2878 5221 3105 5282 virtute
3148 5218 3499 5299 principali,
3529 5202 3716 5271 uiolare

2258 5311 2455 5373 videti
2484 5316 2690 5390 potest
2720 5310 2780 5372 in
2811 5313 3115 5391 exemplis
3150 5330 3337 5395 supra
3362 5306 3573 5393 positis.

2334 5408 2396 5468 8.
2444 5407 2676 5470 Divina
2716 5409 3119 5471 instrumenta
3156 5410 3383 5489 qualia.
3406 5396 3629 5462 -Solet
3658 5391 3716 5445 ta·

613 5493 805 5572 tione,
823 5502 1138 5576 quatenus
1157 5495 1369 5557 omnia
1393 5497 1738 5560 accidentia
1759 5498 1882 5559 dici
1912 5504 2175 5578 possunt
2252 5499 2485 5562 meniu
2508 5500 2865 5579 hujusmodi
2888 5500 3115 5564 effectu
3134 5502 3233 5563 wel
3254 5501 3485 5564 actione
3498 5493 3579 5556 dis
3582 5486 3718 5560 lingffl
