3892 6167
491 389 568 446 28
1750 389 1981 454 Qtisss‘r.
2022 389 2080 440 Χ.
2116 389 2300 442 ΑΒΤῘΓ,
2357 389 2435 442 Π.

489 487 692 562 cedat,
740 503 858 551 nee
911 503 1048 567 quae
1096 485 1174 547 sit
1201 483 1362 548 ratio
1410 485 1494 548 ob
1542 503 1732 568 quam
1760 487 1882 548 illae
1917 486 2057 550 duoe

491 583 777 647 entitates
817 581 882 643 in
914 599 1106 643 unam
1156 579 1532 643 coalescant.
1587 582 1768 654 Nam,
1818 581 1870 643 si
1911 599 2054 662 quae

491 685 679 744 esset.
726 677 999 739 maxime
1047 677 1194 756 quia
1241 675 1508 738 tendunt
1538 677 1601 736 in
1635 676 1878 756 objecta
1925 695 2053 738 non

494 773 673 852 teque
697 771 923 850 prime,
955 769 1068 831 sed
1096 787 1237 831 eum
1273 769 1493 830 ordine
1521 769 1824 831 intuendo
1856 787 2051 831 unum

489 865 559 928 in
587 863 744 935 alio;
797 863 910 924 sed
959 863 1092 923 haee
1148 863 1305 924 ratio
1355 862 1564 942 potius
1592 863 1815 942 probat
1842 869 2051 924 actum

495 975 634 1020 esse
683 953 1147 1025 indivisibilem,
1191 973 1380 1036 quam
1431 973 1571 1018 esse
1624 957 1712 1018 sic
1746 957 2051 1036 composi·

477 1053 649 1122 tuin,
679 1049 984 1110 utstatim
1023 1047 1378 1110 declarabo,
1415 1051 1618 1130 Atque
1663 1049 1811 1111 hinc
1861 1050 2051 1110 etiam

491 1143 583 1214 fit,
609 1141 754 1205 licet
783 1141 1057 1222 fingatur
1099 1141 1204 1202 illa
1233 1142 1388 1202 visio
1445 1142 1836 1204 indivisibilis
1865 1155 2052 1222 prout

491 1236 870 1297 terminatur
897 1235 978 1296 ad
1005 1235 1226 1308 Deum,
1261 1241 1322 1297 et
1353 1233 1676 1297 divisibilis
1701 1240 1887 1314 prout
1929 1243 2051 1296 ter·

491 1327 769 1389 minatur
787 1327 868 1388 ad
895 1327 1140 1406 objecta
1164 1333 1398 1401 creata,
1427 1347 1552 1390 non
1579 1345 1764 1409 posse
1787 1327 2053 1408 intelligi

495 1421 792 1482 unionem
821 1422 986 1484 inter
1008 1421 1148 1483 illas
1171 1430 1418 1502 partes:
1455 1443 1661 1504 neque
1687 1422 1857 1484 enim
1885 1428 2052 1484 esset

494 1515 643 1576 unio
679 1532 795 1595 per
837 1515 1667 1593 modumocontinuationis,
1701 1519 1850 1598 quia
1897 1535 2052 1578 neu·

493 1613 659 1671 trum
684 1613 1031 1670 extremum
1055 1611 1197 1671 talis
1223 1611 1473 1673 unionis
1501 1615 1706 1692 potest
1728 1629 1864 1672 esse
1891 1609 2053 1671 indi·

492 1701 763 1772 visibile.
801 1701 915 1765 sed
961 1701 1162 1763 solum
1208 1711 1414 1783 potest
1457 1723 1595 1766 esse
1651 1705 1951 1765 terminus
1992 1709 2053 1764 et

493 1795 924 1876 imperfectum
943 1797 1092 1875 quid
1111 1797 1176 1856 in
1193 1797 1300 1857 tali
1317 1815 1549 1877 genere
1567 1797 1860 1870 entitatis,
1881 1795 2052 1877 quod

493 1889 594 1952 hic
621 1889 880 1969 eogitari
909 1908 1037 1950 non
1075 1895 1284 1970 potest
1313 1891 1390 1953 de
1423 1891 1528 1952 illa
1557 1891 1817 1965 visione,
1865 1897 2051 1970 prout

491 1987 824 2048 terminata
850 1983 930 2046 ad
954 1985 1406 2066 Deum.Neque
1431 1987 1615 2048 etiam
1637 1993 1840 2067 potest
1860 1986 2054 2048 inter·

492 2077 704 2140 venire
735 2077 905 2139 aliud
945 2095 1146 2159 genus
1177 2075 1446 2152 unioniS,
1477 2087 1736 2161 propter
1759 2079 2051 2142 eamdem

491 2171 802 2232 rationem
831 2172 1080 2234 factam.
1104 2174 1422 2248 Quinim0,
1457 2173 1702 2235 etiamsi
1729 2174 1924 2253 gratis
1946 2173 2053 2235 da·

492 2281 705 2326 remus
733 2265 872 2326 illas
901 2272 1112 2345 partes
1139 2267 1399 2328 visionis
1430 2285 1567 2329 esse
1605 2266 1817 2346 aliquo
1859 2265 2051 2328 modo

493 2355 856 2435 divisibiles,
886 2377 1016 2420 non
1045 2367 1256 2439 posset
1285 2359 1546 2440 intelligi
1577 2379 1702 2440 quo
1729 2361 2050 2421 communi

493 2451 760 2513 termino
818 2453 1264 2530 copularentur
1283 2501 1302 2528 ,
1349 2453 1495 2533 quia
1547 2453 1650 2514 ille
1700 2455 2052 2514 communis

493 2543 798 2608 terminus
825 2545 1086 2608 deberet
1105 2565 1242 2608 esse
1269 2547 1778 2626 proportionatus
1801 2547 2049 2620 visioni,

496 2642 562 2700 et
587 2637 872 2716 ejusdem
902 2639 1140 2700 ordinis
1156 2645 1216 2701 et
1245 2637 1626 2701 habitudinis
1651 2659 1666 2713 ;
1695 2657 1843 2718 ergo
1868 2657 2053 2718 opor-

492 2735 653 2792 teret
671 2737 736 2790 ut
756 2729 1019 2792 haberet
1034 2730 1210 2793 ordio
1219 2751 1318 2793 em
1341 2732 1422 2793 ad
1438 2733 1754 2813 objectum
1773 2731 2051 2812 aliquod,

494 2825 640 2904 quia
669 2829 798 2886 tota
827 2825 982 2887 visio
1009 2825 1354 2888 seeundum
1386 2845 1453 2889 se
1493 2831 1712 2899 totam,
1747 2833 1808 2889 et
1833 2845 2055 2888 secun·

494 2917 646 2978 dum
667 2923 865 2980 totum
893 2918 1065 3000 quod
1094 2921 1157 2980 in
1187 2920 1294 2980 illa
1337 2927 1455 2994 est,
1487 2919 1684 2982 tendit
1711 2921 1772 2980 in
1799 2918 2056 2998 aliquod

493 3011 832 3092 objectum,
856 3013 1138 3096 illudque
1167 3019 1590 3093 repraesentat,
1618 3013 1854 3093 alioqui
1885 3019 2055 3075 esset

491 3109 556 3170 in
574 3105 682 3169 tali
712 3113 852 3171 actu
881 3107 1120 3186 aliquid
1134 3108 1304 3187 quod
1324 3107 1738 3190 degeneraret
1760 3127 1798 3169 a
1827 3113 2053 3168 natura

492 3201 776 3275 visioniS,
809 3209 870 3262 et
900 3201 1073 3262 nullo
1115 3199 1304 3262 modo
1351 3201 1695 3280 compleret
1720 3202 1783 3261 in
1817 3200 1922 3261 illa
1962 3219 2057 3260 re-

493 3295 1040 3374 praesentationem
1069 3293 1295 3373 objecti
1333 3293 1648 3374 adaequati
1695 3293 1849 3373 ejuS,
1886 3292 2058 3373 quod

498 3392 593 3450 est
613 3395 827 3449 contra
845 3396 1132 3449 naturam
1149 3387 1433 3463 visionis,
1465 3396 1528 3449 et
1550 3407 1805 3467 prorsus
1827 3388 2058 3468 imper·

497 3483 710 3545 tineus
755 3480 838 3542 ad
883 3482 1306 3562 integritatem
1362 3499 1473 3542 seu
1525 3481 2056 3560 complementum

500 3575 638 3656 ejus
652 3591 673 3653 3
705 3576 757 3636 si
790 3593 940 3656 ergo
969 3575 1106 3636 duae
1150 3575 1268 3636 illae
1319 3581 1526 3654 partes
1574 3575 1833 3636 visionis
1873 3575 2055 3636 unico

501 3669 818 3730 communi
869 3669 1140 3730 termino
1190 3669 1524 3743 uniuntur,
1557 3686 1816 3729 necesse
1848 3673 1940 3729 est
1988 3673 2059 3728 ut

500 3761 603 3824 ille
632 3763 936 3825 terminus
965 3761 1221 3843 aliquod
1252 3763 1568 3841 objectum
1596 3759 1920 3841 respiciat;
1956 3758 2057 3821 vel

500 3872 651 3938 ergo
685 3857 939 3936 respicit
967 3856 1167 3917 De‘um
1196 3861 1462 3927 tantum,
1496 3861 1559 3916 et
1600 3855 1687 3916 sic
1715 3873 1844 3915 non
1892 3859 2060 3916 esset

498 3957 682 4031 aptus
705 3950 786 4012 ad
826 3950 1291 4012 terminandum
1323 3951 1584 4012 alteram
1615 3955 1881 4028 partem,
1920 3967 2057 4027 quae

497 4043 774 4107 tenditin
801 4045 1131 4123 Angelum.
1170 4047 1370 4123 Atque
1393 4041 1613 4104 eadem
1639 4043 1904 4116 ratione,
1929 4058 2055 4102 non

496 4145 702 4218 potest
733 4139 1044 4217 respicere
1074 4139 1386 4216 Angelum
1435 4142 1702 4211 tantum,
1746 4135 1894 4216 quia
1928 4154 2055 4197 non

497 4231 711 4312 posset
732 4232 1072 4292 terminare
1097 4233 1360 4293 alteram
1387 4237 1655 4312 partem,
1689 4249 1827 4309 quae
1859 4228 2058 4291 tendit

499 4325 562 4385 in
595 4325 809 4386 Deum.
867 4325 940 4386 Et
979 4332 1287 4404 praeterea
1332 4331 1427 4385 est
1472 4323 1823 4384 communis
1869 4323 2054 4399 ratio,

499 4417 646 4497 quia
683 4415 866 4478 ‘nulla
917 4423 1012 4478 est
1058 4418 1139 4479 ob
1168 4435 1357 4498 quam
1400 4417 1482 4478 ad
1513 4433 1714 4477 unum
1741 4415 2057 4496 objectum

497 4509 703 4590 potius
757 4527 948 4590 quam
1003 4509 1084 4571 ad
1155 4510 1327 4571 aliud
1379 4509 1774 4572 terminetur.
1839 4507 2057 4588 Neque

501 4602 688 4666 etiam
709 4609 912 4684 potest
927 4604 1246 4665 terminari
1265 4605 1346 4666 ad
1370 4610 1727 4684 utrumque,
1752 4609 1887 4664 tum
1909 4602 2055 4682 quia

501 4702 664 4757 esset
697 4695 952 4756 alterius
980 4696 1242 4758 rationis
1267 4716 1302 4757 a
1337 4698 1600 4778 singulis
1642 4697 1961 4778 partibus3
1996 4698 2060 4757 et

500 4788 646 4868 quia
693 4785 739 4848 si
799 4787 950 4849 illud
1000 4789 1373 4851 indivisibile
1422 4789 1670 4870 attingit
1715 4796 2055 4869 utrumque

501 4879 841 4958 objectum,
875 4881 1101 4942 melius
1153 4883 1381 4945 dieitur
1425 4889 1624 4945 totum
1662 4889 1870 4945 actum
1917 4899 2056 4944 esse

499 4970 958 5053 indivisibilem,
983 4981 1044 5037 et
1069 4977 1253 5054 simul
1274 4984 1726 5058 repraesentare
1745 4979 1970 5048 Deum,
1996 4979 2060 5036 et

501 5073 854 5130 creaturam
895 5069 958 5130 in
989 5071 1148 5152 ipso,
1195 5072 1345 5150 quia
1373 5090 1500 5132 non
1546 5076 1640 5132 est
1667 5071 1872 5150 major
1896 5067 2057 5130 ratio

499 5159 580 5224 de
607 5161 713 5222 illo
738 5161 1090 5225 indivisibili
1122 5183 1308 5244 quam
1336 5164 1414 5226 de
1439 5171 1566 5227 toto
1597 5171 1764 5227 actu.

583 5256 681 5317 19.
731 5258 931 5335 Atque
961 5257 1108 5318 bine
1131 5259 1395 5320 sumitur
1425 5258 1545 5318 alia
1574 5257 1733 5318 ratio
1763 5275 1800 5317 a
1838 5256 2051 5338 priori,

501 5351 650 5430 qnia
679 5369 793 5430 per
841 5351 1006 5413 hanc
1045 5353 1347 5414 visionem
1375 5371 1500 5414 non
1545 5352 1840 5413 videntur
1891 5349 2057 5411 Deus

501 5449 565 5507 et
604 5451 890 5506 creatura
923 5445 1117 5522 (verbi
1146 5447 1368 5527 gratia,
1399 5443 1718 5526 Angelus)·
1742 5443 2057 5506 concomi-

501 5544 708 5600 tanter
723 5539 925 5602 solum
945 5545 1005 5602 et-
1019 5556 1198 5616 oeque
1215 5539 1439 5623 prime,
1457 5545 1527 5601 ut
1539 5537 1605 5601 in
1619 5537 1930 5619 principio
1946 5537 2061 5599 hu-

2130 489 2236 568 jus
2262 487 2556 552 sectionis
2580 489 2877 570 supposui
2900 495 2961 551 et
2982 491 3411 573 ostendi‚quia
3436 512 3567 558 nec
3584 491 3708 555 hoe

2138 589 2304 644 esset
2344 583 2557 645 videre
2602 601 2797 645 unum
2843 583 2907 643 in
2942 583 3088 659 alio,
3136 604 3255 649 nec
3308 594 3525 668 posset
3553 593 3710 647 tune

2136 675 2294 738 ratio
2324 675 2526 754 reddi,
2557 697 2670 738 cur
2698 677 2800 737 illa
2832 675 3075 755 objecta
3110 683 3238 740 tam
3270 681 3497 744 diversi
3534 681 3711 742 ordi-

2134 769 2231 830 nis
2264 787 2388 832 uno
2418 776 2561 830 actu
2608 770 2988 831 viderentur.
3022 770 3331 836 Videntur
3366 794 3522 854 ergo
3558 793 3710 836 cum

2134 861 2351 924 ordine
2374 881 2450 924 ex
2475 869 2652 942 parte
2671 862 3082 944 objectorum,
3115 866 3408 944 vidend0,
3428 868 3703 940 scilicet,

2130 955 2415 1016 nnumin
2446 957 2604 1028 alio;
2643 975 2793 1035 ergo
2832 973 2959 1016 non
2984 959 3190 1036 potest
3216 959 3281 1020 in
3312 961 3417 1022 illa
3449 961 3709 1021 visione

2132 1049 2393 1128 intelligi
2436 1049 2674 1131 aliquid
2726 1051 3019 1126 entitatis‚
3074 1051 3389 1132 attingens
3433 1052 3710 1134 praecise

2133 1147 2521 1216 creaturam,
2550 1141 2721 1222 quod
2770 1162 2899 1205 non
2929 1144 3119 1204 etiam
3156 1147 3421 1226 attingat
3450 1147 3663 1207 Deum
3686 1161 3707 1222 3

2134 1235 2281 1314 quia
2318 1235 2474 1296 nihil
2505 1243 2601 1296 est
2646 1234 2711 1296 in
2766 1235 2872 1298 illa
2901 1237 3142 1300 visione
3196 1240 3366 1317 quod
3397 1238 3709 1320 primario

2134 1329 2397 1408 attingat
2444 1335 2836 1407 creaturam,
2892 1329 3004 1392 sed
3054 1332 3463 1408 secundario,
3518 1338 3590 1393 et
3644 1331 3709 1390 in

2132 1421 2284 1497 Dec,
2318 1441 2390 1483 ac
2429 1439 2544 1502 per
2576 1425 2811 1498 Deum3
2846 1441 2995 1503 ergo
3022 1425 3124 1486 ille
3160 1431 3330 1487 aetus
3355 1421 3710 1486 indivisibi-

2132 1513 2273 1576 liter
2322 1516 2568 1598 attingit
2615 1517 2818 1576 Deum
2846 1523 2908 1578 et
2937 1523 3291 1580 creaturam
3320 1517 3385 1579 in
3427 1519 3591 1580 De0.
3632 1517 3709 1576 Et

2134 1607 2561 1685 confirmatur,
2599 1607 2746 1688 quia
2776 1627 2888 1688 per
2930 1610 3103 1671 illam
3135 1612 3439 1673 visionem
3488 1612 3583 1672 ita
3616 1610 3713 1670 vi·-

2134 1701 2363 1762 dentur
2386 1701 2554 1763 Deus
2586 1711 2649 1763 et
2673 1707 2986 1770 ereatura,
3019 1711 3088 1765 ut
3129 1705 3416 1766 videatur
3443 1703 3709 1765 distine-

2136 1797 2218 1856 tio
2252 1813 2494 1871 eorum,
2524 1803 2585 1856 et
2610 1795 2911 1858 habitudo
2941 1805 3243 1859 creaturae
3268 1797 3348 1858 ad
3390 1799 3598 1859 Deum
3644 1797 3705 1855 in

2136 1889 2376 1949 ratione
2427 1887 2918 1970 participationis
2971 1891 3380 1970 dependentis
3428 1911 3467 1951 a
3518 1891 3659 1951 Deo
3688 1909 3701 1960 ;

2135 2001 2286 2061 ergo
2332 2000 2594 2044 necesse
2636 1990 2731 2044 est
2768 1990 2838 2045 ut
2885 1983 2964 2046 sit
3010 1981 3393 2047 indivisibilis
3442 1987 3703 2060 entitas,

2136 2095 2275 2157 quae
2305 2076 2441 2138 haec
2477 2077 2687 2137 omnia
2720 2077 2967 2156 attingit
2980 2099 2997 2152 3
3032 2079 3180 2157 quia
3209 2098 3337 2141 non
3367 2085 3584 2158 potest
3612 2095 3707 2138 re-

2133 2176 2519 2249 praesentare
2571 2169 3007 2233 habitudinem
3076 2179 3137 2233 et
3192 2173 3664 2234 distinctionem
3686 2219 3701 2246 ,

2136 2265 2257 2326 nisi
2283 2264 2787 2344 repraesentando
2815 2279 3125 2338 extrema3
3164 2273 3226 2329 et
3256 2268 3338 2328 ita
3355 2266 3584 2328 eadem
3610 2267 3703 2328 in-

2132 2357 2421 2420 divisibili
2467 2355 2749 2435 entitate,
2783 2377 2909 2438 qua
2942 2367 3425 2439 repraesentatur
3468 2379 3697 2432 unum,

2134 2457 2669 2532 repraesentantur
2710 2453 2899 2514 etiam
2952 2452 3096 2514 alia.
3150 2455 3379 2516 Ultimo
3436 2453 3703 2516 tandem

2134 2547 2255 2606 hoc
2283 2546 2720 2626 persuadetur,
2754 2546 2903 2626 quia
2932 2548 3087 2608 alias
3114 2565 3242 2608 non
3275 2555 3479 2627 potest
3516 2547 3702 2609 intel-

2134 2639 2239 2718 ligi
2270 2657 2394 2719 quo
2426 2639 2612 2700 modo
2642 2639 2720 2700 de
2743 2640 2908 2701 facto
2932 2639 3088 2701 visio
3115 2641 3341 2701 animae
3366 2641 3596 2704 Christi
3615 2647 3703 2703 at-

2134 2733 2333 2812 tingat
2363 2731 2607 2793 infinita
2637 2733 2772 2793 sine
2810 2739 3151 2812 augmento
3191 2731 3431 2794 infinito
3471 2751 3704 2794 seeun-

2137 2825 2288 2886 dum
2300 2825 2592 2906 partiales
2609 2825 2926 2900 entitates3
2949 2827 3065 2887 hoc
3083 2833 3295 2887 autem
3316 2825 3503 2887 modo
3522 2823 3701 2886 facil-

2136 2917 2284 2978 lime
2304 2917 2425 2979 hoc
2450 2917 2857 2997 intelligetur,
2874 2925 2941 2980 ut
2960 2918 3222 2979 inferius
3250 2918 3695 2980 declarabitur.

2216 3016 2313 3074 20.
2362 3011 2678 3075 Concludo
2706 3013 2895 3092 igitur
2932 3011 3237 3074 visionem
3270 3013 3519 3073 beatam
3562 3031 3697 3073 non

2139 3106 2443 3185 attingere
2465 3107 2662 3168 Deum
2686 3112 2748 3168 et
2776 3112 3097 3168 creaturas
3122 3107 3186 3168 in
3212 3107 3341 3167 Deo
3380 3125 3495 3186 per
3520 3125 3702 3166 com-

2136 3200 2534 3278 positionem,
2582 3218 2699 3262 nec
2755 3219 2869 3279 per
2913 3207 3324 3280 augmentum
3366 3199 3537 3280 quod
3590 3200 3703 3260 fiat

2137 3311 2250 3372 per
2272 3291 2653 3353 additionem
2676 3293 2957 3372 partialis
2984 3293 3281 3364 entitatiS,
3312 3292 3424 3353 sed
3468 3309 3586 3371 per
3612 3292 3701 3351 in-

2138 3383 2509 3445 dIvisibilem
2540 3387 2861 3447 entitatem
2890 3391 3080 3446 tantae
3104 3385 3525 3464 perfectioniS,
3555 3403 3700 3464 quae

2137 3485 2363 3557 potens
2409 3478 2487 3538 sit
2516 3483 2971 3558 'repraesentare
3030 3497 3153 3540 non
3218 3479 3419 3540 solum
3494 3481 3702 3540 Deum

2138 3570 2417 3650 praecise,
2449 3570 2562 3631 scd
2586 3571 2778 3631 etiam
2839 3577 2906 3632 ut
2959 3573 3237 3634 continet
3267 3573 3381 3633 has
3413 3572 3515 3633 vel
3560 3573 3701 3635 illas

2140 3672 2462 3726 creaturas
2486 3687 2504 3740 3
2560 3665 2817 3728 excluso
2868 3667 3035 3727 enim
3085 3666 3275 3746 priori
3318 3666 3529 3740 mode,
3570 3685 3701 3728 non

2138 3765 2344 3838 potest
2373 3759 2531 3818 alius
2561 3759 2923 3839 excogitari,
2955 3778 3079 3839 quo
3108 3760 3303 3840 possit
3346 3759 3569 3820 eadem
3600 3760 3699 3820 vi-

2139 3852 2230 3913 sio
2253 3849 2335 3912 ad
2356 3851 2556 3912 Deum
2586 3851 2905 3932 primario,
2928 3861 2989 3914 et
3008 3851 3087 3914 ad
3109 3860 3429 3914 creaturas
3464 3854 3523 3914 in
3564 3853 3694 3915 Deo

2140 3952 2202 4008 et
2234 3947 2605 4008 secundario
2628 3947 2976 4024 terminagi.
3026 3947 3348 4020 Quocirca,
3380 3948 3692 4027 quamviS,

2138 4040 2377 4102 caeteris
2402 4040 2679 4118 paribuS‚
2707 4040 2859 4102 visio
2882 4041 2993 4101 Dei
3034 4041 3368 4119 perfectior
3406 4042 3507 4116 sit,
3566 4060 3694 4122 quo

2139 4135 2351 4214 plures
2380 4131 2478 4194 vel
2498 4133 2791 4196 meliores
2818 4133 3074 4195 effectus
3104 4135 3167 4194 in
3212 4135 3347 4216 ipso
3376 4134 3691 4207 videntur,

2140 4227 2272 4288 haec
2300 4231 2515 4287 tamen
2569 4227 2963 4306 inaequalitas
2990 4245 3117 4287 non
3156 4227 3437 4288 consistit
3476 4225 3541 4288 in
3578 4227 3694 4288 ali·

2140 4339 2265 4400 quo
2296 4318 2538 4399 partiali
2566 4326 2905 4400 augmento
2927 4319 3026 4381 vel
3068 4321 3443 4394 intensione,
3476 4319 3591 4380 sed
3626 4321 3692 4380 in

2138 4410 2494 4492 perfectiori
2517 4413 2779 4474 entitate
2804 4412 3157 4474 indivisibili
3186 4412 3379 4492 ipsius
3412 4413 3690 4488 visionis,

2138 4525 2268 4569 non
2286 4507 2457 4586 quod
2484 4524 2612 4568 una
2637 4507 2716 4568 sit
2744 4506 3002 4568 diversae
3024 4505 3253 4586 speciei
3288 4505 3369 4566 ab
3400 4506 3544 4580 alia,
3575 4525 3695 4568 ne·

2139 4617 2261 4680 que
2283 4600 2695 4662 essentialiter
2722 4599 3088 4679 perfectior;
3112 4599 3492 4660 conveniunt
3523 4601 3694 4661 enim

2138 4693 2201 4754 in
2231 4693 2526 4772 primario
2557 4691 2828 4772 object0,
2853 4711 2890 4753 a
2922 4710 3046 4771 quo
3104 4692 3340 4753 habent
3393 4693 3696 4754 essentia·

2136 4783 2263 4846 lem
2308 4785 2583 4864 speciem
2612 4787 2675 4847 et
2726 4785 3209 4864 perfectionem;
3246 4785 3354 4845 sed
3404 4783 3575 4864 quod
3602 4785 3693 4845 in-

2137 4885 2233 4940 tra
2265 4877 2549 4940 eamdem
2580 4879 2856 4958 speciem
2901 4895 3026 4939 una
3069 4879 3146 4940 sit
3174 4877 3509 4960 perfectius
3536 4877 3695 4939 indi·

2138 4969 2423 5048 viduum,
2455 4990 2568 5034 seu
2626 4973 3061 5052 perfectiorem
3106 4972 3431 5035 entitatem
3469 4971 3692 5033 indivi-

2139 5065 2391 5127 dualem
2426 5066 2654 5128 habeat
2681 5085 2873 5146 quam
2902 5067 3023 5128 alia
3054 5089 3075 5142 3
3131 5067 3267 5128 haee
3320 5067 3487 5128 enim
3546 5069 3693 5128 ime·

2139 5158 2407 5235 qualitas
2454 5159 2617 5221 intra
2668 5161 2957 5222 eamdem
3002 5159 3275 5240 speciem
3320 5179 3449 5221 uon
3504 5179 3691 5242 repu-

2138 5259 2311 5333 gnat,
2332 5259 2399 5314 ut
2420 5269 2497 5314 ex
2524 5253 2945 5334 Metaphysica
2966 5273 3034 5314 su
3043 5272 3272 5336 ppon0.
3305 5254 3481 5317 Unde
3502 5255 3689 5316 etiam

2136 5347 2208 5408 fit
2239 5353 2306 5408 ut
2334 5365 2460 5408 nna
2490 5355 2551 5408 et
2581 5347 2804 5410 eadem
2834 5347 2991 5410 visio
3034 5347 3166 5426 Dei,
3219 5365 3343 5428 qna
3398 5348 3690 5410 videntur

2139 5443 2205 5504 in
2231 5443 2360 5504 Deo
2393 5441 2720 5521 pauciores
2744 5441 3007 5505 effeetus
3042 5459 3153 5504 seu
3183 5448 3506 5516 creaturae,
3560 5461 3687 5503 non

2138 5535 2339 5616 possit
2364 5553 2477 5615 per
2524 5534 2778 5616 aliquod
2816 5542 3228 5614 augmentum
3272 5553 3551 5602 crescere
3610 5533 3687 5600 ad
