3892 6167
1247 436 1481 501 QUAEST.
1516 434 1667 491 xvn.
1701 434 1903 489 Anne.
1965 434 2004 487 1.

168 554 385 631 Reliqua
412 548 771 625 argumenta
804 542 877 603 D.
902 540 1155 605 Thomoe
1182 537 1307 601 alia
1338 538 1586 619 exposi-

125 654 236 714 ione
256 661 365 707 non
390 638 689 719 indigent.

536 832 959 897 ARTICULUS
996 832 1069 895 11.

157 1013 345 1105 Utrum
366 1005 431 1069 in
458 1002 701 1067 Christo
728 1004 809 1065 sit
840 1006 1083 1065 tantum
1114 1016 1299 1063 unum
1344 1015 1460 1063 esse
1484 1002 1529 1061 ¹.

166 1198 208 1257 4.
246 1190 339 1253 Ad
387 1184 707 1252 secmidmn
749 1186 838 1249 sic
868 1183 1246 1267 proceditur.
1334 1182 1593 1251 Videtur

124 1288 225 1349 mod
244 1286 301 1347 in
328 1282 560 1345 Christo
580 1296 700 1341 non
724 1279 809 1342 sit
834 1281 1075 1341 tantum
1100 1292 1287 1339 unum
1316 1292 1455 1351 esse,
1486 1275 1593 1337 sed

124 1387 202 1445 luo.
226 1376 373 1441 Dicit
395 1376 549 1439 enim
578 1374 864 1436 Damaso.
884 1371 952 1433 in
982 1374 1019 1434 3
1056 1366 1209 1433 libro
1236 1372 1286 1443 ¹²,
1312 1368 1473 1449 quod
1492 1384 1585 1441 ea,

124 1496 202 1539 rua
230 1473 645 1551 consequuntur
666 1470 982 1542 naturam,
1006 1466 1075 1529 in
1103 1464 1347 1529 Christo
1377 1460 1591 1545 dupli-

125 1574 286 1633 ·antur.
340 1564 465 1627 Sed
513 1580 634 1627 esse
680 1560 1062 1641 consequitur
1110 1562 1422 1633 naturam,
1472 1574 1593 1623 esse

126 1666 219 1725 m’m
253 1664 327 1723 est
361 1676 397 1721 a
442 1660 667 1739 forma.
703 1654 878 1739 Eryo
925 1654 996 1717 in
1034 1652 1279 1719 Christo
1304 1658 1445 1717 sunt
1475 1652 1593 1717 duo

124 1778 207 1822 sse.

161 1855 202 1913 2.
238 1848 545 1923 Proeterea,
571 1864 695 1909 esse
721 1844 892 1909 Filii
914 1844 1041 1909 Dei
1089 1848 1175 1907 est
1201 1842 1341 1927 ipsa
1364 1844 1593 1905 natura

124 1944 282 2015 ticina,
323 1944 373 2003 et
413 1944 499 2003 est
524 1944 841 2003 aeternum.
884 1936 1041 2002 Esse
1093 1940 1297 2001 autem
1337 1930 1599 1997 hominis

124 2036 287 2101 Thristi
308 2051 415 2095 non
431 2036 517 2096 est
544 2034 763 2098 divina
782 2036 1011 2097 natura
1019 2054 1047 2103 ;
1064 2030 1173 2094 sed
1191 2034 1275 2094 est
1305 2044 1425 2093 esse
1452 2032 1599 2091 tem-

125 2130 280 2195 vorate.
310 2128 475 2212 Eryo
501 2127 570 2192 in
600 2128 851 2195 Christo
880 2144 1001 2191 non
1024 2131 1113 2191 est
1142 2128 1383 2190 tantum
1409 2138 1595 2187 unum

125 2244 203 2289 ese,

162 2322 204 2383 3.
244 2318 549 2394 Praterea‚
568 2314 639 2379 in
672 2314 993 2381 Trinitate
1016 2312 1296 2397 quamvis
1320 2310 1447 2376 sint
1471 2317 1600 2375 tres

125 2432 326 2485 ›ev-sonte,
346 2416 650 2475 esttamen
670 2428 859 2473 unum
879 2428 999 2475 esse
1016 2414 1275 2491 propter
1299 2406 1595 2470 unitatem

126 2512 303 2569 etum.
362 2504 487 2567 Sed
536 2502 606 2567 in
664 2502 911 2569 Christo
958 2508 1097 2569 sunt
1157 2504 1291 2567 duoe
1331 2504 1595 2573 naturoe,

128 2599 329 2665 ruameis
350 2600 429 2662 sit
454 2616 577 2663 una
586 2616 876 2683 persona.
910 2596 1087 2683 Eryo
1108 2598 1178 2661 in
1208 2594 1453 2663 Christo
1479 2608 1599 2657 non

132 2700 171 2757 st
193 2698 397 2757 tantum
420 2710 611 2755 unum
643 2710 785 2769 esse,
815 2692 921 2756 sed
944 2694 1081 2755 duo.

166 2792 207 2850 4.
246 2786 557 2861 praterea,
590 2786 662 2850 in
703 2784 947 2851 Christo
974 2784 1185 2850 anima
1212 2782 1321 2847 dat
1348 2780 1603 2863 aliquod

134 2898 196 2943 sse
218 2880 443 2961 corpori,
474 2896 609 2943 cum
636 2880 723 2942 sit
751 2879 1147 2962 forma-ejus.
1176 2874 1308 2941 Sed
1342 2894 1461 2938 non
1488 2876 1599 2939 dat

136 2974 193 3035 ibi
219 2992 314 3037 esse
345 2971 635 3051 divinum,
673 2990 807 3037 cum
843 2973 924 3035 sit
950 2972 1303 3037 increatum.
1329 2968 1507 3051 Eryo
1530 2968 1599 3031 in

132 3066 299 3127 Τήν-ἰᾶτο
322 3071 399 3129 est
430 3064 610 3129 aliud
637 3082 785 3143 esse,
799 3070 1032 3147 praeter
1068 3082 1186 3127 esse
1216 3062 1509 3137 divinum,
1540 3066 1595 3127 et

135 3161 172 3223 ic
190 3161 243 3223 in
271 3158 495 3225 Christo
518 3178 643 3224 non
671 3164 757 3225 est
784 3162 1027 3223 tantum
1050 3176 1237 3221 unum
1263 3176 1401 3222 esse.

172 3252 273 3315 Sed
300 3258 520 3331 contra,
546 3254 1011 3335 unumquodque
1031 3252 1352 3317 secundum
1374 3253 1481 3315 hoc
1495 3250 1598 3315 di-

135 3346 231 3409 itur
252 3366 357 3425 ens,
383 3348 708 3413 “cundum
733 3348 894 3429 quod
930 3346 1159 3412 dicitur
1192 3362 1377 3409 unum
1397 3369 1421 3415 ‚·
1448 3344 1601 3425 quia

136 3458 248 3501 'actm
272 3450 319 3503 et
362 3460 459 3505 cns
500 3446 956 3507 convertuntur.
988 3440 1071 3505 Si
1092 3456 1231 3523 eryo
1256 3438 1325 3503 in
1356 3436 1603 3503 Christo

138 3538 255 3597 ssent
275 3536 376 3599 duo
394 3554 531 3613 esse,
560 3542 623 3601 et
652 3554 773 3601 non
796 3542 1039 3601 tantum
1066 3552 1275 3609 unum,
1322 3532 1607 3599 Christus

138 3636 219 3689 sset
244 3630 361 3705 duo,
392 3636 443 3693 ct
477 3646 598 3693 non
616 3646 825 3693 unmn.

180 3720 473 3803 Respondeo
503 3724 825 3789 dicendum
852 3724 1029 3804 quod,
1064 3725 1209 3804 quia
1255 3723 1325 3787 in
1364 3722 1611 3787 Christo

137 3821 225 3876 met
240 3818 347 3881 duce
372 3822 609 3882 naturoe
652 3822 709 3881 et
732 3836 855 3883 una
883 3818 1251 3900 hypostasis,
1282 3836 1506 3881 necesse
1526 3818 1611 3881 est

136 3910 239 3985 quod
259 3928 337 3985 ea,
358 3928 487 3991 quoe
502 3912 589 3977 ad
616 3916 910 3975 naturam
926 3913 1239 3993 pertinent
1256 3910 1324 3973 in
1342 3910 1609 3983 Christo,

137 4002 212 4061 int
231 4004 358 4073 duo;
386 4022 521 4085 qua·
547 4010 756 4069 autem
769 4006 1085 4087 pertinent
1125 4005 1209 4069 ad
1236 4003 1613 4085 hypostasim

136 4094 171 4153 ἰ
185 4092 405 4175 Christo,
421 4098 545 4161 sint
564 4117 755 4162 unum
783 4103 1042 4163 tantum.
1060 4098 1219 4163 Esse
1242 4102 1443 4161 autem
1460 4114 1615 4179 per-

136 4188 235 4251 ‘inet
257 4192 398 4255 etad
421 4198 715 4257 naturam
737 4196 793 4257 et
816 4193 901 4257 ad
928 4191 1324 4275 hypostasim.
1354 4188 1461 4255 Aa
1489 4192 1613 4269 hy·-

137 4282 351 4345 oostasim
377 4284 637 4365 quietern,
669 4286 827 4351 sicut
852 4285 938 4350 ad
961 4286 1031 4349 id
1068 4288 1228 4367 qnod
1256 4286 1429 4349 habet
1459 4302 1614 4353 esse‚·

138 4374 187 4435 zd
199 4380 445 4441 naturam
470 4382 675 4444 autem
696 4379 853 4445 sicut
882 4380 966 4443 ad
990 4380 1061 4443 id
1078 4397 1193 4459 quo
1228 4378 1473 4461 aliquid
1494 4378 1615 4441 ha-

135 4466 193 4527 bet
216 4488 326 4534 esse.
356 4470 609 4539 Natura
640 4474 799 4537 enim
830 4472 1355 4561 siqnificatu-rper
1375 4474 1615 4537 modum

136 4562 309 4639 torma,
326 4582 448 4645 qua»
476 4566 707 4631 dicitur
734 4585 837 4631 ens
864 4584 937 4631 en
977 4587 1038 4632 eo
1074 4568 1236 4649 quod
1264 4584 1333 4632 ea
1372 4566 1618 4647 aliquid

136 4656 353 4725 >sesicut
373 4658 644 4725 albedine
676 4664 761 4725 est
786 4659 1031 4741 aliquid
1053 4658 1283 4738 album,
1311 4665 1367 4725 et
1396 4662 1617 4725 huma·-

136 4745 275 4809 nitate
296 4756 370 4813 est
394 4750 622 4833 aliquis
638 4754 830 4817 homo.
858 4752 983 4817 Est
1008 4760 1209 4819 autem
1228 4754 1616 4819 consideran·

138 4836 254 4913 dum,
270 4844 407 4920 quod
431 4842 486 4907 si
513 4852 601 4910 est
629 4842 843 4927 aliqua
864 4848 1071 4927 forma
1096 4840 1193 4913 vel
1218 4850 1469 4925 natura,
1486 4860 1619 4927 qua

138 4944 219 4991 nen
233 4936 509 5013 pertineat
532 4936 617 5003 ad
635 4954 757 5004 esse
766 4935 1093 5023 personale
1106 4938 1454 5023 hypostasis
1474 4938 1617 5009 sub-

138 5023 367 5107 sistentis,
384 5022 546 5097 illud
572 5048 695 5099 esse
717 5046 838 5097 non
867 5026 1101 5101 dicitur
1124 5050 1245 5101 esse
1268 5030 1449 5101 illius
1459 5050 1617 5119 per-

142 5132 258 5183 sona
278 5123 641 5209 simpliciter,
653 5128 761 5193 sed
782 5129 1105 5195 secundum
1125 5130 1297 5213 quid,
1326 5130 1485 5195 sicut
1500 5140 1619 5193 esse
1666 5186 1677 5199 .

178 5310 216 5407 ι’
252 5302 377 5385 3,(1.
401 5312 461 5389 1,
489 5330 550 5396 q.
583 5315 643 5392 1,
684 5319 803 5381 art.
832 5320 896 5395 2,
933 5334 997 5401 q.
1042 5320 1103 5390 1,
1135 5332 1335 5403 corp..
1381 5316 1519 5397 fin„
1556 5324 1621 5383 et

146 5392 251 5460 d1st.
274 5404 323 5475 6,
351 5422 405 5485 q.
442 5412 504 5483 2,
526 5426 587 5473 a.
617 5412 1007 5493 23etUn10.,
1035 5416 1153 5477 art.
1185 5416 1259 5491 43
1300 5419 1365 5477 et
1390 5408 1611 5487 Quodl.

146 5489 191 5561 9,
205 5493 357 5670 :139
358 5502 563 5658 arithm
591 5510 653 5569 et
690 5522 869 5589 opus.
898 5512 959 5584 2,
985 5522 1041 5571 c.
1063 5508 1185 5573 2¹6
1214 5512 1277 5571 et
1302 5508 1443 5573 219.

3113 422 3231 486 259

1664 536 1869 601 album
1892 538 1980 600 est
2011 548 2131 596 esse
2145 526 2448 603 Socratis,
2465 540 2586 589 non
2606 524 2984 607 inquantum
3002 530 3092 589 est
3114 524 3242 591 So-

1666 634 1884 707 crates,
1900 628 2009 691 sed
2033 626 2102 689 in
2123 628 2420 705 quantum
2445 624 2532 685 est
2555 618 2750 685 albus.
2785 618 2879 681 Εἰ
2895 620 3244 701 hujusmodi

1670 742 1791 789 esse
1812 720 1978 785 nihil
1993 718 2276 803 prohibet
2302 712 2719 799 multiplicari
2750 712 2819 776 in
2870 728 2994 779 ana
3039 716 3238 797 hypo..

1669 818 1848 892 stasi,
1901 814 1996 879 vel
2039 830 2304 896 persona
2319 834 2344 883 ;
2373 808 2552 873 aliud
2592 806 2753 871 enim
2794 812 2880 871 est
2933 826 3076 885 esse,
3123 824 3238 889 quo

1674 908 1966 977 Socrates
1989 912 2076 973 est
2093 905 2290 982 albus,
2313 908 2370 969 et
2395 920 2510 987 quo
2535 902 2825 969 Socrates
2847 906 2931 965 est
2951 902 3234 967 musicus.

1678 1000 1811 1069 Sed
1848 1002 2015 1067 illud
2043 1019 2184 1079 esse,
2215 998 2377 1083 quod
2399 998 2672 1081 pertinet
2697 996 2782 1061 ad
2815 996 3014 1079 ipsam
3043 998 3242 1077 hypo-

1677 1098 1897 1164 stasim
1934 1096 2032 1161 vel
2063 1112 2394 1179 personam
2418 1092 2741 1159 secundum
2767 1108 2848 1165 se,
2876 1088 3242 1171 impossibile

1674 1196 1760 1257 est
1788 1192 1859 1254 in
1879 1208 2005 1255 una
2032 1191 2346 1271 hypostasi
2374 1186 2470 1253 vel
2501 1200 2764 1271 persona
2791 1182 3208 1265 multiplicari
3215 1206 3242 1255 ;

1671 1287 1819 1367 quia
1866 1284 2236 1367 impossibile
2285 1288 2372 1348 est
2417 1284 2578 1364 quod
2627 1281 2810 1344 unius
2854 1278 2946 1342 rei
2991 1294 3115 1341 non
3154 1278 3240 1343 sit

1670 1398 1855 1445 unum
1882 1398 2019 1445 esse.
2043 1378 2126 1443 Si
2159 1379 2358 1462 iyitur
2379 1378 2646 1441 humana
2671 1379 2900 1437 natura
2925 1372 3244 1437 adveniret

1672 1472 1849 1539 Filio
1864 1474 2005 1549 Dei,
2028 1490 2147 1535 non
2170 1470 2546 1553 hypostatice
2563 1466 2660 1533 vel
2681 1466 3113 1549 personaliter,
3135 1466 3243 1529 sed

1674 1566 2139 1635 accidentaliter
2169 1562 2350 1649 (sicut
2379 1563 2630 1645 quidam
2639 1560 3026 1645 posuerunt),
3059 1576 3242 1643 opor-

1676 1666 1829 1727 teret
1842 1678 2068 1744 ponere
2088 1660 2156 1723 in
2177 1658 2424 1723 Christo
2443 1657 2559 1720 duo
2577 1672 2698 1721 esse
2719 1679 2740 1715 .·
2763 1670 2950 1718 uniam
2974 1653 3236 1737 quidem,

1672 1757 1997 1819 secundum
2023 1752 2184 1834 quod
2205 1757 2290 1816 est
2304 1750 2490 1827 Deus,
2511 1748 2692 1813 aliud
2705 1750 2907 1813 autem
2925 1746 3246 1813 secundum

1676 1850 1836 1930 quod
1859 1852 1947 1913 est
1975 1848 2164 1911 homo.
2208 1842 2390 1911 Sicut
2417 1845 2486 1907 in
2509 1844 2769 1919 Socrate
2783 1840 3042 1925 ponitur
3067 1838 3248 1905 aliud

1680 1959 1798 2006 esse
1820 1943 2144 2007 secundum
2171 1938 2332 2020 quod
2375 1943 2464 2002 est
2504 1935 2702 2015 albus,
2734 1938 2794 2000 et
2819 1934 3000 1999 aliud
3033 1950 3246 2001 secun·-

1683 2038 1825 2099 dum
1852 2036 2014 2115 quod
2039 2038 2128 2097 est
2159 2034 2352 2109 homo,
2387 2032 2536 2113 quia
2563 2048 2684 2096 esse
2710 2028 2916 2095 album
2955 2046 3078 2091 non
3093 2046 3250 2110 per-

1675 2130 1827 2193 tinet
1868 2130 1958 2193 ad
1998 2130 2198 2209 ipsum
2225 2144 2346 2189 esse
2375 2123 2700 2206 personale
2738 2122 3040 2187 Socratis.
3085 2124 3245 2189 Esse

1676 2230 1881 2287 autem
1896 2224 2265 2305 capitatum,
2281 2224 2336 2283 et
2354 2236 2477 2283 esse
2493 2234 2864 2301 corporeum,
2884 2222 2944 2281 et
2965 2235 3085 2281 esse
3097 2218 3244 2281 ani-

1678 2302 1933 2394 matum,
1964 2322 2158 2379 totum
2173 2314 2446 2395 pertinet
2461 2314 2548 2377 ad
2573 2330 2760 2377 unam
2773 2330 3098 2393 personam
3117 2309 3246 2375 So·-

1678 2412 1904 2491 cratis;
1928 2414 1986 2475 et
2013 2410 2147 2474 ideo
2165 2426 2241 2479 ,ea
2256 2406 2525 2471 omnibus
2553 2407 2652 2469 his
2671 2424 2792 2469 non
2807 2406 2888 2484 fit
2907 2402 3034 2469 nisi
3058 2422 3250 2469 unum

1680 2522 1799 2569 esse
1844 2507 1913 2568 in
1949 2502 2227 2569 Socrate.
2273 2498 2450 2564 Etsi
2495 2500 2888 2584 contingeret,
2921 2499 3083 2581 quod
3101 2502 3248 2582 post

1680 2599 2162 2664 constitutionem
2194 2612 2472 2678 personce
2506 2594 2790 2661 Socratis
2815 2644 2830 2671 ,
2886 2595 3248 2659 advenirent

1682 2692 1935 2759 Socrati
1957 2710 2196 2767 manus,
2212 2690 2308 2755 vel
2314 2690 2518 2773 pedes,
2533 2686 2632 2754 vel
2645 2688 2804 2753 oculi
2823 2686 3006 2773 (sicut
3021 2688 3248 2753 accidit

1677 2789 1749 2851 in
1794 2806 1939 2853 caeco
1975 2786 2172 2872 nato),
2215 2802 2290 2850 ea
2323 2784 2420 2849 his
2453 2802 2575 2849 non
2601 2787 2957 2849 accresceret
2997 2780 3252 2848 Socrati

1677 2880 1859 2947 aliud
1873 2900 2018 2958 esse,
2035 2880 2142 2944 sed
2167 2878 2363 2943 solum
2380 2878 2604 2943 relatio
2627 2876 3008 2959 quoedamad
3031 2876 3250 2959 hujus-

1678 2976 1867 3053 modi,
1888 2976 2057 3057 quia,
2072 2971 2326 3049 scilicet,
2345 2972 2649 3039 diceretur
2665 2988 2808 3049 esse,
2825 2986 2944 3035 non
2955 2970 3152 3035 solum
3163 2991 3250 3038 se·

1678 3070 1939 3133 cundum
1965 3088 2038 3131 ea
2063 3086 2198 3149 quoe
2211 3068 2396 3150 prius
2413 3066 2688 3141 habebat,
2707 3065 2812 3131 sed
2826 3065 3012 3130 etiam
3037 3085 3251 3131 secun-

1680 3164 1825 3227 dwm
1850 3180 1921 3227 ea
1957 3160 2241 3251 quesibi
2279 3161 2664 3243 postmodum
2707 3160 3102 3223 advenerunt.
3140 3156 3254 3227 Sic

1679 3258 1897 3334 icitur,
1916 3274 2053 3323 cum
2085 3258 2354 3321 hamana
2371 3260 2602 3321 natura
2627 3256 3038 3339 conjmeyatur
3075 3252 3252 3321 Filio

1680 3350 1803 3415 Dei
1828 3349 2206 3433 hypostatice
2222 3347 2319 3413 vel
2326 3346 2743 3431 personaliter
2773 3344 2867 3431 (ut
2891 3366 3084 3431 supra
3115 3348 3252 3415 dic·

1682 3448 1814 3508 tum
1836 3448 1921 3507 est
1944 3443 2020 3529 ¹),
2044 3450 2101 3507 et
2130 3458 2252 3505 non
2277 3438 2768 3519 accidentaliter,
2788 3458 3142 3523 consequens
3169 3448 3258 3508 est

1684 3541 1846 3619 quod
1865 3539 2190 3603 secundum
2227 3538 2559 3601 humanam
2591 3540 2883 3601 naturam
2925 3554 3046 3600 non
3071 3538 3256 3601 adoe-

1686 3635 1825 3697 niat
1846 3632 1968 3697 sibi
1994 3648 2210 3695 novum
2227 3649 2348 3695 esse
2369 3629 2720 3713 personale,
2741 3632 2846 3695 sed
2883 3630 3080 3695 solum
3105 3649 3260 3695 nova

1693 3726 1984 3791 habitudo
2007 3744 2127 3789 esse
2145 3722 2495 3807 personalis
2510 3724 2962 3806 proeeoeistentis
2973 3726 3060 3789 ad
3069 3731 3258 3789 natu-

1690 3840 1829 3884 ram
1852 3822 2206 3895 humanam,
2228 3822 2320 3891 ut,
2371 3818 2626 3895 scilicet,
2664 3835 2932 3900 persona
2957 3816 3080 3883 illa
3111 3821 3258 3899 jam

1696 3916 1941 3977 dicatur
1976 3912 2316 3987 subsistere,
2355 3930 2478 3975 non
2514 3912 2712 3976 solum
2745 3915 3070 3978 secundum
3089 3914 3258 3979 dioi-

1696 4026 1841 4071 nam
1864 4011 2177 4085 naturam,
2209 4006 2316 4071 sed
2335 4006 2522 4069 etiam
2549 4008 2878 4071 secundum
2903 4008 3249 4072 humanam.

1776 4100 1883 4163 Ad
1892 4102 2170 4181 primum
2207 4119 2348 4183 eryo
2381 4100 2723 4179 dicendwn,
2773 4103 2934 4181 quod
2960 4118 3080 4166 esse
3115 4118 3258 4167 con-

1696 4196 1973 4275 sequitur
2023 4200 2337 4271 naturam,
2387 4212 2509 4257 non
2557 4196 2716 4260 sicut
2743 4196 3059 4261 habentem
3084 4211 3232 4271 esse,

1696 4291 1801 4354 sed
1824 4290 1981 4355 sicut
1999 4306 2122 4369 qua
2149 4287 2395 4369 aliquid
2413 4294 2541 4363 est,·
2553 4308 2880 4373 personam
2906 4294 3106 4357 autem
3133 4292 3260 4357 sive

1696 4384 2074 4467 hypostasim
2101 4384 2484 4467 consequitur
2537 4384 2696 4451 sicut
2745 4386 3056 4451 habentem
3110 4404 3254 4453 esse.

1695 4476 1787 4541 Et
1819 4478 1953 4541 ideo
1971 4478 2170 4561 mayis
2195 4477 2416 4543 retinet
2445 4478 2748 4545 unitatem
2770 4480 3095 4546 secundum
3119 4480 3256 4547 uni·

1696 4574 1885 4635 tatem
1911 4572 2280 4655 hypostasis,
2309 4590 2495 4653 quam
2522 4574 2737 4640 habeat
2761 4572 3130 4641 dualitatem
3154 4592 3252 4641 se-

1698 4666 1960 4730 cundum
1985 4664 2353 4731 dualitatem
2377 4670 2640 4733 naturoe.

1776 4758 1887 4821 Aa
1936 4758 2258 4825 secundum
2311 4760 2664 4837 dicendum,
2715 4762 2873 4841 quod
2922 4760 3090 4827 illud
3137 4776 3260 4829 esse

1696 4854 1992 4915 oeternum
2015 4848 2186 4915 Filii
2233 4850 2375 4928 Dei,
2405 4850 2569 4935 quod
2618 4856 2704 4919 est
2753 4852 2962 4921 divina
3002 4860 3258 4933 natura,

1697 4940 1775 5025 fit
1801 4962 1921 5010 esse
1947 4942 2232 5019 hminis,
2259 4944 2330 5009 in
2371 4948 2668 5027 quantum
2710 4940 2976 5015 humana
3027 4954 3260 5015 natm-a

1699 5039 2034 5105 asnnnitia·
2057 5058 2098 5107 a
2121 5034 2306 5105 Filio
2327 5034 2448 5107 Dei
2463 5040 2536 5107 in
2555 5040 2857 5109 unitatem
2871 5060 3170 5127 personoe.

1778 5134 1889 5199 Aa
1914 5134 2164 5201 tertium
2191 5130 2538 5215 dicendum,
2561 5132 2744 5219 quod,
2772 5132 2931 5203 sicut
2950 5134 3021 5203 in
3038 5136 3256 5221 prima

1690 5230 1881 5313 parte
1902 5226 2132 5297 dictum
2157 5226 2303 5309 «στ’,
2325 5228 2472 5313 quia
2485 5248 2746 5315 persona
2761 5228 2978 5299 divina
2998 5226 3262 5297 estidem

1703 5340 1838 5390 cum
1858 5328 2112 5404 natura,
2141 5326 2213 5393 in
2239 5327 2523 5411 personis
2548 5326 2774 5395 divinis
2804 5346 2924 5393 non
2965 5330 3056 5393 est
3079 5321 3264 5396 aliud

1782 5512 1801 5551 ¹
1844 5508 2146 5587 0.2‚art.
2183 5516 2316 5577 net
2350 5508 2414 5577 θ.

1778 5601 2010 5684 ²1p.,
2042 5608 2334 5685 φλεψὶ.
2367 5606 2496 5671 tot
2531 5600 2907 5689 &cimam
2939 5622 2997 5673 a.
3037 5608 3091 5671 Ι.
