3892 6167
1359 411 1677 497 visentur.
1713 412 1889 468 XXXI.
1924 414 2093 469 swr.
2127 415 2213 468 lx.

171 512 426 596 quando
443 532 522 579 ex
549 511 674 578 illis
695 510 938 595 aliquid
984 512 1158 577 aliud
1201 494 1562 596 generatur,
1593 514 1734 578 fieri

173 628 285 691 per
309 607 696 673 creationem
725 608 936 672 media
963 608 1188 673 Christi
1215 609 1632 685 humanitate,
1663 616 1734 674 ut

171 698 610 767 instrumento.
646 706 774 768 Sed
803 704 882 768 de
911 706 1028 767 hac
1058 704 1316 785 speciali
1366 702 1731 767 difficultate

173 819 284 862 suo
307 800 430 862 erit
445 800 586 861 loco
611 796 969 863 dicendum.

249 898 353 959 ¹9.
399 894 890 957 Iusti-amentum
932 888 1398 959 annihilationis
1447 894 1732 977 quomodo

167 1004 292 1053 esse
317 986 544 1073 possit.
571 1018 654 1035 —
679 986 758 1049 Et
785 1002 863 1047 ex
887 984 987 1048 his
1033 993 1278 1049 constat
1305 988 1459 1067 quid
1509 988 1732 1049 dicen-

167 1082 314 1143 dum
341 1082 423 1157 sit
457 1080 540 1143 de
573 1078 1062 1154 annihilatione;
1095 1080 1227 1142 haec
1256 1080 1446 1153 enim,
1480 1098 1624 1143 cum
1649 1081 1730 1143 ad

169 1194 290 1237 non
323 1191 442 1237 ens
499 1173 859 1254 simpliciter
899 1174 1292 1248 terminetur,
1341 1190 1470 1236 non
1511 1180 1728 1255 potest

167 1266 297 1331 fleri
319 1284 444 1349 per
479 1264 810 1350 positivam
856 1266 1220 1345 actionem3
1259 1267 1408 1347 quia
1459 1285 1724 1331 necesse

167 1370 256 1425 est
282 1378 545 1424 omnem
586 1360 898 1421 actionem
930 1358 1296 1440 hujusmodi
1333 1361 1416 1424 ad
1448 1360 1726 1441 aliquem

166 1454 504 1518 terminum
535 1452 868 1533 positivum
915 1452 1202 1529 tendere,
1253 1452 1422 1533 quod
1453 1460 1548 1516 est
1574 1472 1724 1516 con-

163 1554 254 1625 tra
279 1549 602 1610 rationem
626 1545 1118 1621 annihilationi5‚
1153 1552 1214 1610 et
1233 1548 1376 1610 ideo
1399 1548 1518 1611 hoc
1536 1548 1725 1610 modo

157 1650 480 1727 repugnat
498 1642 739 1723 aliquid
756 1660 894 1705 esse
909 1640 1394 1706 instrumentum
1413 1642 1722 1705 annihila-

157 1736 374 1799 tionis.
389 1736 552 1809 Ouia
575 1753 726 1801 vero
748 1738 1117 1799 annihilatio
1133 1734 1206 1798 fit
1219 1754 1336 1817 per
1353 1736 1722 1801 subtractio-

155 1848 302 1893 nem
319 1831 630 1906 influxus,
647 1830 701 1891 si
725 1830 896 1892 Deus
919 1831 1411 1893 communicaret
1435 1831 1723 1894 humani-

155 1926 262 1989 tati
273 1930 662 2009 potestatem
679 1923 931 1987 creandi
945 1942 1082 1987 rem
1097 1926 1369 2004 aliquam
1390 1930 1452 1987 et
1469 1942 1724 1989 conser-

153 2020 342 2082 vandi
355 2018 565 2096 illam,
582 2026 797 2100 posset
818 2019 1006 2081 etiam
1025 2018 1093 2081 iu
1117 2020 1437 2081 voluntate
1455 2020 1592 2099 ejus
1609 2038 1721 2101 po-

153 2130 330 2191 nere,
343 2120 422 2175 nt
431 2118 842 2195 possetsuum
859 2128 1232 2175 concursum
1251 2112 1642 2188 subtrahere,
1659 2120 1722 2177 et

159 2208 274 2269 hoc
289 2206 490 2269 modo
517 2208 582 2270 iu
605 2208 870 2271 nihilum
889 2206 1178 2289 redigere
1205 2224 1338 2270 rem
1357 2222 1497 2285 quoe
1515 2208 1596 2270 ab
1615 2208 1720 2271 illo

156 2315 474 2365 concursu
509 2302 580 2363 in
601 2318 716 2363 suo
745 2318 882 2363 esse
898 2300 1204 2383 penderet
1225 2318 1242 2375 ;
1263 2300 1720 2383 ideoquerecte

153 2391 308 2455 dixit
337 2392 419 2457 Ι).
447 2392 727 2457 Thomas
760 2400 1136 2477 potestatem
1161 2394 1549 2457 annihilandi
1569 2389 1722 2475 pe'n-

153 2486 304 2549 dere
335 2502 420 2549 ex
443 2494 755 2567 potestate
780 2488 1055 2560 creandi,
1089 2494 1152 2550 et
1200 2506 1315 2571 per
1362 2488 1538 2551 illam
1581 2506 1719 2551 esse

161 2580 663 2661 cognoscendam
703 2600 816 2644 seu
837 2582 1270 2663 judicandam,
1312 2583 1469 2645 sicut
1521 2582 1720 2663 priva-

177 2675 532 2759 tionem‘per
553 2676 840 2738 habitum
869 2690 1075 2739 suum.
1637 2666 1646 2679 ⁸

241 2770 341 2831 20.
393 2766 694 2852 objectum
726 2770 1048 2851 potestatis
1077 2768 1342 2846 faciendi
1389 2766 1714 2841 miracula,

172 2862 229 2923 in·
253 2858 494 2927 obruto
527 2860 725 2945 quale.
746 2896 828 2911 —
855 2862 1084 2925 Ultimo
1133 2860 1389 2923 tandem
1431 2878 1508 2922 ex
1537 2860 1723 2921 dictis

175 2962 410 3018 constat
444 2956 632 3039 quale
678 2956 760 3019 sit
804 2956 1121 3039 objectum
1165 2956 1356 3036 hujus
1395 2956 1717 3035 potestatis

170 3048 434 3111 faciendi
457 3050 779 3125 miracula,
809 3067 921 3111 seu
957 3050 1040 3112 ad
1063 3067 1222 3129 quas
1266 3066 1369 3113 res
1400 3066 1466 3111 se
1507 3053 1717 3111 exten-

171 3140 298 3203 dat.
327 3140 674 3205 Dicendum
704 3150 801 3206 est
829 3144 1022 3220 enim,
1067 3160 1209 3205 cum
1259 3142 1397 3205 haec
1439 3147 1716 3225 potestas

169 3254 292 3295 non
334 3234 417 3297 sit
441 3238 707 3319 quaiitas
749 3236 985 3319 aliqua,
1021 3236 1123 3299 vel
1150 3242 1428 3317 potestas
1462 3240 1717 3299 natura-

173 3326 268 3399 lis,
297 3344 424 3391 non
451 3331 680 3393 habere
713 3340 948 3393 certam
979 3337 1044 3393 et
1069 3330 1550 3393 determinatam
1580 3345 1715 3390 ma-

177 3424 418 3501 teriam,
451 3422 556 3485 sed
586 3422 862 3505 pendere
894 3443 972 3487 ex
998 3424 1210 3486 divina
1240 3424 1632 3485 ordinatione
1655 3430 1717 3487 et

174 3532 494 3592 concursu,
530 3525 600 3579 ut
621 3518 855 3581 dictum
888 3525 987 3580 est
1009 3516 1326 3597 loquendo
1356 3518 1604 3598 proprie
1635 3514 1714 3579 de

171 3610 447 3685 potentia
471 3611 779 3691 proxima,
813 3616 878 3672 et
923 3612 1002 3673 ad
1035 3610 1350 3691 agendum
1381 3608 1712 3691 expedita3

175 3698 226 3759 si
249 3703 410 3762 enim
423 3710 580 3767 esset
604 3720 812 3765 sermo
830 3702 910 3765 de
926 3703 1207 3784 potentia
1223 3712 1488 3777 remota,
1506 3702 1613 3763 illa
1634 3702 1714 3764 ad

182 3792 558 3879 omnia,quse
588 3796 1154 3881 contradictionem
1197 3814 1326 3858 non
1363 3795 1712 3878 implicant,

181 3886 418 3952 extendi
431 3894 658 3975 potest.

628 4066 986 4141 QUAESTIO
1026 4064 1184 4133 xlv.

161 4226 224 4277 ΗΒ
237 4232 600 4286 numus
615 4232 890 4285 marolus
905 4235 1236 4285 assnmm·
1253 4236 1292 4283 Α
1311 4236 1470 4285 rme
1491 4236 1618 4298 nm,
1648 4237 1714 4285 m

499 4326 778 4384 onerans
795 4329 1113 4379 Anncums
1135 4329 1360 4379 nmsa.

221 4473 462 4543 Deinde
487 4477 983 4547 considerandum
997 4481 1093 4549 est
1119 4476 1188 4541 de
1214 4476 1540 4555 defectibus
1565 4494 1714 4557 quos

158 4561 442 4635 Christus
460 4572 528 4633 in
558 4571 823 4633 bumana
848 4576 1076 4635 natura
1091 4568 1441 4649 assumpsit.
1468 4572 1558 4635 Et
1573 4572 1713 4655 pri·

156 4670 234 4721 mo
269 4664 344 4727 de
379 4665 718 4743 defectibus
761 4664 1052 4745 corporis,
1091 4664 1342 4729 seeundo
1367 4665 1440 4728 de
1468 4664 1712 4741 desecti-

158 4747 250 4815 bus
267 4759 529 4845 ‘anima
557 4756 746 4821 Circa
751 4759 1024 4836 primum
1047 4762 1405 4839 qum-untur
1427 4761 1722 4837 quatuor..

225 4850 470 4925 Primo,
489 4854 703 4913 utrum
727 4848 933 4919 ,Filius
966 4849 1086 4913 Dei
1105 4867 1409 4915 assumere
1452 4848 1715 4915 debuerit

161 4936 216 5005 in
235 4944 513 5007 sumana.
533 4946 767 5009 natura
791 4937 1057 5023 corporis
1089 4944 1382 5019 desectus.

237 5036 532 5111 Secundo,
546 5042 754 5101 utrum
771 5036 1168 5117 assumpserit
1187 5036 1594 5101 necessitatem
1609 5036 1709 5101 liis

169 5129 466 5209 defectibus
494 5130 863 5209 subjacendi.

243 5226 468 5299 Tertio,
489 5228 703 5289 utrum
730 5222 838 5309 bos
869 5222 1132 5299 defectus
1157 5224 1550 5289 contraxerit.
1599 5273 1605 5279 .

248 5318 490 5403 Quarto,
547 5320 758 5382 utrum
806 5331 1004 5378 omnes
1051 5316 1400 5399 bitiusmodi
1445 5318 1711 5395 defectus

183 5414 572 5491 asumma.

259 5574 576 5655 Postquam
605 5572 900 5641 disseruit
924 5578 995 5645 D.
1016 5574 1236 5645 Thom.
1271 5575 1352 5641 de
1382 5576 1710 5666 perfectio·

1815 512 2003 577 nibus
2030 514 2435 579 humanitatis
2491 526 2847 603 assumptas,
2902 522 3220 605 disputare
3266 547 3375 611 ag·-

1814 608 2103 689 greditur
2131 610 2211 672 de
2236 609 2582 673 defectibus
2611 614 2771 695 ejus,
2803 621 2938 678 tum
2989 619 3053 680 in
3084 638 3369 703 corpore,

1813 704 1987 783 quod
2012 699 2079 765 i'n
2104 702 2223 766 hac
2245 706 2591 784 quaestione
2632 708 2784 789 agit,
2831 714 2965 772 tum
3021 710 3087 773 in
3135 714 3368 793 anima,

1815 796 1981 877 quod
2014 797 2267 878 expedit
2286 798 2633 878 quaestione
2650 804 2963 880 sequenti.
2996 804 3128 867 Dici
3158 814 3371 873 autem

1812 888 2109 951 videntur
2140 890 2422 952 hocloco
2450 890 2729 955 defectus
2758 898 3059 975 corporis,
3090 918 3218 962 non
3241 918 3371 964 om·

1811 1001 1928 1044 nes
1958 984 2149 1063 quiin
2180 1001 2441 1064 corpore
2468 986 2629 1049 fiunt
2654 1004 2769 1049 seu
2788 990 3181 1071 recipiuntur
3205 1012 3221 1067 ;
3250 995 3370 1057 hoc

1813 1077 1984 1137 enim
2022 1078 2211 1139 modo
2242 1097 2461 1141 omnes
2487 1080 2768 1144 defectus
2788 1083 3117 1147 sensibiles
3145 1086 3221 1147 ad
3239 1106 3373 1149 cor·

1809 1188 1927 1250 pus
1966 1172 2305 1250 pertinent,
2356 1178 2421 1234 et
2444 1178 2662 1236 tamen
2690 1178 3037 1255 quaestione
3078 1182 3371 1259 sequenti

1806 1262 1975 1325 inter
2005 1262 2283 1327 defectus
2307 1266 2532 1329 animae
2564 1276 2979 1333 numerantur
2988 1294 3009 1348 ;
3043 1280 3193 1335 sunt
3216 1292 3367 1357 ergo

1808 1354 2090 1419 defectus
2146 1360 2445 1439 corporiS,
2494 1362 2709 1441 quide
2745 1382 2813 1425 se
2856 1367 3101 1445 corpori
3142 1385 3367 1430 conve·

1805 1452 2011 1525 niunt,
2049 1456 2113 1514 et
2150 1471 2277 1515 non
2306 1472 2421 1533 per
2456 1454 2757 1532 animam,
2785 1475 2904 1521 nec
2942 1477 3057 1539 per
3079 1461 3367 1540 proprias

1803 1544 2117 1621 potentias
2143 1546 2305 1625 ejuS,
2334 1564 2443 1607 eas
2467 1551 2813 1630 praesertim
2832 1568 2973 1630 quse
3003 1550 3085 1615 ad
3104 1568 3369 1633 cognos-

1803 1636 2074 1699 cendum
2097 1642 2163 1701 et
2194 1640 2538 1703 amandum
2565 1640 2952 1706 deserviunt.

2333 1805 2755 1872 ARTmULUS
2794 1809 2839 1870 1.

1817 1958 2045 2024 Utrum
2084 1958 2298 2025 Filius
2334 1961 2455 2025 Dei
2490 1962 2560 2023 in
2602 1963 2873 2027 bumana
2914 1969 3143 2031 natura
3188 1985 3369 2033 auu-

2001 2070 2160 2119 mere
2200 2055 2470 2118 debuerit
2510 2056 2779 2139 corporis
2818 2058 3085 2138 desectus
3114 2066 3151 2117 ¹.
3260 2122 3266 2129 ,

1884 2212 1939 2273 1.
1974 2206 2083 2273 Ae
2098 2211 2373 2292 primum
2391 2214 2480 2277 sic
2498 2214 2873 2295 proceditur.
2924 2216 3183 2284 Videtur
3206 2218 3371 2299 quod

1800 2300 2015 2367 Filius
2053 2303 2174 2368 Dei
2218 2324 2337 2368 non
2384 2308 2655 2370 debuerit
2697 2326 2997 2373 assumere
3040 2312 3369 2375 humanam

1800 2402 2091 2461 naturam
2120 2416 2254 2462 cum
2291 2400 2559 2481 eorporis
2587 2402 2929 2480 defectibus.
2984 2402 3165 2467 Sicut
3209 2404 3367 2483 enim

1801 2492 2011 2555 anima
2040 2492 2217 2555 unita
2244 2496 2332 2556 est
2349 2494 2760 2577 personaliter
2804 2496 2992 2562 Verbo
3018 2496 3157 2571 Dei,
3184 2496 3279 2560 ita
3308 2502 3367 2561 et

1799 2602 2031 2667 eorpus.
2069 2586 2199 2651 Sed
2224 2589 2432 2651 anima
2467 2584 2706 2652 Christi
2730 2590 2946 2653 babuit
2967 2590 3369 2655 omnimodam

1786 2679 2221 2759 perfectionem
2249 2684 2306 2743 et
2328 2684 2621 2763 quantum
2648 2682 2733 2745 ad
2756 2681 3053 2763 ⁴qratiam,
3085 2689 3142 2745 et
3166 2700 3369 2765 quan-

1799 2777 1928 2835 tum
1950 2772 2037 2836 ad
2055 2774 2393 2851 scientiam,
2426 2778 2493 2836 ut
2522 2792 2711 2855 supra
2742 2774 2970 2839 dictum
2994 2782 3081 2839 est
3110 2779 3155 2841 ².
3188 2776 3366 2861 Eryo

1798 2861 1983 2928 etiam
2028 2884 2242 2951 corpus
2286 2868 2417 2945 ejus
2463 2868 2665 2931 debuit
2713 2886 2832 2932 esse
2870 2870 3139 2933 omnibus
3174 2872 3373 2936 modis

1787 2962 2155 3039 perfectum,
2184 2958 2429 3023 nullum
2455 2962 2523 3023 in
2550 2980 2611 3024 se
2636 2960 2859 3025 liabens
2886 2964 3202 3043 desectum.

1877 3054 1934 3115 2.
1983 3052 2297 3117 Proeterea
2320 3102 2335 3127 ‚
2383 3055 2591 3117 anima
2639 3052 2878 3117 Christi
2915 3056 3155 3119 videbat
3214 3056 3369 3125 Ver-

1797 3144 1934 3209 bum
1958 3144 2100 3221 Dei,
2135 3165 2205 3210 ea
2232 3148 2459 3211 visione
2488 3166 2607 3229 qua
2636 3148 2795 3212 beati
2819 3150 3026 3213 vident
3058 3144 3151 3232 (ut
3178 3168 3368 3233 supra

1797 3238 2025 3303 dictum
2054 3244 2141 3302 est
2168 3240 2219 3325 ³)
2242 3289 2257 3314 ,
2299 3242 2471 3305 etsie
2497 3243 2707 3305 anima
2742 3240 2980 3305 Christi
3004 3248 3138 3307 erat
3167 3244 3360 3310 beata.

1797 3328 1928 3394 Sed
1953 3348 2025 3397 ea·
2044 3334 2412 3397 beatitudine
2439 3334 2662 3397 animoe
2688 3334 3085 3417 plorifieatveo·
3114 3355 3366 3419 corpus‚·

1797 3424 1950 3489 dicit
1978 3428 2137 3489 enim
2168 3426 2576 3509 Auqustinus,
2608 3426 2675 3489 in
2703 3426 2959 3510 epistola
2996 3431 3081 3491 ad
3108 3430 3364 3493 Diosco-

1795 3534 1934 3579 rum
1961 3518 2029 3581 ⁴:
2078 3516 2241 3581 Pam
2273 3522 2515 3601 potenti
2559 3524 2791 3582 natura
2834 3518 3002 3583 Deus
3036 3522 3187 3601 fecit
3222 3522 3367 3583 oni-

1793 3628 1983 3684 mam,
2009 3616 2081 3674 ut
2109 3629 2181 3675 ecc
2207 3612 2337 3692 effus
2350 3612 2715 3694 planissima
2746 3612 3113 3677 beatitudine
3141 3616 3365 3677 redun-

1798 3704 1898 3767 det
1921 3707 2105 3769 etiam
2126 3707 2195 3769 in
2221 3708 2575 3786 inferiorem
2597 3710 2907 3785 naturam,
2934 3708 3095 3787 quod
3117 3714 3204 3771 est
3231 3725 3367 3772 cor-

1794 3816 1946 3879 pus,
1989 3818 2107 3863 non
2155 3800 2458 3863 beatitudo
2480 3848 2498 3877 ,
2538 3816 2675 3881 qua·
2714 3801 2982 3879 fruentis
3020 3806 3078 3863 et
3121 3798 3368 3864 intelli-

1793 3895 1994 3973 9entis
2021 3896 2106 3955 est
2124 3895 2419 3975 propria,
2450 3894 2555 3956 sed
2572 3893 2896 3977 plenitudo
2931 3893 3225 3956 sanitatis
3246 3941 3263 3967 ,
3295 3892 3366 3956 id

1797 3990 1908 4057 est,
1929 3984 2403 4067 incorruptionis
2419 3988 2611 4068 vigor.
2644 3982 2877 4069 Corpus
2896 3985 3094 4067 iyitur
3126 3983 3366 4049 Christi

1794 4080 1926 4156 fuit
1952 4078 2433 4161 incorruptibile,
2466 4085 2522 4141 et
2551 4082 2768 4159 absque
2797 4080 2958 4141 muni
2984 4078 3241 4159 defectu.

1873 4178 1930 4237 3.
1966 4174 2302 4246 Proeterea,
2324 4190 2511 4255 poena
2544 4174 2926 4253 consequitur
2954 4172 3233 4257 cnlpam;
3260 4174 3367 4239 sed

1792 4266 1861 4327 in
1887 4264 2133 4329 Christo
2155 4284 2275 4329 non
2298 4269 2428 4347 suit
2452 4264 2667 4347 aliqua
2695 4264 2900 4349 culpa,
2932 4268 3253 4332 secundum
3276 4267 3364 4330 il-

1794 4360 1906 4425 lud
1932 4362 1957 4424 ⁴
1997 4358 2137 4425 Pet.
2172 4362 2211 4423 2
2242 4380 2259 4424 ι
2297 4360 2418 4437 Qui
2452 4363 2771 4441 peccatum
2816 4378 2937 4423 non
2975 4360 3145 4439 fecit.
3186 4360 3364 4443 Eryo

1791 4472 1900 4517 nec
1942 4454 2207 4533 desectus
2248 4452 2592 4537 corporales
2616 4501 2631 4527 ,
2666 4454 2939 4533 quisunt
2961 4452 3264 4537 pecuales,
3295 4454 3366 4517 in

1795 4568 1855 4612 eo
1885 4567 2006 4612 esse
2035 4550 2387 4612 debuerunt.

1874 4644 1932 4708 4.
1980 4640 2295 4706 Praeterea
2334 4693 2347 4719 ,
2399 4640 2611 4706 nullus
2664 4642 2906 4725 sapiens
2962 4644 3219 4705 assumit
3266 4640 3359 4715 id,

1793 4736 1954 4813 quod
1990 4736 2246 4817 impedit
2288 4736 2489 4817 ipsum
2533 4756 2573 4799 a
2600 4737 2860 4817 proprio
2900 4735 3041 4813 fine.
3091 4732 3223 4797 Sed
3252 4752 3364 4817 per

1793 4827 2143 4907 hujusmodi
2190 4830 2457 4911 desectus
2507 4826 2852 4911 corporales
2872 4876 2889 4902 ,
2928 4822 3363 4909 mveltipliciter

1873 5012 1912 5057 ¹'
1937 5020 1999 5095 3,
2033 5016 2174 5081 dist.
2208 5022 2269 5096 5,
2302 5000 2526 5101 quaest.
2560 5020 2619 5093 1,
2650 5022 2767 5079 art.
2796 5018 2857 5092 1,
2887 5017 2947 5079 et
2974 5014 3037 5077 d.
3064 5014 3167 5091 22,
3202 5030 3264 5095 q.
3295 5016 3359 5091 2,

1718 5182 1722 5187 .
1792 5117 1907 5176 art.
1966 5116 2027 5186 1,
2064 5131 2127 5195 q.
2179 5117 2250 5189 l,
2298 5132 2512 5193 corp.;
2567 5117 2628 5173 et
2673 5115 2712 5172 4
2756 5116 2983 5187 contr„
3036 5124 3091 5171 c.
3140 5110 3252 5183 55,
3302 5115 3363 5170 et

1794 5222 1973 5287 opus,
2007 5208 2069 5283 2,
2116 5224 2253 5287 cap.
2287 5208 2429 5268 226.
2888 5282 2891 5287 Ι

1871 5300 1900 5337 ²
1939 5300 2011 5375 Q.
2044 5304 2107 5379 7,
2138 5306 2256 5363 art.
2286 5306 2350 5374 9,
2381 5318 2443 5383 q.
2477 5298 2540 5375 9,
2572 5302 2687 5361 art.
2718 5300 2779 5361 2.

1874 5391 1900 5433 s

1872 5486 1895 5526 ⁴
1939 5393 2109 5569 gpi}
2139 5398 2303 5567 856?-
2329 5505 2456 5567 non
2517 5486 2781 5548 multum
2837 5490 2981 5546 ante
3032 5482 3307 5546 medium
3342 5527 3359 5571 .²

1794 5586 1947 5647 tom.
1976 5584 2039 5649 2.
