3892 6167
1377 370 1614 437 Qum.
1646 371 1759 427 xu.
1788 370 1995 429 Anuc.
2029 373 2115 429 w.
3287 378 3370 439 ’15

146 490 293 535 non
319 472 547 537 debuit
566 471 649 537 ab
664 470 1029 535 hominihus
1051 470 1291 551 doceri,
1319 472 1511 549 unde,
1534 472 1573 536 J
1576 490 1721 535 oan.

154 572 223 641 7,
262 567 565 630 dicebant
584 568 619 629 J
624 566 825 631 udaei:
862 565 1156 641 Quomodo
1186 566 1285 631 kic
1312 566 1551 633 litteras
1578 568 1722 644 seit,

156 678 299 723 eum
332 678 459 723 non
494 660 820 725 didicerit?
850 662 927 723 Et
970 660 1168 723 Marci
1195 663 1281 724 6:
1330 661 1729 727 Mirabantur

156 754 231 815 in
248 754 531 821 doctrin
554 754 715 834 ejus,
742 754 998 819 dieentes
1018 780 1041 817 .·
1078 753 1244 819 Unde
1276 754 1421 819 huic
1452 756 1581 819 noec
1604 772 1729 819 om-

154 848 296 925 nia,
330 854 387 913 et
406 866 541 929 quoe
562 853 654 917 est
675 848 803 913 koec
813 848 1111 931 sapientia
1134 865 1269 931 μω
1289 848 1433 915 data
1464 853 1560 917 est
1578 848 1714 915 illi
1700 850 1731 887 ⁹

662 1044 1087 1111 ARTICULUS
1126 1046 1229 1109 lv,

212 1217 451 1283 Utrum
480 1216 769 1288 Christus
812 1220 1059 1385 aligaiff
1102 1222 1397 1307 acceperit
1440 1222 1517 1289 ab
1542 1220 1685 1289 An·-

838 1336 912 1403 oe
942 1338 999 1385 is
1046 1370 1059 1383 .

234 1510 297 1569 1.
372 1506 483 1573 Aa
534 1514 825 1589 quartum
880 1508 971 1575 sic
1014 1508 1389 1590 proceditur.
1468 1506 1729 1577 Videtur

148 1600 319 1678 quod
352 1598 639 1666 Christus
668 1604 745 1667 ab
769 1601 1031 1685 Anoelis
1054 1604 1373 1667 scientiam
1398 1603 1721 1683 acceperit.

150 1694 415 1759 Dicit-ar
452 1696 613 1761 enim
639 1694 787 1761 Luc.
822 1699 923 1770 22,
956 1699 1116 1776 quod
1150 1696 1445 1779 apparuit
1478 1694 1725 1760 Christo

146 1786 443 1870 Anystus
470 1791 543 1853 de
570 1788 741 1861 coelo,
770 1793 1119 1869 confortans
1144 1808 1295 1856 ecem.
1324 1790 1457 1855 Sed
1480 1793 1725 1872 confor-

148 1884 319 1945 tatio
350 1882 429 1959 fit
458 1902 581 1965 per
620 1886 801 1949 verba
836 1886 1283 1963 confortatoria
1308 1885 1595 1959 docentis,
1627 1904 1725 1950 se-

150 1977 427 2039 eundum
452 1976 621 2041 illud
644 1977 779 2041 Job.
812 1980 890 2041 4:
921 1977 1082 2043 Ecce
1118 1978 1377 2043 docuisti
1388 1977 1722 2061 plurimos,

152 2074 213 2133 et
240 2086 467 2135 manus
504 2070 705 2137 lassas
743 2072 1063 2149 roborasti,
1091 2070 1457 2139 vacillantes
1494 2073 1727 2151 confir-

150 2170 481 2229 maverunt
510 2183 809 2231 sermones
830 2166 945 2233 tui.
972 2166 1153 2249 Erqo
1180 2165 1465 2231 Christus
1490 2168 1565 2233 ab
1580 2166 1725 2231 An-

152 2256 317 2337 ¹celis
338 2262 580 2325 edoctus
600 2265 707 2325 est.

234 2356 299 2415 2.
362 2354 683 2420 Proeterea
700 2402 719 2431 ,
786 2355 1121 2437 Dionysius
1178 2356 1331 2421 dicit
1383 2360 1425 2419 4
1478 2354 1718 2425 Coelest.

156 2446 467 2512 hierarch.
485 2449 513 2487 ²
533 2476 557 2512 .·
600 2449 785 2517 Video
809 2450 967 2515 enim
984 2451 1147 2532 quod
1162 2456 1221 2515 et
1244 2452 1375 2532 ipse
1398 2450 1597 2531 Jesus,
1616 2470 1725 2515 su-

148 2540 603 2620 percoelestium
638 2546 1123 2609 substantiarum
1162 2546 1727 2625 supersubstantia-

160 2632 243 2695 lis
264 2637 635 2713 substantia,
666 2640 751 2703 ad
781 2645 1057 2705 nostram
1095 2638 1727 2704 intransmutabiliter

155 2728 419 2807 uniens,
452 2732 793 2797 obedienter
807 2732 1129 2813 subjicitur
1140 2732 1363 2797 Patris
1388 2738 1449 2797 et
1472 2733 1594 2797 Dei
1604 2753 1726 2815 per

150 2822 433 2905 Anqelos
477 2828 965 2906 formationibus.
1027 2826 1285 2895 Videtur
1328 2828 1527 2908 icitur
1565 2830 1726 2908 quod

150 2917 177 2977 i
166 2936 281 2997 pse
330 2918 621 2987 Christus
662 2921 1037 2987 ordinationi
1074 2920 1229 3003 lepis
1256 2922 1479 2985 divinas
1507 2922 1727 3001 sichici

152 3010 445 3089 voluerit,
466 3034 589 3097 per
608 3033 795 3097 quam
820 3017 1085 3083 homines
1102 3060 1119 3089 ,
1148 3015 1552 3081 mediantibus
1580 3015 1723 3081 An-

150 3106 336 3185 yelis,
364 3110 754 3175 erudiuntur.

234 3204 296 3266 3.
344 3202 689 3279 Praeterea,
728 3204 883 3271 sieut
919 3222 1135 3285 corpus
1160 3204 1489 3269 humanum
1532 3210 1723 3271 natu-

148 3295 287 3359 rali
311 3298 530 3361 ordine
544 3299 867 3379 subjicitm·
882 3298 1230 3378 corporibus
1254 3298 1607 3375 coelestibus,
1626 3301 1723 3365 ita

148 3392 343 3452 etiam
390 3394 661 3457 limana
684 3410 850 3456 mens
893 3390 1189 3473 anqelicis
1224 3394 1536 3457 meatibus.
1590 3390 1723 3459 Sed

148 3502 377 3565 corpus
430 3484 671 3549 Christi
704 3486 1033 3566 subjectum
1057 3486 1187 3565 fnit
1230 3486 1723 3567 impressionibus

150 3576 495 3641 coelestium
527 3597 843 3662 corporum
860 3628 879 3655 ,
898 3596 1125 3661 passus
1150 3582 1237 3643 est
1276 3580 1437 3642 enim
1462 3578 1723 3645 calorem

154 3672 223 3733 in
251 3677 491 3747 (estate,
540 3679 601 3738 et
648 3675 719 3739 in
764 3676 971 3755 hyeme
998 3675 1227 3755 frique,
1273 3672 1431 3737 sicut
1456 3678 1517 3737 et
1559 3673 1723 3739 alias

152 3766 465 3831 humanas
480 3770 817 3849 passiones.
843 3767 1021 3849 Erpo
1046 3768 1233 3831 etiam
1260 3766 1391 3847 ejus
1412 3784 1579 3833 mens
1604 3768 1723 3833 hu-

152 3877 345 3923 mana
389 3862 734 3941 subjacebat
760 3861 1312 3927 diminutionibus
1334 3860 1723 3943 supercoeles-

158 3954 319 4015 tium
344 3957 701 4035 spirituum.

243 4046 379 4111 Sed
410 4056 621 4117 contra
656 4054 747 4115 est
772 4052 929 4129 quod
946 4050 1285 4130 Dionysius
1317 4050 1490 4127 dicit,
1520 4048 1560 4113 7
1582 4068 1715 4130 cap.

164 4142 407 4209 Coelest.
442 4145 597 4210 ltier.
622 4146 671 4223 ³,
688 4146 847 4227 quod
869 4145 1381 4227 supremiAnqeli
1408 4146 1494 4207 ad
1522 4144 1725 4225 ipsum

160 4237 215 4299 J
206 4256 375 4301 esum
388 4240 773 4318 quaestionem
786 4240 1048 4321 faciunt,
1068 4240 1375 4319 divinique
1390 4238 1445 4303 il
1448 4239 1571 4303 lius
1588 4258 1726 4319 ope-

160 4334 275 4407 ris,
326 4340 384 4401 et
428 4354 549 4419 pro
574 4336 745 4401 nobis
782 4342 1107 4417 assumpta
1156 4336 1365 4401 carnis
1408 4336 1726 4401 scientiam

161 4429 425 4505 discunt,
448 4435 507 4495 et
530 4447 626 4495 eos
648 4431 777 4511 ipse
803 4429 977 4495 Jesus
992 4432 1125 4495 sine
1144 4430 1341 4493 medio
1362 4431 1545 4493 docet.
1574 4428 1727 4494 Non

161 4527 245 4587 est
272 4527 479 4587 aedem
502 4522 765 4603 ejusdem
788 4524 993 4589 docere
1010 4529 1066 4587 et
1090 4524 1309 4589 doceri.
1328 4522 1509 4604 Erqo
1534 4521 1725 4589 Chri·

159 4623 293 4681 stus
314 4636 439 4681 non
456 4618 687 4699 accepit
709 4620 1031 4685 scientiam
1050 4620 1126 4684 ab
1152 4618 1431 4700 Anqelis.

244 4712 593 4793 Respondeo
622 4712 939 4779 dicendum
963 4714 1124 4793 quod
1140 4758 1159 4787 ,
1186 4712 1344 4777 sicut
1370 4711 1581 4777 anima
1606 4714 1727 4777 hu·-

162 4826 349 4873 mana
367 4808 569 4873 media
597 4814 683 4873 est
707 4809 873 4873 inter
893 4808 1255 4889 epia-itmles
1278 4807 1653 4871 snbstantias
1668 4812 1727 4873 et

168 4922 259 4967 res
287 4902 661 4983 corporales,
692 4904 791 4969 ita
816 4904 1043 4967 duobus
1064 4902 1263 4967 modis
1286 4906 1438 4967 nata
1468 4906 1555 4966 est
1572 4919 1727 4983 per-

170 5000 291 5075 fici.
344 4998 483 5061 Uno
503 4998 747 5077 quidem
770 4998 941 5063 modo
948 5014 1069 5078 per
1086 4996 1403 5061 seientiam
1418 5000 1729 5076 acceptam

174 5112 239 5156 eae
282 5093 463 5157 rebus
504 5090 887 5157 sensibilibus
903 5115 929 5165 ,·
970 5090 1099 5157 alio
1142 5091 1315 5153 modo
1357 5106 1477 5173 per
1527 5088 1728 5155 scien·

246 5274 459 5349 ¹1nt„
488 5293 554 5356 q.
586 5278 691 5349 30,
720 5292 779 5340 a.
812 5278 875 5347 Ξ,
906 5274 989 5337 ad
1018 5278 1095 5353 13
1132 5279 1197 5339 et
1220 5276 1285 5346 3,
1312 5270 1379 5339 d.
1422 5272 1533 5347 13,
1564 5288 1629 5353 q.
1658 5276 1723 5348 2,

170 5389 226 5433 a.
252 5374 315 5445 2,
342 5388 406 5451 q.
440 5374 503 5442 1,
536 5375 601 5435 et
625 5368 691 5433 d.
724 5370 823 5443 14,
856 5386 915 5434 α.
946 5370 1005 5443 3,
1038 5386 1104 5450 q.
1134 5372 1195 5433 6.

248 5464 271 5504 ¹
308 5465 445 5527 Non
484 5463 705 5544 procul
734 5482 769 5525 a
797 5462 905 5527 fin.

252 5560 274 5601 ²
320 5559 461 5621 Post
490 5555 663 5621 med.

1806 474 1962 537 tiam
1993 474 2260 541 inditam
2289 476 2413 541 siee
2436 476 2796 558 impressam
2817 492 2894 543 eoe
2917 474 3372 545 illuminatione

1804 568 2234 649 spiritualium
2281 570 2782 637 substantiarum,
2849 572 3124 653 Utroque
3167 578 3372 639 andem

1806 664 1980 725 modo
2005 664 2218 729 anima
2247 662 2486 729 Christi
2507 664 2637 745 fuit
2657 667 2942 747 perfecta
2957 712 2976 741 ,
3011 684 3088 729 ea
3109 668 3370 733 sensibi—

1809 754 1970 821 libus
1991 758 2234 839 quidem
2251 760 2572 826 seeundum
2585 760 2904 825 scientiam
2925 762 3372 841 monimenta·-

1808 848 1950 924 lem,
1995 853 2082 915 ad
2107 868 2294 933 qnam
2329 853 2578 933 quidem
2621 870 2742 917 non
2779 853 3126 933 requiritur
3165 853 3371 921 lumen

1808 945 2174 1029 anqelicmn,
2197 950 2306 1013 sed
2321 948 2564 1028 sufficit
2593 947 2796 1013 lumen
2811 948 3159 1015 intellectus
3175 968 3370 1032 ayon-

1806 1040 1931 1111 tis;
1982 1059 2056 1107 ea·
2099 1041 2485 1123 impressione
2529 1060 2664 1107 vero
2709 1043 3014 1125 superiori
3049 1044 3370 1109 secundum

1800 1133 2126 1199 scientiam
2145 1136 2442 1215 infusam,
2459 1154 2642 1215 quam
2669 1142 2756 1202 est
2775 1138 3121 1203 immediate
3145 1139 3372 1219 adepta

1804 1246 1847 1293 a
1872 1227 2023 1293 Deo.
2069 1227 2254 1295 Sicut
2279 1232 2439 1295 enim
2479 1248 2671 1313 supra
2717 1248 3081 1295 comunem
3125 1232 3370 1296 modum

1804 1327 2106 1389 creaturae
2119 1324 2330 1390 anima
2346 1324 2468 1389 illa
2493 1325 2674 1389 unita
2689 1328 2773 1387 est
2819 1323 3008 1391 Verbo
3034 1323 3104 1386 in
3131 1325 3372 1391 unitate

1794 1432 2076 1497 persona·
2093 1464 2110 1490 ,
2139 1418 2234 1481 ita
2259 1436 2448 1499 supra
2475 1435 2840 1483 communem
2883 1418 3124 1481 modum
3173 1418 3370 1483 homi-

1806 1527 1978 1585 num,
2005 1512 2354 1577 immediate
2379 1512 2455 1576 ab
2482 1512 2614 1591 ipso
2645 1511 2768 1575 Dei
2807 1512 2996 1579 Verbo
3021 1509 3258 1590 repleta
3283 1516 3369 1575 est

1804 1604 2066 1670 scientia
2115 1609 2172 1669 et
2221 1605 2456 1687 aratia.
2507 1604 2658 1671 Non
2709 1608 2912 1669 autem
2969 1604 3376 1671 mdiantibus

1802 1696 2098 1780 Anyelis,
2153 1699 2262 1779 qui
2303 1700 2490 1763 etiam
2515 1716 2590 1763 ece
2629 1699 2960 1779 influentia
3017 1697 3236 1771 Verbi,
3267 1718 3372 1763 re-

1804 1810 1943 1860 rum
1971 1792 2288 1859 scientiam
2310 1793 2380 1855 in
2403 1792 2502 1857 sui
2535 1793 2850 1874 principio
2877 1796 3254 1873 acceperunt,
3277 1794 3373 1857 si·

1806 1893 1907 1953 ont
1942 1888 2014 1951 in
2039 1891 2080 1953 2
2117 1906 2300 1971 super
2335 1885 2542 1953 Genes.
2575 1888 2662 1951 ad
2689 1886 2968 1953 litteram
2987 1884 3374 1967 Aufustianis

1806 1983 1960 2047 dicit
1983 1982 2022 2047 ¹.

1884 2076 1996 2141 Ad
2021 2077 2298 2158 primum
2323 2092 2462 2158 erqo
2491 2074 2828 2149 dicendeem,
2859 2074 3019 2154 qnod
3062 2072 3184 2139 illa
3225 2090 3370 2141 con·-

1804 2170 2066 2249 fortatio
2091 2169 2324 2253 Anaeli
2339 2186 2464 2233 non
2480 2170 2606 2248 fuit
2625 2188 2744 2250 per
2761 2170 3002 2234 modum
3017 2170 3370 2235 instructio-

1804 2264 1927 2341 nis,
1954 2266 2062 2330 sed
2096 2266 2182 2329 ad
2211 2264 2740 2329 demonstrandam
2754 2264 3198 2344 proprietatem
3249 2264 3370 2327 hu·-

1804 2374 2004 2423 manoe
2017 2362 2278 2425 naturas.
2313 2357 2492 2423 Unde
2515 2357 2692 2421 Beda
2711 2356 2862 2423 dicit
2875 2374 3056 2438 super
3066 2356 3298 2421 Ducam
3313 2358 3368 2421 ².-

1804 2450 1889 2515 In
1914 2455 2263 2519 doctmonte
2299 2452 2614 2530 utriusque
2656 2454 2920 2523 natm-ee,
2951 2453 3008 2513 et
3049 2447 3282 2531 Anqeli
3313 2453 3371 2517 ei

1803 2546 2187 2611 ministrasse
2209 2592 2226 2619 ,
2285 2550 2342 2609 et
2411 2562 2542 2608 eum
2611 2546 2982 2622 confortasse
3057 2542 3365 2611 dicuntur.

1810 2640 2070 2705 Creator
2091 2641 2252 2707 enim
2275 2650 2574 2707 ereatura
2595 2657 2719 2701 Μ
2733 2654 2856 2701 non
2879 2637 3362 2719 equitpraesidio,

1802 2737 1909 2802 sed
1936 2737 2108 2799 homo
2135 2737 2373 2813 factus,
2411 2734 2570 2799 sicut
2596 2736 2858 2813 propter
2879 2748 2989 2795 nos
3021 2731 3226 2795 tristis
3253 2736 3364 2805 est,

1800 2831 1895 2895 ita
1912 2833 2174 2911 propter
2195 2846 2304 2893 nos
2331 2831 2736 2908 confortatur,
2767 2829 2858 2903 nt,
2883 2824 3138 2897 seilicet,
3159 2824 3230 2889 in
3253 2842 3366 2891 no-

1805 2924 1895 2989 bis
1918 2924 2074 3001 fides
2097 2922 2543 2987 incarnationis
2563 2921 2760 3001 ipsius
2787 2920 3197 2996 confirmetwr.

1880 3018 1992 3083 Ad
2015 3018 2338 3083 secundum
2363 3016 2678 3081 dicendum
2703 3014 2862 3094 quod
2891 3012 3226 3091 Dionysius
3261 3012 3364 3077 di-

1804 3113 1889 3179 cit
1904 3159 1921 3185 ‚
1959 3111 2273 3175 Christum
2313 3110 2506 3189 fuisse
2555 3107 3022 3189 formationibus
3065 3104 3364 3187 anqelicis

1800 3205 2152 3284 subiectum,
2197 3222 2320 3267 non
2343 3204 2582 3269 ratione
2607 3203 2706 3265 sui
2727 3200 2953 3283 ipsius,
2981 3200 3086 3265 sed
3121 3201 3364 3265 ratione

1802 3316 2008 3363 eorum
2051 3316 2186 3378 qnoe
2211 3298 2376 3363 circa
2403 3297 2533 3375 ejus
2565 3296 3050 3359 incarnationem
3095 3294 3366 3375 ayeban-

1802 3398 1929 3466 tur,
1965 3398 2022 3455 et
2053 3394 2220 3457 eirca
2263 3390 2780 3454 ministrationem
2811 3389 2942 3468 eJus
2975 3388 3046 3451 in
3073 3387 3367 3467 infantili

1800 3490 1984 3551 oetate
2007 3486 2342 3551 constituti.
2373 3485 2554 3549 Unde
2582 3483 2800 3548 ibidem
2825 3482 3052 3555 subdit,
3079 3482 3368 3562 quodper

1800 3580 2026 3644 medios
2043 3578 2318 3661 Anyelos
2340 3577 2668 3643 nuntiatur
2685 3576 2910 3659 Josepn
2945 3594 2988 3641 a
3005 3576 3203 3639 Patre
3231 3576 3364 3639 dis-

1792 3676 2060 3755 pensata
2083 3672 2232 3735 Jesu
2257 3673 2342 3737 ad
2363 3670 2722 3753 AE'wptum
2739 3670 3008 3743 recessio,
3035 3672 3092 3733 et
3119 3686 3366 3733 rursum

1803 3766 1889 3831 ad
1911 3765 2198 3831 Judoeam
2223 3766 2295 3830 de
2317 3764 2606 3847 AEwpto
2636 3764 2962 3829 traductio.

1880 3858 1992 3923 Ad
2015 3860 2268 3925 tertium
2305 3860 2622 3925 dicendum
2645 3904 2662 3931 ‚
2691 3859 2851 3937 quod
2873 3856 3088 3921 Filius
3111 3857 3234 3921 Dei
3257 3876 3364 3923 as·-

1803 3954 2062 4035 sumpsit
2091 3970 2306 4035 corpus
2335 3950 2632 4034 passibile
2661 3948 2688 4033 (
2702 3956 2770 4015 nt
2802 3951 2984 4029 infra
3011 3951 3246 4015 dicetur
3269 3952 3294 3993 ³
3305 3952 3364 4037 ),

1800 4049 1907 4113 sed
1940 4048 2216 4111 animam
2231 4049 2576 4127 perfectam
2609 4045 2868 4109 scientia
2896 4049 2952 4107 et
2979 4045 3212 4125 pratia.
3269 4045 3364 4109 Et

1802 4145 1937 4207 ideo
1983 4160 2198 4225 corpus
2239 4142 2368 4220 ejus
2417 4141 2828 4207 convenienter
2870 4140 2998 4217 fuit
3040 4139 3366 4219 suh‘ectum

1803 4236 2188 4318 impressioni
2231 4233 2557 4301 coelestiwm
2603 4250 2918 4315 corporum
2937 4280 2954 4306 ‚
2989 4234 3198 4299 anima
3229 4252 3366 4299 vero

1805 4332 1935 4411 ejus
1965 4349 2086 4395 non
2132 4330 2260 4411 fuit
2303 4327 2571 4409 subjecta
2612 4325 2998 4409 impressioni
3037 4326 3366 4393 calestinm

1804 4426 2154 4509 spirituum.

2279 4624 2904 4693 COMMENTARIUS.

1888 4808 1952 4867 1.
1997 4804 2197 4885 Negat
2225 4803 2300 4865 D.
2329 4802 2628 4879 Thomas,
2659 4801 2972 4865 Christum
2997 4798 3082 4863 ab
3113 4798 3370 4880 Angelis

1808 4896 2048 4977 aliquid
2067 4896 2380 4969 didicisse,
2411 4901 2476 4959 et
2495 4896 2730 4975 optima
2761 4895 2956 4959 utitur
2978 4894 3364 4975 conjectura,

1806 4991 1959 5071 quia
1971 5008 2182 5071 neque
2205 4991 2416 5070 quoad
2443 4988 2798 5052 naturalem
2825 4986 3248 5069 cognitionem
3269 4986 3372 5049 in·-

1806 5084 2009 5167 dignit
2049 5084 2296 5149 lumino
2341 5082 2652 5165 angelico,
2682 5082 3006 5165 proprium
3061 5082 3234 5145 enim
3279 5079 3368 5145 illi

1894 5276 1911 5316 ¹
1956 5276 2021 5339 C.
2076 5279 2139 5348 8,
2164 5282 2316 5338 tom.
2351 5277 2414 5339 3.

1890 5371 1917 5408 ²
1957 5369 2092 5431 Lib.
2121 5370 2164 5431 6
2189 5369 2254 5430 in
2283 5369 2458 5443 Luc„
2495 5386 2554 5433 c.
2603 5370 2708 5443 92,
2763 5366 3112 5433 secundum
3157 5362 3364 5427 ordin.

1812 5462 2014 5535 Bedoe,
2046 5469 2194 5525 anto
2223 5462 2419 5536 med„
2449 5470 2603 5526 tom.
2631 5468 2693 5525 2.

1890 5556 1913 5596 ³
1959 5556 2183 5629 Quaest.
2221 5558 2322 5631 14,
2355 5562 2472 5619 art.
2499 5560 2560 5617 1.

3573 5814 3848 6133 A
