3892 6167
496 339 659 438 '422

539 481 711 564 quod
738 486 835 543 est
858 495 1081 542 verum
1106 477 1186 541 dc
1226 479 1523 540 servitute
1560 482 1631 540 ut
1656 477 1919 540 includit
1967 491 2104 540 om-

539 593 689 638 nem
716 575 889 636 illam
938 571 1503 652 imperfectionem,
1532 587 1662 633 non
1686 587 1837 633 vero
1864 571 1945 632 de
1972 587 2106 631 ser-

541 669 735 733 vitute
765 667 847 730 ad
874 669 1097 740 Deum,
1150 685 1289 747 quae
1318 685 1396 729 ex
1438 667 1575 729 sola
1622 665 1939 728 creatione
1989 681 2103 726 seu

546 763 875 824 effectione
900 761 1119 822 oritur.
1153 760 1333 832 Quod
1360 761 1411 822 si
1468 759 1568 823 cui
1618 757 1982 821 incredibile
2009 758 2104 821 vi-

544 855 789 926 deatur,
816 854 1191 935 Elipandum
1218 855 1283 915 in
1309 859 1437 916 tam
1482 859 1769 934 apertum
1818 859 1881 916 et
1933 853 2104 914 hlas-

544 949 848 1032 phemum
868 965 1145 1010 errorem
1162 948 1479 1024 incidisse,
1497 956 1568 1009 ut
1596 947 1881 1009 crederet
1900 946 2106 1008 Chris·

546 1051 679 1105 tum
700 1042 1039 1122 aliquando
1066 1041 1361 1104 hahuisse
1386 1049 1738 1122 peccatum,
1764 1039 2106 1120 responde-

546 1143 647 1198 tur
674 1134 996 1216 imprimis,
1024 1136 1077 1197 si
1106 1136 1303 1197 semel
1322 1135 1583 1198 credidit
1622 1135 1795 1196 illum
1824 1149 1966 1194 esse
1993 1150 2106 1212 pu·

548 1249 687 1294 rum
716 1229 1062 1302 hominem,
1092 1229 1276 1291 facile
1299 1229 1579 1309 potuisse
1620 1228 1685 1289 in
1740 1243 1887 1289 eum
1940 1243 2108 1288 erro-

546 1343 682 1387 rem
708 1321 857 1384 labi.
900 1321 1141 1385 Deinde
1168 1321 1351 1384 nohis
1374 1323 1495 1385 hoc
1524 1339 1651 1384 non
1678 1324 1942 1393 constat,
1989 1335 2105 1381 nec

544 1417 971 1479 necessarium
994 1421 1090 1479 est
1118 1417 1242 1480 hoc
1260 1415 1351 1479 illi
1377 1418 1727 1496 imponere,
1756 1413 1870 1478 sed
1898 1414 2106 1474 solum

548 1511 861 1574 credimus
912 1513 1281 1587 asseruisse,
1342 1509 1655 1572 Christum
1712 1507 1907 1569 fuisse
1949 1521 2106 1588 pure

548 1623 823 1680 servum,
850 1611 1188 1684 antequam
1214 1603 1401 1666 fuerit
1426 1605 1493 1665 in
1516 1603 1717 1664 filium
1739 1603 2106 1682 adoptatus,

548 1703 759 1780 itaque
784 1700 863 1762 de
890 1699 997 1760 illa
1026 1700 1321 1761 servitute
1364 1697 1553 1759 fuisse
1598 1697 1901 1770 locutum,
1932 1713 2008 1757 ac
2055 1695 2106 1755 si

548 1793 651 1858 ille
679 1793 872 1855 homo
896 1793 1176 1855 Christus
1202 1791 1487 1872 ejusdem
1524 1795 1689 1853 esset
1730 1789 2108 1852 conditionis

551 1895 613 1951 et
646 1889 901 1970 originis
920 1888 1098 1968 cnjus
1124 1905 1239 1948 nos
1264 1903 1506 1948 sumus.

630 1985 729 2047 50.
755 1983 959 2062 Atque
986 1981 1132 2043 hinc
1160 1981 1413 2042 tandem
1446 1979 1773 2059 probabile
1803 1977 1958 2041 mihi
1989 1983 2104 2054 est,

552 2077 633 2141 ad
677 2075 1129 2140 eliminandum
1164 2081 1228 2136 et
1256 2071 1693 2138 detestandum
1724 2074 1892 2135 hunc
1936 2091 2113 2134 erro·-

550 2189 710 2248 rem,
741 2171 1015 2233 voluisse
1055 2170 1247 2232 etiam
1289 2167 1637 2230 Adrianum
1678 2166 1911 2243 dicere,
1943 2167 2115 2228 Chri·-

552 2273 717 2328 stum
746 2263 1109 2345 simpliciter
1137 2268 1201 2325 et
1229 2261 1507 2324 absolute
1535 2279 1666 2323 non
1694 2277 1833 2322 esse
1862 2279 1897 2322 a
1928 2259 2112 2322 nobis

550 2357 996 2441 appellandum
1020 2373 1305 2430 servum3
1336 2363 1397 2418 et
1435 2355 1552 2417 hac
1580 2355 1821 2416 ratione
1848 2355 1996 2416 totis
2021 2353 2114 2415 vi-

550 2454 722 2517 ribus
756 2454 1051 2515 conatum
1080 2467 1219 2513 esse
1268 2449 1581 2530 explicare
1616 2449 1860 2512 Veteris
1890 2449 2116 2510 Testa-

554 2545 747 2609 menti
769 2545 1144 2626 Scripturas,
1166 2547 1385 2605 utnon
1406 2544 1524 2605 nisi
1547 2559 1660 2623 per
1678 2543 2113 2622 metaphoram

554 2641 618 2702 in
648 2641 739 2701 eis
764 2637 1075 2714 Christus,
1110 2653 1326 2699 servus
1356 2636 1705 2716 appelletur
1722 2657 1739 2710 ;
1770 2652 1941 2710 nam,
1969 2635 2114 2698 licet

551 2733 658 2796 illa
684 2732 1040 2795 testimonia
1062 2729 1306 2810 possint
1330 2729 1450 2793 elio
1482 2727 1671 2790 modo
1701 2727 1956 2808 exponi,
1979 2733 2113 2788 uta

556 2825 842 2888 Patribus
892 2825 1319 2898 declarantur,
1366 2823 1525 2885 sicut
1568 2823 1635 2884 in
1683 2821 2114 2902 superioribus

554 2922 756 2980 visum
786 2925 901 2997 est,
934 2923 1147 2980 tamen
1179 2915 1489 2979 Adrianus
1515 2915 1615 2978 vel
1640 2915 1845 2977 noluit
1872 2915 1995 2977 alia
2022 2914 2115 2976 111-

556 3009 1003 3092 terpretatione
1032 3009 1162 3086 uti,
1194 3009 1342 3088 quia
1372 3027 1447 3070 ea
1474 3009 1607 3072 visa
1644 3013 1738 3070 est
1766 3023 2118 3071 accommo-

554 3107 759 3168 datior
777 3103 858 3166 ad
876 3103 1127 3180 rem,de
1148 3119 1273 3180 qua
1298 3110 1447 3164 tunc
1471 3101 1721 3183 agebat,
1736 3119 1817 3164 ne
1837 3103 2112 3182 aliquam

556 3201 951 3261 occasionem
979 3197 1361 3276 relinqueret
1386 3195 1693 3258 haereticis
1722 3195 2021 3256 abutendi
2043 3197 2116 3257 in

554 3290 796 3354 Christo
839 3291 947 3352 illa
988 3291 1147 3352 servi
1180 3289 1635 3370 appellatienc;
1680 3288 1781 3350 vel
1819 3294 2008 3364 certe,
2061 3290 2112 3349 si

555 3405 699 3447 eam
744 3384 1319 3465 interpretationem
1368 3389 1477 3445 aut
1518 3383 1768 3446 unicam
1822 3389 1932 3444 aut
1979 3397 2116 3444 om-

553 3483 732 3542 nium
770 3479 1067 3560 optimam
1102 3477 1508 3548 existimavit,
1538 3477 1605 3538 id
1650 3477 1731 3538 ad
1760 3475 1952 3538 fidem
1985 3493 2114 3537 non

553 3575 851 3656 pertinet,
898 3571 1009 3634 sed
1064 3571 1146 3634 ad
1196 3571 1502 3653 privatam
1548 3571 1746 3651 ipsius
1801 3569 2114 3632 Pontificis

559 3669 939 3750 opinionem.
976 3667 1051 3727 Et
1085 3665 1406 3742 similiter,
1453 3665 1623 3744 quod
1652 3665 1964 3727 Adrianus
1992 3667 2111 3740 ait,

552 3763 617 3821 in
646 3761 816 3822 Novo
862 3761 1266 3822 Testamento
1311 3775 1640 3839 nunquam
1678 3759 2012 3833 Christum,
2047 3765 2116 3822 ut

553 3853 899 3930 hominem,
922 3852 1227 3934 appellari
1260 3869 1536 3930 servum,
1561 3857 1669 3913 aut
1694 3851 1893 3914 Deum
1914 3851 2114 3914 domi-

550 3966 704 4010 num
737 3949 909 4027 ejus,
940 3947 1007 4008 in
1050 3947 1261 4028 aliquo
1307 3963 1498 4008 sensu
1542 3963 1762 4008 verum
1792 3952 1919 4021 est,
1955 3945 2114 4008 scili·

551 4048 674 4119 cet,
705 4043 819 4104 has
863 4059 1191 4122 expressas
1224 4040 1700 4120 appellationeS,
1742 4047 1802 4101 et
1852 4039 1968 4102 sub
2015 4041 2114 4102 his

550 4135 910 4196 nominihus
938 4135 1005 4196 in
1034 4135 1206 4197 Novo
1230 4131 1629 4196 Testamento
1666 4148 1791 4195 non
1824 4131 2108 4213 reperiri,

551 4229 723 4306 quod
750 4233 843 4289 est
870 4234 1037 4291 certe
1064 4245 1307 4304 verum,
1337 4233 1398 4289 et
1426 4228 1649 4289 merito
1684 4227 1801 4288 fuit
1842 4245 1873 4286 a
1905 4229 2113 4289 Ponti-

548 4315 669 4380 fice
699 4319 1099 4382 observatum
1147 4321 1227 4381 ad
1262 4321 1639 4382 obstruenda
1670 4321 2111 4382 haereticorum

549 4429 681 4486 ora,
716 4413 823 4493 qui
866 4415 1029 4474 male
1074 4413 1489 4494 appellatione
1534 4415 1699 4476 servi
1746 4415 2104 4478 utebantur.

546 4507 687 4568 Non
728 4509 927 4586 potuit
977 4513 1185 4570 tamen
1238 4525 1471 4588 negare
1502 4508 1781 4570 Pontifex
1812 4510 1997 4586 quin,
2033 4529 2108 4572 eo

544 4599 735 4662 modo
760 4617 885 4679 quo
912 4601 975 4661 in
1000 4617 1147 4664 vero
1173 4605 1235 4664 et
1263 4601 1563 4663 catholieo
1586 4619 1777 4663 sensu
1804 4603 2105 4678 Christus,

544 4693 611 4754 in
642 4697 946 4776 quantum
974 4693 1187 4770 homo,
1214 4708 1430 4756 servus
1458 4695 1704 4773 dicitur,
1732 4697 2107 4776 aequivalen-

544 4792 644 4849 ter
672 4787 893 4850 saltem
936 4805 1011 4850 ea
1039 4787 1373 4869 appellatio
1400 4789 1465 4849 in
1497 4789 1669 4852 Novo
1700 4792 2107 4854 Testamento

542 4881 928 4960 reperiatur,
960 4887 1029 4944 ut
1062 4899 1139 4943 ex
1182 4882 1371 4944 variis
1415 4881 1593 4961 10013,
1646 4889 1707 4947 et
1732 4885 2105 4947 Sanctorum

542 4973 1159 5054 interpretationibus
1190 4977 1600 5040 ostendimus.
1628 4979 1838 5057 Neque
1869 4983 1967 5041 est
1993 4997 2104 5042 cur

542 5067 897 5147 credamus,
948 5069 1314 5132 Pontificem
1356 5071 1625 5134 voluisse
1673 5073 1793 5134 hoc
1839 5089 2097 5153 negare,

540 5163 825 5242 quamvis
848 5161 907 5224 id
940 5165 1225 5241 tacuerit,
1255 5165 1401 5244 quia
1432 5183 1507 5227 eo
1536 5171 1819 5246 tempore
1850 5166 1929 5226 ad
1961 5183 2102 5228 eam

538 5273 819 5332 causam,
852 5253 930 5318 de
960 5275 1085 5338 qua
1116 5259 1441 5336 tractabat,
1468 5257 1769 5340 judicavit
1796 5263 1943 5321 tunc
1973 5275 2102 5320 ma-

538 5349 634 5427 gis
686 5349 1002 5430 expedIre.
1050 5351 1415 5432 Quanquam
1436 5399 1450 5426 ,
1498 5351 1647 5414 licet
1688 5353 1753 5414 in
1800 5371 1990 5414 sensu
2041 5359 2103 5415 et

538 5441 927 5520 expositione
947 5441 1198 5506 illorum
1227 5445 1729 5507 testimoniorum
1750 5445 1929 5508 aliter
1957 5463 2102 5508 seu-

539 5533 707 5611 11101,
742 5535 878 5614 ejus
909 5537 1211 5619 expositio
1244 5537 1322 5601 ad
1366 5538 1556 5602 fidem
1578 5557 1706 5602 non
1733 5539 2095 5622 pertineret,

1784 371 2022 441 Qum.
2059 372 2168 432 XX.
2204 373 2405 432 Anne.
2439 375 2504 432 1¹.

2185 478 2332 558 quia
2355 477 2452 556 (ut
2473 493 2642 558 soepe
2671 476 2822 554 dixi,
2849 483 2916 540 et
2943 484 3042 541 est
3061 479 3428 540 communis
3444 479 3752 561 doctrina)

2183 570 2249 632 in
2279 569 2378 632 his
2415 571 2686 634 decretis
2708 571 2910 633 solum
2940 571 3218 651 pertinet
3243 571 3330 633 ad
3370 571 3568 634 fidem
3609 574 3756 637 defi-

2183 663 2336 725 nitio
2367 665 2627 739 lntenta,
2662 681 2776 726 3011
2803 663 3123 726 damnatio
3153 665 3416 738 erroris,
3447 679 3584 726 non
3613 685 3756 730 vem

2187 758 2398 820 omnia
2421 773 2564 838 quas
2593 759 2658 819 in
2699 771 2908 820 causae
2937 758 3337 822 discussione
3378 758 3485 820 vel
3527 761 3756 838 proha-

2185 853 2356 914 tione
2376 853 2747 914 afferuntur.
2777 855 2984 931 Atque
3003 853 3136 915 haec
3155 859 3308 914 sunt
3323 853 3756 932 que-(tieem

2187 954 2524 1012 occurrunt
2544 947 2626 1010 (10
2649 965 2834 1011 sensu
2857 948 3022 1010 illius
3046 947 3462 1021 definitionis,
3483 955 3552 1010 et
3572 951 3756 1011 totius

2185 1041 2488 1104 docti-inre
2552 1041 2800 1104 illarum
2859 1042 3270 1122 epistolarum
3329 1041 3601 1103 Adriani
3633 1089 3656 1117 ,
3705 1053 3756 1105 et

2185 1131 2440 1198 Concilii
2493 1136 2930 1210 Franeoford.‚
2977 1153 3117 1215 quaa
3167 1135 3377 1214 magis
3427 1133 3758 1196 conflrma-

2185 1227 2424 1290 huntur
2455 1245 2534 1292 ex
2563 1230 2664 1291 his
2707 1243 2853 1310 quas
2873 1231 2962 1292 de
2985 1231 3330 1310 adoptione
3371 1227 3648 1290 inferius
3675 1229 3756 1290 di-

2187 1337 2421 1384 cemus.

2268 1419 2367 1478 51.
2415 1417 2624 1480 Unum
2649 1433 2798 1482 vero
2831 1418 2936 1480 1110
2979 1415 3260 1498 adjicere
3303 1429 3443 1476 non
3475 1415 3752 1476 omittam

2189 1510 2386 1588 (quod
2406 1555 2421 1584 ,
2485 1527 2700 1589 quaeso
2721 1556 2738 1585 ,
2791 1511 2985 1573 lector
3039 1505 3580 1588 animadvertat),
3638 1525 3754 1570 non

2188 1603 2642 1680 commendari,
2689 1605 2804 1666 sed
2849 1603 3098 1666 detrahi
3141 1603 3360 1682 potins
3401 1602 3752 1664 auctor'mti

2191 1696 2448 1758 Adriani
2477 1703 2540 1758 et
2564 1697 2842 1773 concilii,
2877 1697 2936 1760 si
2959 1697 3244 1759 (11001003
3281 1696 3570 1758 remisse
3591 1693 3756 1756 dam-

2188 1807 2342 1852 nare
2387 1791 2767 1854 locutionem
2813 1791 2986 1854 illam
3007 1837 3022 1866 ‚
3053 1793 3118 1852 in
3149 1807 3226 1852 οο
3269 1807 3472 1852 311οα1
3517 1805 3652 1868 quo
3685 1789 3752 1850 ab

2189 1884 2538 1946 innumeris
2581 1885 2868 1946 Patribus
2913 1885 3216 1946 asseritur
3237 1928 3254 1953 ,
3303 1883 3493 1946 nullo
3538 1881 3650 1945 vd
3690 1901 3754 1943 ex

2191 1977 2524 2056 Scripturis
2556 1981 2749 2040 sacris
2766 2024 2785 2055 ,
2815 1979 2922 2041 vel
2958 1997 3040 2042 ex
3064 1979 3206 2039 31113
3250 1976 3594 2058 principiis
3617 1976 3752 2040 ficei

2193 2071 2466 2134 adducto
2513 2072 2944 2135 fundamento.
2975 2073 3346 2135 Existimar'e
3393 2079 3625 2134 autem
3661 2088 3754 2132 eos

2191 2171 2398 2228 motos
2429 2165 2622 2228 fuisse
2671 2165 2756 2228 ad
2809 2165 3234 2228 damnandam
3283 2165 3464 2228 illam
3511 2169 3755 2228 3011100-

2193 2261 2344 2322 tiam
2361 2305 2380 2338 ,
2412 2277 2554 2339 quoe
2583 2279 2754 2322 nunc
2782 2261 2863 2322 ab
2891 2259 3286 2324 Scholasticis
3315 2259 3632 2332 docetur,
3663 2263 3754 2319 aat

2195 2353 2566 2434 Elipandum
2595 2355 2664 2414 in
2693 2353 2920 2416 eodem
2943 2371 3153 2429 3011311,
3177 2371 3254 2416 ex
3279 2353 3416 2415 sola
3439 2351 3558 2416 illa
3583 2353 3752 2416 ratio-

2195 2463 2312 2524 ne,
2342 2447 2512 2528 quod
2541 2447 2692 2509 unio
2737 2448 3134 2528 hypostatica
3159 2445 3460 2510 excludat
3503 2445 3752 2508 servitu-

2191 2546 2356 2618 tem,
2421 2545 2678 2621 propter
2741 2541 3380 2603 communicationem
3444 2539 3748 2602 bonorum

2195 2649 2388 2712 quam
2433 2633 2596 2696 inter
2638 2634 2840 2696 Deum
2871 2639 2937 2695 et
2985 2633 3308 2696 hominem
3355 2633 3542 2704 facit,
3583 2629 3748 2694 valde

2193 2726 2476 2788 alienum
2521 2734 2614 2790 est
2641 2745 2682 2789 a
2722 2727 3025 2808 gravitate
3053 2727 3496 2790 ecclesiasticae
3541 2725 3750 2789 defini—

2195 2821 2402 2883 tionis,
2438 2823 2617 2898 Nam,
2647 2821 2793 2884 licet
2821 2821 3012 2902 hujus
3037 2821 3451 2884 infallibilitas
3472 2865 3496 2897 ,
3531 2837 3664 2882 non
3684 2835 3749 2880 >ex

2195 2913 2492 2978 humanis
2529 2915 2921 2991 rationibus,
2965 2915 3082 2976 sed
3122 2933 3200 2976 ex
3237 2914 3519 2995 Spiritus
3559 2913 3745 2978 Sancti

2199 3009 2549 3072 assistentia
2599 3008 2840 3072 oriatur
2857 3051 2873 3083 ‚
2919 3013 3134 3070 tamen
3179 3009 3452 3088 Spiritus
3491 3009 3745 3072 Sanctus

2198 3121 2324 3165 non
2351 3105 2503 3179 vult,
2531 3103 2632 3165 vel
2661 3121 2738 3166 ex
2761 3107 2942 3183 parte
2973 3117 3088 3163 3110
3114 3101 3650 3166 101100010301100
3667 3101 3744 3162 fa·

2197 3213 2366 3274 cere,
2393 3213 2602 3277 neque
2643 3215 2719 3258 ex
2743 3202 2920 3278 parte
2945 3194 3270 3256 bominum
3301 3195 3670 3274 permittere
3691 3202 3742 3254 ut

2195 3299 2434 3354 temere
2476 3293 2586 3354 fiat
2597 3307 2619 3370 3
2651 3299 2713 3354 01
2757 3291 2904 3353 ideo
2951 3307 3280 3368 nunquam
3309 3289 3662 3354 infallibilis
3697 3297 3742 3350 et

2197 3385 2616 3448 ecclesiastiea
2661 3385 2942 3448 definitio
2969 3383 3063 3460 fit,
3091 3383 3212 3446 11131
3263 3391 3374 3446 aut
3409 3401 3490 3448 ex
3536 3385 3743 3464 apertis

2193 3479 2564 3541 testimoniis
2592 3479 2957 3560 Scripturas,
3005 3484 3114 3539 aut
3139 3495 3218 3540 ex
3255 3473 3616 3541 sufficiente
3641 3482 3744 3539 tra-

2195 3573 2430 3635 ditione
2450 3619 2466 3643 ,
2499 3579 2610 3635 aut
2639 3578 2806 3634 certe
2855 3589 2932 3634 ex
2961 3571 3316 3634 rationibus
3355 3571 3452 3634 ita
3479 3573 3743 3652 urgenti-

2197 3667 2338 3745 11113,
2362 3673 2430 3729 ut
2459 3665 2715 3728 evidens
2731 3665 2832 3742 sit,
2847 3666 3016 3745 quod
3043 3663 3368 3742 definitur,
3385 3665 3452 3728 10
3471 3665 3746 3728 revelatis

2199 3765 2260 3821 01
2303 3767 2492 3822 antea
2531 3757 2804 3822 definitis
2843 3757 3170 3822 contineri.
3203 3757 3273 3819 In
3315 3759 3622 3838 praesenti
3661 3777 3746 3820 au-

2196 3860 2320 3915 tem
2348 3853 2482 3915 11010
2508 3851 2720 3914 omnia
2743 3851 3202 3914 concurrebant
3222 3851 3748 3918 acl-damnandum

2197 3963 2476 4008 errorem
2519 3946 2806 4026 Eiipandi
2832 3946 2902 4007 in
2941 3963 3132 4007 sensu
3161 3945 3516 4026 explicat03
3549 3947 3632 4010 ad
3659 3965 3750 4008 ne-

2196 4041 2468 4121 gandam
2521 4049 2737 4102 autem
2792 4041 3030 4102 Christo
3085 4041 3158 4100 ut
3207 4040 3455 4102 homini
3510 4061 3748 4104 omnem

2197 4136 2512 4215 propriam
2565 4135 2932 4196 servitutem
2977 4137 3267 4213 respectu
3309 4133 3470 4210 Dei,
3503 4155 3588 4197 ex
3612 4137 3749 4198 Scri·

2193 4235 2374 4308 ptura
2405 4230 2504 4290 vel
2533 4229 2868 4290 traditione
2891 4227 3046 4288 nihil
3064 4228 3350 4308 juvabat,
3375 4247 3538 4291 nam
3565 4231 3748 4310 potins

2194 4323 2378 4384 docet
2419 4323 2825 4386 contrarium.
2859 4323 3038 4384 Ratio
3069 4329 3282 4396 autem
3311 4322 3424 4384 illa
3467 4343 3658 4404 quam
3685 4323 3748 4384 sit

2193 4416 2505 4494 inefficax,
2533 4416 2680 4478 satis
2709 4415 2802 4496 (ut
2829 4415 3140 4495 existimo)
3168 4423 3417 4478 constat
3447 4435 3530 4479 ex
3561 4419 3742 4480 dictis,

2194 4513 2325 4572 Non
2367 4519 2460 4574 est
2484 4529 2636 4592 ergo
2667 4510 3036 4588 verisimile,
3070 4511 3139 4572 111
3167 4527 3244 4572 00
3273 4529 3474 4573 sensu
3510 4531 3743 4574 cansam

2192 4606 2354 4666 hanc
2389 4623 2528 4668 esse
2572 4611 2897 4669 tractatam
2941 4623 2977 4668 a
3005 4605 3320 4688 praedietis
3369 4605 3668 4670 Pontifice
3693 4613 3742 4668 et

2190 4698 2478 4762 Concilio.

2269 4795 2367 4855 52.
2412 4794 2520 4858 Aa
2555 4793 2816 4859 Petrum
2857 4795 3206 4858 testimonia
3238 4811 3356 4876 pro
3382 4795 3601 4874 prima
3627 4813 3740 4859 ses-

2189 4889 2379 4951 tentia
2411 4889 2744 4970 responsio.
2775 4919 2858 4936 —·-
2895 4889 3216 4950 Hactenus
3251 4903 3636 4967 responsum
3661 4895 3738 4950 est

2185 4979 2266 5041 ad
2295 4981 2566 5061 primum
2609 4981 3093 5044 fundamentum
3133 4981 3468 5043 contrarias
3509 4991 3738 5044 seuten-

2183 5075 2305 5158 tiae.
2338 5075 2516 5138 Nunc
2561 5075 2898 5137 dicendum
2935 5089 3030 5138 est
3069 5075 3152 5136 ad
3193 5075 3452 5156 singula
3479 5077 3734 5139 testimo·

2183 5167 2308 5243 nia,
2335 5169 2560 5248 quaein
2587 5169 2865 5232 secundo
2893 5169 3306 5232 fundamento
3325 5169 3728 5232 adducuntur.

2190 5261 2284 5322 Ad
2313 5263 2606 5342 primum,
2642 5263 2812 5344 quod
2841 5271 2937 5326 est
2962 5263 3304 5343 chrysost„
3331 5263 3730 5344 respondetur

2187 5373 2332 5416 eum
2373 5371 2497 5417 non
2529 5357 2700 5436 loqui
2747 5357 2828 5418 de
2863 5356 3138 5418 naturali
3169 5355 3538 5419 conditione
3567 5356 3722 5430 serii,

2184 5448 2295 5509 scd
2343 5449 2422 5510 de
2453 5465 2574 5511 usu
2621 5453 2684 5511 et
2721 5450 3061 5512 ministerio
3103 5447 3286 5511 servi.
3319 5447 3504 5512 Unde
3543 5469 3614 5511 nx
3639 5449 3722 5510 illo

2183 5541 2352 5620 loce,
2388 5545 2440 5605 si
2479 5544 2716 5624 integre
2769 5545 3047 5625 legatur,
3079 5542 3291 5626 potius
3338 5543 3722 5606 confirmatur
