3892 6167
507 329 630 390 ⁶0⁴

506 449 655 496 nam
683 432 943 512 qnidam
973 449 1216 506 eorum,
1259 435 1449 497 etiam
1479 439 1764 514 tempore
1805 433 1914 497 vn
1956 435 2071 514 sy·

503 525 688 598 nodi,
723 527 1136 590 admittebant
1177 529 1484 608 imagines
1524 529 1736 609 quoad
1793 530 2067 608 aliquem

1715 333 1950 398 QuAEs'r.
1986 331 2136 384 XXV.
2170 329 2374 384 sarto.
2408 331 2491 383 m.

2152 449 2207 494 c.
2240 430 2319 494 de
2348 429 2581 494 Vener.
2610 429 2846 506 Crucis,
2878 427 3001 491 sub
3018 425 3251 498 Euentu
3284 433 3357 488 et
3376 423 3589 489 Jonas
3610 433 3727 488 Aa·

2150 525 2403 594 relian„
2441 523 2486 587 1.
2522 525 2603 586 de
2626 523 2805 588 Cultu
2831 525 3053 600 imag„
3082 539 3119 582 a
3162 519 3374 600 princ.
3400 539 3423 590 ;
3454 520 3725 583 insinuat

511 637 718 693 usum,
751 621 1096 700 praesertim
1139 622 1222 682 ob
1263 622 1630 684 memoriam
1678 628 1740 684 et
1778 623 2069 685 recorda·
2148 617 2338 680 etiam
2362 619 2601 693 Castro,
2630 617 2821 678 verbo
2857 615 3183 690 Adoratio,
3216 614 3285 674 in
3316 613 3453 674 illis
3482 613 3717 676 verbis:

511 711 746 776 tionem
772 720 1292 795 prototyporum;
1323 733 1450 777 non
1493 721 1703 778 tamen
1749 717 2068 796 permitte·
2146 711 2415 793 Denique
2450 712 2727 775 adoratio
2752 713 2917 794 ipsa,
2962 709 3081 773 etei
3132 725 3349 772 coram
3402 724 3597 770 erm
3624 711 3721 783 fit,

511 803 664 868 bant
701 805 974 886 aliquam
1003 810 1474 871 venerationem
1503 808 1604 871 vel
1633 809 2067 874 adorationem
2146 823 2314 869 nm
2338 811 2537 867 tamon
2580 810 2793 867 nostra
2832 805 2915 866 ad
2946 803 3019 866 id
3059 802 3259 865 solum
3298 803 3549 878 fertur,
3594 803 3729 880 quod

513 897 604 958 eis
653 899 862 962 tribui.
894 901 1026 962 Hoc
1055 899 1369 980 colligitur
1409 919 1487 964 ex
1539 901 1752 964 multis
1793 900 1941 966 locis
1964 902 2070 963 vn

513 990 776 1068 Synoffi,
799 994 1144 1070 praesertim
1178 1000 1298 1058 act.
1343 995 1403 1069 6,
1460 995 1624 1057 circ-a
1643 993 1874 1068 finem3
1910 1001 1975 1057 et
1994 1013 2069 1056 ex

514 1084 756 1162 Scripto
799 1084 1050 1147 Adriani
1081 1086 1161 1148 ad
1213 1087 1501 1152 Carolum
1532 1091 1855 1169 Magnum,
1909 1107 2071 1168 prae-

513 1178 728 1238 sertim
749 1194 802 1238 c.
839 1180 942 1253 50,
970 1178 1074 1240 ubi
1095 1179 1454 1244 referuntur
1479 1182 1752 1244 haeretici
1783 1199 2072 1244 asseren-

511 1276 608 1332 tes
633 1289 776 1332 cum
803 1271 1129 1352 Gregorio,
1159 1275 1468 1354 imagines
1489 1293 1614 1336 non
1644 1293 1784 1338 esse
1802 1275 2071 1336 confrin-

513 1364 768 1444 gendas,
793 1367 1249 1430 contendentes
1279 1376 1492 1432 tamen
1517 1389 1660 1442 esse
1689 1371 2069 1432 sententiam

511 1458 798 1536 eiusdem
825 1459 1128 1540 Gregorii,
1161 1479 1286 1524 non
1325 1481 1464 1524 esse
1493 1465 1868 1526 adorandae.
1903 1465 1979 1525 Et
2006 1463 2071 1524 in

509 1549 632 1614 hoc
661 1554 852 1614 etiam
897 1571 1110 1616 errore
1159 1562 1490 1618 versantur
1535 1557 1820 1619 nonnulli
1849 1557 2072 1618 Luthe·

513 1645 648 1706 rani
679 1645 798 1707 boc
826 1653 1132 1726 tempore,
1181 1649 1290 1726 qui
1319 1650 1506 1712 etiam
1537 1651 1600 1710 in
1642 1649 1890 1730 templis
1931 1649 2071 1710 illas

511 1737 872 1813 admittunt,
905 1756 1031 1800 non
1061 1747 1274 1802 tamen
1305 1741 1384 1804 ad
1415 1743 1679 1820 cultum,
1711 1743 1824 1804 sed
1855 1743 1937 1804 ad
1981 1760 2077 1805 or·

513 1833 756 1892 natum.
803 1831 1148 1896 Calvinistoe
1189 1852 1338 1896 vero
1385 1835 1607 1898 nolunt
1651 1853 1760 1898 eas
1813 1837 1878 1898 in
1915 1843 2079 1898 tem·

513 1923 635 2003 plis
661 1923 1018 2000 admittere,
1045 1933 1114 1988 nt
1143 1945 1396 1990 omnem
1421 1929 1814 1992 occasionem
1843 1930 1940 1992 vel
1970 1947 2080 2010 ap-

513 2019 864 2096 parentiam
893 2019 1099 2082 cultus
1135 2022 1446 2085 auferant.

593 2116 654 2174 2.
701 2113 986 2176 Darandi
1025 2115 1340 2179 emmiu.
1361 2149 1444 2166 -
1465 2117 1642 2180 Hanc
1699 2118 2079 2180 sententiam

517 2204 730 2266 nullus
749 2203 1212 2269 catholicorum
1233 2208 1594 2290 simpliciter
1615 2211 1922 2290 probavit,
1954 2211 2081 2273 imo

517 2303 740 2360 omnes
777 2299 1064 2363 absolute
1111 2301 1363 2378 docent,
1386 2303 1698 2384 imagines
1747 2321 1882 2366 esse
1932 2304 2083 2365 ado-

517 2391 786 2464 randas:
847 2393 1102 2472 quidam
1157 2401 1364 2456 tamen
1413 2395 1498 2458 ita
1549 2397 1864 2477 explicant
1921 2398 2080 2459 hanc

519 2483 977 2557 adorationem,
1009 2493 1082 2551 ut
1125 2507 1196 2550 re
1253 2489 1388 2569 ipsa
1437 2490 1536 2550 vel
1583 2509 1804 2571 parum
1853 2488 2085 2552 discre-

519 2585 732 2660 penta
761 2580 1070 2660 superiori
1099 2582 1433 2656 sententia,
1460 2581 1560 2644 vel
1589 2583 1852 2644 nimium
1882 2583 1975 2645 illi
1994 2583 2083 2644 fa-

517 2689 668 2736 vere
695 2672 1049 2737 videantur.
1081 2675 1415 2738 Durandus
1445 2679 1614 2739 enim
1639 2676 1708 2738 in
1731 2680 1794 2751 3,
1826 2677 1888 2740 d.
1915 2680 1980 2752 9,
2014 2663 2079 2757 qi

524 2769 590 2843 2,
617 2772 834 2846 aperte
861 2765 1048 2830 docet
1067 2769 1376 2850 imagines
1399 2788 1523 2832 non
1543 2770 1794 2832 adorari
1823 2771 1942 2832 nisi
1970 2771 2083 2832 im-

525 2859 776 2939 proprie
817 2867 882 2920 et
925 2859 1208 2936 abusive,
1249 2863 1396 2942 quia
1426 2863 1506 2924 ad
1537 2865 1936 2943 praesentiam
1980 2881 2083 2925 ea·

523 2969 667 3016 rum
695 2953 763 3014 tit
807 2957 1248 3016 rememoratio
1283 2956 1733 3036 exemplarium
1761 2973 1902 3036 quas
1934 2963 2083 3018 tunc

525 3047 870 3109 adorantur
896 3047 960 3108 in
991 3049 1326 3126 praesentia
1355 3050 1720 3130 imaginum,
1752 3067 1824 3112 ac
1849 3051 1900 3110 si
1925 3067 2083 3129 prae-

525 3141 728 3204 sentia
753 3139 1002 3228 realiter
1043 3145 1294 3216 essent;
1326 3149 1390 3205 et
1415 3143 1558 3206 ideo
1589 3145 1884 3208 dicuntur
1927 3143 2085 3206 ado-

526 3234 650 3296 rari
679 3233 1006 3313 imagines.
1040 3235 1218 3298 Unde
1247 3237 1313 3296 in
1339 3255 1514 3299 num.
1543 3239 1584 3300 8
1611 3245 1675 3300 et
1708 3241 1782 3299 14
1811 3255 2082 3317 genera-

525 3326 653 3390 lem
683 3329 969 3409 regulam
997 3330 1233 3405 statuit,
1274 3348 1408 3392 rem
1457 3331 1889 3405 inanimatam,
1943 3349 2084 3410 quae

523 3438 653 3483 non
699 3428 792 3484 est
846 3423 1192 3502 subjectum
1247 3425 1670 3504 susceptivum
1713 3426 2080 3500 sanctitatis,

525 3531 652 3576 non
685 3533 870 3594 posse
894 3533 1032 3578 esse
1061 3517 1410 3579 secundum
1441 3537 1508 3578 se
1547 3520 1884 3581 terminum
1923 3518 2083 3580 ado-

523 3609 803 3670 rationis.
851 3608 1029 3672 Unde
1075 3611 1414 3686 concludit,
1449 3605 1634 3674 ⁴cruci
1679 3611 1904 3675 Christi
1950 3630 2081 3673 non

523 3698 740 3763 deberi
759 3703 1034 3782 aliquem
1061 3705 1390 3782 honorem,
1414 3707 1537 3767 nisi
1567 3707 1630 3767 in
1653 3713 1957 3787 quantum
1983 3725 2083 3768 re·

523 3793 697 3857 ducit
722 3797 788 3857 in
831 3797 1199 3859 memoriam
1241 3800 1505 3873 Cliristi;
1541 3805 1604 3862 et
1629 3805 1780 3862 tunc
1809 3801 1945 3879 (ait)
1986 3819 2082 3862 so·

525 3889 656 3952 lum
691 3892 990 3953 adoratur
1011 3891 1310 3971 praedicto
1347 3893 1559 3966 modo,
1609 3896 1866 3972 scilicet,
1911 3893 2081 3973 quod

525 3983 606 4044 ad
623 3984 1020 4064 praesentiam
1051 3986 1188 4064 ejus
1215 3985 1515 4048 adoratur
1535 3985 1839 4063 ChristuS‚
1869 3991 1934 4049 et
1964 3987 2082 4048 cir·

525 4095 596 4138 ca
627 4078 798 4138 illam
849 4085 1222 4140 exercentur
1263 4079 1386 4141 illae
1427 4082 1708 4143 actiones
1753 4082 1849 4142 vel
1901 4081 2083 4160 signa

526 4171 807 4242 lionoriS,
849 4189 990 4252 quoe
1038 4174 1494 4236 exhiberentur
1537 4175 1658 4254 ipsi
1707 4173 1977 4251 ChristO,
2031 4176 2079 4237 si

525 4281 800 4343 praesens
834 4271 1017 4326 esset.
1053 4266 1210 4340 Quia
1249 4274 1458 4330 tamen
1505 4268 1694 4330 sentit
1719 4267 1857 4328 illas
1888 4270 2081 4330 actio·

523 4373 640 4418 nes
667 4375 795 4418 non
815 4357 952 4420 fleri
981 4359 1109 4421 ullo
1142 4360 1332 4423 modo
1363 4361 1427 4422 in
1469 4361 1774 4424 bonorem
1817 4379 1927 4422 seu
1970 4381 2081 4424 ve-

525 4455 912 4514 nerationem
943 4455 1139 4533 ipsius
1179 4456 1495 4535 imaginis,
1553 4457 1696 4520 ideo
1751 4457 1940 4533 dicit,
2000 4459 2081 4520 ob

525 4547 688 4607 lianc
735 4565 986 4609 causam
1031 4547 1368 4629 improprie
1411 4549 1530 4610 dici
1577 4551 1884 4630 imagines
1933 4551 2074 4612 ado·

525 4641 671 4712 rari,
711 4647 774 4701 et
819 4641 1022 4702 solum
1067 4643 1151 4702 ita
1202 4641 1375 4722 loqui
1414 4643 1559 4724 quia
1612 4643 1698 4705 ita
1740 4644 2084 4724 loquuntur

525 4734 758 4813 plures.
807 4735 1007 4815 Hujus
1055 4739 1382 4799 sententiae
1427 4737 1543 4799 ruit
1588 4739 1777 4800 etiam
1825 4739 2077 4813 Holkot‚

528 4828 590 4889 in
647 4828 752 4890 lib.
805 4831 1161 4910 Sapientioe.
1205 4831 1350 4893 lect.
1408 4834 1522 4893 157
1552 4850 1568 4904 ;
1629 4837 1688 4894 et
1743 4833 1922 4894 Picus
1974 4833 2082 4894 Mi-

525 4921 734 4991 rand.,
755 4923 819 4982 in
847 4923 1054 5002 Apol„
1079 4943 1140 5004 q.
1167 4927 1228 4998 3,
1251 4925 1359 5004 qui
1385 4924 1550 4985 inter
1577 4926 1730 4986 alios
1759 4926 1944 4988 ret'ert
1966 4943 2078 5006 pro

525 5014 644 5076 hac
673 5017 980 5078 sententia
1008 5019 1366 5093 Henricum‚
1390 5017 1614 5090 Quodl.
1644 5021 1742 5094 10,
1765 5025 1983 5098 quaest.
2016 5023 2077 5092 6,

527 5108 636 5169 ubi
661 5107 811 5170 dicit
839 5109 1176 5190 imaginem
1219 5130 1344 5174 non
1375 5111 1624 5174 adorari
1671 5113 1790 5174 nisi
1821 5131 1933 5192 per
1952 5157 1957 5164 -
1977 5131 2083 5175 ac-

529 5199 742 5264 cidens
767 5221 908 5264 cum
941 5209 1291 5286 prototypo,
1328 5207 1452 5270 Sed
1489 5206 1595 5268 illa
1625 5224 1744 5266 vox
1771 5225 1880 5284 per
1919 5207 2083 5269 aoei-

527 5296 692 5368 εἷρπε,
723 5299 1042 5376 oequivoca
1071 5306 1166 5361 est
1214 5307 1276 5361 et
1315 5299 1458 5362 ideo
1491 5318 1612 5360 non
1645 5299 1796 5360 satis
1841 5303 2085 5360 constat

529 5388 613 5451 de
639 5400 850 5454 mente
889 5393 1077 5476 hujus
1119 5397 1410 5458 auctoriS.
1451 5395 1651 5475 Magis
1683 5395 1896 5457 favent
1938 5395 2083 5456 huic

533 5488 812 5568 opinioni
845 5491 1365 5563 PetrusCluniac.,
1394 5511 1495 5574 ep.
1521 5495 1580 5564 2,
1617 5495 1784 5554 cont.
1805 5489 2081 5562 Petrob„

2150 915 2305 962 orum
2344 899 2486 980 ipsa
2535 902 2955 980 repra-tentat,
3010 896 3127 958 Dei
3174 892 3418 958 seilicet
3478 891 3727 968 Filius,

2150 992 2293 1056 olim
2314 991 2401 1054 in
2450 1009 2623 1055 cruce
2658 991 3028 1072 pendentem.
3076 985 3269 1051 Citari
3324 986 3539 1046 etiarn
3588 987 3729 1048 solet

2153 1085 2457 1148 Alexand.
2506 1087 2746 1154 Aleos„
2781 1087 2819 1145 3
2848 1101 2941 1164 p.,
2982 1087 3208 1164 quaest.
3252 1081 3367 1150 30,
3400 1086 3536 1140 art.
3586 1082 3729 1156 ult.;

2152 1179 2263 1240 sed
2310 1177 2477 1240 illius
2506 1179 2629 1241 alia
2658 1185 2755 1240 est
2798 1175 3133 1247 sententia,
3164 1179 3239 1235 ut
3278 1173 3463 1234 infra
3514 1172 3732 1232 videbi-

2150 1287 2317 1332 mus.
2353 1272 2450 1335 Ab
2480 1271 2601 1335 hac
2630 1271 2929 1351 opinione
2962 1266 3241 1330 uorandi
3270 1265 3563 1346 quidam
3610 1283 3729 1324 mo-

2152 1363 2333 1425 derni
2381 1365 2591 1426 verbis
2640 1365 2995 1444 discrepare
3034 1361 3369 1431 videntur,
3403 1359 3575 1419 dum
3606 1357 3735 1418 sim·

2151 1457 2395 1535 pliciter
2412 1457 2667 1532 docent,
2690 1456 2996 1535 imagines
3022 1471 3173 1516 vere
3202 1459 3265 1514 et
3296 1452 3577 1532 proprie
3602 1451 3733 1510 ada-

2150 1551 2300 1622 rari;
2331 1556 2543 1613 tamen
2572 1551 2657 1612 ita
2686 1549 2807 1611 hoe
2834 1548 3177 1624 declarant,
3205 1553 3281 1606 ut
3310 1561 3387 1606 re
3410 1546 3559 1624 ipsa
3586 1543 3729 1604 idem

2152 1644 2444 1706 sentiant.
2480 1645 2671 1706 Aiunt
2722 1643 2889 1705 enim
2936 1660 3069 1705 non
3117 1640 3305 1702 aliter
3351 1657 3583 1717 neque
3628 1637 3731 1697 alis

2156 1739 2399 1800 ratione
2420 1737 2667 1799 adorari
2698 1737 3024 1816 imagines,
3060 1735 3177 1796 nisi
3208 1735 3369 1814 quia
3400 1751 3629 1794 coram
3656 1731 3730 1792 eis

2160 1837 2223 1892 et
2258 1830 2419 1894 circa
2452 1831 2595 1893 illas
2620 1830 2998 1894 exhibentur
3022 1837 3287 1890 externa
3316 1827 3519 1907 signa
3549 1827 3731 1886 hono·

2156 1923 2267 2000 ris,
2300 1931 2371 1986 ut
2396 1925 2777 2003 genuflexio,
2810 1923 3217 1996 deosculatio,
3253 1920 3623 1990 inclinatio,
3651 1919 3731 1978 rel

2163 2018 2403 2096 apertio
2428 2018 2672 2098 capitis,
2706 2025 2769 2080 et
2798 2017 3059 2090 similia;
3088 2015 3366 2078 affectus
3398 2021 3625 2075 tamen
3652 2014 3731 2072 in-

2160 2112 2356 2173 terior
2402 2112 2667 2192 (aiunt).
2692 2117 3009 2191 quatenus
3054 2115 3153 2172 est
3206 2109 3495 2184 affectus
3552 2107 3731 2168 hono-

2163 2205 2367 2278 randi,
2412 2223 2527 2267 seu
2566 2204 2905 2268 exhibendi
2951 2207 3203 2284 signum
3256 2203 3645 2265 reverentie
3678 2207 3727 2261 et

2166 2299 2501 2374 servitutis,
2520 2300 2691 2362 nullo
2711 2299 2901 2361 modo
2930 2299 3219 2379 dirigitur
3245 2296 3333 2359 ad
3366 2297 3723 2377 imaginem,

2164 2392 2275 2454 sed
2310 2392 2511 2454 solnm
2542 2394 2623 2454 ad
2668 2399 3069 2474 prototypon,
3120 2397 3441 2470 tanquam
3490 2391 3581 2450 ad
3608 2391 3727 2450 uni·

2162 2505 2307 2549 cum
2337 2487 2717 2549 adorationis
2769 2487 3109 2566 objectum.
3150 2485 3246 2547 Ita
3300 2486 3507 2564 plane
3566 2485 3725 2544 sentit

2165 2581 2439 2660 Dieghns
2469 2581 2677 2654 Paiva,
2704 2580 2811 2642 lib.
2840 2583 2882 2642 9
2905 2579 3425 2642 orthodoxarum
3476 2579 3725 2657 explica·

2162 2676 2429 2748 tionum,
2460 2693 2575 2755 per
2597 2683 2821 2749 totum,
2852 2675 3198 2755 praesertim
3230 2671 3271 2752 ξ
3314 2673 3405 2734 de
3454 2673 3721 2753 Imagini-

2163 2769 2303 2840 bus,
2332 2768 2559 2831 versic.
2602 2769 2681 2830 At
2708 2767 3086 2840 KemnitiuS,
3118 2765 3226 2826 ubi
3257 2766 3440 2827 inter
3488 2767 3613 2825 alia
3654 2765 3719 2824 sic

2164 2863 2417 2924 scribit:
2450 2863 2826 2943 Quanquam,
2858 2864 2918 2924 si
2952 2865 3220 2944 corporis
3258 2865 3499 2934 motus,
3550 2865 3721 2921 exter-

2164 2975 2419 3039 namque
2441 2955 2873 3020 veneracionem
2924 2964 3176 3035 spectes,
3208 2955 3425 3038 imayo
3478 2955 3617 3033 ipsa
3654 2971 3723 3017 co-

2162 3053 2356 3128 latur,
2388 3049 2631 3113 animae
2663 3055 2841 3124 ceree,
2870 3051 2977 3132 qui
3018 3051 3278 3129 pietatis
3304 3047 3722 3127 relifioaisqze

2164 3147 2327 3212 sedes
2346 3153 2456 3218 est,
2486 3143 2645 3207 nihil
2670 3144 2879 3207 minus
2898 3161 3075 3224 quam
3100 3141 3371 3221 liquam,
3398 3141 3627 3204 colores
3644 3148 3719 3203 at·

2166 3263 2275 3326 que
2298 3245 2625 3325 imaginem
2654 3247 2949 3315 intuetur,
2978 3242 3083 3304 sed
3110 3245 3277 3303 totus
3323 3243 3399 3302 in
3444 3259 3516 3304 rc
3560 3257 3709 3322 qnasi

2163 3344 2365 3418 rem-t,
2394 3339 2630 3422 positus
2653 3341 2763 3401 ost.
2788 3333 2967 3397 Unde
3006 3333 3195 3394 infert
3224 3351 3360 3395 non
3380 3335 3708 3414 pugnantia

2164 3432 2399 3506 dicere,
2430 3431 2541 3512 qui
2568 3447 2636 3491 se
2660 3427 2998 3508 imaginem
3026 3425 3295 3488 adorare
3326 3427 3709 3489 affirmaverit

2164 3533 2229 3590 et
2256 3525 2611 3604 negaverit3
2642 3541 2792 3585 nam
2840 3521 3061 3584 adorat
3102 3539 3401 3601 corpore,
3456 3525 3709 3584 animum

2162 3637 2311 3680 vero
2343 3619 2407 3679 in
2434 3615 2637 3678 solum
2676 3616 2997 3697 exemplar
3034 3613 3319 3677 defixum
3358 3615 3581 3678 habet.
3618 3615 3711 3677 ra-

2163 3720 2308 3775 vent
2334 3711 2651 3774 interdum
2670 3710 3047 3784 Waldensis,
3070 3709 3399 3784 Turi-ian„
3422 3718 3493 3774 et
3514 3710 3616 3772 alii
3635 3727 3705 3772 se·

2161 3813 2393 3888 quente
2424 3805 2704 3867 sectione
2735 3803 2988 3868 citandi.

2242 3901 2303 3961 3.
2336 3897 2838 3962 Fundamentum
2868 3897 3057 3978 hujus
3086 3897 3418 3977 opinionis
3450 3905 3569 3974 est,
3590 3898 3707 3975 quia

2162 4012 2263 4055 res
2294 3993 2637 4054 inanimata
2680 4011 2805 4054 non
2838 3998 2932 4053 est
2976 3989 3101 4052 alio
3130 3990 3325 4052 modo
3358 4009 3563 4072 capax
3590 3992 3706 4051 ado·

2165 4086 2417 4148 rationis
2436 4085 2537 4147 vel
2557 4085 2830 4159 honoris,
2844 4101 2985 4146 cum
3006 4101 3137 4144 non
3153 4083 3470 4164 pereipiat
3491 4085 3705 4166 signnm

2163 4178 2442 4254 honoris,
2474 4179 2645 4258 quod
2684 4177 2849 4240 circa
2890 4176 3058 4238 illam
3089 4182 3433 4240 exercetur
3456 4224 3473 4250 ‚
3502 4178 3579 4240 de
3606 4193 3703 4256 qno

2162 4273 2571 4334 fundamento
2599 4271 2775 4351 plura
2796 4273 2855 4332 iu
2879 4276 3032 4334 sect.
3062 4273 3125 4333 5.
3154 4270 3339 4344 Quod
3366 4271 3701 4352 siobjicias,

2163 4367 2307 4446 quia
2342 4365 2633 4438 liaeretici,
2660 4366 2768 4445 qui
2796 4365 3211 4428 admittebant
3237 4365 3557 4446 imagines
3583 4383 3697 4444 pro-

2164 4467 2304 4542 pter
2346 4459 2543 4521 solam
2572 4457 3099 4529 recordationem,
3142 4476 3275 4519 non
3318 4465 3621 4539 negarent
3650 4458 3697 4518 in

2164 4573 2381 4617 earum
2412 4553 2742 4634 praesentia
2772 4571 2960 4631 posse
2996 4551 3133 4614 sola
3164 4555 3553 4631 exemplaria
3580 4551 3694 4612 ado·

2162 4647 2312 4722 rari,
2344 4647 2563 4725 eisque
2592 4645 2765 4725 signa
2798 4644 3237 4706 submissionis
3264 4645 3576 4717 exhiberi,
3598 4662 3691 4705 res·

2162 4739 2465 4820 pendent,
2490 4757 2706 4799 verum
2728 4737 2982 4816 quidem
3008 4755 3147 4798 esse
3168 4755 3283 4798 eos
3304 4754 3437 4797 non
3464 4753 3691 4816 negasse

2164 4834 2617 4912 exemplarium
2658 4833 3165 4904 venerationem,
3200 4849 3478 4909 negasse
3524 4839 3693 4892 tamen

2163 4927 2342 5005 signa
2376 4927 2629 4986 honoris
2660 4925 2788 4986 ullo
2816 4925 3003 4986 modo
3036 4941 3175 4986 esse
3202 4924 3583 5004 imaginibus
3618 4941 3695 4984 ex·

2160 5019 2473 5090 hibenda,
2504 5019 2693 5080 etiam
2732 5016 2865 5078 sola
2912 5017 3160 5079 actione
3211 5018 3531 5092 exter-jori.
3570 5023 3623 5077 et
3646 5016 3691 5074 in

2160 5115 2283 5176 hoc
2324 5118 2569 5175 tantum
2610 5111 2967 5191 discrepare
3016 5129 3054 5172 a
3100 5111 3463 5187 Catholicis„
3494 5115 3553 5174 et
3578 5127 3689 5191 pro-

2162 5216 2381 5289 pterea
2414 5207 2611 5268 fuisse
2640 5205 2993 5267 damuatOS.
3026 5203 3206 5276 Quod
3246 5207 3300 5266 si
3329 5223 3573 5287 urgeas.
3600 5205 3688 5262 hoc

2164 5301 2353 5364 modo
2385 5299 2679 5362 exhibere
2712 5301 2890 5378 signa
2916 5307 3175 5360 externa
3200 5317 3418 5360 coram
3451 5295 3689 5376 imagini·

2162 5395 2283 5458 hus
2303 5395 2437 5456 sine
2458 5393 2801 5456 intentione
2824 5393 3069 5455 interna
3088 5393 3428 5466 adorandi,
3448 5411 3563 5456 non
3582 5405 3688 5454 esse

2166 5488 2619 5560 adorationem,
2664 5485 3045 5568 respondent
3088 5487 3413 5554 interdum
3460 5489 3565 5552 hoc
3603 5499 3687 5548 ne-
