3892 6167
1538 324 1729 381 nim
1759 324 1989 383 mun.

109 428 311 479 Amor
332 422 447 488 nei,
476 428 641 491 quem
678 420 877 477 christi
906 422 1095 477 anima
1127 420 1341 486 babuit,
1374 430 1716 489 consequens

182 499 493 555 scientiam
522 499 782 561 infusam,
801 497 909 553 tuit
938 496 1096 561 liber,
1120 496 1197 551 ib.

182 574 343 629 Vide
364 572 628 641 ebaritas,
650 573 893 637 Dilectio,
915 574 1137 630 electio.

320 705 543 745 ARGBLUS
568 704 719 744 BONUS
751 702 811 743 BT
838 704 1017 753 natus,
1045 702 1289 745 suentes
1320 702 1533 747 NATURA.

115 804 475 871 Angelorum
504 810 753 861 naturam
794 805 935 859 Deus
972 813 1085 859 non
1115 803 1403 871 reparavit,
1431 804 1571 859 sicut
1603 804 1710 859 hu·

184 892 453 946 monam,
476 881 611 947 quis
628 878 725 935 illa
750 884 861 935 tota
880 891 994 935 non
1017 879 1239 945 corruit,
1265 883 1319 933 et
1342 884 1560 946 propter
1576 879 1711 933 alias

190 957 473 1020 rationeS,
502 957 556 1009 d.
588 960 637 1018 i,
663 970 707 1008 s,
732 960 778 1008 1.

116 1032 337 1098 ,angeli
364 1032 538 1085 sanai
568 1031 795 1087 ruerunt
818 1030 975 1085 electi
1002 1034 1131 1085 ante
1157 1030 1574 1099 permissionem
1609 1030 1713 1085 sli-

186 1109 365 1171 cujus
390 1108 617 1174 peccati.
658 1114 712 1163 et
734 1108 1024 1174 permissio
1063 1108 1267 1173 peccati
1312 1107 1581 1163 malorum
1612 1107 1715 1163 fuit

184 1181 435 1239 effeetus
456 1182 743 1239 electionis
762 1184 1056 1248 bonorum,
1088 1184 1146 1237 d.
1172 1188 1220 1249 5,
1247 1196 1291 1237 s.
1322 1188 1373 1237 2.

118 1257 335 1325 angeli
380 1265 761 1325 peccaverunt,
802 1272 869 1315 eo
906 1259 1058 1325 quod
1096 1260 1471 1313 nolueruntse
1503 1260 1714 1314 christo

188 1334 549 1395 submittere,
576 1341 630 1387 et
656 1335 937 1388 humiliter
956 1332 1119 1401 ferre,
1137 1341 1389 1391 naturam
1415 1337 1711 1391 humanam

196 1408 323 1463 illis
358 1410 527 1465 fuisse
552 1410 849 1476 praelatam.
874 1422 918 1465 s.
956 1415 1005 1463 t.

127 1484 353 1552 angelo
393 1485 441 1539 si
481 1486 731 1543 uniretur
757 1486 1084 1550 humanitas,
1122 1498 1221 1543 cur
1256 1486 1361 1542 boo
1386 1486 1507 1542 sine
1540 1486 1715 1553 ipsius

194 1562 515 1617 mutatione
544 1574 659 1617 non
684 1562 857 1627 tieret,
887 1562 1030 1619 siout
1061 1561 1119 1617 in
1146 1562 1342 1630 Verbo,
1370 1562 1427 1618 d.
1462 1566 1511 1629 ε,
1532 1576 1577 1619 s.
1600 1566 1653 1615 t.

122 1638 338 1705 angeli
374 1639 431 1691 in
462 1638 785 1705 corporibus
820 1644 1159 1706 apparentes,
1202 1640 1285 1693 eis
1330 1650 1443 1695 non
1492 1638 1715 1697 ruerunt

194 1714 361 1767 uniti
384 1715 732 1783 hypostatiee,
758 1715 819 1770 d.
838 1720 921 1778 1⁸,
938 1728 981 1768 s.
1006 1720 1057 1767 1.

128 1789 418 1918 Λιιξειὶοα
449 1796 645 1846 natura
669 1802 767 1847 cur
796 1804 833 1845 a
860 1790 1037 1847 Verbo
1072 1798 1349 1859 assumpta
1378 1804 1493 1847 non
1526 1790 1708 1858 fuerit,

198 1879 217 1917 1
269 1900 287 1916 .

124 1942 485 2007 Angelorum
513 1946 797 2009 peecatum
820 1954 891 1997 an
918 1954 985 1999 es
1002 1948 1195 2001 natura
1210 1954 1309 1999 sua
1335 1942 1709 2011 irreparabile,

198 2020 287 2073 ib.

126 2094 411 2162 angelica
440 2100 635 2151 natura
665 2099 747 2151 est
776 2094 1101 2163 simpliciter
1138 2095 1531 2163 assumptibilis
1552 2136 1567 2163 ,
1600 2098 1709 2151 hu-

192 2186 377 2224 mana
406 2184 535 2225 vero
564 2172 813 2238 pluribus
840 2171 1163 2233 rationibus,
1196 2171 1271 2225 ib.

128 2248 407 2315 Angeliea
428 2254 623 2302 natura
644 2260 757 2301 non
772 2253 855 2301 est
872 2248 1139 2303 abstracta
1154 2261 1191 2301 a
1208 2245 1598 2315 singularibus,
1614 2248 1713 2305 sed

204 2323 507 2377 individua
524 2336 589 2377 ac
605 2323 919 2389 singularis,
944 2324 1020 2376 ib.

132 2399 463 2465 Anaeticam
483 2408 735 2455 naturam
756 2414 790 2455 a
811 2400 985 2457 verbo
1012 2410 1125 2455 non
1140 2412 1261 2457 esse
1280 2400 1713 2469 assumptibilem

205 2474 313 2541 qui
335 2475 591 2537 dixerint,
614 2484 671 2531 et
690 2486 807 2539 cur,
830 2474 906 2529 ib.

202 2552 345 2605 Eam
378 2558 559 2606 tamen
579 2552 779 2607 assumi
804 2551 1045 2618 potuisse
1078 2552 1375 2607 dicendum
1394 2556 1491 2617 est,
1511 2552 1585 2606 ib.

148 2628 207 2678 ln
248 2628 473 2693 Angelis
516 2628 654 2681 etin
694 2628 857 2681 rebus
894 2628 1289 2695 spiritualibus
1312 2628 1651 2695 suppositum
1684 2643 1715 2681 a

210 2710 415 2757 natura
439 2703 811 2769 distinguitur,
838 2703 913 2759 ib.

142 2781 485 2845 Angelorum
506 2787 668 2848 eaput
691 2782 935 2835 christus
964 2785 1063 2845 est,
1100 2787 1156 2837 st
1174 2782 1233 2837 in
1262 2792 1359 2839 eos
1378 2782 1563 2837 iniluit
1591 2794 1713 2849 gra-

210 2856 367 2921 tiam,
390 2857 445 2911 d.
479 2861 561 2922 21,
590 2872 635 2913 s.
669 2862 702 2911 ἢ

138 2934 339 2999 Angeli
368 2934 635 2988 obediunt
664 2932 897 3001 Christo,
926 2939 980 2991 et
1008 2938 1141 2991 sunt
1182 2936 1425 2991 ministri
1470 2937 1591 3005 ejus
1610 2978 1624 3002 ,
1657 2936 1712 2990 d.

216 3013 304 3073 ss,
336 3022 381 3063 s.
405 3015 459 3062 1.

152 3084 350 3149 angeli
374 3086 542 3139 saneti
570 3098 763 3153 parum
798 3090 919 3152 post
944 3086 1275 3141 creationem
1308 3098 1463 3143 suam
1490 3098 1716 3155 accepe-

223 3166 355 3215 runt
382 3160 625 3229 gloriam,
654 3162 713 3217 in
740 3161 1005 3227 secundo,
1025 3162 1113 3219 vel
1136 3162 1197 3217 in
1216 3162 1373 3217 tertio
1394 3163 1636 3228 instanti,
1661 3163 1713 3217 d.

225 3240 306 3300 25,
334 3250 376 3290 s.
402 3242 447 3289 1.

148 3314 485 3378 Angelorum
500 3320 661 3381 eaput
677 3315 749 3369 ab
766 3314 883 3381 ipsa
898 3314 1257 3381 eonoeptione
1268 3315 1531 3381 Christus,
1552 3328 1714 3382 quem

220 3388 323 3453 ipsi
349 3390 486 3455 jussi
513 3394 644 3457 sunt
668 3390 848 3443 statim
871 3390 1117 3454 adorare,
1142 3388 1217 3442 ib.

144 3464 345 3530 angeli
366 3464 513 3519 diem
538 3465 735 3530 judicii
756 3465 1029 3531 ignorant,
1052 3478 1099 3519 s.
1122 3472 1171 3519 s.

147 3540 391 3607 Angelus
408 3540 657 3607 superior
680 3540 998 3595 naturaliter
1016 3554 1129 3597 non
1150 3541 1629 3611 comprehenditur
1648 3541 1718 3596 ab

220 3615 493 3680 inferiori,
521 3616 577 3671 d.
601 3622 683 3673 26.
706 3628 751 3669 a.
777 3620 827 3671 1.

149 3690 351 3759 Angeli
382 3692 591 3747 babent
614 3690 905 3747 seientiam
926 3690 1033 3747 sibi
1060 3692 1492 3755 connaturalem,
1518 3693 1591 3747 ib.

147 3768 347 3833 Angeli
382 3779 597 3835 semper
616 3772 745 3821 sunt
784 3767 842 3819 in
870 3766 1057 3835 aliquo
1094 3774 1217 3828 actu
1249 3768 1509 3834 secundo,
1530 3768 1591 3823 d.
1632 3773 1717 3831 28,

218 3856 267 3897 e.
288 3848 339 3899 1.

145 3919 215 3970 ln
248 3918 471 3984 Angelis
502 3931 613 3972 non
638 3920 994 3986 requiruntur
1014 3919 1233 3974 habitus
1262 3920 1331 3973 ad
1367 3920 1639 3985 scientias,
1661 3922 1715 3973 d.

218 3996 305 4058 29,
329 4007 374 4047 s.
401 3999 449 4049 ¹0.

144 4070 488 4135 Angelorum
518 4071 851 4125 illuminatio
890 4071 951 4124 tit
977 4084 1075 4139 per
1114 4070 1453 4139 spiritualem
1489 4070 1719 4123 locutio-

218 4156 368 4211 nem,
398 4158 497 4212 per
518 4158 683 4213 quam
711 4144 963 4214 superior
1002 4144 1322 4200 inferiorem
1354 4146 1529 4209 docet,
1552 4147 1605 4198 d.
1638 4152 1717 4211 ao,

218 4236 265 4275 s,
294 4227 345 4275 2.

147 4298 351 4364 angeli
380 4298 659 4354 evidenter
680 4306 1053 4365 cognoverunt
1083 4298 1348 4353 miracula
1374 4299 1569 4353 christi
1590 4312 1717 4354 vera

222 4386 361 4439 esse,
384 4373 439 4429 d.
470 4378 551 4440 31,
572 4389 615 4431 s.
646 4380 694 4431 1.

148 4450 417 4517 Angelus„
460 4450 506 4502 si
538 4456 837 4505 assumeret
869 4451 1197 4518 hypostatice
1226 4455 1475 4504 naturam
1522 4453 1719 4505 huma-

226 4539 375 4586 nam,
404 4531 459 4579 et
488 4539 586 4592 per
611 4538 733 4582 eam
766 4532 1031 4593 peoosret,
1052 4540 1169 4583 non
1190 4527 1317 4581 ideo
1336 4526 1571 4594 propriae
1602 4528 1721 4593 ejus

224 4600 491 4657 voluntati
520 4600 681 4669 eulpa
712 4602 1129 4669 adscriberetur,
1152 4602 1303 4669 quod
1334 4614 1491 4657 secus
1529 4602 1587 4655 in
1616 4605 1723 4661 Deo

226 4677 526 4744 contingit;
555 4684 610 4731 et
634 4690 753 4741 cur,
772 4678 827 4731 d.
860 4683 941 4743 55,
967 4691 1011 4732 s.
1038 4683 1084 4733 1.

154 4753 491 4819 Angelorum
522 4754 711 4820 gratioe
727 4760 785 4807 et
794 4753 983 4819 glorius
1002 4766 1165 4811 eausa
1182 4752 1463 4809 meritoria
1482 4752 1725 4810 christus

222 4834 327 4893 est,
350 4830 409 4883 d.
436 4832 521 4893 ⁴2,
544 4844 590 4883 s.
614 4834 663 4883 1.

156 4905 356 4970 ,angeli
376 4905 525 4961 dono
544 4904 639 4961 Dei
668 4916 765 4971 per
795 4904 1024 4971 gratiam
1044 4906 1099 4957 et
1122 4903 1289 4961 fldem
1308 4904 1507 4961 Christi
1536 4904 1721 4961 salvati

226 4980 471 5045 fuerunt,
503 4980 581 5035 ib.

158 5057 357 5123 Angeli
382 5063 435 5110 et
462 5056 715 5111 homines
735 5054 1074 5110 conveniunt
1092 5055 1149 5106 in
1170 5065 1286 5108 uno
1305 5066 1505 5122 genere
1518 5055 1722 5122 gratiae,

153 5170 159 5175 -
226 5139 283 5185 et
316 5139 445 5188 sunt
490 5132 737 5189 membra
776 5130 949 5189 unius
990 5128 1237 5198 eorporis
1279 5130 1549 5195 Ecclesioe,
1570 5132 1726 5201 eujus

224 5208 469 5262 Christus
486 5214 569 5261 est
584 5216 765 5275 caput,
792 5208 867 5261 lb.

162 5286 495 5350 Angelorum
514 5284 703 5351 grstia
728 5296 891 5343 eausa
908 5284 1111 5349 linaiis.
1130 5281 1457 5350 eatetnplaris
1482 5287 1536 5338 st
1557 5284 1724 5341 meri·-

230 5360 371 5415 toria
391 5360 633 5417 christus
654 5366 753 5423 est.
783 5362 857 5419 ib.

166 5436 355 5501 angeli
382 5436 439 5488 in
461 5435 553 5488 via
575 5436 883 5489 habuerunt
902 5435 1066 5489 tidem
1094 5433 1293 5490 christi
1320 5433 1557 5495 nomini.
1582 5434 1657 5495 ib.

170 5512 355 5577 angeli
389 5512 458 5565 ds
490 5511 577 5568 his
622 5512 893 5576 mysteriis
924 5514 1126 5571 liabent
1175 5510 1464 5571 seientiam
1500 5510 1722 5567 matuti-

3233 330 3354 397 ⁸8⁸

1858 437 2007 491 nam,
2032 426 2104 515 de
2133 426 2338 495 quibus
2365 424 2674 485 babuerunt
2699 430 3066 498 cognitionem
3097 435 3356 505 vesperti-

1792 514 2016 645 Αέςῗιῖἆ
2031 504 2146 636 ¹gur
2182 586 2312 637 ante
2353 581 2646 637 adventum
2683 582 2882 641 Christi
2921 586 3091 652 ianua
3121 586 3357 645 coelestis

1854 655 2046 720 patuit,
2071 668 2182 708 non
2216 662 2397 709 autem
2421 657 2760 721 hominibus.
2793 672 2837 714 s.
2873 662 2922 713 2.

1791 730 1893 785 Pro
1918 731 2142 821 Angelis
2151 733 2410 798 cbristus,
2433 735 2656 803 proprie
2675 735 2971 803 loquendo,
2989 748 3102 795 non
3115 742 3198 793 est
3217 748 3357 795 mor-

1790 812 1978 950 115ῐέἓέ
1987 810 2106 951 11)ξο
2137 886 2220 941 eis
2245 886 2525 951 satisleoit,
2555 887 2633 941 ib.

1790 961 1975 1025 Neque
1995 966 2074 1014 est
2095 973 2284 1015 eorum
2313 963 2644 1029 redemptor,
2677 964 2752 1017 ib.

1793 1036 1984 1103 Angeli
2029 1037 2200 1091 saneti
2241 1044 2371 1093 sunt
2393 1038 2494 1093 tilii
2529 1038 2772 1106 adoptivi
2797 1039 2915 1095 Dei.
2939 1040 3174 1106 Angelos
3199 1047 3356 1105 posse

1855 1124 1982 1165 vere
2014 1118 2068 1167 et
2099 1113 2316 1180 proprie
2334 1115 2504 1169 Deum
2522 1114 2751 1169 adorare
2781 1126 2847 1171 ex
2873 1115 3044 1172 variis
3066 1114 3355 1181 seripturae

1855 1186 1992 1242 locis
2018 1189 2340 1255 ostenditur,
2374 1190 2429 1243 d.
2455 1194 2535 1256 51,
2555 1204 2600 1243 e.
2627 1194 2676 1243 Β.

2271 1318 2448 1375 mn,
2482 1320 2635 1361 sum
2663 1319 2874 1363 caatsrt.

1793 1412 1990 1469 Anima
2012 1412 2210 1469 Christi
2228 1415 2276 1469 si
2297 1421 2640 1481 separaretur
2657 1428 2690 1469 a
2711 1414 2907 1473 Verbo.
2935 1421 3120 1483 posset
3134 1424 3356 1473 consor-

1854 1500 1983 1542 vare
2015 1500 2207 1545 omnes
2228 1490 2448 1547 habitus
2469 1490 2681 1545 infusos
2709 1500 2850 1559 quos
2875 1490 3042 1547 nabot
3061 1490 3143 1547 illi
3179 1491 3354 1555 unita,

1856 1565 1909 1618 d.
1944 1570 2026 1631 35,
2061 1580 2106 1618 e.
2131 1572 2182 1619 4.

1792 1644 2018 1699 Animas
2035 1644 2208 1708 justas
2225 1654 2338 1699 non
2359 1654 2516 1710 posse
2537 1644 2668 1699 satis
2685 1644 2796 1709 pati
2831 1644 2891 1697 in
2914 1644 3100 1701 futura
3119 1644 3231 1701 viis
3257 1654 3358 1711 pro

1854 1727 2008 1773 reatu
2039 1732 2219 1787 poenoe
2245 1720 2579 1787 temporalis,
2603 1720 2648 1777 si
2670 1722 2814 1775 Deus
2847 1718 3014 1776 vellet
3041 1728 3151 1779 toto
3179 1722 3360 1788 rigore

1851 1796 2075 1861 justitiae
2109 1797 2224 1856 uti.
2253 1797 2352 1851 sed
2379 1808 2536 1863 posse
2569 1794 2692 1851 ills-s
2717 1803 2982 1863 perpetuo
3021 1798 3360 1855 beatitudine

1854 1874 2071 1940 privare
2095 1874 2294 1929 salsum
2317 1880 2416 1937 est,
2445 1875 2500 1930 d.
2525 1880 2572 1937 5,
2601 1887 2648 1929 s.
2677 1878 2726 1928 1.

1790 1950 1989 2005 Anima
2015 1950 2212 2005 christi
2241 1950 2417 2017 magis
2451 1964 2486 2005 a
2521 1952 2630 2007 Deo
2669 1950 2918 2017 diligitur
2961 1966 3130 2020 quam
3169 1962 3360 2008 omnes

1849 2026 2244 2092 praedestinati,
2271 2041 2316 2080 s.
2346 2031 2394 2079 ¹0.
2867 2037 2872 2045 ’

1789 2102 1984 2156 Anima
2005 2103 2065 2157 tlt
2090 2114 2190 2169 per
2207 2102 2520 2157 distinctam
2543 2110 2598 2159 et
2618 2102 2984 2173 separabilem
3001 2104 3271 2159 actionem
3289 2102 3360 2160 ab

1852 2190 1917 2231 ea
1949 2190 2058 2245 qua
2081 2179 2141 2233 tlt
2163 2178 2283 2245 ejus
2311 2179 2678 2243 subsistentia,
2715 2180 2770 2235 d.
2805 2184 2853 2242 8,
2879 2190 2923 2235 s.
2954 2184 3000 2232 1.

1790 2253 1987 2310 Anima
2028 2255 2224 2308 Christi
2259 2255 2516 2309 distincta
2563 2257 2778 2310 actione
2811 2262 3042 2323 creatur,
3083 2260 3138 2311 et
3179 2254 3358 2311 Verbo

1860 2330 2066 2395 unitur,
2097 2330 2176 2385 ib.

1794 2406 2005 2461 Animae
2035 2405 2232 2461 christi
2267 2406 2480 2461 effectio
2503 2412 2582 2461 est
2604 2418 2733 2462 vera
2758 2407 2959 2461 creatio
2991 2408 3236 2473 ejusdem
3269 2418 3360 2461 ra-

1856 2483 2024 2535 tionis
2045 2483 2348 2535 essentialis
2371 2488 2426 2535 et
2447 2484 2712 2549 specincae
2731 2496 2856 2536 cum
2880 2496 2945 2536 ea
2967 2496 3076 2549 qua
3099 2483 3359 2550 produei-

1860 2562 1946 2610 tur
1974 2558 2234 2625 quaelibet
2254 2559 2362 2611 alia
2387 2560 2596 2622 anima,
2631 2560 2708 2613 ib.

1794 2633 1992 2687 Anima
2020 2634 2216 2688 Christi
2249 2634 2403 2699 prius
2437 2640 2632 2689 natura
2668 2634 2844 2689 extitit
2877 2644 3046 2701 quam
3084 2640 3359 2700 assumpta

1860 2708 2025 2762 suerit
2039 2722 2074 2762 a
2095 2710 2288 2773 verbo,
2315 2709 2390 2761 ib.

1794 2784 1992 2837 Anima
2015 2784 2210 2839 christi
2244 2785 2522 2851 quomodo
2541 2782 2822 2853 pendente
2851 2782 3050 2849 Verbo,
3083 2784 3158 2839 ib.

1796 2860 1993 2913 Anima
2015 2860 2298 2914 rationalis
2331 2860 2484 2927 prius
2509 2866 2706 2915 natura
2737 2859 2920 2915 existit
2950 2870 3116 2927 quam
3149 2857 3358 2915 subsis-

1796 3012 1994 3067 Anims
2019 3012 2216 3066 christi
2239 3012 2394 3080 prius
2414 3018 2610 3067 natura
2629 3012 2878 3069 subsistit
2895 3022 3064 3078 quam
3101 3010 3362 3065 acciden-

1860 3088 2039 3141 taliter
2057 3088 2384 3155 perficiatur,
2408 3087 2462 3141 d.
2489 3092 2571 3153 10,
2593 3101 2637 3141 s.
2659 3092 2709 3140 2.

1796 3163 1996 3217 Animo
2015 3163 2212 3219 christi
2233 3176 2347 3218 non
2381 3164 2584 3218 meruit
2614 3176 2770 3219 suam
2796 3161 3242 3230 assumptionem,
3265 3172 3363 3217 sen

1858 3239 2147 3304 unionem,
2175 3254 2220 3290 s·
2255 3243 2302 3289 8.

1796 3313 2050 3367 Animam
2069 3313 2388 3369 rationalem
2409 3314 2683 3369 Christum
2703 3323 2817 3368 nou
2831 3311 3106 3376 habuisse.
3135 3310 3234 3378 qui
3255 3311 3366 3367 hao-

1860 3388 2016 3441 retici
2043 3389 2379 3454 negaverint,
2409 3390 2464 3442 d.
2493 3393 2572 3453 15,
2591 3402 2634 3441 s.
2663 3392 2710 3441 1.

1797 3464 2054 3519 Animam
2090 3464 2410 3519 rationalem
2443 3464 2690 3530 ejusdem
2735 3462 2936 3531 speciei
2981 3474 3110 3519 cum
3153 3461 3365 3517 eniteris

1866 3540 2112 3595 Christus
2141 3541 2451 3607 assumpsit,
2475 3554 2522 3593 s.
2555 3545 2604 3593 2.

1799 3617 1996 3672 Anima
2026 3616 2304 3683 quomodo
2335 3617 2407 3673 sit
2445 3616 2622 3673 Verbo
2657 3615 2752 3673 Dei
2801 3615 3166 3683 propinquior
3195 3626 3364 3681 quam

1860 3704 2008 3759 earo,
2034 3707 2079 3746 s.
2105 3698 2152 3747 s.

1798 3770 1996 3825 Anima
2023 3775 2106 3825 est
2135 3768 2274 3825 ratio
2301 3774 2355 3823 et
2385 3768 2514 3825 finis
2541 3773 2761 3835 propter
2783 3780 2950 3835 quem
2969 3778 3166 3834 eorpus
3185 3774 3366 3821 estas-

1862 3852 2166 3911 sumptum,
2199 3844 2272 3897 ib.

1799 3920 2000 3975 Anima
2044 3925 2124 3975 est
2169 3919 2414 3977 medium
2461 3920 2820 3987 congruitatis
2867 3920 2939 3973 ad
2977 3918 3365 3975 assumendum

1862 4006 2084 4062 corpus,
2113 3996 2190 4049 ib.

1801 4072 1998 4129 Anima
2015 4072 2317 4137 rationalis,
2337 4075 2400 4127 ut
2429 4071 2642 4127 confert
2671 4071 2900 4138 gradum
2934 4069 3228 4131 sentiendi,
3265 4082 3370 4125 vo·-
3427 4116 3432 4123 .

1863 4154 2016 4200 catur
2042 4147 2247 4226 anima,
2273 4152 2332 4205 ut
2347 4147 2579 4213 gradum
2599 4145 2942 4213 rationalem,
2957 4146 3185 4213 spiritus
3203 4150 3258 4201 st
3277 4146 3369 4201 in.-

1866 4221 2125 4285 tellectus,
2154 4222 2230 4277 ib.
2830 4224 2844 4238 '

1797 4297 2023 4357 Animas
2045 4309 2238 4355 omnes
2253 4310 2288 4353 a
2315 4296 2592 4365 principio
2617 4301 2826 4355 orestas
2845 4308 2983 4363 esse,
3011 4295 3261 4364 origenis
3285 4302 3364 4351 est

1864 4386 2032 4439 error,
2067 4374 2161 4440 qui
2196 4373 2560 4440 redarguitur,
2589 4374 2644 4429 d.
2670 4378 2750 4437 16,
2786 4387 2829 4425 S.
2865 4378 2914 4425 2.

1799 4449 1997 4509 anima
2023 4449 2218 4507 christi
2252 4461 2366 4507 non
2395 4449 2550 4517 prius
2569 4453 2814 4516 temporo
2849 4452 3028 4503 ereata
3053 4446 3159 4505 fuit
3201 4458 3365 4514 quam

1866 4526 2083 4593 oorpori
2102 4526 2280 4591 unita,
2301 4532 2493 4585 eontra
2517 4524 2826 4593 origenem,
2851 4526 2927 4581 ib.

1804 4602 2002 4657 Anima
2021 4602 2218 4659 curisti
2253 4614 2368 4659 non
2395 4602 2552 4671 prius
2575 4608 2818 4669 tempore
2851 4601 2957 4659 ruit
2975 4600 3132 4657 unita
3151 4599 3366 4667 corpori

1868 4689 2032 4741 quam
2061 4678 2256 4741 Verbo,
2277 4678 2362 4730 vel
2397 4690 2428 4731 e
2453 4690 2733 4739 converse,
2761 4678 2836 4729 ib.

1802 4752 2002 4809 Anima
2039 4752 2196 4809 unita
2227 4758 2310 4811 est
2337 4754 2514 4811 verbo
2545 4754 2704 4820 prius
2731 4758 2925 4809 natura
2952 4760 3118 4818 quam
3149 4750 3363 4814 corpori

1868 4827 2065 4881 ordine
2089 4829 2446 4894 executionis,
2472 4830 2526 4882 d.
2553 4833 2634 4895 17,
2655 4842 2698 4883 s.
2718 4832 2766 4882 1.

1802 4904 2001 4961 Anima
2027 4905 2266 4961 humana
2294 4905 2354 4961 in
2379 4916 2610 4971 corpore
2641 4902 2904 4965 subsistit,
2933 4900 3009 4957 ib.

1865 4981 1929 5035 Et
1943 4992 2052 5045 qua
2068 4981 2280 5037 ratione
2295 4980 2463 5047 possit
2481 4978 2648 5037 simui
2668 4976 2979 5041 subsistere,
2997 4980 3052 5031 et
3069 4973 3367 5031 informare

1870 5066 2090 5123 corpus,
2123 5056 2200 5109 ib.

1802 5131 2002 5188 Anima
2027 5132 2224 5191 ordine
2245 5132 2568 5191 intentionis
2597 5130 2754 5199 prius
2776 5134 2969 5187 natura
2987 5131 3264 5193 assumpta
3289 5130 3372 5179 est

1870 5220 2036 5275 quam
2059 5220 2206 5273 earo,
2231 5222 2276 5265 s·
2304 5214 2353 5265 8·

1804 5284 2004 5343 Anima
2021 5284 2193 5343 variis
2217 5282 2398 5343 modis
2417 5280 2716 5341 existimari
2735 5285 2910 5349 potest
2934 5278 3104 5339 tuisse
3124 5275 3370 5337 medium

1866 5360 1937 5414 ad
1968 5360 2350 5417 assumendam
2373 5368 2616 5421 earnem,
2637 5369 2682 5413 s.
2701 5360 2748 5411 ὁ.

1864 5436 1982 5495 Non
2021 5440 2204 5493 tamen
2249 5435 2364 5491 tuit·
2392 5432 2676 5493 vinoulum
2695 5430 2906 5489 uniens
2943 5432 3116 5497 ipsam
3139 5429 3214 5487 sd
3233 5425 3369 5483 ver-

1866 5510 2019 5574 bum,
2055 5508 2130 5562 ib.
