3892 6167
535 322 683 393 232⁴
1777 314 2013 379 QuAEs‘P.
2048 314 2176 370 ΧΠ.
2210 314 2433 369 An‘rlc..
2448 316 2490 368 1.

533 427 758 499 καῦσος
789 430 885 489 est
915 438 1070 503 argo
1095 418 1440 502 propositio
1463 416 1531 481 ia
1549 415 1815 487 materia
1842 420 2101 479 natura·-

539 519 608 582 li.
631 520 706 587 Et
734 517 1166 589 confirmatur,
1191 514 1342 593 quia
1365 510 1842 591 illapropositio
1871 516 1971 573 est.
1996 526 2103 569 vo·

543 632 640 685 ra,
671 612 916 676 ratione
941 608 1192 672 unionis
1213 607 1482 671 duarum
1511 610 1876 669 naturarum
1909 604 1973 666 in
2000 618 2107 665 eo·

544 705 688 770 dem
715 704 1068 785 supposito;
1087 700 1198 763 sed
1221 707 1446 764 neutra
1465 698 1870 777 conjungitur
1889 696 1973 759 illi
1995 713 2122 775 per,

551 798 863 871 accidens,
893 794 1002 859 sed
1044 813 1160 873 per
1182 812 1294 855 se.
1341 791 1532 855 Addit
1557 806 1708 862 vero
1737 792 1806 853 D.
1833 788 2108 851 Thomas

550 892 722 953 illam
757 887 1250 970 propositionem
1269 902 1408 949 esse
1442 902 1557 965 per
1578 902 1676 957 se,
1703 902 1834 945 non
1862 883 2109 947 ratione

545 985 764 1047 formae
791 982 1152 1062 significatae
1180 998 1294 1060 per
1335 981 1452 1041 hoe
1499 994 1734 1041 nomen
1763 978 1953 1052 Dm,
1996 974 2108 1037 sed

545 1077 789 1140 ratione
815 1073 1146 1154 suppositi,
1176 1072 1348 1152 quod
1373 1077 1470 1135 est
1496 1070 1853 1151 hypostasis
1885 1068 2108 1129 huma-

546 1188 646 1231 nas
699 1174 940 1231 naturas
969 1186 988 1239 ;
1043 1164 1643 1245 subintelligendum
1691 1168 1906 1227 autem
1962 1168 2057 1226 est
2087 1207 2104 1236 ‚

543 1263 899 1342 sth‘eetum
922 1260 1104 1337 illud,
1129 1262 1318 1336 Deus,
1338 1276 1454 1340 per
1479 1258 1884 1339 proedieatum
1903 1254 2110 1319 deter-

545 1356 794 1429 minari,
826 1361 896 1417 ut
938 1360 1250 1434 supponat
1294 1371 1410 1433 pro
1463 1352 1568 1414 illo
1616 1349 1961 1431 supposito,
1978 1366 2109 1411 non

548 1456 892 1527 uteunque,
915 1448 1028 1511 sed
1053 1454 1122 1510 ut
1147 1447 1486 1526 conjuncto
1527 1447 1818 1507 humana>
1844 1449 2109 1519 naturae,

555 1541 726 1622 quod
753 1546 828 1605 ut
856 1542 944 1603 sie
981 1540 1103 1604 sub
1130 1540 1338 1620 speeie
1377 1540 1655 1601 humana
1685 1536 2106 1601 constituitur.

629 1636 692 1697 9.
724 1634 1109 1699 contrariam
1136 1632 1512 1697 sententiam
1559 1637 1914 1710 sequuntur
1940 1646 2109 1694 eom-

551 1727 806 1791 munius
831 1724 1156 1807 Theologi,
1188 1728 1253 1789 in
1279 1728 1339 1801 3,
1369 1726 1431 1791 cl.
1466 1728 1504 1789 ⁴
1533 1733 1596 1787 et
1623 1726 1661 1789 7
1687 1744 1704 1799 ;
1737 1725 2003 1797 Bonam,
2042 1722 2105 1787 d.

549 1824 612 1895 7,
641 1820 904 1885 articulo
928 1820 1154 1901 prime,
1181 1826 1400 1900 quaest.
1436 1824 1458 1883 4
1495 1836 1516 1898 ;
1545 1820 1740 1894 Soet„
1770 1823 1993 1898 quoest.
2028 1818 2051 1879 1
2088 1838 2109 1893 ;

549 1914 840 1989 Gabriel,
897 1914 1089 1976 dubio
1145 1916 1361 1989 terti03
1407 1912 1679 1977 Durand.
1701 1956 1722 1986 ,
1751 1916 1973 1991 quoest.
2028 1915 2055 1972 1
2092 1954 2111 1983 ,

550 2011 636 2070 ad
657 2011 720 2083 2,
743 2013 806 2069 et
831 2007 902 2071 in
925 2008 986 2070 d.
1009 2012 1074 2083 4,
1097 2025 1158 2087 q.
1179 2011 1242 2081 2,
1267 2006 1372 2069 ubi
1394 2006 1562 2071 idem
1585 2006 1770 2069 sentit
1795 2004 2107 2084 Capi-eol..

547 2098 632 2165 ad
655 2119 898 2181 argum.
937 2100 1102 2179 Seoti
1149 2107 1365 2163 eontra
1407 2103 1440 2163 2
1465 2099 1746 2163 conclus·
1779 2120 1800 2173 3
1843 2097 2109 2174 Marsil„

547 2196 614 2259 in
643 2198 704 2268 3,
740 2213 803 2271 q.
833 2195 896 2269 6,
927 2194 1012 2257 ad
1042 2199 1106 2271 5,
1137 2196 1243 2275 qui
1272 2195 1504 2273 multas
1533 2196 1886 2272 congerunt
1915 2191 2111 2253 ratio-

549 2306 692 2364 neS,
719 2293 783 2351 et
801 2306 960 2352 sane
985 2288 1288 2351 difficiles.
1321 2288 1552 2363 Prima,
1589 2286 1736 2367 quia
1765 2282 2114 2363 propositio

548 2382 919 2446 affirmativa
946 2382 1010 2444 in
1033 2381 1297 2443 materia
1327 2379 1598 2455 naturali
1618 2378 1704 2439 ita
1731 2382 1830 2441 est
1848 2393 2023 2445 vera,
2048 2382 2119 2436 ut

550 2493 680 2555 non
703 2474 898 2555 possit
913 2492 1052 2535 esse
1071 2474 1260 2547 falsa;
1295 2474 1424 2537 haec
1457 2479 1699 2535 autem:
1725 2473 1887 2537 Deus
1911 2474 1999 2532 est
2018 2470 2117 2531 lw-

551 2586 672 2647 mo,
692 2574 900 2649 potest
925 2586 1062 2632 esse
1077 2568 1269 2646 falsa3
1303 2574 1396 2631 est
1421 2585 1571 2647 ergo
1595 2567 1662 2627 in
1683 2563 1942 2627 materia
1970 2581 2119 2625 con-

556 2662 823 2741 tinge-nti
854 2680 970 2723 seu
997 2662 1194 2724 libera
1218 2661 1284 2723 in
1316 2660 1536 2724 ordine
1585 2659 1668 2721 ad
1696 2657 1977 2721 divinam
1998 2674 2119 2735 po·-

560 2756 850 2831 tentiam‚
880 2773 1032 2818 nam
1051 2754 1118 2817 iu
1145 2754 1364 2819 ordine
1405 2754 1488 2816 ad
1517 2752 1871 2817 naturalem
1898 2760 2121 2831 poten-

557 2850 711 2911 tiam
745 2855 839 2911 est
888 2848 952 2909 in
1003 2848 1264 2912 materia
1314 2854 1577 2910 remota.
1614 2843 1924 2917 Secundo,
1970 2842 2118 2920 quia

559 2944 902 3026 propositio
945 2960 1060 3021 per
1087 2960 1156 3007 se
1188 2948 1284 3005 est
1324 2959 1478 3003 vera
1519 2938 1892 3013 formaliter,
1923 2936 2117 2999 etiam

558 3055 704 3100 eum
745 3036 1276 3117 reduplicatione;
1305 3034 1414 3097 illa
1453 3040 1684 3107 autem,
1711 3032 1793 3095 de
1847 3049 1975 3111 qua
2026 3031 2121 3091 est

563 3132 850 3211 quaestio,
881 3148 1009 3191 non
1039 3136 1136 3194 est
1185 3126 1548 3209 hujusmodi
1575 3142 1595 3204 ;
1625 3143 1775 3189 nam
1807 3123 1859 3187 si
1901 3124 2117 3189 dieas:

558 3226 754 3297 Dm,
779 3226 847 3285 im
894 3229 1186 3305 quantum
1217 3224 1402 3295 Deus,
1451 3226 1540 3285 eet
1577 3222 1768 3295 homo,
1811 3225 1910 3281 est
1935 3217 2117 3279 falsa.

563 3318 732 3381 Alias
759 3317 1032 3379 rationes
1060 3316 1302 3391 omitto,
1333 3314 1480 3395 quia
1513 3312 1822 3377 dissensio
1853 3318 1944 3375 est
1980 3330 2121 3391 par-

561 3408 622 3473 vi
643 3468 648 3475 .
673 3410 999 3482 momenti,
1030 3410 1320 3491 pendens
1345 3427 1423 3473 ex
1469 3426 1588 3489 usu
1615 3407 1714 3469 vel
1757 3406 2121 3485 acceptione

562 3520 814 3577 vocum,
841 3520 946 3565 res
973 3503 1141 3567 enim
1167 3504 1304 3583 ipsa
1334 3508 1599 3565 constat.
1625 3500 1900 3564 Dubitari
1952 3500 2123 3561 enim

563 3616 694 3661 non
722 3604 926 3677 potest
943 3598 1122 3679 quin,
1151 3597 1416 3678 sumptis
1443 3597 1566 3659 illis
1586 3595 1864 3658 terminis
1895 3593 1963 3656 in
1983 3610 2125 3672 pro·

564 3693 702 3771 pria
741 3690 1202 3771 significatione
1243 3697 1308 3753 et
1357 3689 1812 3771 suppositione,
1843 3687 2127 3769 proposi-

561 3787 651 3848 tio
681 3785 786 3846 illa
807 3801 916 3865 per
941 3802 1007 3846 se
1041 3803 1170 3847 uon
1203 3785 1310 3863 sit,
1337 3801 1548 3865 neque
1567 3782 1632 3845 in
1663 3781 1924 3845 materia
1943 3785 2126 3843 natu·

561 3878 703 3953 reli,
727 3884 798 3941 ut
818 3878 1096 3941 rationes
1122 3878 1300 3940 factas
1321 3876 1617 3959 probant3
1648 3876 1798 3956 quia
1820 3874 2123 3955 praediea-

560 3979 696 4036 tum
721 3990 848 4035 non
870 3978 963 4034 est
987 3972 1064 4033 de
1092 3972 1338 4033 ratione
1359 3969 1649 4051 subjecti,
1681 3986 1890 4048 neque
1921 3986 1999 4029 ex
2015 3985 2124 4029 na-

557 4074 701 4133 tura
731 4086 844 4129 sua
873 4085 1015 4129 cum
1057 4065 1162 4128 illo
1193 4082 1571 4141 connexum,
1604 4082 1731 4124 non
1763 4062 1967 4124 solum
2000 4060 2126 4123 for-

560 4162 834 4237 maliter,
863 4160 978 4227 sed
997 4177 1206 4238 neque
1233 4158 1424 4223 etiam
1445 4156 1879 4231 motet-ialiter3
1904 4156 2126 4219 hnma-

561 4256 730 4324 nitas
749 4255 941 4329 enim,
973 4270 1093 4319 nee
1119 4255 1277 4330 Deo,
1297 4270 1418 4316 nee
1445 4252 1772 4331 supposito
1799 4250 2011 4313 divino
2032 4254 2125 4313 est

561 4348 920 4414 necessario
971 4354 1146 4413 etex
1183 4353 1409 4411 natura
1451 4346 1548 4409 rei
1591 4344 1802 4419 unita3
1831 4343 1953 4407 sed
2003 4344 2125 4407 hoe

561 4444 802 4525 pendet
821 4460 904 4507 ex
931 4443 1170 4507 unione
1189 4441 1386 4505 libere
1401 4440 1568 4503 faeta
1591 4457 1630 4501 a
1649 4440 1802 4503 Deo.
1827 4438 2000 4503 Siout
2028 4456 2129 4503 er·

562 4556 644 4619 go
671 4536 740 4601 in
767 4536 890 4601 hoo
911 4554 1103 4601 sensu
1133 4540 1341 4617 potest
1361 4535 1472 4599 ilia
1497 4534 1650 4597 unio
1674 4532 2037 4609 dinumera,
2062 4539 2127 4597 et

563 4649 681 4695 suo
733 4630 926 4694 modo
961 4630 1334 4710 contingens
1361 4674 1380 4703 ‚
1410 4630 1496 4693 ita
1541 4629 1606 4691 in
1651 4626 1872 4691 eodem
1933 4644 2129 4693 sensu

559 4731 774 4807 posset
797 4724 904 4789 illa
930 4725 1275 4805 propositio
1299 4723 1422 4789 diei
1435 4740 1584 4787 esse
1601 4722 1674 4787 in
1693 4722 1959 4787 materia
1976 4740 2125 4787 eon-

563 4819 850 4900 fingenti,
879 4837 998 4881 seu
1023 4818 1246 4881 libera.

645 4916 746 4977 10.
773 4914 978 4977 Homo
1017 4914 1264 4979 univoce
1301 4912 1534 4977 dieitur
1555 4913 1628 4978 de
1651 4914 1806 4989 Deo,
1833 4918 1892 4977 et
1923 4910 2117 4975 uobis.

563 5038 636 5053 -
669 5006 944 5069 Ulterius
987 5022 1134 5071 vero
1177 5004 1546 5070 addendum
1591 5012 1710 5079 est,
1731 5008 1922 5069 etiam
1979 5022 2125 5066 eon-

564 5099 838 5163 siderata
875 5099 980 5162 illa
1003 5100 1430 5180 propositione
1460 5100 1528 5163 iu
1568 5100 1690 5163 hoo
1745 5116 1964 5173 sensu,
1994 5116 2123 5161 non

563 5208 706 5254 esse
733 5190 1064 5259 dicendam
1106 5192 1618 5273 praedicationem
1644 5191 2119 5267 accidentalem,

453 5329 462 5339 ·
565 5285 678 5349 sed
707 5286 1222 5361 substantialem,
1253 5294 1386 5350 tum
1417 5286 1499 5349 ad
1533 5286 1820 5349 vitandos
1851 5304 2119 5360 erroreS,

562 5388 698 5447 tum
721 5381 891 5462 quia,
917 5383 1088 5463 quod
1111 5384 1506 5465 praedicatur,
1537 5388 1633 5449 est
1663 5382 2033 5459 substantia,
2060 5389 2125 5447 et

563 5477 794 5543 veritas
819 5477 1278 5562 praedicationis
1324 5480 1392 5547 in
1445 5477 1838 5546 substantiali
1889 5478 2123 5544 unione

2183 414 2445 479 fundata
2474 418 2587 478 est.
2620 414 2697 479 Et
2716 413 2851 478 fere
2880 413 3104 477 eodem
3134 422 3663 499 sensu-postauam
3780 422 3783 473 ἐ

2185 512 2557 590 mysterium
2608 517 2815 591 potest
2854 510 2975 572 diei
3025 510 3236 591 aliquo
3268 514 3437 575 modo
3472 532 3571 596 per
3596 540 3665 599 se,
3780 528 3783 569 ε

2188 605 2337 684 quia
2364 604 2771 684 praedieatum
2816 612 2913 667 est
2938 622 3137 666 unum
3186 620 3301 684 per
3316 621 3383 668 se
3410 626 3539 672 cum
3562 617 3691 677 sub.-

2183 698 2375 779 jeoto‚
2412 702 2477 760 et
2500 717 2631 759 non
2662 718 2775 779 per
2818 692 3149 773 aesiden33
3181 705 3249 760 et
3292 700 3549 765 similiter
3582 707 3667 771 disi
3780 712 3783 747 ¹

2188 798 2395 871 potest
2414 793 2791 863 necessaria,
2826 792 2972 871 quia
3000 792 3137 871 ejus
3183 792 3397 854 veritas
3428 795 3671 863 fundatur
3780 806 3783 843 ε

2190 884 2255 945 in
2302 885 2535 947 unione
2566 904 2645 949 ex
2672 893 2898 948 natura
2926 902 3042 947 sua
3084 885 3479 949 indissolubili
3518 898 3571 953 et
3594 892 3671 955 im·

2189 978 2495 1039 mutabili.
2524 978 2671 1051 Ques
2718 978 2931 1039 omnia
2965 983 3115 1039 sunt
3132 994 3306 1051 vera,
3331 974 3673 1059 loquendeis
3780 985 3783 1027 ³

2186 1071 2469 1151 rigon-osa
2488 1078 2555 1133 et
2576 1072 2831 1153 propria
2858 1071 3289 1151 suppositione
3308 1075 3671 1151 teminorum:

2190 1171 2255 1227 at
2278 1182 2451 1241 vero,
2474 1165 2528 1227 si
2574 1182 2651 1227 ex
2686 1164 3003 1227 communi
3028 1182 3155 1226 usu·
3198 1164 3673 1247 intelligatursnb-
3781 1181 3783 1207 =

2184 1260 2419 1340 jectum
2454 1258 2631 1337 iilud,
2664 1261 2848 1332 Deus,
2872 1257 3039 1321 trahi
3058 1276 3104 1319 a
3120 1258 3553 1339 praedicato-ad
3576 1280 3677 1344 sup-

2192 1354 2555 1435 ponendum
2603 1370 2719 1435 pro
2770 1369 3043 1435 persona
3071 1353 3235 1418 sitii
3279 1358 3612 1433 composita,
3638 1369 3678 1423 ei
3780 1356 3783 1395 ἱ

2193 1449 2527 1527 conjuncta
2581 1448 2875 1511 humanae
2906 1454 3177 1523 naturae,
3208 1446 3297 1509 sie
3334 1448 3576 1510 concedi
3606 1468 3681 1531 po-

2191 1547 2311 1603 test
2338 1541 2831 1620 propositionem
2856 1540 3025 1602 illam
3044 1556 3189 1602 esse
3212 1556 3431 1620 porse,
3448 1548 3507 1603 et
3521 1542 3577 1602 in
3594 1560 3681 1605 ma·
3780 1544 3783 1582 ³

2193 1635 2349 1697 teria
2386 1634 2655 1696 naturali
2684 1654 2699 1707 ς
2732 1640 2797 1697 et
2821 1635 2909 1695 ita
2938 1634 3187 1696 loeutus
3226 1638 3320 1694 est
3346 1634 3419 1695 D.
3450 1632 3683 1704 Thomas,
3778 1646 3783 1679 Ξ

2192 1730 2395 1809 magis
2420 1728 2523 1807 pie
2569 1727 2967 1808 exponendo,
2996 1734 3059 1789 et
3076 1727 3449 1805 themesim,
3476 1744 3631 1805 quam
3642 1732 3683 1790 in
3780 1764 3783 1773 ‹

2192 1822 2397 1903 rigore
2434 1822 2760 1885 dialectieo
2792 1843 2811 1896 ς
2847 1820 3016 1883 unde
3060 1820 3131 1884 st
3175 1822 3338 1883 hane
3384 1822 3689 1901 propositio·
3781 1831 3783 1865 ³

2194 1934 2340 1977 nem
2364 1931 2381 1977 z
2408 1918 2462 1979 J
2462 1933 2599 1979 esus
2616 1923 2705 1980 est
2726 1918 2922 1992 homo,
2940 1934 3083 1978 esse
3104 1913 3587 1995 propriissimein
3602 1934 3687 1976 ms-
3780 1924 3783 1957 ἐ

2194 2010 2353 2073 teria
2372 2011 2667 2086 naturali,
2696 2016 2759 2072 et
2784 2028 2903 2090 per
2920 2028 3012 2082 se,
3038 2010 3191 2091 quia
3214 2026 3329 2089 per
3348 2008 3498 2068 illud
3516 2026 3687 2071 nomen
3781 2014 3783 2051 Ξ

2192 2102 2539 2165 formaliter
2610 2103 2995 2182 significatur
3032 2102 3425 2165 individuum
3464 2100 3689 2164 humana
3781 2116 3783 2143 ³

2194 2203 2476 2271 naturae;
2536 2204 2599 2259 et
2652 2198 2821 2260 idem
2870 2203 2965 2260 est
3012 2195 3403 2260 censendum
3458 2196 3532 2259 de
3575 2198 3688 2257 hac:

2202 2290 2487 2355 Clu-istus
2537 2296 2625 2355 est
2654 2292 2847 2366 homo,
2876 2290 3185 2371 quidquid
3213 2291 3439 2355 scotus
3480 2293 3538 2350 et
3558 2288 3687 2352 Gabr.

2196 2384 2434 2460 dicant,
2462 2384 2819 2463 quiaetiam
2850 2386 2969 2447 hoe
2988 2400 3224 2446 nomen
3246 2381 3577 2444 formaliter
3594 2382 3691 2443 dicit

2196 2476 2676 2542 humanitatem.
2717 2480 2813 2553 Et,
2842 2478 2988 2545 lieet
3032 2478 3225 2541 etiam
3268 2477 3437 2539 dieat
3480 2476 3690 2541 dixinila·
3780 2476 3783 2482 ’

2198 2576 2351 2645 tem,
2379 2570 2524 2631 inde
2556 2572 2759 2633 solum
2782 2572 2853 2635 fit
2878 2573 3189 2636 Christum
3227 2589 3341 2651 per
3364 2588 3435 2631 se
3464 2576 3523 2630 et
3542 2587 3691 2630 essen·

2198 2663 2429 2725 tialiter
2454 2663 2576 2725 diei
2620 2666 2820 2726 Deum
2852 2672 2923 2729 et
2950 2665 3299 2735 hominem,-
3327 2664 3481 2742 >quia
3524 2680 3688 2723 nomen

2199 2756 2355 2818 illud
2382 2756 2731 2819 formaliter
2758 2758 2908 2819 dicit
2956 2758 3357 2819 individuum
3394 2763 3461 2818 et
3484 2758 3693 2835 supposi-

2199 2857 2333 2913 tum
2364 2850 2695 2931 utriusque
2718 2857 2983 2914 naturoe.
3000 2854 3077 2913 Et
3096 2868 3174 2913 ex
3190 2852 3291 2911 his
3306 2849 3695 2928 facileexpedi·
3780 2870 3783 2897 ¹

2200 2950 2303 3008 tur
2328 2944 2661 3006 difficultas
2701 2962 2780 3006 ex
2798 2943 3015 3007 ’ἀπιῇ
3050 2946 3173 3007 hue
3191 2944 3480 3018 remissa,
3511 2942 3693 3013 seilicet,
3781 2962 3783 2993 ι

2201 3036 2518 3117 quomodo
2551 3039 2721 3101 homo
2746 3038 2993 3101 dicatur
3032 3026 3297 3100 univoce
3326 3037 3415 3098 de
3442 3038 3561 3098 Deo
3580 3036 3695 3098 etde
3781 3051 3783 3089 ÷

2200 3133 2407 3208 nobis,
2438 3152 2581 3197 eum
2612 3134 2693 3196 de
2718 3134 2903 3197 nohis
2940 3134 3189 3197 dicatur
3214 3150 3335 3214 per
3356 3151 3433 3195 se
3452 3138 3517 3194 et
3536 3134 3699 3193 torma·
3781 3172 3783 3185 .

2201 3227 2365 3299 liter,
2400 3246 2527 3289 non
2558 3234 2773 3289 tamen
2796 3227 2875 3290 de
2898 3231 3059 3301 De03
3093 3228 3429 3309 sequendo
3452 3229 3599 3289 euim
3616 3242 3699 3286 mo·

2202 3323 2355 3387 dum
2384 3320 2684 3401 loquendi
2712 3321 2788 3386 B.
2823 3322 3103 3398 Tho-mm,
3134 3322 3321 3384 facile
3350 3320 3697 3401 respondetur

2202 3414 2499 3495 negando
2548 3421 2936 3494 assumptum
2964 3434 2981 3489 ς
3032 3414 3497 3481 considerando
3550 3419 3697 3473 autem
3780 3426 3783 3465 ;

2203 3508 2529 3590 praecisam
2584 3514 2651 3570 et
2706 3509 3058 3589 riget-osam
3118 3507 3621 3589 significationem
3662 3510 3701 3565 st
3780 3522 3783 3561 ε

2206 3600 2705 3681 suppositionem
2730 3602 3167 3674 terminorum,
3200 3598 3541 3662 dicendum
3569 3604 3643 3660 est
3661 3596 3699 3657 id

2206 3710 2335 3755 non
2382 3712 2523 3757 esse
2570 3700 2791 3757 eontra
2848 3693 3162 3759 rationem
3210 3695 3469 3755 termini
3494 3692 3697 3755 univoci.

2206 3789 2353 3868 quia
2400 3788 2805 3867 forma,·quoe·
2835 3788 3211 3869 praedicatur
3254 3806 3371 3848 seu
3424 3786 3701 3867 applicatur

2206 3880 2513 3961 subjecto,
2548 3881 2833 3960 eiusdem
2862 3882 3122 3943 rationis
3150 3888 3267 3954 est,
3301 3880 3583 3961 quamvis
3614 3894 3701 3937 mo·

2206 3975 2325 4037 dus
2353 3973 2806 4054 praedicationis
2856 3974 2934 4037 sit
2980 3973 3287 4037 diversus.
3320 3975 3409 4035 Et
3448 3974 3499 4033 si
3530 3972 3587 4033 in
3624 3971 3701 4031 hac

2206 4086 2397 4131 sensu
2438 4068 2681 4131 dicatur
2723 4068 3087 4149 praedicatio
3124 4086 3252 4130 non
3302 4084 3447 4130 esse
3476 4064 3698 4135 univoca,

2208 4162 2354 4244 quia
2379 4162 2605 4224 modus
2622 4179 2737 4225 seu
2752 4162 3019 4242 qualitas
3033 4162 3499 4243 praedieationis
3516 4176 3625 4221 non
3642 4164 3701 4218 est

2206 4258 2456 4334 eadem,
2486 4273 2614 4318 non
2640 4262 2735 4318 est
2765 4255 3032 4319 multum
3064 4256 3133 4318 in
3174 4256 3389 4319 verbis
3434 4257 3699 4318 immoran-

2202 4351 2381 4427 dum,
2414 4349 2697 4430 quamvis
2724 4354 2907 4411 eante
2931 4354 2999 4413 et
3029 4349 3171 4413 elne
3206 4348 3549 4411 offensione
3582 4342 3699 4423 loqui

2206 4448 2515 4527 oporteat.

2288 4542 2317 4601 1
2332 4542 2392 4601 1.
2416 4539 2719 4615 Quartum
2739 4534 3182 4619 argumentum
3202 4538 3275 4601 D.
3291 4531 3699 4615 ‘rhomaespmis

2205 4634 2291 4698 sis
2316 4634 2359 4696 Ξ
2386 4637 2449 4697 et
2470 4636 2528 4708 3,
2564 4652 2705 4712 quas
2743 4632 3131 4715 expositione
3164 4647 3297 4694 non
3326 4631 3609 4712 indigent)
3629 4630 3693 4689 est

2204 4728 2365 4792 hoe:
2394 4728 2755 4790 absolutum
2768 4728 3177 4809 predicatum
3206 4727 3577 4789 conveniens
3589 4726 3695 4794 Deo,

2205 4828 2301 4885 est
2325 4840 2659 4883 commune
2688 4822 2799 4884 toti
2819 4821 3099 4883 Trinitati
3124 4844 3142 4896 3
3172 4818 3288 4882 sed
3314 4820 3505 4883 homo
3532 4824 3604 4879 est
3624 4815 3697 4875 ab·

2202 4916 2480 4979 solutum
2496 4914 2936 4996 praedicatum
2972 4932 3149 4993 erge,
3168 4915 3227 4976 si
3252 4913 3481 4975 dieitur
3500 4912 3571 4973 de
3586 4910 3693 4981 Deo,

2203 5008 2445 5072 dicetur
2472 5008 2552 5070 de
2576 5014 2709 5069 tota
2732 5006 3243 5087 Ttinitate,quod
3264 5008 3517 5069 omnino
3529 5004 3693 5065 falsum

2204 5108 2322 5165 est.
2350 5100 2717 5183 Respondet
2742 5103 2812 5164 D.
2845 5102 3118 5164 Thomas
3146 5100 3590 5171 obscurissime,
3609 5096 3691 5155 hoc

2204 5196 2685 5270 nomenfbom,
2717 5212 2847 5255 non
2890 5192 3069 5274 sequi
3112 5193 3401 5274 regulam
3450 5187 3689 5257 absoluti,

2203 5289 2315 5353 sed
2340 5288 2581 5350 relativi
2602 5287 2918 5368 praedicati
2947 5294 3237 5369 respectu
3264 5287 3398 5359 Dei,
3429 5285 3561 5363 qnia
3586 5279 3690 5343 diei·

2204 5388 2307 5447 tur
2331 5381 2410 5445 de
2438 5384 2567 5445 Deo
2618 5381 2861 5445 ratione
2890 5382 3137 5444 unionis
3178 5382 3245 5442 in
3296 5398 3563 5461 persona,
3590 5388 3687 5454 quii¹

2206 5480 2302 5546 est
2328 5478 2569 5545 relatio.
2601 5476 2751 5557 Quae
2802 5476 3129 5563 responsio
3180 5477 3471 5559 cajetano
3518 5480 3569 5537 et
3592 5468 3689 5532 aliis
