3892 6167
559 402 636 466 38

551 511 776 574 cialem
825 509 1297 583 difficultatem,
1363 507 1554 588 hujus
1607 507 1726 570 loci
1777 510 2121 590 propriam.

549 607 731 684 Nam,
789 603 1205 688 supponendo
1221 650 1242 681 ‚
1305 603 1477 682 quod
1531 603 1934 666 verissimum
1993 609 2123 682 est,

549 701 750 764 Deum
775 701 1008 764 habere
1048 700 1213 761 hano
1257 697 1584 760 scientiam
1623 705 1862 760 certam
1897 699 2125 762 horum

550 793 929 869 futurorum,
964 794 1226 857 dubium
1254 810 1384 854 non
1415 795 1510 854 est
1538 792 1694 870 quin
1723 796 1999 872 potuerit
2036 795 2116 856 il-

551 890 678 952 lam
713 892 938 954 Christi
986 891 1212 952 animoe
1252 887 1718 951 communicare
1759 887 1828 948 in
1871 889 2115 952 visione

1831 407 2068 472 QUAEsT.
2104 409 2185 464 xl.
2221 410 2424 468 ARTlc.
2463 413 2501 466 1.

2208 513 2364 578 hanc
2402 516 2721 580 scientiam
2756 532 2879 580 non
2918 517 3189 602 coqnooit
3221 516 3507 587 Christus
3532 541 3595 590 ea
3626 544 3735 610 qua
3826 571 3828 580 .

2205 609 2545 674 naturalem
2571 611 2868 674 rationem
2891 613 3196 674 excedunt.

2286 702 2346 764 2.
2400 704 2725 780 Proeterea,
2754 705 3193 786 phantasmata
3226 723 3292 771 se
3332 707 3546 776 habent
3570 713 3643 776 ad
3661 716 3737 780 in-

2208 797 2503 861 tellectum
2524 798 2878 876 humanum,
2912 801 3075 864 sicut
3100 801 3329 865 colores
3352 803 3437 866 ad
3456 804 3662 880 visum,
3683 817 3739 874 ut

2199 891 2430 954 dicitur
2464 892 2640 955 tertio
2668 893 2737 955 de
2764 891 2993 956 Anima
3022 893 3065 956 ².
3098 891 3231 960 Sed
3258 913 3383 958 non
3408 898 3653 978 pertinet
3676 903 3741 965 ad

553 983 765 1060 beata,
797 985 942 1065 quia
981 1001 1112 1045 non
1144 988 1240 1044 est
1279 982 1482 1062 major
1525 981 1856 1044 difficultas
1886 983 1951 1044 in
1993 983 2113 1045 hac
2192 983 2609 1066 perfectionem
2630 983 2845 1050 visivoe
2863 987 3152 1068 potentioe
3178 1005 3533 1069 coynoscere
3554 1011 3739 1074 eaque

555 1077 817 1139 scientio
847 1095 1038 1156 quam
1067 1077 1132 1138 in
1161 1076 1442 1156 qualibet
1479 1075 1602 1137 alia
1633 1074 1898 1138 scientia
1937 1095 2114 1139 orea-

553 1174 837 1232 turarum
869 1170 934 1231 in
961 1170 1192 1234 Verbo.
1231 1168 1394 1242 Quin
1439 1169 1676 1248 potine,
1711 1167 1778 1230 in
1805 1169 2024 1232 Matth.
2052 1173 2114 1246 2,

555 1265 710 1328 satis
737 1269 983 1326 constat
1006 1264 1230 1328 Christi
1260 1263 1540 1324 animam
1575 1261 1742 1323 hono
1791 1263 2119 1326 scientiam

555 1357 814 1420 habere.
847 1360 1018 1422 Siout
1046 1365 1259 1420 autem
1283 1357 1496 1418 anima
1545 1354 1772 1418 Christi
1797 1374 1926 1418 non
1950 1357 2122 1420 videt

557 1452 636 1516 de
661 1451 827 1514 facto
857 1455 922 1515 in
949 1454 1082 1516 Deo
1114 1452 1328 1514 omnia
1355 1450 1702 1532 possibilia,
1727 1450 1818 1512 ita
1859 1469 2119 1514 necesse

555 1565 684 1608 non
713 1553 902 1610 estut
927 1547 1064 1610 haeo
1094 1545 1524 1607 conditionata
1559 1543 1770 1604 omnia
1806 1549 1870 1606 et
1891 1545 1959 1606 in
1990 1563 2122 1607 om-

555 1639 745 1702 nibus
786 1640 977 1702 rebus
1019 1645 1380 1720 cognoscat,
1433 1636 1546 1700 sed
1589 1654 1663 1700 ea
1703 1643 1944 1700 tantum
1981 1656 2124 1719 quae

557 1734 738 1814 juxta
767 1733 991 1796 divinae
1030 1731 1357 1814 sapientise
1407 1731 1719 1793 rationem
1770 1741 1836 1793 et
1871 1750 2123 1794 mensu·

561 1845 698 1890 rom
731 1827 946 1892 videre
996 1827 1336 1910 expediens
1381 1826 1520 1901 fuit,
1573 1825 1744 1888 etad
1771 1827 1998 1890 Christi
2038 1829 2125 1892 di·

562 1923 864 2004 gnitatem
889 1929 953 1988 et
975 1940 1240 1986 munera
1263 1919 1382 1984 ruit
1411 1919 1812 1984 conveniens.

1089 2165 1439 2238 QUAESTIO
1477 2166 1574 2228 xl.

563 2377 640 2430 D!
679 2379 950 2432 mnu
994 2381 1196 2430 mmm
1233 2381 1346 2430 vm.
1387 2382 1596 2430 mrum
1637 2381 1851 2430 ANIMAE
1894 2383 2126 2434 cums'rl

913 2477 978 2524 11⁴¹
1023 2477 1136 2526 SEX
1180 2477 1498 2526 Anrxcums
1549 2477 1773 2524 musA.

643 2675 872 2740 Deinde
899 2677 1395 2742 considerandum
1423 2682 1515 2742 est
1547 2677 1615 2740 de
1642 2676 1894 2742 scientia
1926 2677 2128 2742 indita

570 2771 664 2833 cel
701 2770 922 2848 infusa
949 2775 1169 2835 animce
1205 2770 1453 2836 Christi.
1488 2773 1583 2836 Et
1609 2769 1772 2835 circa
1818 2771 1926 2835 hoc
1966 2790 2129 2854 qnoe-

568 2869 798 2928 runtur
827 2881 956 2928 sea.

647 2957 866 3020 Primo
894 3004 909 3033 ‚
970 2963 1180 3022 utrum
1235 2959 1558 3022 secundum
1614 2957 1768 3023 hanc
1815 2959 2131 3024 scientiam

575 3049 862 3114 Christus
888 3049 1043 3116 sciat
1069 3051 1290 3116 omnia.

657 3143 957 3219 Secundo,
999 3151 1210 3210 utrum
1256 3146 1369 3211 hac
1415 3145 1669 3213 scientia
1707 3149 1804 3214 uti
1839 3146 2131 3230 potuerit,

573 3257 690 3302 non
721 3243 1101 3304 convertendo
1129 3260 1194 3307 se
1221 3243 1302 3305 ad
1319 3241 1780 3321 phantasmata.

656 3331 885 3410 Tertio,
914 3342 1123 3399 utrum
1151 3336 1273 3398 hoec
1293 3335 1549 3400 scientia
1572 3339 1764 3412 fuerit
1788 3335 2089 3404 collativa.

654 3428 907 3504 Quarto,
957 3429 1026 3494 de
1070 3428 1510 3508 comparatione
1539 3431 1724 3512 hujus
1765 3433 2031 3497 scientim
2056 3433 2140 3498 ad

570 3521 886 3588 scientiam
918 3523 1273 3607 angelicam.

655 3615 896 3692 Quinto,
937 3624 1145 3680 utrum
1169 3617 1370 3692 suerit
1395 3616 1655 3684 scientia
1680 3617 2035 3685 habitualis.

656 3709 869 3790 Sento,
911 3717 1119 3777 utrum
1157 3711 1350 3790 fuerit
1393 3713 1686 3779 distincta
1721 3733 1830 3794 per
1871 3713 2137 3780 diversos

571 3806 838 3872 halitus.

1093 3941 1518 4006 ARTICULUS
1557 3943 1605 4004 1.

586 4101 804 4167 Utrum
827 4103 1146 4168 secundum
1185 4104 1502 4169 scientiam
1541 4105 1806 4168 inditam
1839 4105 1930 4168 vel
1966 4103 2139 4183 infu—

884 4215 1016 4262 sam
1050 4196 1333 4263 Christus
1360 4199 1564 4264 omnia
1595 4196 1753 4264 sciat
1778 4197 1820 4260 ¹.

659 4373 718 4435 1.
750 4369 853 4436 Aa
877 4373 1148 4454 primum
1181 4374 1273 4438 sic
1297 4373 1670 4454 proceditur.
1709 4373 1959 4442 Videtur
1984 4375 2145 4460 quod

575 4466 894 4530 secundum
908 4466 1065 4530 hanc
1092 4469 1412 4532 scientiam
1427 4465 1712 4532 Christus
1732 4485 1848 4530 non
1867 4487 2138 4554 coynove-

576 4558 665 4622 rit
690 4561 912 4624 omnia.
951 4561 1106 4625 Hoec
1129 4563 1288 4624 enim
1316 4561 1571 4625 scientia
1601 4563 1800 4626 indita
1834 4568 1922 4627 est
1957 4564 2140 4629 Chri-

578 4659 671 4718 sto
701 4655 780 4716 ad
799 4657 1217 4735 perfectionem
1241 4655 1554 4734 possibilis
1599 4655 1938 4720 intellectus
1979 4659 2133 4740 ejus.

579 4746 710 4814 Sed
731 4747 1072 4813 intellectus
1093 4747 1405 4829 possibilis
1436 4749 1654 4812 animce
1701 4749 1981 4814 humanoe
2020 4771 2140 4816 non

576 4842 816 4906 videtur
843 4860 969 4905 esse
1007 4843 1076 4904 in
1099 4843 1374 4922 potentia
1409 4843 1490 4907 ad
1526 4841 1723 4905 omnia
1751 4844 2133 4925 simpliciter,

578 4936 681 4996 sed
706 4935 788 4997 ad
810 4935 925 4998 illa
949 4933 1082 4997 sola
1110 4935 1177 4997 in
1211 4954 1345 5016 quoe
1375 4941 1570 5016 potest
1597 4933 1804 4999 reduci
1842 4937 1904 4999 in
1935 4945 2139 5001 actum

574 5045 686 5108 per
714 5029 1078 5092 intellectum
1108 5036 1398 5111 agentem,
1432 5031 1536 5110 qui
1561 5035 1647 5093 est
1686 5033 2007 5114 proprium
2042 5050 2141 5096 ac-

581 5124 772 5184 tivum
813 5121 1033 5202 ipsius,
1082 5141 1216 5204 quoe
1261 5124 1496 5204 quidem
1531 5128 1676 5187 sunt
1720 5125 2143 5204 coynoscibilia

578 5217 900 5280 secundum
926 5218 1226 5280 rationem
1247 5215 1616 5281 naturalem.
1630 5217 1804 5302 Erpa
1821 5219 2143 5284 secundum

660 5405 678 5444 ¹
723 5401 900 5480 infr..
923 5421 986 5484 q.
1015 5407 1248 5480 t2‚art.
1280 5405 1342 5481 2,
1379 5421 1552 5487 corp.
1559 5451 1581 5484 ,
1608 5405 1774 5470 etad
1801 5409 1837 5472 3
1849 5424 1870 5488 ;
1904 5415 1967 5472 et
1988 5409 2049 5484 3,
2076 5407 2141 5470 d.

581 5501 683 5578 14,
714 5501 995 5580 q.1,art.
1019 5501 1164 5579 3‚q.
1187 5501 1248 5576 1,
1281 5505 1345 5562 et
1372 5518 1435 5580 q.
1477 5503 1540 5579 4,
1576 5507 1856 5580 corp.,et
1884 5521 1945 5584 q.
1974 5505 2037 5577 5,
2064 5499 2147 5563 ad

580 5595 642 5667 23
668 5598 730 5654 et
750 5589 942 5655 verit.
988 5609 1049 5672 q.
1085 5595 1187 5670 20,
1219 5597 1337 5655 art.
1373 5595 1434 5668 ὃς
1473 5601 1534 5657 et
1563 5612 1781 5674 opusc.
1809 5599 1869 5671 2,
1904 5613 1959 5656 c.
1994 5595 2141 5657 223.

2195 1081 2337 1138 sunt
2366 1077 2601 1140 omnino
2627 1077 2845 1160 absque
2868 1079 3078 1143 colore.
3110 1081 3292 1162 Eryo
3320 1101 3505 1166 neque
3528 1087 3606 1149 ad
3616 1105 3733 1166 per-
3828 1081 3830 1132 ἕ

2196 1171 2517 1246 sectionem
2540 1171 2883 1238 intellectus
2914 1173 3167 1237 humani
3206 1177 3479 1256 pertinet
3529 1195 3739 1258 coquos-

2202 1279 2330 1326 cere
2354 1279 2426 1327 ea
2463 1282 2715 1347 quorum
2744 1283 2863 1330 non
2884 1273 3141 1350 possunt
3164 1286 3292 1332 esse
3310 1269 3739 1351 phantasmata,

2200 1359 2363 1422 sicut
2390 1365 2534 1422 sunt
2560 1359 2920 1425 substantiae
2945 1367 3267 1442 separatoe.
3300 1361 3420 1428 Sic
3447 1382 3600 1450 erqo,
3630 1385 3741 1432 cum

2203 1453 2547 1532 hujusmodi
2588 1453 2843 1518 scientia
2870 1455 3065 1532 fuerit
3100 1457 3171 1518 in
3216 1455 3465 1521 Christo
3514 1459 3593 1522 ad
3621 1478 3739 1542 per-

2200 1543 2515 1624 fectionem
2563 1549 2785 1612 anima·
2826 1548 3201 1614 intellectione
3246 1550 3490 1632 ipsius,
3538 1553 3742 1618 videtur
3830 1573 3832 1634 ῃ

2204 1639 2361 1722 quod
2387 1659 2500 1724 per
2538 1641 2885 1723 hujusmodi
2927 1643 3242 1710 scientiam
3269 1661 3396 1708 non
3437 1645 3743 1727 coynoeerit
3830 1659 3832 1668 '

2206 1733 2586 1800 substantias
2615 1743 2956 1817 separatas.

2287 1829 2347 1889 3.
2376 1827 2712 1907 Praeterea,
2735 1833 2817 1895 ad
2836 1833 3266 1913 perfectionem
3290 1831 3625 1900 intellectus
3644 1853 3741 1898 non

2200 1922 2467 2004 pertinet
2512 1941 2856 2005 coynoscere
2912 1927 3281 2010 sinqularia.
3340 1927 3586 1996 Videtur
3626 1947 3741 2012 erqo

2204 2017 2363 2098 quod
2384 2035 2493 2098 per
2519 2018 2865 2098 hujusmodi
2909 2023 3229 2087 scientiam
3282 2021 3494 2088 anima
3543 2021 3747 2088 Christi

2206 2110 2303 2174 sin
2304 2111 2554 2192 qularia
2584 2131 2703 2176 non
2730 2115 3043 2200 coqnoveri
3046 2121 3093 2179 t.

2291 2205 2421 2270 Sed
2446 2210 2661 2272 contra
2708 2215 2797 2272 est
2825 2210 2985 2292 quod
3019 2211 3248 2276 dicitur
3278 2211 3444 2277 Isai.
3498 2215 3593 2287 11,
3620 2211 3746 2293 quoa

2208 2299 2461 2380 replevit
2497 2318 2630 2364 eum
2662 2299 2952 2384 Spiritus
2972 2305 3299 2385 sapientia·
3326 2312 3386 2372 et
3423 2305 3744 2380 intellectus,

2209 2390 2478 2459 scientia.³
2502 2399 2555 2458 et
2576 2395 2840 2461 consilii.
2879 2396 3011 2462 Sub
3034 2399 3253 2480 quibus
3279 2399 3745 2484 comprehendun-

2209 2491 2313 2549 tur
2358 2487 2559 2550 omnia
2586 2491 3049 2572 coqnoscibilia;
3088 2508 3231 2556 nam
3282 2493 3367 2558 ad
3411 2493 3742 2576 sapientiam
3835 2519 3836 2540 1

2202 2579 2464 2660 pertinet
2494 2585 2752 2666 coynitio
2786 2585 3049 2647 omnium
3078 2585 3430 2650 divinorum
3446 2611 3474 2660 ,·
3500 2587 3577 2650 ad
3594 2585 3744 2649 intel-

2208 2672 2423 2737 lectum
2456 2680 2655 2740 autem
2679 2677 2943 2757 pertinet
2971 2679 3237 2759 counitio
3264 2679 3533 2744 omnium
3566 2682 3747 2742 imma-

2210 2768 2562 2840 terialium;
2599 2771 2684 2832 ad
2706 2771 3023 2834 scientiam
3049 2778 3247 2838 autem
3272 2776 3541 2855 pertinet
3566 2773 3745 2858 coeni-

2212 2861 2295 2926 tio
2330 2863 2593 2926 omnium
2618 2864 3109 2938 conclusionum,·
3136 2869 3220 2930 ad
3242 2867 3559 2932 consilium
3578 2873 3746 2930 autem

2212 2956 2469 3034 counitio
2504 2956 2765 3020 omnium
2792 2959 3131 3042 ayibilium.
3152 2959 3335 3044 Ergo
3368 2963 3601 3025 videtur
3622 2957 3748 3040 quod

2218 3045 2524 3123 Christus,
2554 3053 2875 3115 secundum
2892 3052 3208 3118 scientiam
3228 3053 3493 3118 inditam
3522 3053 3632 3118 sibi
3658 3069 3749 3132 per
3837 3099 3838 3112 ,

2221 3141 2537 3224 Spiritum
2563 3145 2883 3222 Sanctum,
2899 3146 3179 3213 hahuerit
3203 3151 3473 3214 omnium
3496 3147 3750 3230 counitio·

2215 3255 2371 3302 nem.

2298 3333 2642 3416 Respondeo
2667 3335 2998 3412 dicendum,
3029 3339 3202 3421 quod,
3233 3339 3405 3406 sicut
3435 3340 3607 3422 prius
3646 3339 3751 3402 dic-

2215 3436 2345 3496 tum
2396 3435 2485 3494 est
2520 3428 2546 3470 ²
2563 3475 2586 3507 ,
2634 3431 2981 3496 conveniens
3012 3435 3140 3512 fuit
3184 3439 3257 3504 ut
3287 3437 3501 3501 anima
3542 3430 3751 3500 Christi

2216 3525 2450 3586 omnino
2480 3527 2630 3588 esset
2648 3527 2948 3604 perfecta,
2973 3544 3082 3606 per
3108 3527 3218 3592 hoc
3246 3531 3410 3610 quod
3428 3531 3615 3595 omnis
3636 3527 3750 3608 ejus

2210 3618 2628 3698 potentialitas
2660 3619 2746 3682 sit
2785 3619 3033 3684 reducta
3056 3621 3137 3684 ad
3174 3628 3402 3686 actum.
3433 3623 3557 3688 Est
3582 3625 3753 3686 autem

2220 3711 2735 3786 considerandum,
2779 3715 2939 3794 quod
2960 3715 3028 3776 in
3056 3715 3263 3777 anima
3288 3715 3577 3792 humana,
3613 3714 3753 3777 sicut

2220 3803 2286 3866 in
2318 3804 2573 3884 qualibet
2598 3811 2901 3883 creatura,
2947 3808 3366 3873 considerat-ur
3410 3809 3624 3892 duplex
3658 3821 3753 3888 po·

2222 3901 2411 3960 tentia
2425 3900 2696 3978 passiva.
2728 3899 2862 3964 Una
2881 3901 3115 3982 quidem
3129 3919 3241 3985 per
3268 3901 3752 3988 comparationem

2225 3991 2306 4056 ad
2348 4009 2535 4070 aqens
2562 3994 2864 4058 naturale.
2894 3995 3047 4058 Alia
3084 4013 3219 4058 vero
3240 4013 3359 4078 per
3386 3991 3753 4078 comparatio·

2222 4101 2355 4147 nem
2382 4087 2680 4172 ad-ayens
2700 4089 2995 4168 primum,
3033 4090 3191 4171 quod
3218 4095 3421 4174 potest
3462 4085 3755 4174 quamlibet

2224 4183 2565 4243 creaturam
2589 4183 2864 4246 reducere
2881 4181 2951 4244 in
2974 4189 3176 4247 actum
3196 4184 3484 4266 aliquem,
3502 4184 3756 4247 altiorem

2222 4279 2361 4337 actu
2388 4272 2455 4337 in
2492 4293 2661 4356 quem
2698 4275 3009 4340 reducitur
3026 4295 3139 4358 per
3159 4295 3347 4359 ayens
3372 4275 3647 4344 naturale
3658 4295 3683 4346 ,·
3710 4273 3787 4338 ⁶!-

2221 4369 2349 4432 hcec
2400 4371 2698 4434 consuevit
2749 4372 2955 4434 vocari
3004 4373 3277 4454 potentia
3328 4370 3661 4436 obedientia
3702 4361 3759 4425 iu

2222 4467 2522 4527 creatura.
2566 4465 2832 4547 Utraque
2859 4471 3058 4530 autem
3074 4468 3348 4548 potentia
3365 4466 3581 4530 animoe
3606 4455 3758 4524 Chri-

2218 4559 2305 4620 sti
2333 4559 2463 4635 fuit
2479 4559 2721 4622 reducta
2739 4559 2805 4622 in
2823 4565 3050 4634 actum,
3077 4561 3393 4624 secundum
3410 4561 3563 4623 hanc
3589 4553 3760 4618 scien·

2222 4649 2369 4712 tiam
2392 4651 2685 4716 divinitus
2701 4653 2982 4718 inditam.
3014 4655 3105 4716 Et
3127 4655 3279 4729 ideo,
3309 4652 3623 4716 secundum
3644 4657 3759 4710 eam

2218 4744 2427 4807 anima
2464 4743 2701 4810 Christi
2720 4746 2923 4830 primo
2946 4746 3179 4828 quidem
3208 4747 3484 4830 coqnovit
3508 4753 3761 4828 quoecnu-

2218 4855 2328 4920 que
2369 4839 2443 4904 ab
2486 4841 2720 4906 homine
2754 4841 3027 4920 copnosci
3054 4846 3315 4922 possunt
3342 4857 3457 4920 per
3492 4837 3759 4902 virtutem

2218 4933 2472 4997 luminis
2493 4936 2833 5000 intellectus
2854 4934 3116 5014 acenti-s,
3151 4935 3317 4998 sicut
3340 4939 3485 4999 sunt
3506 4941 3764 5016 quoeeun·

2222 5043 2334 5106 que
2372 5029 2671 5108 pertinent
2696 5029 2779 5091 ad
2818 5029 3103 5092 scientias
3134 5027 3452 5091 humanas.
3502 5017 3759 5091 Secundo

2222 5139 2360 5184 vero
2380 5141 2492 5202 per
2518 5121 2674 5186 hanc
2700 5120 3015 5184 scientiam
3041 5123 3319 5202 coynovit
3350 5119 3633 5186 Christus
3654 5129 3763 5174 om-

2224 5217 2329 5278 nia
2360 5213 2477 5276 illa
2504 5232 2636 5294 qua·
2654 5232 2763 5294 per
2784 5213 3197 5278 revelationem
3225 5215 3493 5278 divinam
3530 5199 3761 5274 homini·

2226 5307 2334 5372 bus
2360 5308 2760 5386 innotescunt,
2799 5308 2925 5373 sive
2952 5309 3302 5392 pertineant
3322 5309 3404 5376 ad
3434 5307 3643 5373 donum
3674 5313 3761 5362 sa-

2308 5499 2327 5539 ¹
2368 5499 2545 5561 Text.
2590 5499 2687 5572 18,
2720 5503 2782 5561 et
2818 5499 2922 5576 39,
2950 5500 3106 5562 tom.
3138 5501 3199 5564 2.

2305 5593 2331 5634 ²
2372 5593 2443 5669 Q.
2469 5595 2531 5664 9,
2572 5597 2687 5653 art.
2720 5595 2777 5657 1.
