3892 6167
524 404 673 448 vero
703 384 782 448 sit
805 399 1028 448 sensus
1051 399 1182 445 non
1217 380 1609 455 exclusivus,
1641 377 1760 442 sed
1797 376 2090 440 indefini-

527 485 648 556 tus,
673 478 763 542 sic
783 477 1078 558 neganda
1117 481 1214 538 est
1237 473 1715 554 consequentia,
1735 469 1888 552 quia
1905 488 2093 550 argu·

524 579 808 636 mentum
835 569 1120 654 procedit
1147 588 1226 632 ex
1253 569 1428 650 puris
1451 565 1958 650 particularibus.
1977 564 2094 624 De-

527 667 720 746 nique
749 665 800 727 si
835 682 1060 728 sensus
1098 663 1200 735 sit,
1233 661 1410 726 illum
1449 660 1709 724 modum
1747 656 2087 730 filiationis,

529 761 644 842 qui
667 767 762 824 est
789 778 904 841 per
925 757 1278 820 naturalem
1311 754 1814 838 generationem,
1837 757 2093 823 etcom·

527 852 1020 916 municationem
1047 849 1333 932 ejusdem
1361 849 1618 911 omnino
1651 853 1892 910 naturas
1903 889 1928 923 ,
1952 862 2090 906 esse

528 945 948 1028 potissimum,
967 947 1032 1006 et
1048 942 1518 1024 comparatione
1539 941 1724 1020 illius,
1749 935 2092 1022 quemlibet

529 1039 725 1104 alium
753 1054 894 1101 esse
915 1034 1328 1117 improprium
1357 1041 1420 1098 et
1437 1035 1800 1116 analogum,
1833 1032 1921 1096 sic
1946 1049 2093 1093 con-

529 1132 688 1196 cedo
716 1131 1054 1206 Christum,
1087 1135 1158 1192 ιιι
1181 1128 1528 1203 hominem,
1555 1144 1686 1190 non
1728 1141 1868 1188 esse
1890 1122 2091 1185 filium

529 1226 882 1288 naturalem
904 1223 1012 1288 illo
1032 1221 1487 1304 perfectissimo
1505 1219 1720 1284 modo.

609 1322 712 1383 32.
737 1316 914 1392 Quod
932 1317 986 1378 si
1008 1321 1236 1395 urgeat
1257 1314 1509 1396 aliquis,
1528 1331 1702 1390 nam,
1729 1313 1782 1376 si
1800 1311 1906 1374 illa
1925 1311 2092 1374 filia-

529 1415 618 1478 tio
645 1431 772 1476 non
809 1416 908 1476 est
935 1410 1196 1474 omnino
1223 1409 1528 1491 perfecta,
1559 1407 1678 1470 erit
1703 1425 1818 1488 per
1840 1405 2092 1488 partici-

527 1507 894 1588 pationem3
924 1509 990 1568 et
1015 1507 1516 1583 consequenter,
1554 1501 1736 1582 juxta
1781 1499 2091 1562 rationem

527 1602 600 1662 D.
621 1599 878 1664 Thomoe
907 1598 1033 1674 hic,
1056 1615 1186 1661 non
1205 1597 1417 1660 minus
1447 1593 1828 1678 repugnabit
1846 1593 2091 1656 Christo

528 1699 602 1756 ut
623 1691 890 1767 homini,
919 1707 1114 1772 quam
1137 1689 1352 1752 filiatio
1381 1687 1698 1770 adoptiva,
1729 1688 1882 1768 quia
1909 1703 2095 1768 repu-

531 1792 684 1872 gnat
707 1783 944 1866 aliquid
970 1783 1092 1848 dici
1136 1783 1216 1847 de
1246 1781 1472 1847 eodem
1501 1800 1617 1863 per
1641 1781 1985 1844 essentiam
2032 1784 2096 1842 et

529 1898 646 1962 per
673 1877 1242 1962 participationem.
1287 1876 1730 1960 Respondetur
1759 1873 2089 1956 imprimis,

531 1973 703 2056 quod
733 1972 817 2036 ad
857 1989 996 2034 rem
1019 1971 1270 2048 attinet,
1309 1988 1439 2034 non
1481 1985 1616 2034 esse
1639 1967 1945 2050 aequalem
1996 1985 2094 2032 ra-

529 2068 793 2144 tionem,
824 2065 976 2148 quia
1003 2064 1280 2144 adoptio,
1319 2069 1392 2126 ut
1419 2062 1576 2138 dixi,
1611 2061 1873 2124 includit
1898 2077 2102 2142 nega·

535 2163 769 2228 tionem
799 2159 1004 2224 omnis
1031 2158 1349 2222 filiationis
1379 2156 1712 2233 naturalis;
1747 2155 1966 2220 filiatio
1988 2175 2103 2218 au-

531 2260 663 2320 tem
695 2253 1001 2318 naturalis
1029 2271 1144 2336 per
1165 2251 1432 2336 gratiam
1456 2249 1709 2314 unionis
1731 2267 1860 2314 non
1894 2249 2103 2312 exclu-

533 2349 626 2414 dit
667 2349 748 2410 ab
783 2347 1008 2412 eadem
1043 2364 1320 2430 persona
1345 2346 1719 2408 filiationem
1747 2343 2099 2407 naturalem

532 2459 649 2524 per
675 2441 1150 2522 generationem
1183 2445 1484 2502 aeternam
1505 2483 1524 2514 ,
1583 2436 1698 2500 sed
1725 2435 1932 2500 solum
1989 2452 2103 2500 ex-

532 2534 727 2599 cludit
751 2533 925 2596 illam
963 2530 1310 2596 secundum
1339 2533 1532 2596 talem
1573 2537 1887 2594 naturam.
1923 2527 2103 2604 Quod

532 2647 685 2694 vero
731 2627 953 2692 attinet
980 2625 1065 2688 ad
1091 2626 1219 2688 vim
1257 2623 1518 2687 rationis
1555 2625 1630 2688 D.
1679 2623 1932 2699 Thom„
1963 2621 2100 2706 jam

533 2738 724 2800 supra
779 2717 1076 2800 explicui,
1125 2715 1282 2780 illud
1325 2715 1704 2799 principium
1753 2733 1884 2780 non
1915 2732 2100 2796 posse

533 2811 972 2876 universaliter
1000 2807 1264 2890 intelligi
1300 2809 1380 2872 de
1420 2825 1817 2890 quacumque
1855 2807 2102 2872 ratione

531 2907 926 2992 participata,
951 2904 1065 2967 sed
1089 2903 1168 2966 de
1191 2902 1300 2966 illa
1319 2921 1462 2984 quae
1477 2899 1742 2966 includit
1759 2901 2101 2982 specialem

533 3001 940 3084 negationem
981 3003 1444 3080 repugnantem
1491 2994 1708 3058 unioni
1757 2992 2105 3076 hypostati-

531 3115 650 3170 cae,
677 3115 794 3159 seu
825 3093 1145 3174 supposito
1175 3093 1456 3156 increato
1483 3089 1830 3154 secundum
1858 3107 1946 3152 se.
1978 3085 2103 3152 Ad·

535 3191 621 3254 do
647 3207 796 3252 vero
840 3185 1072 3250 deinde
1110 3183 1194 3248 ad
1223 3203 1357 3250 1em
1403 3183 1608 3266 magis
1637 3182 2099 3264 explicandam,

535 3281 870 3366 dupliciter
907 3297 1092 3363 posse
1133 3296 1273 3344 esse
1307 3277 1584 3360 aliquam
1616 3275 1983 3340 filiationem
2013 3275 2105 3338 di·

535 3378 750 3442 vinam
771 3393 889 3458 per
925 3370 1470 3457 participationem
1497 3391 1513 3432 ε
1541 3388 1668 3435 uno
1695 3367 1910 3446 modo,
1956 3369 2105 3450 quia

537 3471 762 3548 forma,
793 3468 897 3531 vel
933 3466 1116 3548 quasi
1139 3467 1346 3530 forma
1379 3466 1445 3528 in
1492 3483 1618 3546 qua
1650 3463 1938 3547 proxime
1965 3463 2108 3526 fun·

539 3565 724 3628 datur
751 3561 892 3626 talis
935 3559 1154 3624 filiatio
1175 3605 1193 3634 ‚
1231 3564 1320 3622 est
1367 3558 1594 3621 entitas
1637 3555 2009 3638 participata
2040 3561 2104 3618 et

539 3662 772 3730 creata,
811 3657 876 3718 et
909 3655 1030 3717 hoc
1057 3651 1248 3717 modo
1277 3649 1494 3716 filiatio
1521 3650 1818 3734 adoptiva
1866 3656 1962 3713 est
1990 3668 2105 3730 per

541 3749 1108 3834 participationem,
1126 3751 1191 3808 et
1215 3743 1360 3808 ideo
1377 3750 1692 3826 repugnat
1705 3761 1989 3826 personae
2014 3741 2104 3805 in·

539 3849 786 3917 creatis,
813 3841 930 3904 sub
953 3855 1328 3922 quacunque
1362 3839 1605 3902 ratione
1635 3835 2098 3911 consideretur;

539 3943 604 4000 et
628 3935 844 4000 filiatio
871 3932 1200 4010 naturalis,
1226 3931 1306 3996 de
1336 3950 1462 4014 qua
1490 3948 1660 3993 nunc
1685 3929 1955 4012 agimus,
1973 3947 2101 3991 non

539 4035 636 4096 est
660 4028 784 4092 hoc
809 4026 1002 4090 modo
1039 4045 1155 4108 per
1201 4025 1771 4108 participationem,
1807 4020 1934 4096 Ised
1988 4041 2104 4104 per

539 4124 808 4207 gratiam
827 4121 1104 4197 unionis,
1133 4137 1274 4201 quae
1302 4124 1608 4200 quantum
1629 4114 1712 4180 ad
1740 4115 1983 4197 aliquid
2009 4117 2104 4178 in-

537 4223 748 4282 creata
789 4222 923 4290 est,
970 4221 1042 4278 ut
1073 4233 1186 4276 suo
1235 4213 1376 4275 loco
1414 4211 1703 4274 diximus.
1764 4210 1900 4274 Alio
1952 4226 2102 4292 ergo

537 4311 730 4374 modo
759 4309 884 4372 dici
908 4313 1115 4390 potest
1141 4305 1356 4368 filiatio
1389 4322 1504 4386 per
1529 4301 2099 4386 participationem,

539 4422 670 4468 non
718 4408 1024 4486 quantum
1063 4399 1149 4462 ad
1193 4399 1494 4474 formam,
1535 4397 1604 4460 in
1645 4415 1772 4478 qua
1815 4395 2101 4475 proxime

537 4495 862 4574 fundatur,
889 4493 1038 4574 quia
1060 4492 1166 4554 illa
1193 4491 1472 4554 increata
1497 4497 1631 4564 est;
1653 4488 1764 4552 sed
1791 4493 2101 4572 quantum

541 4590 626 4654 ad
645 4589 906 4654 modum
941 4584 1282 4668 recipiendi
1312 4586 1404 4663 (ut
1433 4583 1519 4646 sic
1549 4581 1778 4664 dicam)
1831 4581 2100 4646 sanctifi-

539 4685 878 4760 cationem,
907 4681 1097 4762 etius
1123 4679 1208 4743 ad
1234 4677 1666 4742 haereditatem
1719 4683 2022 4741 aeternam
2062 4695 2101 4738 a

539 4778 651 4844 tali
675 4779 901 4854 forma,
933 4775 1040 4858 qui
1081 4779 1178 4838 est
1203 4771 1412 4836 medio
1452 4771 1661 4856 aliquo
1705 4771 1894 4834 modo
1925 4769 2103 4833 unio·

541 4874 642 4936 nis
667 4877 873 4936 creato
895 4875 959 4934 et
979 4866 1380 4952 participat03
1412 4874 1476 4929 et
1499 4865 1861 4949 hujusmodi
1888 4865 2101 4927 filiatio

541 4983 658 5047 par
682 4963 1226 5051 participationem
1253 4980 1381 5024 non
1411 4974 1726 5042 repugnat
1765 4957 2101 5022 convenire

541 5059 730 5122 simul
763 5075 908 5121 cum
941 5055 1394 5137 periectissima
1413 5052 1716 5117 filiatione
1752 5071 1867 5134 per
1893 5070 2101 5116 essen·

539 5153 693 5216 tiam
711 5152 779 5216 in
797 5152 1020 5216 eadem
1037 5138 1680 5232 persona,secundum
1699 5145 1979 5210 diversas
1992 5165 2102 5208 na·

539 5253 744 5322 turas3
794 5246 940 5329 quia
961 5261 1172 5328 neque
1200 5241 1462 5306 includit
1485 5239 1720 5321 aliquid
1741 5257 2103 5320 repugnans

543 5344 836 5406 increatas
875 5357 1192 5424 personae,
1231 5355 1442 5419 neque
1485 5333 1762 5399 excludit
1801 5335 2102 5398 unionem

543 5436 1026 5518 hypostaticam,
1049 5433 1178 5496 imo
1201 5429 1371 5494 illam
1393 5429 1728 5494 intrinsece
1757 5425 2039 5492 includit.

1733 282 1969 350 QUAEST.
2005 281 2179 338 xxm.
2212 283 2416 339 Anne.
2450 285 2533 338 lv.

2252 382 2355 442 33.
2398 381 2503 446 Aa
2528 379 2873 446 smmum.
2902 413 2981 426 --
3002 379 3095 444 Ex
3120 376 3223 442 his
3250 377 3455 442 facitis
3482 385 3583 444 est
3616 397 3731 444 res-

2170 475 2393 554 ponsio
2432 475 2511 540 ad
2546 472 2923 546 secundum3
2956 473 3043 550 in}
3069 473 3282 554 rigore
3318 473 3497 536 enim
3536 472 3731 534 solam

2170 568 2417 651 probat,
2442 569 2609 632 banc
2634 565 3001 630 filiationem
3030 569 3095 648 et
3140 583 3270 630 non
3308 583 3457 628 asse
3484 570 3735 631 natura-

2170 660 2298 726 lem
2324 661 2393 724 in
2424 679 2501 724 eo
2530 678 2721 724 sensu
2746 676 2872 739 quo
2892 658 3110 722 filiatio
3128 677 3247 740 per
3266 658 3615 722 essentiam
3636 675 3735 722 seu

2170 773 2288 838 per
2312 754 2671 820 naturalem
2696 753 3175 834 generationem
3206 751 3351 816 talis
3400 749 3659 826 dicitnr,
3684 759 3737 814 et

2170 867 2363 931 posse
2392 849 2582 912 etiam
2614 849 2781 912 hanc
2804 846 3173 910 filiationem
3206 845 3427 910 vocari
3452 863 3577 926 per
3604 864 3739 924 gra·

2172 944 2325 1006 tiam
2350 941 2633 1016 unionis;
2666 958 2795 1007 non
2824 958 2977 1004 vero
3008 938 3159 1002 inde
3184 940 3481 1020 sequitur
3496 956 3633 1000 non
3651 955 3741 1000 ro-

2172 1037 2303 1100 cari
2332 1035 2587 1118 proprie
2630 1033 2989 1098 naturalem
3030 1032 3395 1098 secundum
3422 1031 3627 1096 aliam
3652 1048 3741 1095 ra-

2170 1130 2409 1194 tionem
2434 1135 2497 1192 et
2515 1126 3109 1202 considerationem,
3126 1144 3283 1190 nam
3302 1132 3369 1188 et
3384 1126 3527 1204 ipsa
3546 1126 3741 1206 gratia

2171 1225 2447 1300 unionis,
2478 1222 2783 1288 naturalis
2806 1221 3065 1300 dicitur3
3098 1220 3303 1303 gratia
3328 1218 3605 1302 quidem
3620 1235 3741 1280 res·

2170 1325 2359 1402 pactu
2386 1315 2819 1394 humanitatis,
2854 1315 2959 1380 cui
2990 1315 3185 1395 gratis
3210 1311 3617 1386 conceditur,
3646 1330 3745 1372 na-

2172 1413 2393 1477 turalis
2421 1431 2573 1476 vero
2618 1416 2913 1493 respectu
2963 1408 3212 1487 Christi,
3240 1409 3353 1490 qui
3384 1408 3457 1470 in
3504 1407 3643 1470 suis
3666 1407 3745 1468 in·
3826 1405 3828 1416 ²

2172 1507 2457 1572 trinsecis
2478 1504 2823 1588 principiis,
2852 1503 3085 1584 quihus
3110 1502 3547 1576 constituitur,
3584 1501 3743 1562 illam

2174 1602 2457 1666 includit.
2503 1599 2585 1666 Ut
2628 1617 2779 1664 vcro
2806 1603 3257 1680 argumentum
3310 1595 3479 1660 illud
3517 1595 3743 1660 clarius

2174 1695 2387 1776 quoad
2422 1693 2635 1758 omnia
2670 1692 3069 1770 dissolvatur,
3126 1687 3523 1754 declaranda
3550 1687 3741 1768 magis

2176 1793 2273 1854 est
2298 1789 2405 1852 illa
2440 1786 2761 1870 proportio
2806 1785 2973 1848 inter
3018 1786 3187 1848 banc
3210 1782 3601 1847 filiationem
3638 1801 3742 1842 na-

2174 1883 2445 1948 turalem
2464 1900 2578 1962 per
2609 1879 2875 1962 gratiam
2900 1876 3179 1956 unionis,
3204 1881 3651 1960 comparatam
3674 1875 3745 1938 ad

2180 1975 2553 2039 filiationem
2585 1972 2941 2038 naturalem
2963 1989 3081 2054 per
3108 1970 3489 2044 essentiam,
3514 1975 3583 2032 et
3604 1969 3745 2030 filia·

2181 2070 2419 2134 tionem
2448 2067 2832 2150 adoptivam,
2862 2065 3031 2130 inter
3064 2081 3225 2146 quas
3268 2063 3569 2128 medium
3612 2081 3743 2146 quo-
3830 2061 3832 2104 ³

2182 2162 2520 2228 dammodo
2548 2161 2763 2226 locum
2794 2165 2991 2240 tenet,
3033 2165 3353 2242 quatenus
3378 2159 3557 2222 hanc
3580 2176 3743 2240 supe-

2182 2264 2280 2322 rat
2312 2263 2375 2320 et
2398 2263 2482 2320 ab
2513 2255 2619 2319 illa
2640 2256 2996 2338 superatur.
3028 2251 3399 2334 Comparari
3431 2270 3595 2334 ergo
3619 2269 3743 2334 pos-

2184 2355 2333 2414 sunt
2357 2349 2458 2414 vel
2486 2349 2551 2412 in
2576 2347 2781 2413 forma
2808 2347 2969 2430 ipsa,
3000 2363 3141 2428 qum
3176 2352 3273 2412 est
3296 2342 3669 2428 proximum
3686 2343 3743 2408 fi·
3833 2351 3834 2402 ζ

2182 2442 2458 2508 liationis
2504 2447 2567 2507 et
2607 2441 2765 2524 juris
2812 2437 3190 2504 haereditarii
3229 2438 3739 2506 fundamentum:

2182 2537 2287 2602 vel
2311 2537 2379 2600 in
2398 2536 2545 2618 jure
2574 2535 2735 2614 ipso,
2760 2539 2826 2598 et
2850 2533 3037 2596 modo
3068 2531 3423 2608 obtinendi,
3444 2529 3553 2596 vel
3578 2533 3745 2613 parti·

2180 2629 2431 2712 cipandi
2453 2627 2923 2700 hoereditatem3
2967 2625 3182 2707 quoad
3210 2624 3335 2688 hoc
3362 2642 3526 2708 ergo
3556 2629 3741 2707 poste-
3835 2669 3836 2690 1

2183 2727 2341 2804 rius,
2368 2725 2677 2805 majorem
2704 2721 2958 2804 quidem
2986 2720 3361 2784 affinitatem
3394 2709 3603 2784 habet
3624 2719 3743 2783 haec

2184 2819 2401 2884 filiatio
2458 2837 2576 2900 per
2624 2816 2893 2896 gratiam
2940 2815 3193 2877 unionis
3248 2832 3399 2876 cum
3456 2813 3745 2878 filiatione

2186 2912 2503 2994 adoptiva,
2527 2927 2719 2992 quam
2745 2927 2893 2972 cum
2918 2907 3221 2972 filiatione
3239 2925 3359 2988 per
3388 2909 3743 2978 essentiam,

2182 3015 2253 3072 ut
2270 3010 2713 3088 argumentum
2734 3000 3126 3085 propositum
3152 3001 3509 3076 convincit;
3535 3009 3747 3066 atvero

2180 3099 2395 3182 quoad
2422 3094 2576 3162 illud
2596 3095 2768 3178 prius
2794 3095 2993 3158 multo
3023 3095 3228 3175 major
3256 3101 3351 3159 est
3378 3095 3747 3178 propinqui-

2183 3201 2281 3258 tas
2300 3192 2491 3274 hujus
2518 3187 2835 3253 filiationis
2859 3187 2943 3252 ad
2974 3187 3343 3250 filiationem
3378 3207 3507 3270 per
3550 3208 3747 3252 essen·

2182 3287 2360 3366 tiam,
2410 3302 2605 3366 quam
2633 3281 2717 3346 ad
2748 3281 3131 3364 adoptivam,
3164 3282 3313 3364 quia
3340 3284 3640 3364 proxima
3666 3303 3747 3346 ra·
3836 3279 3839 3284 ’

2184 3381 2272 3446 tio
2300 3380 2439 3462 ejus
2468 3383 2564 3440 est
2587 3377 2855 3457 ipsamet
2876 3375 3092 3438 filiatio
3122 3374 3431 3452 increata,
3468 3376 3747 3458 quamvis

2186 3492 2320 3538 non
2344 3469 2698 3536 secundum
2738 3488 2831 3542 se,
2864 3469 2975 3532 sed
3012 3474 3084 3532 ut
3106 3467 3491 3534 humanitati
3541 3471 3743 3541 unita;

2188 3575 2255 3634 et
2280 3567 2434 3649 quia
2456 3565 2616 3629 ratio
2640 3569 2705 3630 et
2732 3564 2960 3628 modus
2980 3559 3323 3638 filiationis,
3354 3570 3427 3628 ut
3448 3563 3581 3630 dici
3614 3585 3747 3648 pos-

2184 3660 2265 3724 sit
2287 3656 2617 3734 naturalis,
2638 3656 2913 3722 maxime
2934 3657 3201 3720 sumitur
3214 3673 3294 3719 ex
3310 3655 3528 3720 forma
3548 3659 3619 3722 in
3634 3676 3745 3739 qua

2182 3752 2482 3816 fundatur
2507 3795 2523 3826 ,
2576 3758 2643 3814 et
2688 3769 2767 3814 ex
2813 3749 3153 3814 intrinseca
3205 3749 3613 3816 connexione
3660 3753 3744 3814 rel

2184 3847 2417 3910 unione
2446 3853 2556 3908 aut
2603 3843 2959 3922 identitate,
3009 3863 3203 3928 quam
3238 3845 3387 3908 talis
3416 3843 3629 3910 forma
3652 3847 3747 3908 ha·

2182 3941 2293 4005 bet
2324 3958 2471 4004 cum
2497 3955 2794 4020 persona,
2850 3940 2953 4002 cui
2998 3939 3141 4002 talis
3183 3937 3407 4002 filiatio
3434 3941 3745 4016 convenit,

2182 4034 2328 4098 ideo
2362 4033 2503 4096 haec
2543 4031 2760 4095 filiatio
2788 4031 3016 4096 merito
3066 4031 3373 4094 naturalis
3404 4031 3663 4109 dicitur,
3694 4041 3747 4096 et

2181 4125 2357 4189 nullo
2397 4123 2587 4190 modo
2630 4125 2927 4208 adoptiva
2944 4141 2969 4205 3
3002 4126 3149 4207 quia
3178 4123 3386 4190 forma
3416 4125 3555 4204 illa,
3602 4129 3747 4192 tota·

2186 4237 2311 4302 que
2337 4219 2477 4298 ejus
2503 4216 2778 4301 dignitas
2806 4217 3234 4282 connaturalis
3274 4225 3369 4282 est
3396 4219 3511 4282 tali
3548 4239 3747 4300 perso·

2184 4331 2306 4392 nae,
2333 4319 2397 4378 et
2421 4312 2597 4377 nullo
2625 4311 2817 4376 modo
2838 4331 2954 4394 per
2974 4311 3381 4394 adoptionem
3402 4331 3526 4378 seu
3544 4312 3745 4378 intrin-

2185 4423 2397 4472 secam
2414 4404 2921 4470 benevolentiam
2950 4403 3009 4468 ei
3038 4406 3351 4470 convenit.

2266 4500 2367 4562 34.
2414 4495 2519 4564 Aa
2558 4499 2829 4564 tertium.
2854 4533 2934 4545 —-
2956 4497 3054 4562 Ad
3105 4497 3358 4562 tertium
3414 4501 3745 4582 responde·

2182 4599 2305 4669 tur,
2340 4589 2677 4656 filiationes
2724 4592 3048 4656 naturales
3074 4593 3381 4674 proprias,
3428 4613 3511 4660 ac
3536 4595 3743 4660 funda-

2182 4694 2279 4750 tas
2300 4683 2367 4748 in
2386 4685 2653 4768 propriis
2676 4685 3106 4750 nativitatibus
3129 4692 3193 4748 et
3208 4689 3741 4768 generationibus,

2182 4785 2427 4842 tantum
2457 4797 2589 4842 esse
2620 4779 2777 4842 duas
2804 4777 2871 4841 in
2900 4777 3140 4842 Christo
3168 4780 3466 4859 Domino,
3500 4785 3742 4858 scilicet,

2182 4871 2528 4936 humanam
2556 4880 2621 4936 et
2673 4873 2977 4948 divinam,
3009 4879 3072 4936 et
3100 4871 3215 4936 has
3244 4893 3387 4940 esse
3416 4877 3503 4941 de
3534 4877 3745 4958 quibus

2182 4964 2396 5030 Sancti
2417 4965 2836 5028 communiter
2860 4965 3231 5050 loquuntur;
3260 4969 3519 5032 nullum
3546 4979 3745 5036 tamen

2184 5076 2325 5122 esse
2352 5057 2803 5144 inconveniens
2832 5065 3059 5140 praeter
3082 5059 3200 5123 has
3237 5061 3649 5127 considerare
3687 5062 3745 5124 in

2183 5149 2423 5212 Christo
2438 5151 2629 5214 aliam
2648 5151 3018 5216 filiationem
3040 5173 3157 5234 per
3172 5156 3446 5236 gratiam
3474 5155 3741 5232 unionis,

2182 5260 2352 5326 quae,
2370 5243 2717 5308 secundum
2746 5245 2933 5310 aliam
2950 5247 3549 5326 considerationem,
3568 5255 3743 5314 natu-

2180 5336 2332 5400 ralis
2363 5337 2555 5402 etiam
2579 5339 2826 5417 dicitur,
2845 5347 2913 5404 ut
2942 5340 3379 5424 explicuimus.
3400 5343 3487 5410 Ut
3505 5345 3623 5409 hoc
3642 5363 3739 5408 au·

2184 5437 2313 5496 tem
2343 5431 2616 5514 amplius
2644 5431 3022 5511 declaretur,
3056 5441 3119 5500 et
3145 5441 3532 5518 argumento
3563 5437 3735 5504 etiam
