3892 6167
519 373 596 434 36

599 479 658 538 ὃ.
688 472 1049 553 objectio.-
1072 471 1198 534 Sed
1217 479 1503 552 superest
1523 471 1874 542 difficultaS,
1899 472 2072 550 quia,

519 569 825 632 sumendo
854 585 1187 628 numerum
1231 566 1477 628 finitum
1518 585 1727 628 rerum
1759 573 2079 628 contenta-

520 685 658 729 rum
695 666 756 725 in
783 664 1004 725 eodem
1047 663 1264 724 ordine
1296 670 1359 724 et
1379 663 1608 742 specie,
1634 663 1715 724 ad
1737 663 2079 724 videndum

521 761 696 822 illum
715 758 776 819 in
795 756 1028 830 Verbo,
1041 757 1374 836 requiritur
1393 756 1646 836 aliquod
1667 757 1906 832 lumen,
1921 761 1985 816 et
1998 754 2080 816 ad

519 852 859 916 videndum
889 851 1191 929 majorem
1217 868 1550 912 numerum
1583 850 1954 912 earumdem
1982 867 2081 910 re-

519 964 662 1008 rum
680 991 701 1022 ‚
753 943 993 1006 caeteris
1022 943 1278 1022 paribus
1303 989 1320 1016 ,
1365 944 1705 1022 requiritur
1747 943 1955 1022 majus
1982 941 2081 1002 lu-

517 1058 690 1112 men,
743 1043 804 1099 et
835 1038 920 1099 sie
949 1036 1016 1097 in
1045 1036 1392 1109 infinitum;
1433 1056 1583 1118 ergo
1615 1038 1696 1100 ad
1736 1035 2076 1098 videndum

519 1132 762 1194 infinita
815 1131 933 1192 erit
986 1132 1412 1192 necessarium
1467 1132 1682 1194 lumen
1739 1129 2075 1192 inlinitum.

519 1224 905 1305 Responderi
954 1223 1111 1284 solet
1162 1241 1306 1286 cum
1346 1225 1621 1303 Cajetan.
1659 1224 1795 1298 hie,
1847 1229 1963 1284 art.
2016 1225 2079 1296 3,

523 1317 668 1380 hinc
717 1317 922 1379 solum
951 1316 1186 1390 inferri,
1245 1318 1551 1378 visionem
1597 1317 1825 1378 animae
1857 1316 2081 1376 Christi

521 1430 658 1474 esse
687 1410 990 1472 infinitam
1018 1411 1369 1472 secundum
1399 1410 1572 1490 quid,
1617 1429 1692 1472 eo
1733 1409 1920 1471 modo
1954 1427 2080 1489 quo

521 1523 648 1566 una
675 1523 776 1566 res
803 1503 1044 1564 ordinis
1070 1504 1414 1583 superioris
1445 1504 1568 1565 dici
1607 1510 1814 1584 potest
1841 1503 2083 1564 infinita

521 1598 868 1660 secundum
908 1597 1084 1676 quid,
1138 1603 1450 1676 quatenus
1489 1597 1609 1658 sub
1655 1616 1723 1658 se
1763 1596 2085 1658 continere

520 1696 728 1774 potest
777 1710 880 1752 res
935 1691 1213 1752 infinitas
1256 1691 1568 1752 inferioris
1624 1689 1884 1752 ordinis,
1935 1690 2083 1760 Quae

520 1785 844 1864 responsio
875 1802 1002 1844 non
1034 1783 1281 1846 videtur
1309 1784 1692 1859 satisfacere,
1725 1784 1871 1862 quia
1899 1801 2083 1862 argu·

521 1885 806 1940 mentum
853 1895 1104 1956 semper
1144 1879 1425 1958 procedit
1479 1878 1540 1937 in
1572 1878 1761 1938 rebus
1800 1875 2081 1955 ejusdem

524 1973 783 2045 ordiniS‚
817 1971 1072 2045 scilicet,
1102 1970 1168 2030 in
1195 1971 1432 2032 lumine
1464 1971 1700 2049 gloriae,
1749 1976 1811 2031 et
1839 1969 2079 2029 visione

519 2066 706 2128 beata
727 2083 744 2137 ;
769 2063 1051 2143 procedit
1071 2065 1260 2126 etiam
1281 2064 1360 2125 de
1389 2070 1728 2142 augmento
1757 2061 2081 2124 extensivo

519 2159 685 2219 intra
713 2156 1009 2220 eumdem
1038 2157 1347 2228 ordinem,
1399 2158 1461 2217 in
1493 2174 1619 2235 quo
1658 2155 1922 2234 intelligi
1953 2172 2080 2214 non

519 2257 727 2332 potest
755 2250 1032 2312 medium
1075 2251 1239 2312 inter
1269 2251 1636 2328 qualitatem
1667 2249 1840 2310 finite
1870 2255 2083 2310 exten·

519 2364 677 2421 sam,
711 2344 810 2405 vel
850 2350 994 2406 actu
1037 2343 1349 2404 infinitam
1383 2344 1446 2404 in
1485 2344 1883 2418 extensione,
1935 2359 2079 2402 cum

433 2439 436 2442 ’
519 2437 598 2498 sit
625 2455 831 2498 sermo
861 2436 940 2497 de
979 2437 1205 2497 eadem
1243 2437 1546 2516 qualitate
1569 2482 1584 2510 ‚
1617 2443 1680 2497 et
1727 2436 1804 2496 de
1837 2435 2082 2515 perfec-

518 2531 690 2592 tione
716 2529 1036 2591 extensiva
1060 2548 1252 2609 quam
1279 2537 1422 2592 actu
1458 2531 1706 2591 habeta
1739 2536 1916 2609 parte
1945 2527 2035 2590 rei
2060 2546 2077 2599 ;

521 2623 655 2684 haee
681 2629 895 2685 autem
925 2624 1205 2685 extensio
1245 2642 1372 2684 non
1415 2623 1663 2684 videtur
1710 2639 1848 2683 esse
1895 2640 2081 2702 posse

525 2725 670 2780 actu
698 2717 876 2780 finita
916 2717 982 2778 in
1007 2717 1246 2778 visione
1273 2718 1378 2779 vel
1417 2717 1655 2810 lumige
1686 2715 1898 2796 gloriae
1943 2715 2083 2776 aui-

527 2829 645 2872 mae
685 2811 929 2884 Christi,
962 2814 1031 2870 ut
1057 2810 1301 2871 videtur
1328 2811 1597 2891 probare
1641 2813 2083 2888 argumentum

528 2905 799 2974 factum;
836 2922 986 2982 ergo
1018 2903 1329 2982 colligitur
1345 2903 1587 2964 infinita
1618 2903 1896 2964 extensio
1916 2903 2085 2962 illius

524 2997 805 3068 luminiS,
833 3015 948 3058 seu
978 2997 1256 3058 visionis,
1288 2996 1467 3070 Quod
1497 2998 1686 3058 etiam
1727 2995 1850 3057 hoo
1892 2995 2083 3056 modo

525 3091 890 3171 explicatur,
929 3092 1074 3170 quia
1103 3091 1210 3152 illa
1228 3091 1382 3152 visio
1417 3109 1493 3152 ex
1520 3098 1696 3170 parte
1725 3089 1954 3168 objecti
1973 3091 2085 3150 ha-

524 3184 630 3246 bet
655 3183 964 3244 infinitam
995 3183 1428 3246 extensionem
1448 3204 1463 3255 ς
1484 3184 1596 3245 sed
1621 3186 1862 3244 tantum
1897 3201 2086 3263 auge-

523 3286 628 3340 tur
659 3277 940 3339 extensio
981 3277 1175 3356 ipsius
1193 3277 1520 3356 ‘qualitatis
1562 3277 1837 3349 luminis,
1871 3278 1971 3338 vel
1999 3277 2084 3338 vi-

524 3371 738 3443 sioniS‚
754 3377 1058 3449 quantum
1076 3377 1340 3450 augetur
1359 3371 1636 3432 extensio
1661 3371 1914 3450 objecti,
1931 3390 2083 3451 pam

523 3469 648 3526 tota
673 3465 782 3526 illa
807 3464 1067 3525 scientia
1096 3463 1347 3543 respicit
1375 3464 1490 3524 hoc
1521 3463 1854 3542 objectum,
1888 3471 1951 3526 et
1969 3483 2081 3544 per

525 3578 717 3620 unum
767 3558 1030 3638 gradum
1088 3556 1461 3636 intelligitur
1521 3557 1831 3636 respicere
1888 3576 2081 3618 unam

520 3659 766 3733 partem
802 3652 1056 3730 objecti,
1085 3657 1148 3712 et
1180 3669 1292 3730 per
1321 3651 1514 3711 alium
1543 3651 1766 3726 aliam3
1798 3669 1946 3712 nam
1992 3651 2079 3711 illi

523 3745 648 3808 duo
679 3745 914 3826 gradus
963 3743 1231 3806 distincti
1279 3750 1426 3805 sunt
1479 3744 1644 3806 inter
1705 3762 1808 3818 se;
1869 3749 2084 3822 posset

523 3838 693 3900 enim
719 3857 886 3900 uuus
914 3837 1195 3917 separari
1215 3835 1295 3897 ab
1317 3837 1462 3908 alio,
1497 3843 1560 3898 et
1588 3856 1624 3898 e
1649 3837 1987 3898 contrario.
2009 3837 2084 3896 Et

493 3959 509 3972 ³
524 3931 692 3993 idem
711 3938 810 3992 est
831 3931 909 3992 de
930 3930 1222 3992 omnibus
1241 3929 1378 3990 aliis
1404 3930 1769 4009 partialibus
1798 3928 2079 4008 objectis,

525 4043 663 4104 quae
683 4025 930 4085 infinita
949 4029 1092 4084 sunt
1109 4045 1127 4098 3
1147 4042 1298 4102 ergo
1324 4022 1711 4101 respondent
1730 4021 1850 4082 illis
1864 4021 1928 4082 in
1943 4020 2083 4100 ipsa

523 4119 782 4180 scientia
813 4116 1041 4179 infiniti
1075 4117 1309 4198 gradus
1340 4113 1739 4178 extensionis.

603 4214 665 4274 9.
709 4211 1150 4292 Responsio.-
1181 4209 1344 4276 Visio
1371 4211 1747 4288 infinitorum
1765 4213 2086 4292 effectuum

524 4307 591 4366 in
651 4303 833 4371 Verbo
887 4305 1169 4383 quomodo
1219 4320 1336 4364 mm
1385 4301 1647 4382 requirit
1685 4303 1886 4364 lumen,
1938 4301 2085 4379 infi-

524 4399 829 4460 nitum.—
845 4393 1302 4472 Respondetur,
1333 4395 1722 4474 propterhoe
1751 4414 2086 4475 argumen-

527 4493 660 4550 tum
691 4487 934 4567 aliquos
966 4487 1292 4549 admittere
1315 4487 2085 4567 hocinfinitumaugmen·

525 4589 660 4645 tum
679 4582 746 4642 in
775 4581 1015 4642 visione
1045 4581 1270 4642 animae
1299 4581 1543 4656 Christi,
1580 4583 1749 4662 quod
1779 4602 1918 4646 esse
1939 4602 2084 4646 cen·

526 4682 667 4737 sent
687 4693 800 4754 per
823 4692 1036 4736 veram
1063 4679 1122 4734 et
1137 4674 1372 4735 realem
1397 4673 1780 4739 additionem
1810 4679 2083 4756 partium

526 4768 895 4849 aequalium,
945 4769 1452 4847 componentium
1490 4787 1682 4830 unam
1719 4770 2080 4847 entitatem3

527 4882 646 4942 ego
661 4881 809 4922 vero
832 4878 1144 4940 supponO,
1178 4878 1364 4922 omne
1393 4862 1751 4941 hujusmodi
1781 4882 2084 4942 augmen·

523 4962 658 5018 tum
691 4956 1004 5016 infinitum
1035 4973 1393 5035 repugnare
1423 4958 1596 5018 omni
1615 4959 1704 5019 rei
1735 4966 1983 5032 creatae,
2016 4963 2084 5018 ut

525 5069 716 5130 supra
741 5048 942 5127 attigi,
967 5065 1030 5126 q.
1051 5051 1110 5108 7.
1141 5048 1262 5110 Alii
1291 5067 1440 5128 ergo
1466 5050 1646 5111 aliter
1676 5051 2079 5130 respondent,

522 5144 834 5216 videlicet,
869 5141 1026 5202 illud
1066 5150 1476 5220 augmentum
1512 5145 1900 5205 extensivum
1954 5163 2082 5204 non

523 5256 660 5300 esse
691 5255 803 5317 per
833 5253 900 5296 se
931 5237 1380 5312 necessarium,
1404 5237 1513 5297 sed
1537 5236 1873 5314 aliquando
1912 5237 2083 5299 idem

519 5332 732 5393 lumen
787 5330 1020 5409 gloriae,
1054 5332 1118 5390 et
1148 5328 1455 5392 visionem
1483 5329 1760 5404 beatam,
1791 5330 2079 5392 sufficere

520 5425 602 5486 ad
625 5423 963 5486 videndum
989 5421 1232 5484 infinita
1259 5421 1324 5481 in
1352 5423 1562 5483 Verbo
1585 5421 1703 5483 sub
1731 5423 1941 5504 aliquo
1970 5441 2081 5504 ge-

521 5535 695 5594 nere,
730 5517 827 5580 vel
853 5516 1085 5596 speeie,
1129 5533 1206 5578 ex
1232 5515 1290 5576 vi
1328 5515 1591 5596 alicujus
1625 5517 1858 5597 gradus
1885 5516 2076 5584 veluti

1783 373 2018 435 QUAEST.
2054 373 2115 424 X.
2148 372 2350 428 Alme,
2384 374 2467 426 lv,

2160 470 2575 546 indivisibilis,
2608 472 2695 532 ita
2729 477 2793 532 ut
2824 489 2901 532 ex
2944 471 3001 532 vi
3052 471 3337 551 ejusdem
3384 473 3736 552 perlectio-

2160 567 2279 642 niS,
2311 585 2434 645 qua
2464 565 2785 645 cognoscit
2822 569 3017 626 totam
3062 566 3341 644 aliquam
3373 567 3737 628 multitudi-

2158 678 2304 720 nem
2319 659 2651 736 infinitam,
2670 663 3010 738 cognoseat
3024 660 3235 721 omnia
3254 667 3316 721 et
3336 660 3586 739 singula
3608 659 3737 721 sub

2161 753 2266 815 illa
2287 753 2685 814 multitudine
2708 756 3031 825 contenta;
3067 770 3276 832 neque
3312 753 3733 833 intelligatur,

2160 847 2222 908 in
2252 848 2393 926 ipsa
2426 847 2663 908 visione
2702 844 2938 925 aliquid
2960 846 3343 925 respondere
3372 846 3483 908 uni
3507 847 3606 908 rei
3633 847 3737 907 vi-

2162 963 2268 1015 sae,
2298 947 2361 1005 et
2390 942 2559 1004 aliud
2590 941 2796 1016 alteri,
2820 940 2935 1002 sed
2961 939 3256 1003 eumdem
3280 942 3552 1021 gradum
3578 960 3735 1021 per-

2159 1035 2447 1100 fectionis
2482 1035 2667 1115 quasi
2692 1033 3147 1098 indivisibiliter
3172 1034 3570 1114 respondere
3596 1053 3734 1096 om-

2162 1130 2370 1200 nibuS,
2406 1134 2470 1190 et
2497 1128 2607 1190 toti
2635 1127 3055 1201 multitudini;
3092 1127 3214 1190 alia
3248 1127 3421 1190 enim
3448 1128 3551 1190 via
3596 1146 3735 1190 nou

2162 1231 2369 1304 potest
2391 1223 2573 1284 vitari
2615 1221 2930 1284 infinitum
2968 1228 3403 1302 augmentum,
3436 1228 3506 1284 nt
3532 1241 3737 1300 argu-

2162 1323 2445 1380 mentum
2474 1317 2639 1378 bene
2680 1316 2927 1396 probat.
2982 1315 3307 1388 Quomodo
3349 1322 3567 1377 autem
3610 1316 3737 1376 hoc

2163 1428 2385 1473 verum
2415 1410 2517 1484 sit,
2550 1409 2639 1471 ita
2665 1408 2971 1470 declarari
3000 1414 3207 1488 potest
3244 1427 3322 1471 ex
3348 1409 3637 1471 doctrina
3658 1410 3731 1469 D.

2162 1506 2385 1566 Thom.
2417 1503 2541 1576 hic,
2574 1503 2722 1583 quia
2746 1503 2883 1564 haec
2918 1502 3164 1564 infinita
3188 1521 3319 1564 non
3343 1501 3641 1566 videntur
3668 1503 3735 1562 in

2167 1599 2397 1675 Verb0‚
2427 1597 2547 1658 nisi
2586 1603 2771 1676 prout
2798 1596 3257 1659 connexionem
3302 1596 3543 1658 habent
3584 1615 3735 1658 cum

2170 1693 2379 1772 aliqua
2410 1709 2600 1752 eausa
2626 1697 2860 1766 ereata,
2896 1709 3021 1770 qua
3051 1689 3531 1770 comprehensa,
3558 1707 3737 1752 com-

2165 1785 2685 1866 prehenduntur3
2716 1784 2863 1863 quia
2890 1801 3041 1862 ergo
3070 1802 3257 1846 causa
3278 1784 3386 1845 illa
3408 1783 3587 1844 finita
3612 1790 3735 1858 est,

2164 1881 2243 1943 ad
2254 1879 2918 1959 comprehendendum
2934 1879 3103 1940 illam
3120 1878 3597 1942 finitumlumen
3610 1879 3743 1940 sut'-

2164 1973 2311 2044 ficit,
2340 1979 2401 2034 et
2431 1972 2588 2033 illud
2622 1972 2793 2034 idem
2842 1973 2993 2034 satis
3026 1979 3125 2034 est
3160 1971 3242 2034 ad
3288 1969 3739 2053 cognoscenda

2164 2066 2377 2128 omnia
2406 2083 2544 2146 quae
2566 2065 2631 2126 in
2660 2065 2769 2126 illa
2804 2067 3229 2140 continentur,
3259 2065 3407 2128 licet
3432 2064 3557 2127 sint
3592 2063 3741 2125 infi-

2162 2159 2317 2235 nita,
2351 2159 2499 2238 quia
2538 2165 2667 2221 tota
2712 2160 2821 2219 illa
2851 2159 3127 2221 infinitas
3172 2157 3741 2238 comprehenditur

2164 2253 2281 2314 sub
2308 2252 2483 2314 finito
2511 2253 2713 2332 gradu
2757 2253 3178 2333 perfectionis.
3223 2251 3428 2326 Unde,
3474 2250 3739 2331 quando

2166 2348 2251 2408 ita
2282 2347 2571 2408 videntur
2598 2347 2779 2424 plura
2826 2347 2995 2408 inter
3026 2364 3095 2407 se
3142 2349 3447 2419 connexa,
3483 2349 3544 2405 et
3566 2344 3742 2404 radi-

2166 2445 2303 2501 cata
2332 2439 2397 2499 in
2426 2457 2553 2500 uno
2583 2439 2887 2518 principio
2906 2439 3106 2516 finito,
3128 2457 3327 2500 unum
3359 2443 3423 2500 et
3447 2437 3619 2498 idem
3638 2437 3743 2496 lu-

2166 2551 2313 2595 men
2338 2532 2795 2595 indivisibiliter
2830 2539 3172 2612 sumptum,
3200 2531 3373 2612 quod
3400 2530 3628 2592 sufficit
3650 2529 3745 2592 ad

2166 2627 2505 2690 videndum
2548 2627 2833 2706 quaedam
2881 2646 2959 2689 ex
2986 2626 3101 2697 his,
3135 2625 3361 2686 sufficit
3384 2624 3465 2687 ad
3509 2624 3741 2687 viden·

2166 2721 2317 2783 dum
2358 2721 2562 2800 plura,
2598 2727 2661 2782 et
2707 2721 2918 2782 omnia
2970 2737 3111 2800 quae
3160 2719 3226 2780 in
3260 2719 3366 2779 illo
3422 2717 3739 2798 principio

2166 2815 2617 2894 comprehenso
2652 2814 3074 2887 continentur,
3108 2811 3279 2892 quod
3308 2829 3435 2874 non
3464 2817 3561 2872 est
3594 2829 3741 2873 ere-

2165 2907 2300 2970 ditu
2328 2907 2601 2979 difficile,
2632 2926 2774 2968 cum
2826 2907 3038 2967 omnia
3086 2905 3191 2966 illa
3218 2925 3258 2966 a
3296 2905 3521 2967 virtute
3550 2905 3740 2966 finita

2166 3000 2533 3080 procedant,
2566 3007 2629 3062 et
2658 2999 3030 3080 praesertim,
3066 2998 3117 3060 si
3169 3003 3417 3060 tantum
3460 3016 3739 3060 numero

2166 3093 2481 3168 differant,
2513 3111 2654 3155 cum
2684 3093 2817 3155 haee
2850 3093 2973 3155 sint
3019 3098 3144 3154 tam
3169 3093 3329 3176 inter
3375 3109 3441 3154 se
3474 3091 3735 3166 similia,

2167 3188 2235 3246 ut
2264 3184 2429 3247 idem
2480 3184 2613 3246 fere
2652 3187 2726 3247 sit
2758 3203 3138 3262 cognoscere
3168 3203 3365 3246 unum
3390 3184 3490 3246 vel
3520 3185 3739 3264 plura,

2166 3298 2305 3360 quae
2334 3281 2679 3340 successive
2706 3297 2745 3340 a
2771 3279 2878 3341 tali
2902 3297 3093 3340 causa
3120 3277 3255 3340 fieri
3286 3283 3571 3358 possunt.
3600 3279 3741 3339 Un-

2164 3374 2243 3435 de
2272 3373 2355 3434 ad
2383 3377 2825 3453 argumentum
2857 3372 2922 3432 in
2962 3372 3163 3432 forma
3192 3371 3593 3452 distinguitur
3623 3371 3737 3432 illa

2162 3466 2545 3546 propositio:
2604 3466 2699 3526 Ad
2744 3464 3083 3526 videndum
3140 3483 3243 3526 res
3288 3465 3617 3527 distinctas
3663 3465 3735 3526 in

2163 3558 2388 3634 Verb0‚
2424 3558 2761 3638 requiritur
2794 3559 2996 3638 major
3024 3577 3137 3622 seu
3166 3558 3454 3621 distincta
3485 3559 3733 3639 perfec-

2163 3657 2250 3714 tio
2278 3653 2535 3712 luminis
2568 3658 2677 3712 aut
2705 3652 3001 3730 visionis3
3032 3653 3081 3714 si
3116 3652 3281 3714 enim
3320 3653 3441 3714 illae
3472 3671 3575 3714 res
3604 3653 3734 3714 sint

2164 3747 2324 3808 inter
2355 3765 2425 3808 se
2468 3746 2723 3808 omnino
2764 3745 3112 3822 distinctae,
3148 3753 3211 3810 et
3260 3753 3329 3808 ut
3369 3747 3455 3808 sic
3495 3765 3732 3827 cogno-

2164 3845 2439 3914 scantur,
2471 3856 2599 3899 non
2628 3839 2791 3900 iuter
2834 3857 2902 3901 se
2941 3858 3261 3920 connexae,
3290 3840 3393 3901 vel
3418 3858 3564 3902 cum
3612 3838 3731 3902 ali-

2165 3951 2290 4011 qua
2318 3951 2509 3994 causa
2552 3931 2750 4008 finita,
2778 3933 2868 3994 sic
2900 3933 3181 3994 concedo
3204 3939 3633 4014 assumptum,
3666 3939 3737 3994 et

2167 4031 2626 4105 consequenter
2676 4024 2937 4086 admitto
2987 4044 3117 4086 non
3170 4043 3355 4106 posse
3410 4025 3607 4086 videri
3660 4025 3729 4085 in

2167 4118 2371 4180 Verbo
2400 4119 2751 4197 hujusmodi
2781 4137 2884 4179 res
2912 4118 3211 4191 infinitaS‚
3244 4117 3363 4180 nisi
3390 4136 3505 4198 per
3530 4117 3731 4179 visio·-

2168 4229 2315 4274 uem
2345 4212 2685 4273 habentem
2725 4209 3007 4271 infinitos
3035 4210 3269 4290 gradus
3316 4211 3721 4272 extensionis

2168 4306 2230 4367 Si
2262 4325 2409 4367 vero
2440 4305 2597 4366 tales
2634 4323 2736 4365 res
2766 4309 3225 4384 cognoscantur
3239 4310 3307 4365 ut
3334 4322 3632 4364 connexae
3657 4305 3725 4364 in

2170 4418 2294 4460 uno
2318 4399 2622 4479 principio
2655 4397 2853 4468 finite,
2892 4399 2979 4458 sic
3022 4402 3290 4477 negatur
3331 4401 3725 4476 assumptum

2166 4500 2421 4573 propter
2448 4491 2755 4552 rationem
2774 4491 2905 4569 jam
2936 4491 3344 4569 explicatam3
3373 4490 3569 4550 ethoc
3594 4509 3727 4550 mo·

2166 4587 2247 4647 do
2280 4586 2451 4646 videt
2487 4585 2697 4646 anima
2742 4583 2969 4647 Christi
3014 4583 3259 4645 infinita
3305 4582 3369 4644 in
3398 4584 3631 4658 Verbo,
3662 4589 3727 4645 et

2165 4680 2427 4740 fortasse
2461 4681 2649 4740 etiam
2694 4677 2953 4756 quilibet
2978 4677 3233 4753 beatuS,
3263 4677 3546 4756 quamvis
3592 4694 3725 4736 non

2167 4792 2371 4853 aeque,
2402 4791 2610 4850 neque
2641 4773 2757 4834 sub
2782 4771 2957 4833 omni
2984 4789 3241 4848 genere,
3262 4771 3361 4832 vel
3388 4771 3594 4849 specie
3619 4815 3635 4845 ,
3658 4769 3725 4831 in

2166 4885 2293 4947 qua
2316 4866 2596 4927 Christus
2619 4865 2788 4927 videt
2806 4863 3071 4927 infinita.

2250 4964 2347 5023 10.
2394 4961 2538 5022 Haec
2569 4961 2889 5040 responsio
2920 4959 3257 5040 aliquando
3295 4959 3447 5022 mihi
3496 4957 3727 5037 proha-

2163 5055 2371 5130 batur,
2396 5073 2471 5115 eo
2502 5053 2669 5133 quod
2692 5053 3111 5115 existimarem
3137 5053 3441 5114 visionem
3469 5051 3726 5112 extendi

2164 5147 2245 5208 ad
2272 5148 2455 5226 plura
2484 5148 2727 5225 objecta
2769 5147 3163 5221 secundaria,
3194 5162 3309 5225 per
3337 5143 3727 5206 additionem

2161 5239 2440 5317 partialis
2470 5239 2774 5315 entitatis3
2826 5257 2994 5300 nunc
3034 5254 3184 5298 vero
3231 5237 3456 5316 opinor
3499 5233 3727 5295 funda·

2163 5337 2448 5394 mentum
2476 5331 2599 5393 hoc
2633 5350 2773 5393 esse
2802 5331 3054 5405 falsum,
3092 5337 3158 5392 ut
3186 5330 3463 5390 sectione
3489 5345 3725 5408 praecc-

2160 5421 2331 5486 denti
2358 5424 2672 5486 declaravi
2714 5431 2779 5487 et
2800 5423 3081 5500 ostendi3
3115 5429 3178 5486 et
3204 5440 3283 5485 ex
3298 5421 3420 5484 hac
3450 5422 3587 5502 ipsa
3622 5439 3726 5482 so·-

2159 5519 2394 5583 lutione
2418 5519 2773 5582 confirmari
2796 5524 3020 5598 potest,
3049 5535 3197 5580 nam
3218 5518 3267 5580 si
3286 5516 3365 5580 ad
3380 5514 3723 5578 videndum
