3892 6167
586 324 704 383 616

586 428 670 493 ab
704 426 932 493 eodem
972 430 1268 504 auctore,
1314 424 1547 491 nullius
1594 430 1691 489 est
1738 423 2144 500 auctoritatis,

585 541 715 587 non
756 519 959 583 solum
1006 520 1158 600 quia
1196 519 1283 583 ab
1322 520 1631 585 haereticis
1671 518 1952 582 creditur
1991 518 2148 581 liber

586 617 693 679 ille
732 614 1123 695 conscriptus
1148 661 1168 689 ,
1217 632 1439 677 verum
1486 615 1676 677 etiam
1720 614 1871 695 quia
1914 612 2145 676 falsum

586 709 1015 775 testimonium
1060 708 1393 771 manifeste
1442 708 1709 787 imponit
1747 706 2002 789 Synodo
2041 705 2146 769 Ni-

587 821 779 867 caenoe
810 849 832 881 ,
884 802 1183 865 nimirum
1213 846 1235 877 ,
1286 800 1457 882 quod
1514 800 1897 881 imaginibus
1953 800 2148 865 Sanc-

588 905 797 961 torum
842 897 931 960 ita
976 903 1047 959 ut
1096 894 1347 959 Deificae
1392 895 1673 957 Trinitati
1720 894 2042 958 servitium
2083 898 2147 959 et

590 990 1022 1053 adorationem
1033 988 1523 1069 impendendam
1536 988 1905 1053 decreverit.
1919 988 2141 1067 Igitur,

589 1102 953 1167 quanquam
982 1083 1261 1165 praedicti
1290 1089 1581 1147 auctores
1598 1100 1821 1147 omnes
1844 1082 2144 1161 referant,

588 1178 1143 1243 Francofordiense
1192 1178 1536 1243 Concilium
1582 1179 1917 1243 damnasse
1959 1179 2150 1241 Nicae·

590 1291 743 1335 num
780 1273 861 1349 II,
900 1289 1029 1335 non
1058 1276 1153 1334 est
1184 1271 1311 1333 illis
1336 1272 1497 1335 fides
1522 1272 1840 1336 habenda.
1888 1272 2070 1345 Quod
2097 1272 2150 1335 si

590 1365 879 1444 objicias,
932 1364 1157 1427 saltem
1204 1364 1612 1429 Hincmarum
1658 1372 1725 1428 et
1770 1366 2150 1447 posteriores

590 1464 879 1521 auctores
920 1454 1269 1521 catholicos
1304 1476 1445 1522 esse
1468 1504 1491 1537 ,
1534 1463 1599 1523 et
1624 1459 1791 1522 bene
1816 1459 1899 1523 de
1927 1459 2148 1523 adora·

591 1550 762 1613 tione
788 1549 1139 1632 imaginum
1166 1552 1461 1629 sensisse,
1496 1559 1567 1616 ut
1598 1571 1820 1617 omnes
1846 1552 2147 1630 fatentur,

590 1652 661 1707 ut
706 1662 783 1707 ex
826 1644 964 1707 aliis
1008 1661 1229 1707 eorum
1276 1644 1431 1707 locis
1480 1646 1901 1709 Bellarminus
1939 1654 2004 1710 et
2043 1648 2149 1710 alii

588 1736 896 1818 probant,
945 1742 1007 1801 et
1048 1737 1189 1799 ideo
1234 1756 1365 1801 non
1418 1756 1557 1802 esse
1609 1739 1987 1818 verisimile,
2041 1758 2151 1805 eos

588 1830 757 1893 male
796 1830 1064 1893 sensisse
1107 1830 1189 1894 de
1228 1830 1482 1912 Synodo
1523 1834 1805 1910 Nicaena,
1848 1839 2038 1915 prout
2082 1834 2150 1897 in

588 1922 741 1985 locis
769 1923 969 1985 citatis
996 1923 1161 1985 dicto
1191 1923 1381 1985 modo
1413 1924 1743 1987 intellectis
1786 1932 2003 2007 aperte
2045 1928 2150 1989 de·

590 2016 829 2079 clarent
852 2062 869 2087 ‚
908 2015 1419 2095 respondendum
1464 2024 1557 2081 est
1574 2062 1596 2094 ‚
1642 2036 1749 2081 eos
1800 2038 2040 2083 errasse
2081 2022 2151 2083 in

588 2108 789 2185 facto,
829 2126 959 2171 non
986 2109 1053 2169 in
1082 2108 1229 2181 fide,
1260 2112 1408 2190 quia
1436 2129 1567 2173 non
1592 2112 1848 2176 fuerunt
1876 2115 2030 2177 satis
2055 2116 2154 2177 in-

588 2203 803 2267 structi
832 2202 913 2265 de
948 2204 1315 2267 auctoritate
1354 2206 1590 2287 Synodi
1626 2208 1892 2271 Nicaenae
1914 2250 1937 2282 ,
1985 2208 2151 2272 etde

588 2295 873 2360 doctrina
918 2297 976 2377 ej
986 2316 1091 2372 us;
1134 2298 1303 2361 unde
1344 2298 1749 2363 crediderunt
1766 2346 1788 2378 ‚
1832 2300 2152 2365 definiisse

588 2389 899 2471 imagines
928 2408 1067 2455 esse
1106 2391 1461 2455 adorandas
1488 2400 1559 2457 ut
1588 2392 1791 2469 Deos3
1836 2394 2009 2471 etlde
2036 2394 2155 2459 hac

596 2483 961 2548 adoratione
1032 2491 1182 2548 sunt
1243 2486 1435 2549 locuti
1464 2533 1481 2561 ,
1544 2505 1689 2549 cum
1748 2492 2154 2553 asseruerunt

589 2576 1148 2643 Francofordiense
1190 2578 1555 2659 Concilium,
1600 2598 1744 2645 eam
1774 2582 2152 2647 detestatum

588 2670 809 2735 fuisse.

672 2768 774 2829 34.
804 2767 1200 2850 Improbatur
1225 2770 1471 2835 tertium
1493 2768 2064 2851 placitum-Quid
2083 2773 2152 2839 de

594 2860 910 2924 Carolinia
944 2860 1123 2925 libris
1147 2863 1543 2927 sentiendum.
1565 2866 1817 2927 —Tota
1845 2865 1984 2928 haec
2009 2884 2151 2927 sen-

592 2954 788 3016 tentia
820 2952 1084 3016 infirmis
1110 2952 1330 3018 nititur
1363 2956 1740 3037 conjecturis
1774 2964 1837 3020 et
1868 2960 2150 3023 testimo·

588 3046 735 3122 niis,
764 3063 905 3127 quae
940 3048 1233 3129 sibiipsis
1258 3066 1387 3111 non
1416 3056 1735 3125 constant;
1761 3070 1911 3115 nam
1936 3053 2150 3133 impri-

588 3139 733 3213 miS,
758 3146 831 3203 nt
854 3140 1230 3222 incipiamus
1259 3159 1297 3203 a
1326 3142 1693 3223 praefatione
1710 3145 1828 3207 Eli.
1855 3144 2063 3222 Phili„
2085 3147 2151 3209 in

589 3250 717 3313 qua
770 3239 937 3296 totus
990 3234 1311 3299 discursus
1342 3236 1681 3315 superioris
1720 3240 2151 3319 responsionis

589 3327 907 3407 praecipue
944 3327 1277 3403 fundatur,
1328 3328 1503 3392 nulla
1552 3330 1709 3395 fides
1762 3334 1821 3395 ei
1864 3333 2150 3397 adbiberi

590 3426 797 3499 potest
810 3436 832 3499 ;
858 3437 977 3482 nec
1004 3421 1335 3485 verisimile
1356 3429 1448 3485 est
1468 3423 1748 3504 reliquos
1776 3444 2000 3489 omnes
2023 3427 2152 3489 his·

591 3515 821 3576 toricos
847 3513 940 3575 illi
968 3514 1084 3577 soli
1108 3514 1305 3579 fuisse
1333 3516 1601 3581 innixos.
1630 3519 1837 3581 Primo
1866 3521 2148 3599 quidem,

592 3610 740 3691 quia
770 3615 1055 3673 auctores
1082 3610 1495 3691 praecedentis
1522 3612 1835 3693 opinionis
1864 3615 2154 3679 dubitant

589 3721 671 3765 an
700 3703 766 3765 in
794 3703 901 3765 illa
928 3704 1329 3791 praefatione,
1371 3712 1443 3768 ut
1472 3715 1571 3769 est
1596 3707 1663 3769 in
1690 3726 1805 3771 suo
1836 3709 2150 3789 originali,

590 3796 1147 3861 Francofordicnse
1156 3799 1499 3862 Concilium
1520 3802 1907 3899 nominetur;
1928 3808 1994 3865 et
2011 3820 2154 3883 pro·-

592 3888 865 3953 habilius
894 3891 1156 3955 credunt
1186 3894 1616 3973 parenthesim
1658 3868 1873 3972 illam,
1912 3896 1979 3957 in
2019 3914 2150 3977 qua

596 3984 994 4049 Francot'ord.
1018 3984 1275 4051 Concilii
1304 3986 1375 4051 fit
1396 3989 1659 4065 mentio,
1691 3988 1881 4051 fuisse
1906 3990 1987 4051 ab
2013 3990 2150 4053 aliis

590 4078 1043 4161 interpositam.
1090 4080 1271 4155 Quod
1292 4081 1342 4143 si
1374 4082 1493 4145 hoc
1522 4100 1743 4147 verum
1779 4089 1875 4145 est
1888 4128 1911 4160 ,
1940 4102 2150 4165 neque

590 4174 989 4251 Hincmarus,
1018 4192 1227 4256 neque
1255 4176 1359 4239 alii
1385 4177 1661 4239 historici
1700 4184 2046 4257 potuerunt
2069 4198 2148 4243 ex

592 4268 713 4331 hac
750 4268 1111 4349 proeiatione
1155 4288 1403 4333 sumere
1439 4270 1613 4333 illam
1658 4273 2034 4335 sententiam
2065 4273 2148 4336 de

591 4361 993 4425 damnatione
1010 4362 1249 4442 Synodi
1262 4365 1525 4427 Nicaenae
1550 4365 1614 4427 in
1634 4365 2150 4429 Francofordien·

594 4454 671 4529 si,
702 4454 815 4517 sed
856 4454 937 4516 ad
982 4473 1323 4531 summum,
1358 4457 1424 4518 in
1462 4458 1675 4538 aliquo
1711 4459 2148 4522 conventiculo

590 4548 1025 4628 imperitorum
1046 4554 1107 4611 et
1125 4550 1556 4613 haereticorum
1583 4552 1932 4628 hominum,
1953 4570 1990 4614 a
2015 4554 2150 4634 qui·

588 4640 711 4705 bus
735 4640 1003 4705 fortasse
1028 4642 1187 4705 liber
1212 4644 1316 4707 ille
1356 4643 1562 4707 editus
1604 4649 1719 4707 ost.
1745 4645 1923 4709 Unde
1949 4647 2150 4710 sumi·-

587 4741 693 4797 tur
722 4735 1001 4799 secunda
1028 4738 1429 4817 conjectura3
1462 4756 1613 4801 nam
1649 4739 1931 4801 omnium
1978 4748 2148 4805 recte

591 4829 995 4892 sentientium
1010 4828 1249 4910 judicio
1270 4831 1430 4894 liber
1448 4832 1557 4894 ille
1581 4850 1708 4893 non
1736 4831 1853 4895 fuit
1874 4852 1911 4895 a
1926 4832 2148 4898 Carolo

588 4923 819 5003 Magno
838 4924 1065 5000 editus,
1090 4923 1204 4987 sed
1226 4925 1307 4986 ab
1332 4925 1543 5003 aliquo
1561 4924 1660 4987 vel
1679 4926 1997 5007 aliquibus
2024 4929 2146 4989 bae·

586 5017 821 5093 reticiS,
848 5017 958 5097 qui
985 5017 1159 5080 illum
1188 5016 1291 5081 vel
1312 5020 1553 5083 occulte
1574 5020 1675 5081 vel
1696 5020 1905 5100 palam
1922 5021 2142 5084 Carolo

591 5108 985 5186 obtulerunt;
1018 5112 1277 5175 Carolus
1323 5116 1535 5175 autem
1564 5112 1741 5175 illum
1770 5113 1854 5175 ad
1882 5114 2144 5177 Pontifi-

586 5220 727 5265 cem
753 5200 1097 5265 Adrianum
1124 5204 1313 5279 misit,
1339 5206 1537 5285 quiin
1566 5208 1811 5285 Scripto
1846 5206 1927 5267 ad
1955 5207 2144 5269 Caro-

588 5296 721 5357 lum
748 5296 829 5359 dc
857 5296 1235 5379 imaginibus
1271 5297 1501 5361 librum
1530 5299 1703 5361 illurn
1740 5317 1819 5361 ex
1862 5299 2148 5380 professo

590 5388 951 5455 confutavit.
998 5390 1147 5464 Quoe
1192 5392 1405 5455 omnia
1443 5393 1569 5457 late
1604 5392 1875 5474 probant
1911 5393 2150 5457 Alanus

591 5500 803 5565 supra,
836 5488 901 5547 et
930 5484 1252 5563 Belial-m„
1284 5484 1431 5551 dict.
1473 5486 1585 5551 lib.
1616 5489 1657 5549 Ξ
1676 5533 1697 5567 ,
1734 5506 1789 5551 c.
1836 5489 1957 5568 153
2001 5504 2150 5568 ergo

1798 322 2034 387 QUAEs'r.
2071 321 2218 375 XXV.
2255 320 2454 375 Amic.
2493 322 2575 377 ΙΙΙ.

2229 440 2356 487 non
2383 430 2480 487 est
2503 421 2860 499 verisimile,
2889 422 3318 499 Hincmarum,
3337 424 3510 491 virum
3521 432 3687 503 camo.

2226 516 2416 580 licum
2464 522 2526 581 et
2571 517 2850 593 doctum,
2877 536 2956 580 ex
2995 518 3136 581 sola
3159 516 3321 579 illius
3346 518 3472 581 libri
3493 534 3688 595 auctori.

2225 618 2354 677 tate
2401 611 2638 675 factum
2665 611 2826 673 illud
2857 610 3132 677 Concilio
3181 612 3686 689 Francoford.attr1.

2225 705 2460 770 buisse.
2509 707 2742 781 Tertio,
2797 706 3086 784 quamvis
3135 706 3240 769 ille
3287 706 3435 769 liber
3473 714 3686 795 tempore

2223 798 2433 865 Caroli
2477 798 2682 863 editus
2729 798 2918 863 fuerit
2934 844 2955 877 ,
3006 806 3230 863 tamen
3267 799 3345 863 de
3382 804 3684 889 praeiationc,

2224 909 2366 973 quae
2395 912 2566 955 nunc
2595 894 2654 956 ei
2683 894 3050 975 praefigitur,
3068 894 3296 957 merito
3323 897 3532 961 Alanus
3551 908 3689 967 etsu-

2223 987 2354 1049 rius
2383 986 2676 1050 dubitant
2703 1006 2786 1051 an
2805 988 2886 1051 sit
2909 988 3196 1066 antiqua,
3212 987 3312 1050 vel
3335 1006 3516 1070 nuper
3531 994 3596 1056 ab
3613 999 3690 1061 ali-

2229 1096 2356 1159 quo
2402 1081 2696 1143 hoeretico
2729 1081 2896 1144 edita
2925 1086 2992 1143 et
3015 1082 3371 1161 supposita,
3399 1084 3487 1145 vel
3529 1089 3690 1153 saltem

2231 1180 2556 1254 corrupta;
2593 1192 2738 1237 nam
2755 1219 2778 1251 ,
2817 1174 2927 1254 qui
2953 1174 3296 1255 praefatur,
3335 1176 3429 1237 vel
3451 1176 3598 1255 ficto,
3621 1186 3688 1247 vel

2232 1270 2530 1333 ementito
2561 1269 2842 1346 nomine,
2865 1268 3007 1333 Eli.
3051 1269 3254 1333 Phili.
3285 1287 3352 1331 se
3377 1274 3624 1348 nominat,
3647 1288 3692 1341 ut

2230 1380 2297 1427 se
2325 1364 2532 1444 ipsum
2577 1363 2868 1437 occultet,
2899 1361 3073 1441 quod
3123 1362 3334 1425 statim
3363 1366 3690 1445 suspicionem

2231 1458 2496 1538 alicujus
2524 1456 2912 1536 deceptionis
2943 1462 3234 1537 generat,
3257 1458 3564 1535 praesertim
3582 1462 3690 1525 inre

2231 1551 2392 1615 adeo
2417 1550 2680 1623 lubrica,
2707 1552 2772 1611 et
2799 1566 2880 1611 ex
2907 1566 2976 1611 se
3003 1554 3322 1628 suspecta.
3354 1548 3423 1611 Et
3446 1556 3688 1633 praterea,

2231 1649 2538 1722 qnantum
2589 1658 2667 1705 ex
2716 1642 2816 1705 his
2859 1659 3002 1721 queo
3025 1641 3294 1716 Alanus,
3331 1660 3384 1705 c.
3411 1645 3482 1706 ¹8
3501 1690 3516 1718 ,
3539 1646 3691 1723 refert,

2231 1738 2588 1818 conjectare
2615 1753 2896 1819 possum,
2923 1738 3062 1817 ipse
3086 1734 3208 1797 Eli.
3237 1736 3406 1797 Phili.
3427 1754 3488 1798 se
3513 1737 3692 1805 aliuma

2231 1832 2453 1895 Carolo
2483 1849 2624 1895 esse
2657 1830 2957 1905 ostendit;
2993 1846 3150 1891 nam
3179 1846 3258 1891 ex
3283 1830 3532 1910 professo
3553 1834 3604 1895 in
3626 1854 3694 1897 aa·

2231 1928 2377 1989 dem
2403 1924 2767 2007 praefatione
2799 1924 3138 1988 ostendere
3189 1930 3440 1987 conatur
3477 1924 3692 1993 carolum

2230 2020 2424 2083 fuisse
2465 2019 2716 2083 illorum
2761 2019 3070 2083 librorum
3107 2022 3442 2088 auctorem,
3479 2036 3537 2082 re
3576 2024 3693 2101 prius

2231 2113 2576 2176 deliberata
2603 2132 2750 2177 cum
2777 2112 3108 2193 Episcopis
3137 2111 3386 2174 concilii
3423 2111 3693 2177 Francoior-

2233 2208 2429 2286 dien.;
2461 2208 2576 2273 fuit
2603 2226 2758 2287 ergo
2785 2214 3004 2271 auctor
3043 2207 3218 2269 illius
3261 2206 3592 2287 praet'ationis
3612 2210 3688 2271 Eli.

2235 2301 2414 2365 Phili.
2419 2348 2442 2379 ,
2485 2320 2614 2365 non
2647 2302 2936 2378 Carolus;
2965 2308 3031 2363 et
3059 2300 3174 2363 illa
3215 2299 3472 2379 praefatio
3499 2298 3690 2364 nonfuit

2235 2395 2402 2459 edita
2429 2402 2716 2477 tempore
2761 2394 2970 2461 Caroli
2999 2393 3257 2475 Magni3
3289 2411 3430 2473 ergo
3453 2394 3577 2455 nihil
3597 2412 3691 2473 pro-

2233 2487 2444 2551 babile
2473 2489 2554 2551 de
2581 2490 2688 2551 illa
2717 2488 2889 2553 credi
2919 2492 3150 2569 potest,
3185 2485 3304 2550 nisi
3345 2486 3496 2564 quod
3531 2486 3594 2547 ah
3621 2504 3690 2551 eo-

2233 2581 2382 2645 dem
2403 2583 2486 2646 sit
2513 2582 2706 2657 edita,
2727 2601 2768 2645 a
2787 2600 2914 2663 quo
2943 2581 3164 2645 denuo
3187 2580 3344 2642 liber
3367 2580 3462 2643 ille
3480 2580 3688 2643 inventus

2231 2676 2334 2739 vel
2372 2676 2540 2757 typis
2569 2675 2927 2750 mandatus,
2977 2682 3130 2737 ante
3177 2672 3558 2754 quadraginta
3589 2690 3686 2752 qua·

2231 2775 2375 2833 tuor
2399 2786 2602 2831 annos
2631 2769 3048 2831 solummodo.
3102 2770 3180 2833 Et
3219 2774 3286 2829 ut
3318 2766 3596 2830 minimum
3611 2769 3682 2829 im·

2231 2864 2558 2943 probabile
2599 2862 2672 2927 fit
2715 2864 3130 2949 Hin‘cmarum
3154 2908 3171 2937 ,
3205 2869 3268 2925 et
3309 2858 3450 2923 alios
3483 2860 3686 2938 antiquos

2233 2955 2770 3037 historiographos
2785 2957 2868 3019 ab
2886 2957 2992 3019 illa
3019 2954 3381 3037 praefat-ione
3403 2953 3686 3015 sententiam

2231 3067 2413 3113 suam
2467 3050 2774 3112 hausisse.
2805 3050 3035 3125 Quarto
3089 3049 3294 3111 obstat
3335 3046 3514 3128 (quod
3539 3046 3686 3108 Sarius

2231 3144 2534 3224 notavit),
2561 3144 2712 3224 quia
2735 3150 2960 3207 auctor
2983 3141 3366 3224 proefationis
3390 3140 3534 3215 dicit,
3553 3141 3684 3218 Syno-

2231 3236 2386 3299 dum
2413 3238 2612 3310 illam,
2651 3254 2792 3317 quoe
2839 3256 2878 3299 a
2923 3234 3452 3300 Francol'ordiensi
3474 3233 3684 3297 damnata

2233 3336 2346 3404 est,
2392 3330 2929 3413 Constantinopoli
2969 3330 3172 3393 fuisse
3217 3326 3682 3402 celebratam5haec

2233 3424 2402 3487 enim
2451 3424 2592 3505 ejus
2635 3424 2828 3487 verba
2877 3425 3290 3487 referuntur:
3331 3420 3518 3485 Allata
3547 3426 3614 3485 est
3641 3419 3684 3481 ii

2232 3519 2422 3581 medio
2471 3519 2720 3599 quaestio
2781 3520 2852 3583 de
2899 3535 3056 3583 nova
3109 3516 3440 3585 Groecmm
3479 3513 3681 3593 Synodo,

2233 3629 2414 3693 quam
2458 3612 2526 3675 de
2553 3612 2882 3677 adorandis
2905 3612 3280 3693 inminibus
3299 3656 3318 3687 ‚
3351 3608 3682 3673 Constantino-

2226 3706 2654 3786 pausaverunt
2673 3732 2702 3779 ,·
2745 3724 2824 3768 ex
2875 3724 3002 3786 quo
3053 3704 3252 3768 verbo
3299 3701 3486 3783 colligi
3521 3706 3678 3781 potest,

2233 3816 2376 3861 eum
2409 3816 2536 3862 non
2567 3799 2648 3861 de
2676 3799 2945 3875 Nicaena,
2985 3799 3098 3861 sed
3125 3799 3208 3862 de
3235 3792 3681 3871 Constantinopoli·

2230 3894 2378 3955 tana
2405 3891 2660 3972 Synodo
2677 3892 2881 3973 loqui3
2902 3892 3004 3955 vel
3025 3899 3220 3967 certe,
3241 3908 3376 3953 cum
3395 3888 3533 3953 dicat
3549 3885 3681 3947 inilia

2231 3986 2486 4067 Synodo
2513 3992 2724 4050 actum
2751 4004 2890 4051 esse
2911 3987 2992 4049 de
3024 3985 3356 4049 adorandis
3377 3979 3681 4061 imaginihus,

2229 4100 2500 4163 cumque
2547 4082 2738 4145 etiam
2787 4082 2954 4145 dicat
2979 4083 3001 4159 (
3023 4088 3092 4143 ut
3115 4078 3500 4145 Bellarminus
3522 4073 3682 4150 refert)

2229 4174 2836 4257 Constantinopolim
2859 4176 3042 4239 sitam
3071 4192 3212 4239 esse
3234 4174 3296 4235 in
3321 4169 3580 4251 Bythinia
3597 4165 3682 4227 col-

2229 4268 2442 4350 ligitur
2470 4269 2796 4333 hominem
2823 4270 3002 4332 illum
3029 4286 3285 4350 prorsus
3309 4263 3513 4327 tuisse
3499 4260 3679 4340 imperi-

2229 4370 2388 4440 tum,
2414 4363 2716 4443 nullaque
2743 4362 2872 4427 fide
2901 4363 3208 4444 dignum3
3237 4368 3342 4425 aut
3365 4361 3508 4423 certe
3531 4353 3678 4415 inferri

2231 4461 2459 4537 potest,
2513 4474 2660 4519 eum
2715 4474 2796 4519 ex
2843 4456 3057 4534 aliqua
3106 4456 3424 4519 traditione
3455 4456 3542 4511 aut
3562 4447 3676 4508 fama

2231 4549 2570 4613 credidisse
2635 4549 2978 4629 quamdam
3041 4541 3674 4641 Constantinopolitanan

2232 4644 2558 4724 Synodum
2583 4644 2888 4724 rejectam
2929 4660 3070 4707 esse
3115 4644 3180 4705 in
3221 4634 3666 4704 Francofordiens,

2230 4738 2553 4819 ignorasse
2581 4756 2732 4801 vero
2761 4737 2914 4817 quid
2941 4738 3008 4801 in
3037 4755 3112 4801 ca
3137 4742 3336 4799 actum
3363 4729 3540 4804 fuerit,
3561 4732 3606 4787 et
3623 4740 3670 4785 ex

2229 4848 2442 4894 errore
2467 4830 2535 4893 id
2563 4830 2905 4894 addidisse.

2304 4928 2406 4989 35.
2433 4925 2520 4985 Ex
2553 4924 2652 4987 his
2677 4925 2866 4987 etiam
2897 4930 3136 4987 constat
3157 4938 3340 5002 quam
3365 4917 3670 4983 sitinfirmum

2223 5018 2650 5082 testimonium
2702 5020 3019 5081 Hincmari
3042 5064 3062 5094 ,
3113 5024 3180 5080 ut
3237 5014 3523 5079 credamus
3573 5022 3668 5071 eum

2223 5118 2520 5175 testatum
2555 5131 2718 5186 esse,
2765 5108 3265 5175 Conc.'Francof.
3305 5108 3578 5171 damnasse
3597 5102 3668 5177 Sy·

2228 5206 2468 5269 nodum
2507 5207 2846 5282 Nicaenam,
2879 5225 2957 5269 ex
3000 5208 3131 5269 sola
3159 5204 3491 5267 auctoritate
3518 5193 3666 5276 praefa·

2229 5301 2418 5364 tionis
2445 5301 2590 5363 libri
2617 5300 2912 5377 Carolini,
2927 5318 3070 5363 cum
3092 5297 3456 5363 verisimilius
3471 5292 3530 5353 sit.
3545 5288 3666 5349 Hinc-

2230 5412 2478 5457 marum
2508 5394 2694 5457 talem
2725 5394 3148 5475 praet'ationem
3173 5410 3294 5455 non
3318 5388 3526 5451 vidisse.
3547 5378 3664 5442 Unda

2235 5488 2470 5553 Alanus
2519 5506 2708 5573 supra
2752 5488 2976 5553 merito
3021 5486 3206 5555 fidem
3243 5501 3360 5551 non
3387 5478 3542 5551 habet
3564 5470 3660 5537 huic
