3892 6167
1379 353 1702 412 nisenus.
1730 351 1899 407 xuu.
1934 351 2104 408 sssc'r.
2137 355 2198 409 ll.

136 459 277 514 tum
308 453 484 534 quin
516 471 655 518 uon
680 454 901 518 babuit
930 461 1163 518 statum
1189 453 1473 534 ejusdem
1496 453 1753 516 rationis

136 563 293 609 cum
326 546 655 622 subditis,
700 555 770 610 ut
808 548 894 610 ad
936 549 1119 610 illum'
1142 548 1403 612 talislex
1440 547 1753 628 pertinere

135 643 464 720 potuerit.
527 642 719 715 Quod
766 642 855 704 ita
920 644 1113 704 etiam
1164 642 1557 718 declaratur,
1604 640 1751 722 quia

136 733 419 814 quande
448 735 575 796 lex
598 735 897 816 principis
917 735 1172 816 respicit
1196 735 1503 812 subditos,
1521 741 1589 796 ut
1606 735 1751 795 sub-

138 828 257 890 diti
286 833 479 900 sunt,
514 831 597 890 ut
623 834 739 901 est,
762 829 935 890 verbi
964 830 1191 910 gratia,
1213 829 1315 892 lex
1334 829 1415 892 de
1435 827 1749 891 solvendis

138 919 439 995 tributis,
471 921 633 982 talis
670 921 771 982 lex
799 937 927 983 nou
958 920 1195 1002 obligat
1216 923 1567 1002 principem
1583 937 1605 999 3
1634 919 1749 982 sed

141 1013 227 1073 ad
250 1013 443 1075 bunc
480 1012 757 1076 modum
796 1014 1348 1094 proportionaliter
1372 1016 1559 1078 estin
1588 1031 1749 1094 prse-

140 1106 337 1178 senti,
388 1123 572 1168 num
595 1107 698 1168 lex
722 1108 941 1186 gratim
972 1126 1011 1168 a
1048 1107 1289 1170 Christo
1319 1106 1445 1169 lata
1490 1107 1744 1186 respicit

146 1199 461 1260 homines
482 1203 569 1260 ut
586 1203 970 1279 peccatores,
996 1219 1112 1263 seu
1139 1203 1211 1263 ut
1234 1199 1527 1276 viatores,
1552 1207 1743 1280 atque

142 1292 309 1353 adeo
332 1293 703 1356 existentes
733 1294 797 1354 in
826 1293 1103 1356 inferiori
1133 1300 1318 1357 statu.

226 1387 289 1448 7.
338 1387 566 1465 Igitur
588 1377 799 1449 solum
822 1393 1114 1468 superest
1140 1395 1213 1450 ut
1252 1388 1333 1450 de
1361 1388 1561 1452 veteri
1598 1388 1741 1468 lege

144 1480 315 1542 hanc
344 1481 843 1543 conclusionem
866 1481 1250 1562 probemus;
1282 1501 1414 1544 non
1442 1481 1613 1546 enim
1633 1481 1741 1543 de·

146 1574 417 1636 fuerunt
470 1575 591 1653 qui
618 1573 907 1636 dicerent
932 1572 1245 1638 Christum
1272 1575 1469 1638 fnisse
1486 1575 1615 1655 legi
1635 1591 1739 1636 ve·

147 1667 265 1728 teri
287 1666 684 1744 obnoxium,
712 1673 901 1747 atque
926 1668 1087 1730 adeo
1110 1668 1456 1747 obligatum
1478 1667 1561 1729 ad
1601 1685 1741 1729 ser·-

148 1758 435 1822 vandam
453 1759 668 1823 illam.
691 1761 783 1822 Ita
810 1767 987 1822 tenet
1014 1761 1199 1824 Joan.
1223 1761 1305 1823 de
1328 1759 1599 1834 Medius,
1626 1778 1737 1822 su-

148 1871 291 1931 pra,
326 1853 437 1913 cui
460 1851 769 1915 videntur
796 1853 1007 1916 favere
1036 1853 1231 1916 verbu
1254 1853 1449 1933 ipsius
1488 1853 1735 1929 Christi,

150 1943 379 2006 Matth.
414 1947 485 2021 5,
518 1946 609 2008 de
634 1960 705 2008 se
732 1945 994 2010 dicentis
1018 1965 1033 2007 :
1056 1948 1207 2012 Non
1230 1949 1367 2011 ceni
1410 1946 1635 2010 solvero
1656 1947 1735 2009 le-

151 2053 309 2118 ycm,
334 2039 455 2102 sed
512 2039 891 2121 adimpleta-
914 2045 997 2102 et.
1033 2040 1287 2116 Paulus,
1316 2039 1399 2101 ad
1434 2039 1635 2100 Galat.
1668 2043 1736 2114 4,

154 2131 401 2203 diceus,
462 2131 716 2196 misisse
754 2132 950 2196 Deum
996 2131 1231 2197 Filium
1278 2151 1475 2208 suum,
1497 2137 1737 2210 sactum

152 2226 259 2286 sub
306 2225 465 2308 leyc.
530 2225 775 2288 Pavent
803 2226 989 2288 etiam
1020 2227 1276 2301 Athen„
1312 2226 1733 2306 disputatione

156 2335 301 2378 cum
340 2317 533 2393 Ario,
574 2318 742 2380 circa
768 2317 987 2394 finem,
1010 2336 1151 2397 quse
1176 2319 1445 2380 habetur
1472 2327 1623 2381 tom.
1656 2322 1729 2393 43

159 2417 221 2473 et
266 2411 467 2490 Cyril.
518 2410 856 2485 Alexand„
884 2412 995 2472 lib.
1025 2415 1065 2474 2
1107 2412 1183 2474 de
1212 2412 1363 2475 Fide
1402 2412 1483 2473 ad
1521 2411 1727 2490 Regi„

158 2505 345 2584 longe
364 2511 523 2584 post
550 2505 861 2581 medium,
887 2511 953 2567 et
978 2504 1223 2585 epistol.
1263 2506 1347 2568 ad
1384 2505 1729 2566 monachos

160 2597 439 2677 AEgypti‚
474 2598 605 2658 sub
636 2597 855 2673 finem,
882 2615 1026 2677 quae
1059 2599 1374 2661 habentur
1413 2599 1475 2659 in
1508 2601 1535 2659 1
1572 2605 1725 2661 tom.

160 2689 389 2752 Concil.
422 2690 696 2769 Ephes„
720 2709 861 2770 cap.
893 2693 922 2752 l
972 2697 1037 2752 et
1056 2693 1116 2764 5,
1148 2692 1255 2771 qui
1288 2692 1504 2754 dicunt
1532 2690 1734 2752 Chris·

164 2784 291 2842 tum
318 2782 525 2844 fuisse
558 2783 883 2846 subditum
916 2783 1065 2863 legi.
1094 2785 1173 2845 Et
1198 2784 1499 2864 probatur
1540 2783 1734 2846 ratio·

164 2875 423 2954 ne,qnia
434 2876 567 2938 -illa
592 2875 697 2938 lex
712 2877 1091 2956 generaliter
1114 2877 1233 2940 fuit
1252 2879 1385 2940 lata
1400 2895 1517 2959 pro
1534 2876 1733 2940 omni·

166 2967 283 3030 bns
306 2969 683 3032 hominibus
708 2970 1029 3032 Israelitici
1056 2971 1297 3052 populi,
1322 2989 1439 3052 per
1464 2971 1731 3034 circum·

165 3061 469 3127 cisionem
481 3063 575 3126 ad
588 3063 699 3125 Dei
722 3063 1023 3144 populum
1043 3065 1423 3144 aggregatis;
1444 3063 1613 3128 unde
1632 3069 1731 3127 est

170 3155 319 3217 illud
334 3156 545 3233 Pauli,
560 3157 645 3218 ad
669 3157 867 3218 Galat.
888 3159 959 3219 ὃς
978 3157 1297 3237 Tutilium·
1304 3161 1471 3221 omi
1498 3158 1729 3221 homini

170 3249 621 3313 dmumcidmti
632 3269 719 3324 se,
742 3251 887 3331 qvia
904 3250 1135 3313 debitor
1158 3255 1249 3314 ost
1272 3251 1733 3334 universoeleqis

170 3343 491 3416 faciendoe;
519 3343 641 3406 sed
684 3344 965 3406 Christus
990 3342 1109 3406 fuit
1134 3343 1215 3406 de
1248 3344 1355 3406 illo
1383 3345 1639 3424 populo,
1666 3349 1731 3406 et

172 3433 577 3500 circumcisus
592 3458 613 3512 ;
640 3453 793 3514 ergo
822 3437 940 3500 tuit
968 3437 1089 3499 sub
1112 3437 1221 3498 illa
1252 3437 1397 3518 lege
1442 3454 1729 3516 compre-

174 3527 435 3606 hensus3
496 3529 723 3595 nullibi
762 3530 937 3594 euim
980 3530 1249 3612 legimus
1304 3530 1483 3593 illum
1529 3530 1724 3592 fuisse

174 3623 523 3700 specialiter
550 3629 937 3704 exemptum,
966 3630 1077 3686 aut
1121 3641 1266 3686 cum
1316 3623 1423 3685 illo
1473 3623 1727 3705 dispen-

179 3720 397 3790 satum,
426 3735 511 3782 ne
536 3717 649 3780 illa
678 3716 821 3798 lege
846 3723 1193 3780 teneretur.

248 3809 308 3869 8.
352 3809 651 3876 Christus
667 3827 786 3872 non
798 3809 1103 3891 subjectus
1130 3809 1251 3893 leqi
1276 3811 1572 3874 veteri.-—-—
1596 3809 1723 3876 So-

181 3902 353 3960 1ο.--
374 3903 797 3968 Nihilominus
844 3903 1236 3966 verissimam
1263 3921 1491 3968 censeo
1518 3921 1727 3968 asser·-

182 3990 399 4058 tionem
424 3997 722 4079 positam,
766 4012 907 4076 quae.
932 3995 1180 4058 videtur
1224 4013 1365 4058 esse
1412 3996 1729 4060 sententia

182 4084 247 4152 D.
270 4087 534 4152 Thomna
572 4087 761 4164 infra,
786 4105 848 4168 q.
876 4091 983 4164 37,
1010 4093 1129 4152 art.
1158 4091 1195 4152 3
1226 4094 1292 4151 ct
1312 4093 1376 4160 4,
1410 4090 1521 4151 ubi
1574 4090 1728 4152 sim-

182 4177 411 4254 pliciter
432 4189 635 4264 negat
678 4183 991 4245 Christum
1018 4182 1210 4245 fuisse
1254 4182 1593 4245 obnoxium
1624 4202 1728 4246 ve-

182 4271 292 4334 teri
313 4273 442 4357 legi
457 4293 483 4355 3
514 4283 583 4339 et
630 4277 801 4340 idem
832 4276 987 4338 dicit
1012 4275 1093 4338 de
1126 4273 1196 4339 B.
1240 4276 1491 4358 Virgine
1514 4276 1729 4357 quoad

187 4379 254 4424 0³
279 4385 415 4446 quas
434 4371 523 4432 ad
562 4370 787 4432 Filium
816 4369 1239 4451 pertinebant,
1265 4374 1331 4432 et
1362 4387 1428 4450 q.
1458 4372 1562 4446 40,
1601 4375 1722 4432 art.

186 4455 241 4528 42
268 4458 405 4524 licet
430 4463 603 4526 dicat
623 4463 937 4527 Christum
954 4462 1292 4526 Dominum
1314 4479 1567 4543 semper
1592 4481 1725 4526 ser·-

188 4565 353 4616 vasse
372 4556 585 4639 legem
608 4563 889 4620 veterem
908 4600 927 4629 ,
952 4574 1083 4618 uon
1118 4561 1329 4618 tamen
1366 4573 1445 4618 ex
1476 4555 1721 4635 obliga-

185 4641 366 4724 tione,
384 4651 501 4712 sed
528 4657 785 4732 propter
806 4649 959 4712 alias
982 4647 1431 4728 congruentias
1452 4666 1612 4728 quas
1637 4648 1723 4710 ibi

190 4734 442 4805 adducit.
476 4745 595 4806 Pro
626 4741 851 4806 endem
873 4742 1185 4805 sententia
1212 4740 1409 4804 multa
1438 4742 1727 4820 congerit

188 4827 443 4899 loannes
460 4837 801 4909 Arboreus,
818 4835 927 4899 lib.
952 4839 990 4898 3
1005 4834 1389 4914 Theosopb„
1406 4851 1461 4896 c.
1474 4836 1535 4896 6.
1552 4834 1726 4896 ldem

192 4919 384 4990 docuit
406 4932 581 5004 Soio,
606 4930 671 4992 in
693 4934 755 5006 4,
782 4929 925 4992 dist.
952 4933 1017 5004 2,
1039 4948 1103 5009 q.
1132 4931 1191 5006 l,
1216 4934 1338 4992 art.
1370 4931 1434 5003 3,
1469 4926 1540 4990 in
1566 4927 1719 5003 fine,

190 5017 287 5093 qui
312 5025 607 5102 optimam
636 5024 947 5086 rationem
973 5023 1229 5097 indicat,
1268 5040 1421 5084 nam
1470 5023 1579 5085 illa
1622 5021 1723 5084 lex

194 5104 323 5173 data
348 5124 439 5180 est
464 5117 697 5200 populo
722 5116 1087 5180 Judaeorum
1114 5133 1233 5196 pro
1260 5134 1329 5178 se
1382 5123 1446 5178 et
1474 5133 1589 5176 sua
1615 5133 1723 5197 po·

194 5205 469 5288 steritate,
513 5212 630 5274 sub
680 5229 807 5292 qua
852 5211 1057 5272 solum
1108 5208 1725 5289 comprehenduntur

196 5303 429 5381 Posteri,
452 5305 565 5385 qui
602 5305 705 5368 via
747 5303 1063 5367 ordinaria
1092 5309 1156 5366 et
1198 5320 1315 5383 per
1352 5301 1723 5366 seminalem

194 5390 482 5460 rationem
528 5418 569 5460 a
634 5397 1234 5480 primogenitoribus
1294 5395 1719 5473 descendunt3

202 5494 335 5562 ⁰³80
358 5489 651 5569 Christus,
674 5492 779 5571 qui
798 5491 919 5554 hoc
946 5491 1137 5556 modo
1170 5489 1413 5570 genitus
1440 5507 1570 5552 uon
1598 5493 1717 5564 est,

1832 469 1960 514 non
1980 459 2078 516 est
2093 453 2216 516 sub
2236 452 2350 516 ilia
2371 455 2514 538 lege
2543 456 3054 538 comprehensus.
3079 459 3258 534 Quod
3285 477 3388 524 ex-

1830 544 2100 624 plicatur
2139 553 2202 609 et
2229 549 2637 612 confirmatur
2663 569 2702 610 a
2734 549 2946 622 simili,
2975 551 3124 630 quia
3153 571 3388 633 presse·

1830 643 2010 718 ptum
2033 641 2250 703 datum
2271 643 2562 724 Adaepro
2583 663 2655 706 se·
2678 650 2744 706 et
2769 643 3133 724 posteritate
3159 665 3296 722 sua,
3317 649 3384 709 in

1832 731 1962 809 1110,
1995 734 2142 796 111111
2169 736 2370 815 capite
2399 742 2718 811 contenta,
2745 740 3388 818 non-comprehendit

1831 825 2171 902 Christum,
2201 826 2364 890 sicut
2417 829 2995 910 nec.transgressio
3045 830 3207 910 ejuS,
3235 832 3385 913 quia

1828 917 2106 981 Christus
2125 939 2258 982 non
2285 921 2726 984 continebatur
2763 923 2829 983 iu
2871 922 3114 985 Adamo
3159 941 3384 986 secuu-

1829 1011 1982 1072 dum
2011 1013 2392 1076 seminale-m
2429 1015 2760 1092 rationem,
2781 1015 2896 1077 sed
2923 1015 3128 1078 solum
3153 1035 3382 1080 secun-

1826 1102 1980 1166 dum
2011 1106 2446 1185 corpulentam
2485 1107 2934 1184 substautiam3
2979 1126 3132 1188 ergo
3171 1109 3385 1171 simili·

1824 1203 1923 1258 ter
1951 1205 2338 1278 praeceptum
2357 1201 2438 1262 de
2459 1200 2936 1262 circumcisione
2964 1202 3384 1266 datumAbra·

1826 1293 1925 1352 hae
1977 1297 2043 1354 et
2095 1293 2450 1372 posteritati
2517 1297 2680 1376 ejus,
2721 1314 2852 1357 non
2911 1298 3384 1379 comprehendit

1824 1384 2161 1460 Christum,
2195 1387 2346 1466 quia
2379 1388 2446 1448 in
2495 1387 2726 1449 lumbis
2759 1389 2898 1467 ejus
2925 1407 3054 1450 non
3099 1392 3383 1453 contine-

1820 1476 2008 1540 batur
2033 1479 2388 1542 secundum
2433 1480 2806 1544 seminalem
2843 1480 3194 1558 rationem;
3227 1501 3380 1563 ergo

1819 1569 1958 1651 pari
1999 1571 2242 1634 ratione
2286 1590 2418 1635 non
2461 1573 2579 1636 fuit
2605 1573 2886 1636 Christus
2908 1573 3214 1638 obnoxius
3241 1577 3382 1637 uui-

1819 1681 2018 1725 versae
2047 1663 2172 1744 legi
2200 1666 2512 1729 Mesaicte.
3373 1719 3376 1722 .

1896 1758 1960 1818 9.
2010 1756 2290 1838 objectio.
2315 1791 2398 1808 -
2421 1760 2778 1841 Responsio.
2807 1789 2890 1809 ι·-
2916 1761 3089 1826 Dicet
3115 1763 3382 1828 1011118118

1818 1848 2066 1928 aliquis,
2110 1859 2559 1930 argumentum
2598 1859 2770 1916 recte
2801 1855 3176 1919 concludere
3227 1857 3386 1920 sim..

1815 1942 2086 2022 pliciter,
2139 1950 2204 2006 et
2229 1944 2518 2010 absolute
2557 1946 2877 2027 loquendo
2898 1991 2920 2024 ,
2969 1965 3100 2010 nen
3165 1953 3380 2015 tamen

1816 2037 2140 2116 supposita
2175 2037 2670 2115 circumcisione,
2725 2057 2916 2120 quam
2955 2039 3236 2106 Christus
3277 2063 3382 2107 as-

1814 2132 2109 2210 sumpsit3
2149 2149 2295 2194 nam
2317 2149 2433 2213 per
2452 2150 2595 2194 eam
2611 2131 2854 2195 videtur
2873 2152 3014 2196 sese
3033 2136 3378 2200 obnoxium

1812 2222 2162 2285 reddidisse
2193 2224 2500 2287 universa
2525 2225 2654 2306 legi
2679 2224 3010 2303 faciendae,
3033 2229 3212 2308 juxta
3247 2233 3380 2292 tes-

1812 2315 2142 2378 timouium
2177 2317 2348 2380 Pauli
2377 2336 2573 2398 supra
2619 2319 2900 2382 citatum.
2943 2323 3380 2402 Respondetur

1812 2414 2024 2471 tamen
2044 2455 2060 2484 ,
2099 2410 2328 2474 eodem
2363 2412 2554 2476 modo
2609 2430 2798 2491 posse
2841 2415 3141 2494 applicari
3187 2418 3380 2479 ratio·

1810 2519 1984 2578 nem,
2019 2504 2192 2584 quia,
2223 2505 2385 2568 sicut
2409 2505 2511 2567 lex
2537 2506 3032 2568 circumcisionis
3085 2507 3233 2570 data
3284 2517 3378 2574 est

1812 2595 2108 2670 Abrahae,
2143 2605 2206 2660 et
2233 2597 2382 2660 filiis
2419 2598 2584 2678 ejus,
2607 2597 2716 2677 qui
2745 2599 3117 2663 naturaliter
3155 2619 3232 2664 ex
3265 2603 3374 2665 illo

1816 2690 2304 2770 generabantur,
2348 2691 2436 2754 ita
2461 2691 2568 2752 lex
2587 2697 2770 2754 vetus
2795 2692 3000 2754 solum
3025 2694 3146 2757 11111
3170 2695 3376 2776 posita.

1812 2801 1927 2865 pro
1966 2784 2332 2846 hominibus
2373 2802 2454 2846 ex
2492 2785 2718 2848 eadem
2762 2787 2952 2867 stirpe
3003 2789 3369 2869 progenitis,

1813 2877 1914 2939 vel
1963 2877 2152 2940 etiam
2199 2896 2314 2958 pro
2360 2878 2500 2940 aliis
2529 2879 2704 2959 puris
2742 2878 3127 2955 hominibus,
3167 2882 3216 2943 si
3255 2879 3371 2944 cir·

1814 2969 2089 3032 cumcidi
2115 2970 2371 3044 vellent,
2393 2972 2740 3052 praesertim
2775 2973 2943 3052 quia,
2973 2991 3114 3036 cum
3139 2974 3377 3038 illa-lex.

1814 3069 1984 3126 esset
2007 3063 2400 3144 imperfecta,
2432 3070 2495 3126 et
2513 3065 2594 3126 ad
2617 3065 3070 3128 ostendendam
3095 3067 3374 3130 imbecil·
3403 3080 3414 3094 ·

1811 3153 2046 3218 litatem
2082 3163 2328 3220 naturas
2373 3155 2668 3238 imposita
2687 3203 2710 3233 ,
2753 3159 2957 3220 solum
3014 3160 3376 3224 hominibus

1809 3247 2218 3328 imperfectis,
2249 3254 2318 3311 et
2369 3267 2448 3312 ex
2493 3251 2734 3330 origine
2763 3271 2879 3314 sna
2930 3259 3189 3332 peccato
3226 3253 3373 3314 sub·

1802 3339 1988 3418 jectis
2001 3341 2298 3423 imposita
2323 3340 2464 3404 fuit.
2496 3341 2676 3404 Unde
2693 3342 2988 3406 adGalat.
3019 3347 3080 3421 3,
3109 3345 3198 3408 ait
3216 3347 3372 3408 Pau·

1803 3432 1905 3495 lus
1934 3433 2147 3513 legem
2176 3439 2436 3514 propter
2476 3435 3044 3516 transgressionem
3091 3456 3232 3500 esse
3261 3457 3373 3518 pe-

1806 3526 1992 3588 sitam
2009 3543 2030 3599 3
2049 3532 2116 3589 et
2140 3525 2305 3589 intra
2325 3526 2478 3590 dicit
2503 3528 2710 3607 legem
2731 3528 2926 3591 fnisse
2955 3530 3372 3613 paedagogum

1806 3619 1875 3682 in
1908 3618 2176 3696 Christo,
2204 3624 2278 3681 ut
2314 3637 2392 3682 ex
2419 3619 2550 3682 fide
2567 3620 3067 3699 justificarentur
3113 3625 3224 3704 qui
3250 3625 3369 3688 sub

1806 3713 1911 3774 illa
1940 3711 2345 3787 tenebantur;
2382 3719 2446 3775 et
2470 3712 2643 3777 idem
2671 3713 2880 3796 colligi
2907 3721 3110 3796 potest
3135 3735 3216 3780 cx
3240 3724 3374 3781 tota

1806 3806 1989 3887 epist.
2016 3805 2102 3868 ad
2118 3809 2298 3868 Rom.
2308 3851 2328 3884 ,
2361 3812 2423 3868 et
2451 3807 2800 3886 prasertim
2821 3826 2878 3870 c.
2901 3811 2967 3883 6,
3003 3809 3120 3872 ubi
3151 3810 3372 3872 distin·

1806 3905 2088 3980 guantur
2111 3917 2238 3964 esso
2252 3899 2364 3963 aab
2387 3900 2536 3979 2090,
2564 3907 2632 3964 et
2651 3919 2782 3964 cese
2805 3902 2913 3965 aab
2934 3904 3146 3982 qratia
3158 3929 3185 3976 ;
3213 3905 3372 3966 mul·

1805 3999 1872 4054 to
1894 4011 2048 4072 ergo
2064 3994 2268 4073 magis
2285 3991 2895 4072 condistinguentur,
2913 4012 3054 4058 esse
3067 3997 3366 4078 sublege,

1808 4093 1875 4148 et
1898 4104 2040 4148 esse
2064 4085 2618 4166 ipsumauctorem
2639 4087 2894 4168 gratian
2923 4106 3052 4150 11011
3075 4107 3232 4170 ergo
3247 4090 3370 4154 11111

1806 4181 1925 4242 sub
1954 4180 2094 4261 lege
2105 4178 2410 4257 Christus,
2429 4181 2538 4258 qui
2563 4180 2686 4242 fuit
2705 4187 2924 4245 auctor
2949 4184 3370 4263 gratioe.1tem

1807 4293 1954 4338 cum
1983 4280 2152 4337 esset
2177 4275 2392 4339 umbra
2417 4276 2789 4351 futurorum,
2829 4279 2893 4338 et
2919 4275 3090 4338 illius
3131 4277 3278 4340 finis
3301 4285 3370 4340 et

1807 4367 2341 4448 complementum
2391 4366 2642 4430 futurus
2684 4374 2856 4432 esset
2901 4365 3205 4445 Christus,
3254 4389 3374 4452 per

1804 4480 2000 4543 quem
2026 4461 2390 4541 abroganda
2421 4466 2578 4532 erat,
2601 4479 2730 4524 non
2751 4461 2968 4524 debuit
2985 4461 3228 4528 Christo
3249 4465 3371 4527 im-

1801 4553 1980 4636 poni;
1996 4553 2166 4615 unde
2193 4553 2276 4615 ad
2291 4553 2488 4618 Galat.
2505 4557 2541 4616 3
2561 4553 2810 4632 dicitur,
2841 4556 3014 4618 illam
3030 4557 3240 4638 legem
3259 4575 3370 4639 po-

1804 4649 1992 4712 sitam
2015 4665 2180 4724 esse,
2205 4649 2386 4712 donoc
2401 4651 2630 4713 veniret
2646 4668 2862 4726 senen,
2882 4650 3052 4731 quod
3075 4657 3174 4714 est
3197 4651 3370 4716 Chri-

1806 4749 1964 4805 stus.
1994 4741 2234 4805 Deinde
2273 4741 2554 4806 Christus
2583 4749 2720 4806 erat
2753 4743 3050 4808 dominus
3074 4745 3255 4826 legis,
3306 4752 3370 4809 ot

1806 4836 1953 4900 ideo
1983 4855 2114 4899 nou
2137 4836 2258 4899 fuit
2283 4835 2518 4900 decens
2554 4843 2624 4900 ut
2662 4837 2852 4900 etiam
2879 4839 3224 4904 secuudum
3252 4840 3370 4902 hu-

1802 4930 2174 4992 manitatem
2221 4929 2313 4991 illi
2355 4929 2764 5006 subdet-etun
2797 4931 2965 4994 unde
3000 4933 3220 4996 Matth.
3264 4937 3364 5008 ¹2,

1805 5042 1947 5085 cum
1983 5024 2020 5086 J
2026 5021 2186 5085 udaei
2211 5022 2392 5084 illum
2423 5023 2986 5102 calumniarentur,
3015 5026 3186 5107 quod
3227 5028 3368 5088 sab-

1804 5117 2068 5180 bathum
2110 5135 2240 5180 non
2285 5122 2598 5191 servaret,
2647 5118 3016 5198 respondit:
3067 5121 3370 5185 Dominus

1804 5215 1895 5276 ost
1932 5211 2109 5289 filias
2137 5209 2402 5274 hominis
2417 5253 2434 5284 ‚
2465 5209 2649 5274 etiam
2695 5211 2992 5277 sabbathi.
3044 5211 3223 5285 Quod
3259 5230 3369 5275 ex·-

1804 5304 2048 5384 plicans
2097 5303 2526 5382 Augustinus,
2555 5303 2664 5366 lib.
2695 5305 2924 5379 Quaest.
2957 5305 3022 5368 in
3051 5307 3252 5382 Matt„
3295 5325 3361 5390 q.

1805 5399 1903 5470 10,
1943 5397 2114 5473 dicit,
2141 5397 2270 5458 illis
2294 5395 2503 5459 verbis
2533 5397 2882 5461 ostendisse
2929 5397 3263 5473 Christum,
3296 5417 3366 5463 se

1802 5507 1931 5550 non
1959 5505 2099 5551 esse
2123 5488 2474 5568 subiectum
2502 5490 2647 5570 legi,
2679 5491 2828 5570 qnia
2867 5497 3006 5556 erat
3031 5491 3222 5555 Filius
3251 5493 3366 5557 Dei
