3892 6167
1348 364 1665 421 Discunt.
1702 364 1779 419 t.1.
1815 364 1984 418 SECT.
2022 364 2106 420 tv,

161 484 332 545 solum
358 476 433 537 ad
464 472 708 536 divinas
724 488 1027 552 personas
1054 469 1176 532 hoc
1202 468 1393 530 modo
1412 467 1687 529 Ecclesia

158 576 417 657 loquitur.
447 569 573 631 Sed
606 571 735 629 haee
760 584 883 628 non
914 574 1059 627 sunt
1084 574 1277 636 certa,
1299 582 1414 625 nec
1437 580 1688 643 semper

160 690 299 739 vera,
328 664 467 745 quia
499 670 563 724 et
591 662 781 725 verba
812 661 917 721 illa
948 666 1212 740 possunt
1234 658 1299 719 in
1340 658 1461 719 alio
1494 674 1685 717 seusu

159 758 385 845 proferri
410 802 426 827 ,
477 761 550 817 ut
594 772 709 836 per
741 774 808 816 se
842 752 1239 815 manifestum
1270 758 1381 822 est,
1418 758 1479 811 et
1521 750 1683 812 infra

163 858 315 919 etiam
346 848 617 919 dicetur:
655 854 715 911 et
744 848 825 909 ab
848 845 1103 909 homine
1135 850 1341 925 potest
1368 846 1555 907 etiam
1578 862 1685 906 ve-

160 950 239 1011 nia
264 942 547 1026 postulari
572 943 657 1005 de
684 941 905 1021 injuria
936 942 1005 1002 iu
1028 940 1207 1001 illum
1235 939 1593 1010 commissa,
1624 942 1685 999 et

162 1045 272 1103 haec
299 1035 481 1099 animi
510 1036 847 1097 submissio
878 1039 1091 1115 posset:
1129 1032 1354 1094 eodem
1388 1031 1685 1093 exteriori

162 1134 309 1211 siguo
346 1128 631 1191 indicari.
668 1128 1060 1190 Potissimum
1091 1146 1241 1207 ergo
1274 1127 1339 1187 in
1372 1126 1467 1185 llis
1492 1124 1686 1205 signis

163 1224 397 1287 externis
429 1221 811 1283 attendenda
860 1228 949 1282 est
991 1226 1221 1300 praeter
1268 1219 1681 1280 intentionem

162 1320 429 1380 internam
449 1314 703 1395 publiea
724 1315 1062 1393 impositio:
1084 1332 1230 1375 nam
1260 1312 1313 1373 si
1346 1314 1473 1373 haec
1507 1313 1681 1390 signa

165 1409 454 1474 sufficienti
480 1410 855 1471 auctoritaie
897 1422 957 1470 et
1006 1412 1311 1487 potestate
1340 1406 1419 1467 ad
1451 1405 1681 1485 signiti-

164 1504 395 1567 candum
422 1503 628 1563 Deum
658 1509 724 1564 et
752 1502 988 1564 cultum
1018 1502 1155 1581 ejus
1187 1506 1333 1562 sunt
1368 1500 1685 1581 imposita,

166 1600 333 1661 solum
372 1597 451 1659 ad
491 1594 777 1658 divinum
804 1598 1039 1658 cultum
1071 1594 1356 1675 usurpari
1388 1601 1647 1674 possunt
1666 1609 1685 1670 3

168 1700 215 1756 et
232 1693 275 1753 si
300 1692 595 1753 creaturis
622 1690 1123 1753 communicetur
1144 1692 1285 1751 talis
1310 1690 1535 1762 cultuS‚
1574 1688 1689 1749 erit-

168 1786 495 1853 idclolatria,
526 1784 751 1847 saltem
787 1784 1077 1858 exterior,
1104 1784 1154 1844 si
1187 1802 1310 1844 non
1344 1802 1419 1844 ex
1449 1784 1685 1856 animo,

166 1898 339 1959 neque
368 1898 440 1939 ex
466 1876 629 1939 falsa
666 1879 1080 1941 aestimatione
1116 1877 1245 1939 fiat.
1284 1878 1431 1937 Haec
1477 1884 1691 1937 autem

167 1972 437 2052 impositio
466 1972 527 2031 in
562 1972 827 2033 vocibus
859 1970 1065 2032 notior
1094 1980 1223 2037 est:
1251 1988 1484 2030 nomeu
1523 1970 1689 2030 enim

170 2067 255 2128 Dei
282 2066 513 2144 proprie
543 2073 873 2145 sumptum
898 2113 913 2135 ,
957 2074 1064 2127 aut
1096 2082 1323 2126 nomen
1361 2064 1686 2138 creatoris,

172 2168 219 2223 et
239 2158 460 2228 similia,
482 2158 695 2220 solum
722 2178 941 2221 verum
969 2160 1160 2219 Deum
1192 2166 1251 2219 et
1282 2156 1693 2238 perfectiones

172 2254 276 2333 ejus
298 2252 693 2329 significant:
730 2259 791 2314 et
819 2253 988 2325 iden,
1034 2253 1083 2313 si
1115 2250 1197 2313 ad
1246 2258 1597 2313 creaturam
1631 2257 1693 2311 et

171 2346 379 2408 laudem
426 2348 565 2424 ejus
614 2346 1033 2425 deputentur,
1076 2344 1428 2406 idololatria
1466 2350 1580 2405 est.
1614 2350 1693 2405 At

173 2454 291 2501 tero
330 2440 385 2499 in
427 2439 561 2498 aliis
616 2438 1001 2509 actionibuS,
1036 2434 1409 2498 sacrificium
1450 2438 1513 2497 in
1544 2456 1692 2515 pro·

174 2534 339 2613 prium
385 2532 495 2594 Dei
542 2532 789 2593 cultum
840 2533 1113 2593 maxime
1158 2530 1515 2593 institutum
1573 2536 1689 2602 est,

177 2635 297 2689 teste
336 2626 685 2705 Augustino
708 2672 723 2697 ,
768 2626 809 2689 8
835 2626 915 2687 de
946 2624 1148 2698 civit„
1181 2642 1317 2704 cap.
1350 2626 1453 2698 27,
1487 2630 1549 2685 et
1581 2622 1688 2683 lib.

178 2722 253 2786 to.
278 2738 400 2800 rap.
428 2722 527 2791 ¹9,
556 2724 629 2781 et
656 2720 764 2781 lib.
795 2722 877 2783 20
902 2728 1117 2781 contra
1143 2717 1381 2792 Faust„
1406 2734 1542 2796 cap.
1578 2720 1689 2793 213

176 2814 547 2886 etTheodor.‚
579 2814 693 2874 lib.
724 2818 763 2877 8
792 2816 870 2875 ad
890 2814 1171 2885 Graecos;
1196 2814 1267 2875 D.
1290 2812 1511 2873 Thom.
1540 2814 1601 2873 2.
1627 2812 1689 2883 2,

173 2924 221 2985 q.
256 2908 323 2969 84
350 2914 407 2968 et
434 2908 533 2969 85.
572 2906 834 2987 Propter
876 2906 1043 2987 quod
1076 2904 1267 2967 Exod.
1302 2906 1381 2968 22
1412 2904 1641 2966 dieitur
1671 2923 1687 2963 τ

174 3002 496 3073 Immotum,
545 3002 647 3064 vel
696 3004 1050 3081 sacrificans
1086 2999 1209 3062 nisi
1254 3000 1511 3062 Domino
1549 2996 1689 3068 soli,

173 3096 595 3163 eradicabitur.-
628 3102 690 3156 et
735 3098 1070 3175 propterea
1126 3094 1371 3155 monuit
1418 3091 1696 3171 Angelus

180 3188 389 3261 Manus,
415 3186 624 3251 Judic.
660 3190 736 3249 13
769 3207 785 3250 ι
816 3188 897 3251 Si
923 3190 1017 3251 vis
1042 3188 1451 3251 holocaustum
1471 3188 1695 3264 facere,

181 3282 473 3361 offer-illud
512 3280 792 3345 Domine.
840 3282 915 3343 Et
960 3280 1139 3342 huuc.
1180 3280 1369 3341 fuisse
1417 3278 1701 3357 gentium

181 3374 417 3435 omnium
442 3392 707 3437 sensum
738 3380 800 3436 et
828 3372 1353 3436 consuetudinem
1374 3418 1395 3449 ,
1426 3388 1551 3433 non
1584 3370 1698 3432 ob-

181 3484 325 3528 scure
352 3468 705 3531 indicarunt
728 3466 1084 3540 Laodiceni,
1119 3468 1255 3528 Act.
1289 3468 1387 3537 ⁴4,
1420 3467 1527 3544 qui
1558 3482 1701 3525 cum

182 3568 453 3633 errarent,
506 3561 776 3623 Paulum
831 3568 894 3623 et
940 3560 1293 3622 Barnabam
1350 3558 1504 3621 deos
1561 3574 1699 3621 esse

182 3652 590 3731 existimantes,
646 3656 737 3717 eis
784 3656 993 3716 statim
1046 3652 1418 3715 sacrificium
1472 3652 1699 3713 offerre

184 3752 473 3811 tentarunt.
505 3750 613 3811 Est
631 3750 801 3811 enim
825 3746 1195 3810 sacrificium
1225 3746 1387 3809 actio
1414 3744 1703 3825 quaedam

182 3856 279 3917 qua
304 3858 395 3903 res
421 3842 635 3923 aliqua
673 3842 741 3904 in
769 3840 881 3903 Dei
918 3843 1219 3902 honorem
1265 3846 1575 3901 mactatur
1602 3837 1701 3899 vel

183 3942 541 3997 consecratur
565 3937 632 3997 in
662 3936 1156 4014 recognitionem
1186 3940 1247 3995 et
1274 3932 1701 3995 testimonium

183 4028 419 4104 supremi
444 4026 733 4101 dominii,
782 4036 843 4091 et
872 4026 1219 4108 majestatis
1244 4026 1488 4089 divinae.
1526 4026 1702 4087 Hanc

182 4136 303 4180 vero
336 4122 845 4201 significationem
878 4126 989 4199 (ut
1031 4122 1195 4183 bene
1229 4122 1489 4200 August.
1530 4123 1703 4180 nota-

184 4210 276 4289 vit)
302 4212 375 4273 ab
401 4214 799 4296 impositione
827 4216 1039 4291 habet,
1071 4232 1197 4276 non
1236 4230 1270 4274 a
1300 4221 1525 4273 natura
1551 4232 1566 4286 ;
1602 4230 1705 4274 oc·

186 4303 308 4365 cisio
336 4308 492 4368 enim
522 4308 701 4369 vituli
751 4309 831 4370 de
864 4326 933 4370 se
970 4324 1099 4369 non
1142 4304 1455 4386 significat
1503 4306 1705 4366 Deum

186 4414 298 4459 esse
328 4407 637 4462 auctorem
678 4402 817 4463 vitae
848 4408 910 4463 et
955 4400 1173 4461 mortis
1197 4445 1212 4472 ,
1249 4398 1417 4459 unde
1464 4402 1705 4461 remota

188 4488 543 4570 impositione
584 4513 712 4555 uon
766 4495 1043 4556 continet
1083 4492 1361 4554 divinum
1419 4493 1700 4552 cultum:

189 4585 362 4645 tamen
392 4595 721 4667 postquam
746 4588 1035 4669 imposita
1068 4594 1184 4659 est,
1217 4588 1350 4667 jam
1381 4586 1573 4648 habet
1606 4602 1705 4647 ra-

190 4676 385 4738 tionem
414 4680 725 4755 sacrificii,
765 4688 827 4743 ct
858 4680 1067 4743 divino
1097 4680 1287 4742 cultui
1320 4680 1705 4743 contrarium

190 4776 327 4831 esset
346 4772 513 4833 illam
546 4775 719 4836 alteri
754 4774 998 4836 offerre.
1034 4774 1107 4835 Et
1134 4773 1216 4835 ad
1246 4772 1413 4835 hunc
1448 4774 1705 4835 modum

190 4858 239 4918 in
282 4862 407 4942 lege
454 4867 828 4947 Evangelica
856 4913 871 4939 ,
918 4867 1123 4928 cultus
1166 4870 1705 4929 sacramentorum

191 4952 581 5021 adorationem
612 4961 803 5022 latriae
844 4958 1146 5031 continet,
1175 4964 1235 5021 et
1264 4960 1533 5021 maxime
1566 4976 1706 5021 nos-

191 5050 329 5107 trum
350 5050 733 5115 incruentum
757 5052 1157 5125 sacrificium,
1185 5055 1247 5114 in
1272 5070 1399 5132 quo
1424 5056 1587 5115 Deus
1610 5052 1706 5132 ip·

194 5150 249 5197 se
271 5150 374 5213 est,
404 5144 505 5223 qui
536 5144 795 5209 offertur
824 5164 841 5208 t
872 5156 935 5209 et
966 5146 1109 5209 ideo
1138 5152 1384 5220 natura,
1416 5155 1477 5209 et
1504 5144 1709 5227 digui-

194 5236 274 5289 ωε
297 5232 423 5296 talis
450 5239 538 5300 rei
574 5239 799 5301 oblatae
831 5242 1125 5321 postulat,
1162 5249 1231 5301 ut
1260 5241 1373 5301 soli
1404 5241 1527 5301 Deo
1558 5242 1709 5301 offa-

197 5328 363 5399 ratur,
392 5334 670 5408 quamvis
711 5332 846 5395 haec
893 5336 1027 5413 ipsa
1078 5332 1334 5409 oblatio,
1367 5340 1431 5395 et:
1476 5332 1714 5395 sacriti-

198 5417 335 5480 eium
363 5438 430 5485 ex
460 5424 843 5491 institutione
872 5436 1079 5490 ortum
1104 5426 1355 5489 habeat.

272 5516 349 5577 12.
377 5518 459 5580 Ex
489 5537 609 5601 quo
637 5522 895 5585 tandem
930 5520 1165 5601 colligit
1207 5520 1590 5600 Augustinus
1621 5538 1714 5582 sa-

1770 466 2080 538 cerdoteS,
2119 464 2378 545 templa.
2417 463 2698 540 delubra,
2740 468 2980 545 altaria,
3013 492 3176 547 aras,
3209 494 3324 555 per

1770 574 1834 620 se.
1866 562 2068 639 primo
2095 560 2206 620 soli
2233 561 2356 619 Deo
2382 560 2574 620 dicari
2605 578 2821 638 posse3
2847 564 2975 625 hirc
3001 570 3169 628 enim
3193 588 3324 629 om·

1768 652 1893 726 nia,
1912 672 2054 715 cum
2081 654 2158 714 ad
2184 653 2556 714 sacrificium
2587 654 2956 731 referantur,
2977 660 3167 720 latriae
3197 664 3326 722 cul-

1767 752 1897 807 tum
1961 746 2305 808 continent.
2363 747 2688 821 Quomodo
2740 757 2952 811 autem
3005 754 3323 815 interdurn

1767 841 1998 919 templa
2045 840 2166 899 alia
2209 840 2563 919 hujusmodi
2607 840 2686 901 ad
2728 841 3030 905 honorem
3073 846 3327 909 Sancto-

1765 951 1906 993 rum
1930 933 2322 1007 ordinentur,
2341 933 2403 993 in
2427 935 2836 1011 sequentibus
2855 938 3320 1017 explicabimus.

1768 1028 1982 1087 Dices:
2020 1033 2153 1088 esto
2183 1026 2556 1087 sacrificium
2607 1030 2720 1090 soli
2760 1014 2888 1091 Deo
2932 1032 3324 1095 offerendum

1768 1119 1868 1192 sit,
1912 1127 2124 1180 tamen
2173 1120 2546 1183 sacrificium
2575 1142 2700 1184 non
2745 1131 2835 1185 est
2877 1127 3180 1196 adoratio,
3213 1128 3328 1190 sed

1768 1220 1945 1273 actus
1987 1214 2306 1293 religionis
2348 1215 2696 1291 distinctim,
2736 1224 2806 1279 ut
2849 1222 3118 1283 sumitur
3144 1240 3220 1283 ex
3253 1224 3320 1285 D.

1768 1308 1990 1369 Thom.
2019 1310 2078 1369 2.
2101 1312 2165 1377 2,
2195 1328 2254 1389 q.
2284 1312 2362 1371 84
2393 1318 2450 1372 et
2482 1314 2594 1383 85:
2625 1332 2777 1391 ergo
2811 1315 2956 1376 inde
2987 1336 3110 1379 non
3141 1320 3329 1379 hatne-

1770 1419 1909 1461 mus
1944 1402 2222 1481 aliquam
2251 1405 2679 1468 adorationem
2710 1416 3032 1470 externam
3065 1413 3176 1471 soli
3204 1412 3324 1472 Deo

1770 1496 2063 1556 dicatam.
2094 1498 2550 1574 Respondetur,
2581 1502 2725 1561 lieet
2757 1520 2880 1563 non
2927 1506 3130 1565 omnis
3178 1506 3329 1565 ado·

1768 1590 1931 1651 ratio
1965 1590 2044 1650 sit
2072 1590 2463 1662 sacrificium,
2488 1600 2696 1653 tamen
2721 1595 3090 1657 sacrificium
3123 1616 3328 1657 essen-

1770 1683 2004 1743 tialiter
2032 1702 2172 1745 esse
2200 1683 2656 1761 adorationem,
2685 1688 2832 1765 quia
2861 1690 3122 1749 offertur
3148 1692 3210 1750 in
3253 1691 3330 1751 si-

1772 1795 1967 1855 gnum
1991 1778 2419 1857 subjectionis,
2444 1786 2506 1841 et
2533 1780 2788 1841 honoris
2816 1782 3005 1844 debiti
3039 1802 3328 1863 supremo

1772 1870 2053 1941 dominu,
2092 1880 2156 1932 ut
2187 1872 2258 1931 D.
2296 1872 2592 1939 Thomas,
2620 1874 2681 1933 d.
2718 1890 2775 1951 q.
2822 1878 2925 1949 84,
2965 1881 3080 1937 art.
3115 1880 3172 1947 1,
3201 1884 3333 1939 tra-

1774 1962 1891 2024 dit.
1946 1970 2009 2024 et
2054 1971 2172 2024 art.
2219 1965 2299 2035 3,
2349 1966 2436 2025 ait
2475 1966 2846 2027 sacrificium
2895 1968 3043 2030 inde
3099 1970 3332 2033 habere

1774 2054 2051 2123 laudem,
2107 2056 2274 2135 quod
2325 2058 2385 2117 in
2439 2058 2714 2119 divinam
2768 2064 3180 2123 reverentiam
3216 2066 3330 2143 flt3

1774 2146 1943 2207 idem
1977 2155 2189 2209 autem
2231 2156 2326 2209 est
2353 2150 2562 2212 divina
2596 2155 2945 2214 reverentia
2977 2156 3143 2235 quod
3183 2157 3338 2218 ado-

1774 2240 1956 2301 ratio.
2006 2242 2188 2303 Unde
2241 2242 2304 2302 in
2362 2244 2678 2323 Scriptura
2715 2246 2978 2307 verbum
3034 2250 3338 2311 adorandi

1774 2354 1887 2413 pro
1911 2335 2102 2397 verbo
2118 2336 2510 2399 sacrificandi
2537 2340 2807 2418 ponitur,
2831 2342 2988 2403 Gen.
3016 2346 3094 2404 22
3115 2360 3132 2404 t
3157 2342 3339 2407 Post-

1774 2443 1954 2509 quam
2001 2430 2479 2509 adoraverimus,
2525 2443 2890 2497 ret-creemur
2935 2440 3016 2499 ad
3057 2456 3177 2501 cos.
3223 2438 3338 2501 Ubi

1774 2518 2092 2583 Abraham
2111 2522 2213 2601 loq
2228 2524 2414 2594 uitur,
2433 2526 2687 2603 quando
2713 2528 2843 2589 ibat
2871 2530 2950 2590 ad
2983 2531 3336 2591 sacrifican-

1774 2614 1925 2675 dum
1981 2615 2201 2677 filium.
2245 2618 2320 2679 Et
2369 2619 2455 2681 ita
2509 2622 2698 2681 etiam
2755 2622 2930 2684 multi
2980 2624 3338 2704 intelligunt

1776 2706 1929 2768 illud
1959 2710 2142 2770 Joan.
2169 2714 2245 2771 42
2275 2710 2498 2775 Patres
2523 2715 2722 2776 nostri
2750 2716 2818 2777 iu
2848 2725 3039 2779 monte
3071 2720 3176 2780 Ιιοσ
3201 2720 3339 2779 ado·

1774 2808 2088 2877 ranorum,
2129 2810 2246 2864 etc.
2285 2804 2382 2865 Nil
2423 2822 2576 2883 ergo
2613 2806 2840 2878 obstat,
2875 2810 3044 2887 quod
3073 2813 3146 2871 D.
3177 2812 3337 2872 Tho-

1775 2910 1915 2955 mas
1951 2894 2015 2955 in
2051 2898 2115 2956 2.
2156 2899 2222 2969 2,
2264 2898 2438 2976 prius
2485 2899 2564 2961 de
2607 2901 3000 2977 adoratione,
3041 2906 3100 2963 in
3135 2922 3192 2983 q.
3231 2906 3334 2979 st,

1776 2995 1998 3066 postea
2041 2990 2121 3051 de
2161 2990 2492 3065 sacrifieiO,
2531 2992 2595 3053 in
2625 2996 2727 3063 85,
2765 2994 3160 3070 disseruerit;
3191 3016 3341 3059 nam

1779 3084 2176 3145 communior
2219 3091 2314 3146 est
2364 3085 2669 3162 adoratio,
2713 3106 2854 3167 quae
2899 3090 3111 3169 quoad
3159 3091 3341 3171 signa

1781 3182 2042 3237 externa
2071 3178 2373 3256 peculiari
2401 3179 2592 3242 modo
2621 3198 2734 3260 per
2761 3183 3136 3245 sacrificium
3169 3200 3341 3246 exer-

1785 3275 1984 3343 cetur,
2025 3276 2088 3331 et
2123 3270 2268 3332 ideo
2315 3274 2590 3351 oportuit
2617 3274 2866 3355 propria
2895 3279 3244 3354 quaestione
3277 3278 3344 3339 il-

1782 3360 1891 3423 lud
1926 3362 2264 3443 explicare.
2307 3368 2444 3427 Non
2481 3366 2731 3429 inficior
2779 3369 2980 3431 solere
3031 3370 3346 3433 interdum

1786 3472 2020 3518 nomen
2051 3454 2434 3519 adorationis
2461 3460 2760 3539 applicari
2781 3461 2861 3523 ad
2892 3464 3045 3525 alias
3067 3466 3345 3525 artiones

1782 3549 2113 3624 adorandi,
2159 3568 2297 3630 quie
2327 3570 2540 3632 neque
2589 3559 2736 3615 sunt
2779 3556 3102 3634 sacrificia,
3133 3574 3343 3636 neque

1786 3644 2016 3704 habent
2055 3644 2176 3706 alia
2206 3646 2549 3725 peculiaria
2593 3650 2874 3723 nomina,
2909 3650 3066 3711 sicut
3108 3668 3341 3712 nomen

1783 3752 2120 3798 commune
2159 3739 2318 3800 solet
2358 3740 2674 3801 interdum
2726 3742 3186 3805 accommodari
3229 3744 3340 3805 uni

1784 3828 1877 3890 rei
1916 3830 2222 3909 singulari
2249 3833 2348 3893 vel
2381 3834 2709 3913 specificae,
2744 3831 3060 3913 quomodo
3097 3836 3343 3898 videtur

1784 3938 1935 3982 voce
1969 3940 2123 3984 usus
2152 3924 2222 3986 D.
2251 3926 2474 3987 Thom.
2503 3930 2560 3987 2.
2593 3929 2655 4001 2,
2694 3944 2754 4005 q.
2793 3932 2894 4005 81,
2921 3937 3039 3991 art.
3069 3934 3123 4005 1,
3161 3932 3241 3991 ad
3277 3936 3335 3993 ·1.

1785 4014 1908 4076 Sed
1937 4022 2148 4077 tamen
2173 4017 2237 4079 id
2275 4020 2478 4079 solum
2514 4028 2755 4097 spectat
2791 4022 2872 4082 ad
2910 4040 3094 4083 usum
3123 4025 3334 4097 vocis;

1786 4114 1996 4169 tomen
2027 4126 2132 4170 res
2159 4110 2292 4189 ipsa
2331 4116 2395 4172 et
2428 4113 2588 4173 ratio
2631 4113 3013 4176 adorationis
3042 4118 3342 4195 propriis·

1786 4196 1960 4262 simae
1985 4202 2050 4263 in
2079 4202 2456 4266 sacrificium
2481 4209 2795 4277 convenit,
2825 4209 3154 4289 solumque
3176 4212 3240 4271 in
3261 4212 3344 4272 si-

1789 4312 1915 4375 gno
1944 4302 2230 4365 externo,
2255 4316 2366 4359 seu
2391 4300 2814 4377 materialiter,
2838 4301 2919 4363 ab
2946 4304 3082 4363 aliis
3103 4304 3343 4365 actibus

1786 4389 2054 4469 propriae
2083 4408 2156 4451 ac
2185 4391 2413 4453 divinae
2448 4394 2834 4456 adorationis
2865 4396 3072 4458 differt
3099 4397 3164 4457 iu
3208 4414 3343 4459 csse

1786 4484 2032 4545 virtutis
2063 4492 2127 4547 et
2155 4487 2382 4563 cultus,
2412 4487 2584 4567 quod
2624 4495 2715 4550 est
2761 4490 2950 4551 etiam
2997 4492 3345 4554 notandum

1788 4577 1869 4636 ad
1892 4576 2368 4659 intelligendam
2389 4582 2514 4641 vim
2541 4582 2814 4663 plurium
2839 4602 3064 4645 vocum
3080 4585 3344 4648 aliarum

1787 4670 1849 4730 iu
1876 4670 1997 4731 hae
2023 4674 2292 4734 materia
2317 4678 2806 4738 occurrentium.

2257 4882 2710 4947 DISPUTATIO
2755 4882 2877 4961 L11,

2136 5011 2200 5064 lu
2235 5016 2342 5065 uec
2373 5012 2646 5068 sectiones
2675 5012 2984 5069 distributa.

1786 5160 1863 5213 DE
1892 5162 2268 5216 unliutons
2308 5166 2544 5217 smcris
2587 5166 2910 5218 nominatis
2949 5170 3062 5221 vm.
3099 5172 3347 5221 ments

2381 5260 2748 5311 Excisum.

1876 5428 2010 5493 Duo
2041 5426 2312 5493 breviter
2341 5430 2403 5492 in
2431 5430 2550 5492 hac
2581 5430 2996 5513 disputatione
3029 5432 3350 5498 tractanda

1801 5526 1970 5584 sunt..
2004 5522 2302 5600 PrImum,
2329 5531 2536 5587 utrum
2566 5526 2849 5589 adoratio
2879 5528 3242 5591 Sanctorum
3284 5528 3353 5591 li·
