3892 6167
1354 373 1675 429 ntsru'ru.
1712 372 1865 427 XXX.
1899 371 2071 427 SECT.
2105 373 2168 425 ΙΙ.

124 470 199 535 in
242 472 510 553 propria
535 474 599 535 et
626 468 917 551 specifica
944 469 1333 545 differentia;
1366 478 1431 534 et
1458 472 1602 533 ideo
1630 488 1705 533 ex

122 564 191 625 vi
244 564 451 627 solius
498 564 800 627 naturalis
852 563 1273 625 similitudinis
1324 582 1451 625 non
1502 570 1709 645 potest

122 675 267 719 una
321 657 679 719 substantia
728 656 1177 737 comprehendi
1226 675 1303 719 ex
1348 656 1707 737 cognitione

124 750 429 813 alterius.
452 752 775 827 Quocirca,
798 752 899 813 his
918 756 979 813 et
1007 750 1313 813 similibus
1335 750 1705 825 rationibus,

130 846 431 909 convinci
478 845 725 907 videtur
762 864 887 907 non
932 845 1211 927 potuisse
1256 846 1569 909 Christum
1598 863 1709 906 ac-

134 938 399 1017 quirere
454 940 801 1019 perlectam
852 939 1175 1001 scientiam
1222 956 1441 1001 earum
1492 955 1708 999 rerum

138 1052 305 1113 quas
332 1051 465 1095 non
492 1039 587 1096 est
605 1033 883 1113 perfecte
914 1037 1231 1115 expertae,
1250 1032 1461 1114 quoad
1489 1048 1708 1093 omnes

146 1144 371 1189 earum
424 1129 836 1207 proprietates
884 1133 947 1189 et
993 1126 1253 1191 effectus
1271 1174 1287 1203 ,
1321 1127 1557 1190 nedum
1600 1145 1707 1189 eas

144 1237 307 1299 quas
336 1238 666 1301 nunqnam
692 1220 867 1299 vidit,
887 1238 1097 1301 neque
1120 1221 1247 1283 ullo
1276 1221 1463 1282 modo
1488 1240 1709 1302 exper-

140 1318 244 1373 tus
272 1320 397 1388 est,
420 1318 488 1375 ut
512 1319 661 1374 sunt
683 1313 878 1376 stellae
906 1312 1117 1387 variae,
1142 1319 1203 1375 et
1221 1312 1560 1376 influentiae
1590 1332 1709 1375 coe-

136 1406 381 1483 lorum,
406 1408 613 1485 pisces
642 1407 859 1481 maris,
891 1410 953 1469 et
981 1406 1227 1468 similia.

220 1500 285 1561 6.
332 1501 553 1581 Neque
584 1500 755 1563 enim
794 1505 889 1562 sat
916 1500 1206 1583 estquod
1232 1500 1573 1581 Capreolus
1600 1501 1709 1563 ad·

138 1592 273 1670 dit,
306 1592 458 1655 dist.
488 1594 588 1668 14,
620 1612 685 1673 q.
722 1596 783 1667 1,
822 1594 905 1655 ad
931 1594 971 1655 6
1004 1600 1221 1657 contra
1246 1600 1285 1658 2
1307 1595 1611 1669 conclus„
1648 1600 1709 1658 et

139 1703 295 1747 cum
316 1704 395 1748 eo
419 1684 547 1761 alii,
580 1686 861 1767 potuisse
882 1686 1193 1749 Christum
1212 1687 1422 1768 juvari
1448 1688 1707 1749 scientia

140 1778 357 1841 infusa
388 1779 471 1840 ad
510 1778 849 1859 perfectam
880 1780 1205 1841 scientiam
1237 1780 1712 1843 connaturalem

142 1872 627 1952 acquirendam.
662 1872 795 1934 Hoc
839 1871 1172 1954 (inquam)
1212 1892 1341 1936 non
1394 1876 1545 1935 satis
1595 1882 1709 1948 est,

140 1984 326 2040 nam,
361 1966 511 2030 licet
548 1966 655 2028 illa
695 1967 955 2030 scientia
988 1967 1069 2029 ad
1113 1968 1387 2047 aliquam
1418 1967 1715 2031 directio-

142 2078 301 2122 nem
336 2060 564 2140 juvare
593 2062 831 2139 posset,
862 2079 991 2122 non
1018 2066 1229 2125 tamen
1256 2062 1547 2142 supplere
1569 2079 1717 2140 pro-

140 2154 285 2235 pria
314 2172 391 2215 ac
418 2172 536 2234 per
568 2171 636 2215 se
665 2152 967 2234 principia
988 2199 1003 2227 ‚
1032 2154 1251 2233 quales
1287 2160 1431 2216 sunt
1473 2156 1717 2235 species

142 2246 641 2309 accommodatae.
662 2246 769 2309 tali
793 2247 1107 2325 scientiae3
1134 2264 1343 2327 neque
1366 2249 1551 2311 etiam
1580 2247 1717 2310 fieri

138 2342 399 2421 poterat
425 2340 671 2403 ratione
703 2338 869 2401 itlius
890 2340 1193 2419 scientias,
1215 2348 1286 2404 ut
1305 2360 1383 2403 ex
1400 2360 1529 2403 uno
1550 2342 1718 2422 prin-

140 2434 315 2513 cipio
345 2434 621 2495 naturali
662 2434 877 2515 plures
929 2434 1367 2497 conclusiones
1412 2436 1717 2498 inferren-

144 2533 289 2602 tur,
319 2546 512 2607 quam
550 2526 617 2589 in
660 2546 737 2589 eo
783 2531 995 2590 essent
1034 2534 1379 2605 contentae3
1408 2547 1559 2609 ergo
1588 2546 1717 2590 non

154 2626 405 2701 poterat
448 2622 699 2684 efficere
752 2626 844 2699 ut,
874 2640 951 2683 ex
994 2622 1481 2703 proprietatibus
1530 2628 1719 2685 unius

148 2720 393 2776 naturae
421 2714 755 2797 specificae,
783 2716 922 2776 aliae
944 2714 1205 2777 diversae
1231 2714 1461 2797 speciei
1482 2734 1721 2796 cogno-

145 2814 478 2871 scerentur
504 2815 723 2870 exacte
746 2853 762 2883 ,
785 2824 905 2870 nec
930 2814 999 2869 ut
1018 2826 1133 2888 per
1158 2809 1323 2870 solas
1351 2809 1593 2889 species
1621 2827 1721 2870 ac-

148 2900 499 2963 cidentium
530 2902 613 2964 ad
640 2902 926 2983 proprios
971 2909 1313 2983 conceptus
1342 2902 1721 2965 substantia-

144 3012 289 3055 rum
320 2994 780 3074 perveniretur.

224 3090 289 3148 7.
340 3088 739 3169 Quapropter
785 3089 959 3151 addit
1001 3089 1337 3171 Cajetanus
1368 3086 1717 3151 ministerio

145 3182 543 3262 Angelorum
595 3180 906 3263 applicata
954 3200 1093 3244 esse
1153 3182 1443 3245 sensibus
1492 3182 1719 3246 Christi

142 3275 365 3336 omnia
416 3275 663 3356 objecta
706 3276 1063 3338 necessaria
1104 3275 1186 3338 ad
1229 3276 1577 3355 perfectam
1606 3278 1719 3335 ha-

142 3390 289 3431 rum
335 3369 750 3431 scientiarum
799 3370 1227 3432 inventionem
1266 3376 1331 3433 et
1362 3370 1717 3450 acquisitio·

140 3482 321 3524 nem.
344 3463 477 3525 Sed
502 3464 623 3525 hoc
658 3464 847 3528 etiam
877 3470 970 3527 est
1000 3465 1135 3525 sine
1162 3463 1573 3526 fundamento
1610 3482 1718 3527 ex·

142 3558 499 3637 cogitatum
518 3602 535 3632 ,
567 3562 629 3622 et
656 3558 760 3620 vix
787 3564 993 3639 potest
1024 3558 1353 3622 commode
1383 3559 1713 3622 declarari.

140 3652 345 3729 Nam,
374 3652 479 3713 vel
518 3652 623 3713 illa
658 3652 989 3733 applicatio
1026 3652 1387 3715 adhibenda
1419 3659 1553 3716 erat
1580 3672 1717 3715 sen-

144 3746 325 3806 sibus
349 3746 653 3820 externis,
680 3751 743 3807 et
762 3746 850 3809 sic
869 3747 1200 3826 oportebat
1226 3746 1476 3825 objecta
1504 3746 1716 3809 omnia

142 3839 439 3901 localiter
456 3838 757 3919 applicari
780 3838 1000 3901 Christi
1030 3839 1339 3914 sensibus,
1370 3846 1431 3902 et
1454 3839 1519 3901 in
1547 3839 1712 3914 illos,

140 3934 245 3995 vel
278 3951 502 3995 coram
519 3932 661 4007 inis,
676 3952 899 3996 omnes
920 3933 1199 3996 actiones
1222 3952 1369 3995 suas
1395 3951 1713 4013 exercere,

136 4046 293 4107 quae
326 4026 414 4089 ad
441 4044 573 4089 suae
602 4028 843 4090 virtutis
869 4028 1441 4090 manifestationem
1470 4028 1718 4089 suffice-

138 4126 313 4189 rent,
343 4119 519 4198 quod
537 4120 791 4201 quidem
816 4120 999 4183 simul
1027 4120 1160 4182 fieri
1191 4138 1318 4183 non
1345 4125 1554 4201 posset
1582 4120 1717 4181 sine

138 4212 407 4293 magnis
428 4213 773 4289 miraculis,
800 4214 1151 4275 successive
1171 4220 1381 4275 autem
1404 4214 1505 4274 vix
1524 4213 1715 4292 longo

140 4314 443 4386 tempore
470 4306 799 4384 finiretur,
831 4313 895 4369 et
920 4307 1248 4389 indignum
1284 4313 1381 4371 est
1405 4308 1717 4369 Christum

142 4400 423 4461 multum
462 4404 761 4480 temporis
798 4400 943 4463 huic
980 4401 1186 4463 studio
1224 4408 1287 4462 et
1322 4399 1716 4480 occupationi

144 4492 428 4555 dedisse.
458 4492 539 4556 Ut
574 4493 859 4557 omittam
878 4538 894 4569 ,
926 4494 1213 4557 fictitium
1248 4512 1384 4557 esse
1413 4493 1711 4574 cogitare,

146 4586 513 4648 reconditas
544 4586 683 4650 coeli
710 4588 954 4663 stellaS,
998 4606 1144 4649 aves
1185 4588 1466 4649 omnium
1512 4587 1715 4667 regio-

144 4700 330 4758 num,
372 4681 577 4760 pisces
607 4682 829 4755 maris,
865 4686 929 4743 et
958 4680 1241 4742 omnium
1265 4680 1624 4756 fluminum,
1654 4684 1715 4741 et

147 4774 404 4847 similia,
432 4773 625 4835 fuisse
652 4772 1031 4836 sensibiliter
1054 4773 1135 4835 ad
1149 4774 1459 4836 Christum
1482 4772 1715 4835 adduc-

149 4874 236 4944 ta,
270 4874 347 4930 ut
376 4866 458 4929 ab
493 4866 585 4929 eis
610 4868 933 4930 scientiam
963 4868 1294 4947 acciperet.
1324 4868 1435 4929 Vel
1469 4867 1575 4928 illa
1608 4886 1715 4949 ap-

148 4960 403 5041 plicatio
470 4959 761 5022 facienda
821 4968 956 5023 erat
1022 4961 1223 5022 solum
1280 4960 1540 5022 interius
1602 4978 1717 5041 per

148 5056 593 5135 phantasmata
618 5052 837 5116 talium
866 5072 1079 5115 rerum
1094 5099 1115 5129 ,
1152 5058 1213 5115 et
1241 5052 1378 5116 haec
1407 5072 1536 5115 non
1564 5071 1716 5133 pos·

152 5154 294 5210 sunt
320 5147 688 5210 immediate
723 5146 969 5209 infundi
1011 5147 1092 5208 ab
1131 5146 1423 5227 Angelis,
1464 5144 1577 5209 sed
1604 5164 1718 5227 per

157 5242 641 5323 applicationem
674 5241 1063 5320 obJectorum
1112 5258 1409 5301 verorum
1455 5244 1565 5301 aut
1612 5257 1717 5319 ap-

166 5336 551 5415 parentium;
577 5334 905 5417 oportebat
934 5350 1083 5414 ergo
1114 5332 1321 5412 aliqua
1348 5338 1717 5413 supernatu-

169 5430 267 5491 rali
296 5430 531 5492 virtute
560 5418 733 5501 fieri;
764 5426 1007 5489 facilius
1050 5445 1199 5508 ergo
1243 5424 1472 5488 dicitur
1510 5426 1718 5487 infusa

165 5520 339 5589 fuisse
365 5544 407 5585 a
432 5524 599 5598 Deo,
628 5520 951 5602 multoque
980 5520 1222 5583 facilius
1252 5525 1315 5582 et
1340 5518 1719 5602 probabilius

488 5644 669 5691 xvut.

1790 469 1959 531 idem
1979 468 2221 533 dicetur
2249 466 2330 531 de
2359 467 2687 549 speciebus
2709 466 3234 551 intelligibilibus,
3259 482 3355 538 at·

1790 580 1913 643 que
1932 562 2092 624 adeo
2107 562 2186 623 de
2203 560 2521 623 habitibus
2546 561 2716 643 ipsis.
2731 562 3038 643 Denique,
3055 585 3256 645 quacu
3267 587 3357 631 m-

1790 674 1914 735 que
1953 656 2195 717 ratione
2226 654 2502 735 fingatur
2552 656 2685 717 haec.
2739 654 3078 719 abstractio
3119 662 3356 741 specie-

1789 767 1931 812 rum
1953 748 2118 811 facta
2138 748 2220 811 ab
2240 749 2520 829 objectiS‚
2547 748 2770 812 mediis
2785 750 3350 832 phantasmatibus,

1790 860 1921 903 non
1944 847 2236 923 poterant
2264 842 2384 905 illae
2406 842 2650 924 species
2674 842 2959 907 sufficere
2979 845 3059 908 ad
3081 846 3355 911 forman-

1790 934 1906 997 dos
1936 936 2220 1015 proprios
2245 941 2308 998 et
2332 934 2653 997 absolutos
2692 942 3030 1017 conceptus
3065 939 3357 1001 substan-

1790 1027 2043 1105 tiarum,
2069 1035 2254 1109 prout
2281 1029 2346 1090 in
2377 1048 2444 1091 se
2467 1035 2636 1104 sunt,
2661 1036 2722 1092 et
2750 1038 3208 1111 consequenter
3238 1054 3356 1097 nec

1790 1122 1871 1183 ad
1922 1128 2206 1184 exactam
2250 1141 2470 1185 eorum
2511 1124 2834 1186 scientiam
2880 1126 3348 1205 acquirendam.

1868 1217 1929 1279 8.
1977 1216 2086 1277 His
2133 1234 2286 1297 ergo
2310 1217 2663 1279 rationibus
2713 1218 2904 1299 aliqui
2949 1220 3239 1295 convicti,
3267 1220 3354 1283 fa-

1788 1314 2000 1371 tentur
2038 1309 2198 1371 hanc
2225 1308 2548 1371 scientiam
2573 1308 2764 1371 fuisse
2797 1329 2912 1391 per
2942 1311 3231 1374 accidens
3259 1314 3352 1374 in-

1788 1402 2018 1479 fusam,
2049 1402 2261 1481 quoad
2288 1420 2362 1464 ea
2398 1402 2642 1482 objecta
2669 1420 2808 1483 quoe
2835 1405 3110 1467 Christus
3143 1406 3356 1467 Domi-

1790 1515 1909 1559 nus
1925 1496 2056 1559 suis
2080 1494 2362 1559 sensibus
2387 1503 2679 1576 expertus
2709 1515 2836 1558 non
2857 1504 2974 1573 est,
2998 1506 3107 1562 aut
3127 1517 3204 1561 ex
3228 1501 3351 1575 his,

1790 1607 1931 1671 quae
1959 1594 2246 1670 expertus
2275 1596 2391 1663 est,
2425 1588 2774 1668 dijudicare
2799 1609 2930 1652 non
2955 1597 3201 1672 poterat
3232 1592 3355 1655 vir-

1790 1688 1925 1745 tute
1955 1682 2264 1757 naturali;
2296 1682 2705 1744 nibilominus
2730 1688 2962 1759 tamen,
3002 1684 3210 1763 quoad
3229 1684 3356 1747 alia

1794 1775 2036 1857 objecta
2065 1794 2206 1854 quae
2233 1792 2345 1857 per
2371 1774 2820 1856 experientiam
2850 1777 3212 1857 cogniturus
3223 1784 3359 1841 erat

1797 1876 1861 1931 et
1884 1869 1967 1930 ab
1992 1870 2082 1931 eis
2104 1874 2354 1950 poterat
2403 1869 2584 1930 facile
2627 1868 2952 1933 scientiam
3003 1873 3352 1951 acquirere,

1795 1980 1927 2025 non
1955 1963 2239 2025 babuisse
2264 1962 2438 2025 illam
2478 1962 2776 2038 infusam,
2809 1964 2922 2025 sed
2977 1966 3230 2046 propria
3259 1966 3358 2026 in-

1799 2058 2092 2120 ventione
2113 2056 2285 2119 illam
2314 2057 2740 2137 acquisivisse.
2778 2057 2896 2129 Qui
2921 2064 3204 2121 auctores
3230 2078 3359 2121 non
3431 2088 3440 2099 ·

1798 2150 2238 2231 loquunturde
2285 2150 2418 2212 sola
2444 2150 2698 2212 scientia
2729 2151 3224 2230 experimentali,
3278 2151 3358 2215 de

1799 2261 1925 2324 qua
1965 2244 2174 2306 statim
2203 2244 2509 2321 dicemus,
2537 2244 2651 2306 sed
2669 2244 2749 2306 de
2791 2245 3045 2324 propria
3099 2246 3364 2307 scientia

1797 2356 2012 2399 rerum
2041 2338 2445 2411 naturalium,
2479 2337 2690 2417 quoad
2721 2339 3010 2418 proprias
3059 2340 3364 2401 essentias

1798 2430 2145 2511 specificas,
2177 2435 2239 2493 et
2283 2431 2698 2511 proprietates
2747 2448 2985 2503 earum,
3046 2439 3108 2494 et
3153 2433 3366 2511 quoad

1798 2524 2085 2605 proprios
2106 2524 2356 2585 habitus
2391 2523 2862 2599 intellectuales,
2895 2525 3124 2603 quibus
3153 2526 3232 2587 de
3271 2528 3363 2587 eis

1793 2619 2115 2699 judicatur
2143 2636 2220 2680 ex
2246 2618 2515 2699 propriis
2542 2617 2888 2699 principiis.
2909 2620 2981 2681 In
3010 2619 3129 2681 hoc
3148 2626 3362 2683 autem

1800 2731 1990 2774 sensu
2014 2731 2142 2774 non
2171 2712 2474 2793 probatur
2495 2712 2648 2773 mihi
2673 2712 2778 2773 illa
2797 2712 3193 2774 scientiarum
3221 2732 3364 2793 par-

1800 2806 1960 2881 titio,
1989 2813 2050 2868 et
2087 2802 2176 2887 (ut
2221 2806 2310 2867 sic
2359 2804 2590 2885 dicam)
2637 2804 2962 2866 dimidiata
3009 2805 3237 2869 infusio
3289 2826 3364 2869 ac

1799 2900 2084 2981 partialis
2112 2898 2464 2978 acquisitio.
2509 2899 2716 2959 Primo
2759 2898 3040 2979 quidem,
3083 2899 3228 2978 quia
3259 2900 3366 2962 illa

1798 2993 2117 3073 generalis
2141 2992 2304 3054 ratio
2333 3009 2585 3072 semper
2621 2998 2827 3071 urget,
2896 2992 3068 3070 quod
3119 2994 3201 3057 ad
3240 2994 3366 3055 for-

1799 3087 2066 3149 mandos
2120 3084 2406 3166 proprios
2465 3092 2803 3165 conceptus
2868 3086 3366 3149 substantiarum

1801 3179 2082 3243 omnium
2104 3179 2382 3261 oportuit
2411 3180 2694 3241 omnium
2731 3197 2949 3241 earum
3001 3180 3239 3260 species
3269 3181 3364 3242 in-

1798 3274 2000 3349 fundi,
2037 3274 2184 3353 quia
2212 3274 2474 3353 species,
2517 3291 2658 3353 quae
2687 3272 2973 3335 sensibus
3025 3274 3362 3354 acquirun-

1798 3371 1923 3443 tur,
1955 3367 2037 3429 ad
2063 3366 2184 3429 hoc
2211 3384 2342 3428 non
2365 3366 2716 3436 sufficiunt:
2747 3385 2865 3428 nec
2892 3385 3160 3429 acumen
3187 3367 3366 3447 inge-

1798 3460 1882 3522 nii
1914 3467 2126 3541 potest
2171 3459 2480 3524 defectum
2536 3460 2770 3541 speciei
2827 3461 3118 3541 supplere
3141 3484 3160 3537 ;
3216 3480 3364 3523 nam

1800 3559 1947 3615 sunt
1967 3553 2274 3634 principia
2292 3553 2682 3615 diversarum
2713 3554 3116 3630 rationum,et
3136 3574 3366 3617 unum-

1800 3647 2093 3728 quodque
2120 3654 2216 3709 est
2249 3665 2364 3727 per
2391 3666 2460 3709 se
2491 3666 2566 3709 ac
2606 3647 2966 3727 simpliciter
2993 3650 3058 3709 in
3115 3669 3227 3711 suo
3257 3668 3364 3729 ge·

1798 3759 1950 3803 nere
1979 3742 2426 3803 necessarium.
2465 3740 2644 3815 Quod
2696 3742 2745 3802 si
2778 3740 3058 3803 omniurn
3102 3750 3362 3804 natura-

1795 3852 1938 3896 rum
1991 3833 2499 3895 substantialium
2559 3833 2779 3895 habuit
2829 3832 3101 3894 infusam
3159 3837 3361 3915 sciens-

1796 3927 1975 4004 tiam,
2008 3946 2159 4008 ergo
2188 3933 2250 3989 et
2281 3926 2738 4007 proprietatum
2782 3942 3023 4003 earum,
3090 3934 3152 3989 et
3203 3928 3361 3989 acci·

1798 4022 2106 4095 dentium,
2137 4039 2280 4102 quoe
2305 4038 2436 4082 non
2460 4024 2606 4081 sunt
2629 4018 2745 4080 nisi
2775 4023 3033 4099 propter
3071 4020 3354 4083 substan-

1797 4116 1938 4179 tias.
1968 4115 2283 4189 Secundo,
2309 4114 2457 4196 quia
2497 4131 2690 4194 opera
2717 4112 2831 4174 Dei
2861 4118 3008 4173 sunt
3033 4113 3306 4193 perfecta
3337 4132 3354 4185 ;

1799 4229 1976 4291 erg0‚
2003 4209 2054 4271 si
2077 4207 2308 4271 infudit
2347 4208 2572 4269 animae
2611 4204 2836 4268 Christi
2885 4204 3001 4267 has
3041 4206 3354 4281 scientiae,

1798 4303 2108 4385 perfectas
2137 4302 2271 4364 illas
2297 4302 2538 4373 tribuit,
2559 4310 2695 4361 tum
2719 4298 2787 4361 in
2818 4298 3194 4376 intensione,
3221 4306 3358 4363 tum

1799 4400 1859 4459 in
1894 4396 2280 4459 extensione.
2331 4392 2680 4457 Praesertim
2740 4392 2888 4472 quia
2943 4390 3042 4454 hae
3086 4395 3360 4457 scientiae

1798 4492 2140 4571 qnamdam
2166 4486 2625 4552 connexionem
2676 4487 2837 4549 inter
2875 4506 2942 4548 se
2981 4487 3244 4560 habent,
3301 4495 3365 4551 et

1796 4586 1896 4647 vix
1932 4584 2210 4667 separari
2233 4588 2498 4664 possunt
2515 4581 2861 4643 secundum
2889 4584 3121 4661 parteS.
3173 4582 3356 4659 Nam,

1796 4681 1845 4741 si
1878 4680 1958 4741 sit
1984 4696 2190 4741 sermo
2211 4676 2288 4739 de
2305 4674 2620 4737 habitibus
2644 4674 2911 4756 propriis
2929 4674 3352 4750 scientiarum,

1798 4774 1911 4849 illi,
1943 4778 2014 4835 ut
2037 4789 2152 4853 ego
2176 4770 2488 4846 existim0,
2517 4773 2665 4829 sunt
2704 4766 3110 4830 indivisibiles
3142 4774 3359 4831 exten-

1798 4868 1925 4929 sive
1959 4866 2020 4927 in
2053 4866 2311 4926 entitate
2344 4881 2499 4936 sua3
2547 4860 2719 4922 unde
2753 4876 2883 4922 non
2928 4867 3192 4943 possunt
3247 4880 3361 4941 per

1796 4964 2006 5039 partes
2034 4955 2274 5017 infundi
2297 4960 2405 5015 aut
2434 4949 2676 5031 acquiri
2706 4970 2722 5026 ;
2757 4952 2810 5012 si
2857 4970 3005 5013 vero
3049 4952 3126 5013 sit
3151 4971 3356 5016 sermo

1796 5052 1877 5113 de
1902 5048 2260 5131 speciebuS,
2297 5044 2591 5109 credibile
2625 5048 2720 5106 est
2747 5045 3090 5125 unicuique
3118 5046 3363 5109 habitui

1797 5145 1978 5207 datas
2015 5160 2151 5205 esse
2182 5156 2401 5202 omnes
2449 5136 2693 5218 species
2743 5139 3248 5218 proportionatas
3279 5140 3361 5201 ad

1796 5238 2144 5321 perfectum
2168 5250 2354 5295 usum
2380 5248 2638 5294 suorum
2663 5235 2942 5307 actuum,
2975 5232 3124 5311 quia
3153 5237 3247 5293 est
3275 5230 3366 5292 fe-

1796 5350 1865 5393 re
1901 5329 2124 5392 eadem
2155 5326 2335 5389 ratio,
2397 5326 2633 5386 Rursus
2679 5324 2846 5385 inter
2894 5324 3058 5403 ipsos
3109 5324 3366 5385 habitus

1798 5424 1990 5503 aliqui
2022 5430 2167 5485 sunt
2201 5418 2591 5483 subordinati
2629 5437 2707 5480 ex
2737 5424 2916 5500 parte
2949 5417 3361 5497 objectorum,

1798 5526 1867 5583 ut
1894 5514 2294 5601 philosophia
2320 5512 2644 5588 naturaliS,
2670 5512 3120 5593 metaphysicae
3147 5528 3163 5584 ;
3193 5510 3360 5573 unde
