3892 6167
1318 409 1637 464 msi‘tmtr.
1670 409 1866 462 xxvu.
1901 409 2071 462 SECT.
2105 409 2165 462 n.

3264 405 3339 468 43

149 505 456 570 difficultas
475 509 546 569 in
575 508 886 588 principio
909 513 1076 570 tacta
1099 509 1310 586 quoad
1343 511 1466 572 hoc
1491 509 1698 572 soluta
1779 509 1923 570 vina
1947 509 2249 590 potentia.
2268 505 2680 586 intelligenda
2702 513 2911 568 tamen
2934 514 3029 568 est
3042 509 3175 572 hoec
3196 527 3344 572 sen-

146 607 223 662 est
241 645 258 671 ,
287 601 438 680 quia
473 620 658 682 aeque
683 601 980 682 procedit
1024 601 1087 664 in
1120 603 1390 682 ipsamet
1437 603 1702 665 scientia
1779 603 2001 676 tentia,
2022 611 2084 666 et
2100 602 2424 665 limitanda
2454 599 2536 662 ad
2561 619 2637 662 ea
2649 599 2859 662 futura
2882 603 3339 684 contingentia,

145 695 264 764 Dei;
285 689 615 766 id'autem,
643 695 820 774 quod
844 713 920 756 se
940 701 1116 757 tenet
1137 713 1213 756 ex
1235 702 1410 774 parte
1433 715 1700 775 cognos-
1781 714 1920 776 quae
1966 713 2081 776 per
2112 715 2180 758 se
2230 697 2431 776 primo
2472 692 2747 774 pendent
2791 711 2827 754 a
2862 700 3072 755 creata
3122 697 3345 758 volun·

145 789 358 860 centis,
411 788 667 850 videtur
695 807 888 868 posse
935 788 1294 868 participari
1339 809 1380 850 a
1411 792 1542 851 Deo
1585 807 1700 868 per
1781 795 1944 862 tate;
1988 807 2135 852 nam
2185 793 2331 850 sunt
2362 789 2572 867 aliqua
2618 805 2757 868 quae
2798 787 3153 865 specialiter
3189 807 3344 870 pen·

145 881 370 958 species
407 880 860 962 intelligibiles,
897 888 964 944 et
1003 881 1218 944 lumen
1261 889 1702 963 supernatura·

149 974 268 1036 liter
281 973 602 1047 infusum;
624 993 774 1038 nam
793 994 910 1056 per
929 976 1170 1056 species
1183 976 1362 1038 datas
1379 977 1463 1038 ad
1481 995 1706 1056 quam-

153 1067 277 1130 dam
319 1067 750 1130 imitationem
795 1068 1024 1131 divinae
1053 1070 1338 1132 essentias
1377 1076 1581 1151 potest
1607 1089 1706 1132 re·

151 1161 502 1240 praesentari
517 1179 624 1224 res
635 1161 846 1224 futura
861 1161 1074 1240 quoad
1085 1179 1304 1224 omnes
1315 1163 1706 1226 conditiones

147 1273 316 1326 saas;
367 1272 488 1333 per
515 1253 734 1314 lumen
759 1273 916 1318 vero
949 1255 1508 1334 supernaturaliter
1541 1256 1708 1317 infu-

141 1364 268 1407 sam
295 1353 515 1426 potest
543 1347 904 1427 participari
945 1347 1051 1408 illa
1085 1347 1174 1410 vis
1213 1347 1408 1409 divini
1452 1347 1706 1409 luminis

139 1440 214 1501 ad
227 1439 724 1520 penetrandum,
743 1449 808 1502 et
820 1441 1231 1520 judicandum
1251 1439 1332 1502 de
1347 1458 1416 1502 re
1431 1441 1704 1520 cognita,

141 1552 260 1596 non
303 1533 522 1596 solum
551 1534 706 1612 quid
733 1536 969 1614 possit,
1002 1534 1116 1596 sed
1159 1533 1349 1596 etiam
1379 1533 1534 1614 quid
1579 1535 1710 1596 fac-

139 1637 272 1688 tura
301 1627 418 1698 sit,
453 1645 572 1707 per
605 1627 868 1690 modum
910 1627 1238 1707 cuiusdam
1269 1627 1574 1708 simplicis
1613 1629 1706 1688 in·

135 1721 422 1783 tuitionis
447 1721 754 1795 veritatis,
789 1739 932 1801 quae
955 1739 1106 1784 vere
1142 1721 1374 1783 habeat
1393 1721 1706 1784 rationem

135 1815 524 1894 cognitionis
549 1815 881 1888 intuitivas,
907 1815 1056 1896 quia
1069 1815 1320 1896 attingit
1341 1833 1478 1876 rem
1503 1817 1707 1894 ipsam

131 1911 418 1972 futuram
445 1909 804 1970 secundum
847 1926 1068 1971 omnes
1117 1909 1506 1971 conditiones
1553 1908 1708 1970 exis-

131 2003 374 2076 tentiae,
405 2008 542 2064 tam
571 2003 868 2064 distincte
897 2021 973 2063 ac
993 2001 1341 2081 perspicue,
1361 2021 1434 2064 ac
1459 2002 1510 2063 si
1541 2007 1710 2063 esset

125 2097 392 2158 realiter
431 2096 756 2170 existens,
799 2096 972 2176 quod
1005 2101 1096 2158 est
1135 2095 1372 2158 habere
1399 2095 1571 2156 illam
1601 2095 1710 2156 ob-

119 2191 360 2269 jective
387 2196 800 2270 praesentem.

207 2287 309 2346 10.
363 2283 438 2346 E't
463 2283 570 2346 hic
605 2283 838 2344 modus
873 2283 1119 2346 dicendi
1151 2292 1246 2347 est
1273 2285 1456 2347 valde
1480 2283 1706 2363 proba·

123 2378 290 2451 hilis,
335 2379 534 2458 quia,
589 2377 740 2440 licet
784 2377 1018 2440 directe
1059 2379 1312 2458 probari
1339 2397 1467 2440 non
1509 2379 1708 2457 possit
1761 2446 1776 2462 ³

129 2492 270 2534 esse
297 2471 680 2552 possibilem
709 2479 1050 2546 creaturae,
1081 2492 1211 2534 non
1240 2479 1450 2534 tamen
1500 2477 1708 2552 potest

139 2567 289 2628 satis
304 2565 559 2628 ostendi
579 2583 718 2628 esse
735 2565 1208 2644 impossibilem.
1225 2565 1600 2644 Quanquam
1618 2565 1708 2643 (ut

137 2679 358 2722 verum
385 2659 620 2738 fatear)
650 2657 920 2720 difficilis
967 2659 1065 2722 sit.
1099 2659 1331 2735 Primo,
1373 2659 1520 2738 quia
1564 2659 1712 2720 licet

132 2755 302 2816 Deus
327 2753 442 2814 illo
488 2753 684 2814 modo
709 2753 1029 2814 intueatur
1059 2753 1194 2814 haec
1222 2753 1454 2826 futura,
1493 2759 1710 2814 tamen

131 2850 257 2910 hoc
283 2849 499 2927 ipsum
522 2863 656 2906 non
679 2845 850 2924 capit
875 2846 1150 2906 humana
1168 2863 1348 2908 mens
1369 2863 1493 2926 quo
1520 2845 1710 2907 modo

139 2939 280 3013 fiat3
328 2939 449 3002 sed
499 2939 706 3000 solum
759 2938 825 3000 id
861 2939 1062 3001 credit
1107 2946 1362 3020 propter
1403 2937 1710 3000 infinitam

139 3036 268 3094 vim
297 3034 502 3096 divini
529 3033 910 3107 intellectuS,
943 3039 1006 3095 et
1031 3040 1289 3113 propter
1323 3033 1712 3114 singularem

139 3127 404 3188 modum
433 3143 566 3206 quo
613 3143 683 3186 se
717 3131 782 3186 et
809 3127 874 3186 in
916 3143 985 3188 se
1031 3130 1260 3188 caetera
1306 3126 1520 3186 omnia
1545 3143 1716 3186 com-

143 3221 478 3299 prehendit
489 3237 513 3298 3
565 3237 718 3300 ergo
752 3221 906 3282 satis
949 3227 1042 3282 est
1069 3221 1120 3280 si
1163 3220 1495 3282 credamus
1530 3237 1716 3298 posse

143 3314 312 3375 hunc
363 3314 632 3376 modum
687 3312 946 3376 videndi
995 3313 1204 3376 futura
1264 3313 1717 3376 communicari

149 3415 456 3470 creaturae
487 3425 604 3487 per
631 3424 994 3486 supremam
1042 3408 1368 3469 scientiam
1407 3414 1714 3483 creatam,

155 3505 216 3564 et
233 3503 547 3564 visronem
574 3501 768 3580 ipsius
798 3501 932 3577 Dei,
963 3509 1026 3565 et
1043 3519 1172 3564 non
1193 3520 1304 3582 per
1329 3503 1604 3582 aliquam
1627 3501 1722 3564 in·

155 3596 474 3658 letiorem.
526 3595 861 3670 Secundo,
915 3595 1062 3674 quia
1113 3596 1271 3658 alias
1309 3597 1432 3658 dici
1467 3601 1720 3676 posset,

162 3689 347 3750 etiam
382 3688 695 3768 Angelum
722 3705 837 3768 per
863 3689 1098 3766 species
1123 3688 1372 3762 inditas,
1405 3694 1468 3750 et
1507 3689 1724 3750 lumen

171 3801 375 3855 suum,
401 3799 598 3861 posse
626 3781 792 3842 dicto
836 3779 1022 3843 modo
1051 3781 1286 3843 intueri
1321 3781 1455 3842 haec
1489 3781 1724 3858 futura,

167 3878 310 3954 quia
333 3877 482 3957 ipsa
512 3881 660 3937 sunt
699 3874 912 3952 aliquo
949 3875 1138 3936 modo
1165 3877 1634 3957 cognoscibilia,
1665 3885 1729 3940 et

167 3970 294 4048 ipse
315 3988 438 4050 per
477 3969 727 4048 species
763 3969 1070 4030 etlumen
1099 3987 1284 4030 suum
1331 3971 1662 4050 participat
1689 3989 1730 4032 a

165 4063 287 4124 Deo
336 4064 508 4124 hanc
549 4062 698 4124 vim.
733 4062 911 4134 Quod
943 4063 998 4123 si
1021 4062 1448 4142 respondeaS,
1481 4064 1604 4126 tale
1631 4063 1730 4125 lu·-

167 4173 342 4230 men,
373 4155 482 4217 rel
529 4156 776 4236 species
825 4155 1132 4217 habentes
1183 4155 1346 4217 hane
1395 4157 1546 4229 vim,
1599 4175 1730 4218 non

167 4266 346 4327 posse
373 4267 516 4312 esse
545 4249 989 4312 connaturales
1013 4248 1281 4330 Angelo,
1299 4249 1487 4329 hujus
1513 4251 1608 4311 rei
1629 4269 1732 4311 ra-

169 4343 248 4404 tio
279 4337 608 4424 q'uoeritur.
639 4345 798 4405 Nam
839 4343 892 4406 si
923 4343 1066 4405 talis
1089 4343 1563 4422 repraesentatio
1601 4362 1730 4406 non

169 4446 480 4518 repugnat
505 4438 756 4513 lumini,
794 4443 859 4498 et
886 4438 1118 4518 speciei
1155 4445 1402 4514 creatae,
1433 4442 1606 4500 extra
1635 4439 1732 4498 vi·

175 4531 408 4594 sionem
431 4532 580 4606 Dei,
620 4531 790 4592 unde
833 4531 1080 4592 ostendi
1127 4535 1332 4609 potest
1368 4549 1498 4592 non
1542 4551 1730 4610 posse

175 4641 300 4686 esse
325 4624 810 4688 connaturalem
828 4625 1352 4704 AngelotTertiO,
1373 4627 1518 4704 quia
1539 4624 1622 4685 ad
1644 4626 1732 4688 vi-

175 4716 448 4780 dendum
470 4717 641 4780 dicto
677 4717 868 4779 modo
909 4718 1150 4780 futuras
1179 4717 1734 4781 determinationes

178 4829 502 4874 causarum
529 4811 899 4886 liberarum,
927 4817 1172 4890 oportet
1199 4810 1475 4890 perfecte
1504 4811 1734 4873 intueri

178 4906 375 4965 omnia
405 4923 553 4984 quae
581 4911 711 4966 tam
741 4923 818 4965 ex
848 4911 1024 4982 parte
1054 4905 1186 4978 Dei,
1213 4923 1405 4984 quam
1447 4924 1526 4968 ex
1552 4911 1732 4984 parte

177 5017 368 5060 causae
421 4998 732 5079 proximae
753 5045 772 5076 ,
831 5004 1094 5077 possunt
1144 4999 1244 5060 vel
1298 4999 1381 5060 ad
1439 4999 1733 5060 effectum

183 5113 546 5158 concurrere
567 5135 585 5168 ‚
645 5092 749 5153 vel
805 5092 978 5152 illum
1028 5091 1368 5170 impedire;
1435 5091 1546 5152 sed
1595 5091 1734 5150 haec

185 5191 373 5250 omnia
419 5207 557 5250 non
609 5191 1081 5264 cognoscuntur
1128 5184 1402 5263 perfecte
1448 5189 1620 5245 extra
1650 5183 1734 5245 vi·

187 5285 402 5346 sionem
445 5283 604 5355 Dei;
655 5297 834 5360 ergo.
872 5279 1286 5342 Nihilominus
1309 5285 1524 5340 tamen
1567 5277 1734 5340 affir-

187 5395 334 5441 mare
371 5395 508 5440 non
539 5389 888 5456 possumus
913 5372 1090 5434 illum
1125 5371 1386 5434 modum
1431 5387 1570 5434 esse
1613 5370 1736 5430 im-

191 5472 554 5548 possibilem,
577 5465 738 5549 quia
769 5483 896 5528 uon
919 5465 1272 5528 ostenditur
1293 5463 1733 5546 repugnantia,

189 5574 236 5626 et
253 5567 387 5632 licet
413 5561 746 5630 mirabilis
770 5559 1086 5636 videatur,
1127 5559 1472 5622 mirabilior
1498 5565 1596 5620 est
1640 5555 1735 5619 di-

1784 883 1934 946 dent
1986 901 2063 946 ex
2112 883 2415 963 singulari
2444 887 2507 942 et
2554 879 3050 943 extraordinaria
3104 882 3339 964 gratia,

1784 994 1924 1058 quae
1956 977 2143 1039 (latur
2185 995 2263 1038 ex
2310 975 2443 1037 sola
2472 973 2670 1037 libera
2710 973 2823 1036 Dei
2859 973 3217 1049 voluntate,
3262 976 3341 1040 de

1786 1069 2013 1149 quibus
2049 1076 2144 1131 est
2170 1069 2459 1149 specialis
2489 1069 2669 1130 ratic.
2688 1067 2870 1142 Nam,
2902 1085 3045 1130 cum
3076 1069 3230 1130 tales
3260 1070 3345 1130 ef·

1787 1163 1987 1224 fectus
2031 1163 2153 1222 sint
2190 1162 2619 1223 indifferentes
2660 1177 2735 1222 ex
2772 1179 2875 1236 se,
2922 1181 3049 1222 non
3100 1168 3344 1226 tantum

1787 1260 2075 1337 respectu
2104 1255 2443 1318 voluntatis
2467 1261 2691 1316 creatae
2723 1253 2963 1330 liberae,
3004 1254 3115 1317 sed
3157 1257 3343 1319 etiam

1788 1353 2082 1431 respectu
2127 1349 2465 1412 voluntatis
2510 1348 2780 1425 divinae,
2824 1365 2963 1428 quae
3019 1367 3133 1430 per
3182 1351 3347 1412 lianc

1790 1444 2113 1506 scientiam
2140 1442 2437 1516 infusam,
2462 1449 2532 1503 ut
2564 1443 2627 1502 in
2666 1459 2735 1504 se
2766 1447 2882 1515 est,
2913 1459 3043 1502 non
3076 1459 3347 1524 cognos-

1789 1535 1971 1608 citur,
2018 1551 2225 1614 neque
2264 1535 2380 1614 ipsi
2422 1533 2682 1596 effectus
2724 1541 2988 1614 possunt
3030 1553 3143 1614 per
3170 1555 3347 1599 eam-

1790 1629 1933 1692 dem
1959 1629 2276 1708 cognosci.
2308 1629 2524 1708 Neque
2554 1629 2722 1689 enim
2744 1627 2877 1690 fleri
2907 1635 3109 1708 potest
3134 1635 3205 1692 ut
3234 1647 3350 1712 per

1788 1723 2065 1804 aliquam
2090 1723 2418 1784 scientiam
2453 1721 2741 1784 intuitive
2771 1720 3055 1784 videatur
3091 1723 3347 1787 effectus

1791 1819 2161 1895 contingens
2188 1816 2457 1885 futurus,
2488 1833 2600 1896 per
2634 1831 2828 1893 quam
2862 1815 3058 1877 videri
3087 1835 3213 1878 non
3240 1835 3348 1899 po-

1789 1915 1910 1973 test
1937 1927 2127 1972 causa
2164 1909 2397 1980 libera,
2430 1913 2493 1971 et
2522 1911 2766 1970 interna
2804 1909 2942 1988 ejus
2970 1909 3349 1974 determina-

1787 2005 1878 2064 tio
1898 2047 1913 2078 ,
1946 2021 2060 2064 seu
2088 2003 2377 2064 voluntas
2404 2021 2443 2064 a
2478 2021 2602 2082 qua
2636 2020 2749 2082 per
2788 2021 2858 2064 se
2888 2005 3169 2084 proxime
3198 2023 3349 2084 pen-

1789 2098 1918 2174 det,
1966 2097 2136 2176 quod
2176 2097 2317 2158 talis
2364 2095 2627 2158 effectus
2653 2095 2899 2158 futurus
2943 2097 3040 2161 sit.
3072 2097 3249 2170 Quod
3271 2117 3346 2161 ex

1788 2191 1908 2265 his,
1939 2207 2081 2267 quae
2108 2190 2267 2251 infra
2292 2191 2371 2252 de
2400 2190 2755 2270 cognitione
2781 2191 3241 2270 praeteritorum
3261 2193 3349 2254 di-

1787 2291 2031 2360 centur,
2067 2283 2415 2345 evidentius
2442 2283 2769 2345 constabit.

1868 2380 1965 2438 Η.
2016 2375 2297 2441 Secunda
2330 2379 2657 2456 responsio.
2692 2408 2772 2423 —
2811 2375 3103 2451 Quomodo
3128 2381 3353 2457 futura

1789 2469 2197 2552 contingentia
2247 2471 2375 2533 sint
2445 2470 2732 2550 objectum
2796 2473 3064 2534 scientior
3120 2474 3352 2550 infusor

1797 2564 2060 2628 Christi.
2080 2595 2163 2610 -
2190 2561 2519 2625 Secundus
2548 2563 2775 2624 modus
2805 2562 3158 2643 explicandi
3188 2566 3352 2628 hanc

1789 2657 2114 2720 scientiam
2139 2663 2254 2732 est,
2286 2663 2357 2719 ut
2379 2675 2494 2737 per
2535 2675 2676 2718 eam
2727 2657 2929 2718 solum
2978 2657 3351 2721 abstractive

1793 2757 2253 2832 cognoscantur
2295 2752 2428 2812 hoec
2477 2750 2683 2813 futura
2711 2769 2727 2823 ;
2781 2749 2865 2812 ad
2916 2750 3085 2813 hunc
3140 2759 3353 2814 autem

1793 2845 2067 2906 scientiae
2093 2845 2374 2916 modum,
2393 2849 2625 2924 praeter
2652 2845 3355 2925 speciesrepraesentan-

1795 2943 1887 2999 tes
1911 2939 2114 3017 ipsum
2146 2937 2609 3017 effectum,quae
2640 2957 2755 3016 per
2776 2957 2841 2999 se
2862 2938 3011 2998 solae
3040 2941 3250 3020 potius
3273 2940 3357 3002 acl

1794 3031 2360 3112 apprehensionem
2392 3031 2673 3093 serviunt
2701 3049 2891 3112 quam
2920 3034 3000 3094 ad
3020 3033 3351 3112 judicium,

1797 3125 2219 3186 necessarium
2248 3131 2345 3186 est
2388 3123 2643 3203 aliquod
2694 3124 2973 3187 medium
3020 3127 3189 3206 quod
3234 3127 3358 3189 evi-

1797 3219 2021 3280 denter
2044 3217 2373 3279 veritatem
2414 3218 2723 3292 ostendat,
2760 3225 2828 3279 nt
2885 3219 3215 3280 difficultas
3256 3239 3361 3282 su-

1797 3329 1911 3391 pra
1943 3317 2132 3385 tacta,
2181 3311 2248 3372 in
2282 3329 2409 3391 qua
2456 3329 2806 3387 versamur,
2841 3311 2988 3374 satis
3046 3313 3315 3374 ostendit
3336 3326 3358 3390 3

1800 3407 1922 3467 hoc
1976 3411 2190 3466 autem
2244 3403 2548 3481 medium,
2602 3423 2745 3465 eum
2801 3421 2927 3466 non
2987 3407 3185 3488 possit
3226 3423 3363 3468 esse

1803 3517 2017 3574 causa,
2048 3499 2149 3559 vel
2179 3499 2458 3570 effectus,
2494 3498 2594 3560 vel
2622 3498 2877 3577 aliquod
2910 3499 3081 3560 uliud
3112 3500 3362 3579 signum

1806 3611 1882 3654 ex
1909 3611 1981 3654 re
2018 3593 2153 3671 ipsa
2189 3599 2533 3671 sumptum,
2565 3597 2636 3653 ut
2660 3591 2891 3654 ibidem
2936 3593 3123 3655 etiam
3157 3599 3363 3654 osten-

1807 3705 1943 3748 sum
1974 3693 2088 3761 est,
2124 3685 2477 3748 necessario
2508 3703 2645 3747 esse
2668 3685 2856 3747 debet
2882 3687 3150 3767 ipsamet
3186 3705 3365 3749 reve-

1808 3781 1957 3843 latio
1989 3780 2220 3857 divina,
2246 3780 2307 3841 in
2340 3799 2407 3840 se
2438 3780 2764 3841 includens
2794 3780 3068 3842 divinam
3101 3781 3367 3844 auctori-

1809 3882 2000 3938 tatem
2036 3880 2099 3934 et
2128 3873 2651 3944 testificationem,
2680 3873 3003 3935 evidenter
3022 3874 3365 3953 perlumeu

1810 3969 2001 4047 hujus
2044 3967 2317 4028 scientiae
2354 3965 2814 4027 manifestatam
2847 3984 2863 4040 ;
2900 3965 3140 4028 nullum
3196 3967 3365 4030 enim

1812 4061 1981 4122 aliud
2008 4061 2285 4122 medium
2314 4064 2622 4139 superest,
2648 4064 2719 4120 ut
2748 4077 2822 4120 ex
2866 4059 3044 4121 dictis
3083 4067 3365 4140 constat3

1811 4153 1983 4233 quod
2002 4160 2211 4215 autem
2244 4153 2359 4214 boc
2407 4150 2699 4230 possibile
2728 4151 2826 4225 sit,
2882 4149 3064 4213 facile
3110 4172 3369 4234 persua-

1811 4247 1944 4308 deri
1969 4252 2197 4326 potest,
2244 4246 2392 4325 quia
2440 4244 2675 4304 nullam
2727 4242 2983 4307 involvit
3014 4263 3369 4328 repugnan-

1811 4341 1989 4415 tiam,
2024 4346 2086 4400 et
2150 4338 2293 4418 quia
2340 4337 2579 4399 lumine
2611 4337 2974 4418 prophetico
3028 4355 3198 4420 saepe
3249 4342 3369 4404 hoc

1811 4433 2002 4494 modo
2040 4432 2461 4494 ostenduntur
2488 4431 2720 4492 futura.

1897 4529 1995 4588 12.
2031 4527 2251 4589 Prima
2276 4525 3233 4604 objectio.-—-Responsio.—Sed
3268 4530 3372 4590 tri-

1817 4621 1960 4701 plex
1980 4620 2249 4681 occurrit
2267 4619 2329 4678 in
2349 4622 2466 4678 hoc
2497 4616 2844 4678 difficultas.
2864 4619 3067 4680 Prima
3094 4627 3205 4697 est,
3224 4623 3370 4702 quia

1815 4715 1951 4775 haec
1986 4713 2257 4793 cognitio
2277 4712 2523 4773 videtur
2546 4711 2627 4771 ad
2649 4710 2839 4771 fidem
2862 4713 3201 4792 pertinere,
3226 4717 3372 4779 niti-

1817 4814 1918 4871 tur
1964 4807 2132 4868 enim
2193 4804 2551 4867 testimonio
2607 4802 2963 4865 revelantis.
2994 4805 3121 4868 Nec
3182 4809 3373 4875 refert

1815 4902 1989 4982 quod
2016 4899 2170 4961 illud
2200 4897 2522 4960 evidenter
2566 4903 3003 4976 cognoscatur,
3055 4902 3202 4981 quia
3244 4905 3370 4965 evi-

1816 4993 2033 5056 dentia
2052 4995 2115 5054 in
2146 4991 2519 5055 testificante
2540 5007 2669 5050 non
2700 4989 3197 5054 excluditfidem.
3220 4997 3372 5059 Res-

1815 5087 2099 5170 pondent
2128 5085 2345 5164 aliqui,
2372 5101 2697 5144 assensum
2726 5083 3157 5148 evidentemin
3174 5095 3370 5153 attes-

1815 5188 1989 5243 tante
2017 5187 2374 5260 separatum
2403 5195 2438 5237 a
2480 5177 2719 5238 visione
2770 5193 2909 5238 esse
2952 5177 3167 5256 fldem,
3222 5201 3372 5244 con-

1812 5276 2103 5355 junctum
2169 5281 2376 5334 autem
2423 5289 2567 5331 cum
2618 5269 2859 5331 visione
2914 5289 3041 5334 non
3098 5293 3237 5337 esse
3298 5275 3373 5338 fi-

1817 5370 1963 5431 dem
1992 5387 2009 5442 ;
2038 5367 2151 5429 sed
2173 5365 2295 5428 hoc
2328 5371 2423 5427 est
2464 5365 2697 5439 dicere,
2742 5363 2931 5425 fldem
2976 5368 3186 5446 quoad
3231 5369 3376 5432 sub-

1818 5465 2109 5527 stantiam
2140 5467 2203 5523 et
2226 5460 2630 5523 intrinsecum
2663 5457 2919 5520 modum
2952 5461 3142 5540 ipsius
3172 5469 3371 5540 actuS,

1819 5556 2040 5622 cssein
2068 5555 2277 5617 anima
2302 5552 2545 5628 Christi,
2580 5552 2721 5615 licet
2754 5569 2880 5613 non
2930 5555 3138 5632 quoad
3184 5555 3376 5621 deno-
