3892 6167
1354 347 1589 411 QUAEST.
1622 347 1727 402 XV.
1758 349 1964 403 Anne.
2002 348 2104 404 vn.

148 449 303 510 illam
326 445 816 522 beatitudinem3
851 461 1001 525 ergo
1031 445 1203 507 idem
1242 449 1687 528 proportiona-

148 541 273 602 liter
310 539 649 600 dicendum
687 544 787 600 est
833 537 911 600 de
940 538 1165 600 timore
1190 583 1209 614 ,
1236 557 1386 600 nam
1420 541 1577 602 sicut
1616 558 1685 602 se

148 635 319 696 habet
356 652 503 714 spes
534 634 619 694 ad
656 631 941 695 futurum
966 633 1205 696 bonum
1234 635 1507 697 arduum
1534 681 1551 708 ,
1596 635 1684 697 ita

150 727 315 790 timor
334 726 415 788 ad
440 727 707 788 malum.

214 823 270 880 5.
296 817 541 898 Duplam
562 825 735 884 actus
754 822 1115 884 timoris.-
1130 822 1223 884 Ad
1254 822 1684 902 explicandam

148 931 274 976 vero
302 914 679 975 sententiam
702 915 1069 991 AristoteliS,
1100 934 1291 993 quem
1314 917 1385 976 D.
1414 917 1687 978 Thomas

148 1013 229 1070 est
252 1011 501 1068 secutus
518 1051 541 1082 ,
576 1007 964 1088 distinguere
988 1027 1317 1090 possumus
1350 1013 1561 1071 actum
1610 1011 1688 1072 ti-

148 1101 313 1160 moris
332 1145 347 1170 ,
388 1101 561 1160 sicut
584 1101 741 1162 alios
764 1109 945 1164 actus
970 1104 1311 1184 appetitus.
1350 1103 1686 1183 Dupliciter

154 1193 296 1256 enim
322 1192 547 1255 haberi
576 1199 805 1272 potest.
830 1197 1063 1273 Primo,
1084 1215 1199 1277 per
1224 1197 1484 1258 modum
1510 1204 1685 1258 actus

150 1286 388 1348 absoluti
412 1293 479 1348 et
500 1288 799 1350 efficacis.
824 1291 1143 1367 Secunde,
1164 1309 1276 1371 per
1300 1292 1559 1352 modum
1580 1310 1686 1352 cu-

151 1380 365 1460 jusdam
408 1385 595 1442 actus
646 1381 1035 1461 imperfecti,
1070 1402 1184 1446 seu
1220 1384 1517 1464 simplicis
1566 1385 1687 1448 dis·

150 1474 421 1553 plicemiae
438 1519 463 1550 ,
517 1493 663 1554 quae
706 1476 991 1538 nolieitas
1018 1477 1143 1538 dici
1190 1478 1368 1540 solet.
1422 1479 1686 1550 Quando

150 1569 311 1648 priori
336 1567 531 1630 modo
578 1567 677 1642 fit,
706 1569 969 1647 requirit
1014 1577 1087 1631 ut
1134 1571 1373 1632 malum
1406 1571 1685 1632 futurum

150 1661 643 1742 apprehendatur
668 1669 740 1724 ut
784 1664 1099 1740 evitabile,
1131 1671 1193 1726 et
1226 1671 1685 1743 consequenter

152 1765 209 1818 ut
251 1755 513 1832 aliquam
570 1773 753 1834 spem
801 1757 1110 1819 evadendi
1154 1757 1503 1836 relinquat;
1538 1759 1685 1838 quia

154 1851 267 1914 talis
312 1855 483 1912 aetus
514 1849 749 1912 efficax
787 1857 1073 1912 versatur
1122 1851 1285 1914 circa
1341 1853 1681 1932 objectum,

150 1943 311 2022 quod,
332 1943 615 2022 pensatis
636 1943 955 2018 omnihuS,
976 1945 1341 2024 simpliciter
1372 1945 1687 2008 existima-

152 2047 233 2099 tur
256 2037 572 2116 possibile.
597 2037 693 2098 De
714 2037 834 2100 hoc
858 2056 1007 2116 crgo
1031 2039 1273 2100 timoris
1300 2039 1489 2100 modo
1516 2040 1685 2101 locu-

158 2139 233 2194 tus
254 2141 339 2193 est
360 2131 763 2208 Aristoteles,
788 2138 859 2193 ut
882 2133 1087 2213 colligi
1114 2139 1319 2213 potest
1348 2151 1425 2194 ex
1444 2136 1685 2196 ratione

154 2245 309 2306 quam
336 2226 695 2305 subjungit,
726 2225 983 2288 dicens:
1020 2227 1235 2290 ssmor
1260 2229 1417 2290 enim
1446 2229 1531 2292 ad
1552 2246 1689 2291 cone

152 2320 425 2382 rutundum
472 2319 749 2393 inducit,
780 2337 944 2382 nemo
969 2326 1167 2384 autem
1196 2321 1265 2382 de
1304 2338 1372 2383 re
1400 2321 1682 2398 consulit,

152 2415 209 2474 de
229 2429 333 2492 qna
352 2411 527 2474 nulla
568 2417 673 2476 est
698 2427 859 2492 spes.
892 2415 969 2474 Et
1009 2414 1157 2492 quia
1184 2413 1287 2476 hic
1316 2415 1505 2474 timor
1535 2433 1686 2494 sup·-

152 2508 298 2586 ponit
320 2507 757 2588 ignorantiam
778 2507 930 2568 mali
958 2507 1189 2582 futuri,
1220 2509 1363 2570 ideo
1404 2515 1587 2571 vocat
1614 2510 1685 2570 il-

158 2601 259 2660 lum
294 2602 696 2676 Damascen.,
729 2619 768 2664 a
797 2603 1039 2664 ratione
1066 2620 1369 2676 aversum,
1402 2609 1467 2664 et
1495 2610 1685 2684 negat

158 2695 295 2756 illum
336 2696 399 2756 in
434 2695 697 2762 Christo
724 2695 957 2768 fuisse;
990 2700 1053 2757 et
1080 2695 1375 2758 eumdem
1400 2703 1585 2758 vocat
1609 2699 1681 2758 D.

158 2789 385 2850 Thomas
434 2789 741 2852 timorem
782 2789 1133 2852 secundum
1182 2790 1686 2852 incertitudinem

158 2882 312 2942 futuri
342 2889 641 2944 eventus.
694 2883 773 2944 At
809 2899 960 2944 vero
1006 2883 1165 2944 alter
1192 2883 1379 2944 timor
1406 2901 1521 2962 per
1546 2902 1686 2946 mo-

158 2976 277 3036 dum
298 2983 464 3038 actus
488 2975 804 3054 simplicis
832 2982 896 3039 et
930 2974 1273 3055 imperfecti
1302 2981 1509 3055 potest
1546 2994 1681 3040 esse

156 3069 289 3130 circa
309 3068 565 3142 malum,
590 3067 951 3147 judicatum
972 3068 1331 3130 inevitabile
1352 3087 1369 3142 3
1396 3069 1543 3147 quia
1570 3070 1684 3130 hu-

152 3163 387 3240 jusmodi
412 3167 597 3226 actus
630 3161 1029 3242 imperfectus
1050 3162 1289 3224 versari
1316 3168 1527 3240 potest
1566 3162 1684 3224 cir-

156 3275 215 3318 ca
236 3275 353 3320 rem
376 3255 873 3338 impossibiletm
906 3255 1261 3316 sicutenim
1290 3261 1495 3335 potest
1540 3257 1680 3334 quis

162 3349 471 3414 desiderare
518 3351 727 3412 vitam
762 3354 909 3411 actu
958 3349 1353 3427 imperfecto,
1402 3349 1591 3410 etiam
1627 3350 1685 3411 si

160 3443 282 3506 alias
318 3445 545 3524 judicet
586 3462 727 3506 non
764 3459 953 3524 posse
1005 3443 1103 3504 hic
1150 3449 1212 3504 et
1248 3461 1419 3504 nunc
1466 3444 1683 3524 fugere

163 3545 401 3612 mortem,
422 3537 509 3600 ita
539 3542 759 3618 potest
779 3536 1003 3616 fugere
1030 3536 1133 3598 vel
1158 3536 1494 3600 formidare
1520 3555 1683 3598 mor-

166 3639 287 3706 tem,
298 3632 479 3694 etiam
506 3634 561 3694 si
596 3631 777 3694 illam
794 3637 865 3692 ut
886 3631 1309 3694 inevitabilem
1336 3633 1683 3711 apprehen·-

172 3725 269 3786 dat.
304 3728 371 3788 Et
402 3727 503 3788 hic
554 3727 757 3788 timor
796 3726 917 3786 tuit
944 3726 1009 3786 in
1042 3725 1307 3800 Christo,
1338 3745 1528 3806 quem
1554 3728 1682 3788 Da-

174 3835 341 3894 maso„
364 3821 475 3882 lib.
504 3822 569 3896 3,
594 3839 655 3882 c.
681 3823 784 3894 23,
804 3820 953 3881 dicit
972 3838 1109 3882 esse
1138 3821 1509 3894 naturalem,
1534 3819 1683 3899 quia

174 3919 245 3974 est
268 3917 427 3994 quasi
482 3921 821 3981 coarctans
854 3921 919 3975 et
968 3915 1299 3976 retrahens
1338 3915 1615 3975 animam
1644 3932 1683 3974 a

169 4010 385 4072 natm-ali
411 4009 823 4072 incommodo
846 4053 865 4084 ,
919 4013 983 4069 et
1031 4008 1227 4069 oritur
1254 4027 1329 4070 ex
1362 4008 1680 4086 concupis·

168 4102 331 4162 centia
352 4103 673 4166 commodi
700 4101 1045 4175 naturali83
1090 4103 1257 4164 hunc
1287 4103 1471 4162 etiam
1500 4119 1684 4162 voca-

166 4195 235 4254 vit
256 4199 317 4258 D.
354 4200 631 4260 Thmnas
652 4197 991 4279 duplicem
1019 4198 1239 4279 fraqam
1262 4197 1417 4258 mali
1440 4197 1643 4270 futuri
1660 4235 1681 4269 ,

168 4303 327 4366 quam
348 4294 529 4356 sentit
558 4309 705 4354 esse
754 4307 975 4352 verum
1026 4307 1101 4351 ac
1148 4289 1471 4370 proprium
1502 4289 1679 4350 timo·

168 4399 294 4454 rem,
324 4391 379 4446 et
423 4386 827 4448 affectionem
860 4382 943 4444 ab
992 4382 1137 4445 odio
1179 4389 1237 4444 et
1268 4381 1515 4444 tristitia
1556 4381 1683 4442 dis·

170 4475 403 4538 tinctam.

232 4573 286 4632 6.
322 4573 591 4634 Primum
623 4578 1067 4652 argumentum
1094 4571 1165 4632 D.
1198 4570 1451 4632 Thomre
1496 4567 1681 4630 facile

172 4669 263 4722 est.
284 4665 363 4727 De
390 4665 746 4728 testimonio
792 4683 939 4727 vero
986 4663 1355 4744 Hieronymi
1380 4662 1467 4724 ibi
1496 4663 1682 4724 citato

176 4753 411 4819 dicemus
444 4761 679 4822 statim.

236 4851 289 4912 7.
324 4853 672 4918 Secundum
726 4861 1169 4935 argumentum
1214 4859 1535 4932 sumptum
1590 4856 1687 4912 est

180 4959 239 5001 ex
262 4947 592 5010 testimonio
619 4949 859 5022 Hilarii,
910 4951 989 5011 10
1034 4948 1119 5010 de
1164 4947 1413 5020 Trinit.,
1464 4945 1581 5006 col.
1616 4945 1678 5020 6,

182 5036 327 5114 eujus
350 5041 529 5103 verbu
554 5043 625 5104 D.
654 5043 931 5104 Thomas
956 5041 1191 5115 refert3
1226 5043 1289 5102 et
1318 5039 1543 5102 similia
1571 5037 1683 5098 ha·

184 5123 269 5188 bet
291 5147 513 5195 canone
540 5135 605 5196 31
646 5134 715 5194 in
742 5133 991 5208 Matth„
1014 5151 1205 5213 quem
1235 5131 1513 5195 imitatus
1538 5129 1685 5191 Hie·

186 5233 461 5304 mnymus,
486 5229 701 5290 Matth.
718 5231 823 5304 26,
844 5243 1081 5309 negare
1100 5227 1347 5290 videtur
1370 5224 1683 5287 Christum

192 5309 438 5382 habuisse
458 5324 744 5386 timerem
772 5323 1053 5403 patiendi
1086 5339 1103 5381 ε
1137 5321 1241 5384 Aa
1258 5321 1365 5384 Ιιοσ
1386 5319 1569 5394 enim,
1594 5318 1688 5378 in-

192 5409 319 5485 quit,
340 5423 585 5494 amat,
612 5423 673 5482 et
700 5419 955 5483 Petram
991 5415 1348 5480 timiditatis
1374 5415 1685 5497 araim-at.

193 5495 253 5560 Et
278 5504 529 5572 similiter
556 5513 841 5592 August„
870 5515 1147 5572 enarrat.
1172 5511 1213 5570 2
1236 5508 1305 5568 in
1328 5507 1557 5568 Palm.
1582 5507 1689 5582 fil,

3213 345 3327 408 2ss

1766 450 2004 512 indicat
2041 449 2236 512 verba
2273 448 2380 510 illa
2405 493 2422 520 ‚
2457 448 2763 514 Traoereat
2787 465 2826 511 a
2853 465 2948 512 me
2985 449 3152 514 calis
3191 452 3328 528 iste,

1768 561 1897 604 non
1924 545 2124 604 fuisse
2155 543 2456 606 indicium
2484 543 2748 613 timoris,
2779 545 2925 624 quia
2949 561 3070 606 non
3100 550 3212 618 est,
3241 545 3336 608 iu-

1768 637 1924 714 quit,
1977 639 2208 715 fortior
2253 637 2425 700 miles
2467 655 2646 717 qnam
2694 638 2838 698 dux.
2889 638 3166 716 Denique
3189 638 3332 718 Epi-

1766 729 1990 809 pl1au.,
2023 730 2088 790 in
2116 729 2495 802 Auchorato‚
2529 727 3172 808 significatChristum
3201 749 3330 792 non

1766 841 1915 885 vere
1944 823 2250 896 timuisse,
2277 823 2394 884 sed
2421 823 2846 885 dissimulasse
2875 823 3328 894 fortitudinem,

1768 917 1851 978 ad
1888 917 2359 997 provocandum
2413 917 2858 979 adversarium.
2891 917 3332 996 Responde-tur

1770 1012 2069 1090 primum,
2105 1010 2410 1072 Hilarium
2438 1028 2512 1071 eo
2543 1029 2736 1072 sensu
2763 1011 3042 1072 locutum
3077 1029 3218 1074 csse
3249 1011 3330 1072 de

1765 1106 1994 1166 timore
2023 1105 2274 1180 Christi,
2295 1105 2456 1166 sicut
2478 1105 2556 1166 de
2583 1105 2850 1166 tristitia.
2883 1107 2974 1166 lta
2997 1105 3344 1184 respondet

1764 1198 1839 1258 D.
1869 1197 2164 1258 Thomas.
2200 1197 2380 1258 Addo
2399 1204 2614 1258 tamen
2646 1198 3102 1276 Hieronymum
3136 1203 3197 1258 et
3227 1197 3330 1260 Hi-

1764 1289 1996 1350 larium
2047 1296 2262 1368 aperte
2294 1291 2578 1370 posuisse
2617 1292 2910 1352 timorem
2953 1292 3020 1350 in
3063 1289 3330 1365 Christe,

1767 1384 1879 1444 scd
1910 1385 1990 1444 de
2021 1382 2270 1462 objecto
2297 1384 2466 1444 illius
2493 1385 2730 1446 timoris
2767 1385 3058 1446 videntur
3087 1383 3208 1444 illis
3239 1384 3334 1446 lo-

1766 1478 1853 1539 cis
1882 1477 2228 1556 disputare,
2269 1485 2332 1539 et
2377 1477 2679 1556 singulari
2703 1479 2892 1540 modo
2927 1479 3199 1554 sentire3
3232 1479 3328 1538 in·-

1762 1571 1980 1634 dicant
2005 1571 2172 1633 enim
2200 1571 2378 1633 illum
2407 1572 2696 1632 timorem
2723 1590 2852 1634 non
2879 1571 3074 1634 fuisse
3095 1572 3174 1632 de
3199 1585 3331 1632 ma-

1762 1665 1852 1742 lo,
1890 1683 2006 1727 seu
2032 1664 2428 1726 incommodo
2457 1671 2719 1736 naturae,
2747 1665 2920 1741 quod
2948 1664 3132 1752 estin
3160 1683 3327 1728 mor-

1764 1763 1853 1830 te,
1886 1765 2076 1838 atque
2101 1757 2262 1820 adeo
2291 1776 2422 1820 non
2441 1757 2636 1820 fuisse
2659 1758 3012 1820 naturalem
3036 1757 3332 1820 affectum

1766 1852 2034 1926 timoris,
2065 1851 2182 1912 sed
2203 1853 2410 1930 potius
2435 1851 2624 1914 tuisse
2651 1852 3006 1932 profectum
3031 1870 3108 1914 ex
3133 1852 3332 1914 chari-

1768 1949 1893 2006 tate
1926 1945 2004 2006 ad
2035 1945 2334 2026 populum
2359 1944 2711 2022 judaicum,
2735 1950 2796 2006 ct
2823 1946 3140 2024 objectum
3166 1945 3332 2006 illius

1766 2039 1958 2100 fuisse
1992 2038 2242 2099 ruinam
2281 2043 2346 2099 et
2377 2037 2866 2100 destructionem
2893 2038 3058 2100 illius
3087 2037 3328 2118 populi,

1764 2131 2046 2192 futuram
2075 2149 2152 2192 ex
2181 2131 2506 2192 occasione
2561 2133 2780 2192 mortis
2811 2131 3031 2194 Christi
3060 2150 3076 2204 ;
3131 2138 3194 2194 et
3227 2149 3332 2194 eo-

1766 2224 1915 2286 dem
1940 2224 2078 2286 fere
2109 2225 2296 2286 modo
2323 2223 2604 2304 loquitur
2629 2227 3050 2304 Hieronymus
3077 2225 3154 2286 de
3187 2223 3330 2287 tris-

1770 2319 1901 2382 titia
1924 2318 2174 2392 Christi,
2201 2333 2266 2380 et
2295 2318 2605 2396 ponderat
2635 2337 2760 2380 non
2787 2319 3018 2380 dixisse
3047 2320 3328 2397 Evange-

1762 2412 2010 2485 listam,
2043 2410 2354 2474 Christum
2393 2411 2584 2474 fuisse
2613 2413 3046 2474 contristatum
3075 2418 3331 2491 propter

1766 2511 2056 2580 mortem,
2091 2504 2228 2578 sed,
2267 2521 2454 2584 mque
2499 2506 2581 2567 ad
2621 2509 2892 2570 mortem.
2937 2506 3136 2578 Quam
3185 2522 3330 2566 sen-

1764 2599 2030 2660 tentiam
2063 2597 2297 2659 indicat
2341 2598 2530 2660 etiam
2581 2598 2766 2660 Basil.
2795 2643 2810 2670 ‚
2863 2598 2972 2662 lib.
3021 2600 3062 2660 4
3111 2602 3330 2660 contra

1764 2692 2172 2763 Eunomium‚
2206 2690 2324 2752 sub
2347 2691 2561 2754 finem.
2589 2691 2738 2764 Sed,
2767 2697 2839 2752 ut
2863 2709 3084 2753 verum
3113 2692 3194 2754 sit
3217 2709 3330 2770 po-

1766 2786 1960 2848 tuisse
1983 2785 2298 2848 Christum
2329 2784 2524 2846 etiam
2547 2785 2668 2846 hoc
2695 2784 2934 2846 malum
2963 2784 3324 2858 formidare,

1764 2879 2132 2959 negandum
2165 2886 2378 2940 tamen
2405 2897 2538 2940 non
2571 2885 2664 2940 est
2687 2878 2844 2957 quin
2873 2879 3064 2940 etiam
3098 2878 3334 2956 permi-

1766 2975 1919 3034 serit
1946 2980 2188 3038 naturae
2219 2989 2348 3034 suae
2371 3017 2388 3046 ,
2421 2972 2732 3050 explicare
2763 2990 2948 3034 suum
2977 2972 3214 3034 honum
3241 2971 3330 3032 af·-

1760 3067 2022 3142 fectum,
2067 3071 2256 3143 atque
2295 3065 2456 3128 adeo
2491 3065 2712 3128 timore
2737 3071 3033 3140 mortem,
3073 3071 3144 3128 ut
3191 3070 3328 3129 erat

1760 3160 2000 3222 malum
2041 3165 2281 3221 naturae
2317 3165 2384 3222 et
2417 3158 2694 3220 naturali
2741 3157 3130 3220 inclinationi
3174 3176 3326 3220 con-

1761 3255 2048 3331 trarium,
2095 3254 2268 3332 quod
2311 3254 2460 3315 satis
2497 3253 2778 3316 indicant
2803 3253 2908 3314 illa
2932 3253 3124 3316 verba
3153 3253 3327 3316 Chri·-

1764 3348 1841 3408 sti
1868 3369 1885 3407 ε
1924 3347 2232 3410 Transeat
2257 3365 2297 3409 a
2323 3365 2416 3408 me
2443 3348 2610 3411 calio
2645 3347 2784 3410 iste.
2809 3346 2968 3408 Illud
2995 3347 3164 3410 enim
3186 3365 3325 3408 ver-

1762 3441 1939 3514 bum,
1969 3459 2009 3503 a
2037 3457 2148 3514 mo,
2179 3439 2332 3500 satis
2359 3439 2632 3502 ostendit
2657 3457 2804 3500 eum
2831 3439 3200 3502 formidasse
3231 3440 3328 3500 hi-

1760 3535 1917 3596 bere
1969 3534 2148 3594 illum
2197 3533 2480 3607 calicem,
2525 3538 2595 3594 ut
2649 3539 2786 3594 erat
2827 3532 3064 3596 malum
3113 3551 3325 3596 suum.

1764 3629 1943 3702 Quod
1991 3628 2164 3690 enim
2218 3627 2488 3690 Hilarius
2531 3629 2810 3706 exponit,
2853 3627 3161 3690 Christum
3193 3645 3324 3690 non

1762 3741 1982 3784 orasse
2007 3728 2074 3782 ut
2103 3739 2140 3782 a
2169 3739 2238 3782 se
2275 3721 2568 3784 transiret
2603 3719 2791 3795 calix,
2821 3720 2904 3782 ita
2933 3728 3006 3781 ut
3029 3721 3162 3799 ipse
3193 3736 3322 3784 non

1762 3817 2042 3888 biberet,
2073 3814 2186 3876 sed
2217 3814 2410 3876 etiam
2449 3819 2520 3874 ut
2545 3819 2686 3891 post
2713 3812 2888 3874 illum
2925 3814 3030 3876 alii
3059 3819 3326 3876 sectato-

1763 3928 1865 3972 res
1916 3910 2055 3987 ejus
2101 3909 2278 3969 illum
2319 3907 2634 3982 biberent,
2677 3907 2936 3979 scilieet,
2969 3914 3320 3985 martyres,

1764 4005 1887 4064 hoc
1912 4002 2244 4081 (inquam)
2277 4000 2614 4080 mysticum
2643 3999 2854 4078 potius
2885 4005 2978 4060 est
3005 4017 3196 4078 quam
3225 3999 3325 4060 lit-

1762 4097 1998 4170 terale,
2027 4101 2098 4156 ut
2125 4095 2276 4154 satis
2325 4097 2570 4156 constat
2625 4109 2702 4154 ex
2749 4091 2958 4154 verbis
3001 4110 3040 4156 a
3079 4090 3321 4156 Christo

1764 4189 2116 4267 subjunctis
2158 4205 2176 4248 ι
2217 4187 2300 4250 Si
2319 4189 2458 4267 fieri
2483 4204 2602 4248 non
2619 4191 2818 4266 potest
2849 4187 2980 4250 nisi
3013 4187 3208 4250 bibam
3245 4187 3324 4248 iz-

1762 4285 1913 4354 lum,
1939 4284 2058 4358 fiat
2083 4281 2366 4344 voluntas
2394 4287 2523 4342 tua.
2558 4281 2684 4340 Nec
2710 4279 3006 4342 dissimile
3031 4286 3126 4342 est
3154 4281 3324 4360 quod

1764 4377 2188 4455 Hieronymus
2213 4374 2322 4448 ait,
2347 4374 2658 4434 Christum
2685 4390 2812 4434 non
2843 4390 3058 4434 orasse
3091 4374 3325 4452 simpli-

1764 4471 1919 4532 citer
1946 4476 2018 4530 ut
2050 4469 2208 4530 calix
2238 4468 2555 4541 transiret,
2583 4466 2718 4540 sed,
2747 4465 2918 4530 calice
2943 4468 3084 4542 iste,
3111 4467 3176 4528 id
3201 4472 3320 4539 est,

1764 4563 2195 4644 propinandus
2222 4579 2260 4622 u
2279 4562 2314 4623 J
2321 4560 2548 4632 nemim
2573 4560 2746 4638 quod
2765 4559 2936 4620 enim
2961 4559 3325 4637 simpliciter

1764 4655 2196 4720 formidaverit
2223 4659 2485 4716 mortem
2503 4697 2524 4728 ,
2553 4653 2704 4714 satis
2747 4658 2990 4714 constat
3021 4669 3100 4714 ex
3126 4653 3322 4716 verbo

1764 4751 1873 4814 illo
1900 4769 1915 4813 ε
1946 4749 2236 4829 Spiritus
2259 4751 2582 4828 promptus
2607 4750 2718 4818 eet,
2745 4763 2886 4808 caro
2915 4751 3112 4810 ament
3139 4745 3325 4820 infir-

1764 4859 1869 4907 ma
1884 4869 1906 4916 ;
1957 4847 2024 4902 et
2067 4857 2144 4904 ex
2191 4840 2400 4902 Marco
2444 4838 2693 4900 dicente
2717 4883 2734 4909 ,
2779 4837 3066 4900 absolute
3111 4851 3327 4900 orasse

1764 4937 2100 5008 Christum,
2132 4941 2202 4996 ut
2231 4932 2522 4996 transiret
2545 4933 2626 4994 ab
2655 4931 2766 4992 illo
2789 4931 2983 5004 horat
3011 4930 3216 4993 timuit
3235 4947 3332 4992 er-

1764 5049 1847 5110 go
1872 5028 2153 5090 Christus
2183 5032 2474 5098 mortem,
2505 5041 2634 5088 non
2661 5023 2916 5103 quidem
2942 5043 3016 5086 ex
3039 5023 3326 5086 absoluta

1764 5123 2113 5196 voluntate,
2140 5127 2204 5183 et
2225 5119 2537 5184 desiderio
2570 5131 2700 5180 non
2733 5115 3080 5189 moriendi;
3107 5116 3330 5178 volun-

1764 5219 1925 5280 tarie
1952 5216 2126 5278 enim
2157 5231 2382 5294 passus
2411 5219 2542 5290 est,
2573 5218 2762 5290 atque
2789 5212 2854 5272 in
2897 5227 2971 5272 ea
3005 5208 3328 5272 voluntate

1766 5312 1986 5374 fortior
2011 5310 2130 5372 fuit
2156 5308 2448 5370 omnibus
2477 5306 2858 5385 martyribus
2871 5319 2892 5381 3
2915 5301 3026 5365 sed
3047 5319 3124 5362 ex
3147 5299 3332 5362 ratio-

1768 5407 1966 5470 nabili
1994 5405 2342 5480 voluntate,
2359 5419 2488 5482 qua
2511 5400 2918 5482 permittebat
2937 5403 3178 5458 natiuae
3205 5411 3334 5456 suae

1776 5505 1847 5563 ut
1870 5501 2166 5562 affectum
2213 5512 2396 5558 suum
2426 5493 2810 5568 ostenderet,
2841 5491 2924 5554 ad
2951 5495 3194 5554 nature
3233 5505 3337 5550 ve·
