3892 6167
525 317 602 376 42

528 417 846 491 effectum,
871 415 1020 494 quia
1051 414 1150 478 vel
1179 413 1283 478 ille
1315 415 1581 480 effectus
1624 422 1722 478 est
1761 416 1953 478 etiam
1990 415 2089 478 fn-

527 517 728 582 turus,
764 512 826 572 et
855 507 935 572 de
964 509 1071 571 illo
1102 510 1221 572 erit
1251 510 1476 574 eadem
1523 511 1810 591 quaestio,
1865 511 1965 576 vel
1996 517 2091 574 est

522 604 656 687 jam
681 603 900 677 factus,
929 609 992 666 et
1019 603 1108 666 ita
1137 622 1266 666 non
1305 609 1513 684 potest
1539 621 1676 667 esse
1711 604 1964 684 proprie
2004 603 2091 666 ef-

527 699 729 760 fectus
756 697 848 758 rei
877 696 1120 770 futurae,
1145 703 1216 760 ut
1247 697 1356 758 sic.

611 795 673 854 ’1.
718 791 946 856 Prima
970 791 1296 870 respon-³2⁰0.
1317 825 1394 837 —-
1413 792 1556 854 Haeo
1578 791 1909 854 difficultas
1933 791 2089 869 duo·

529 887 652 950 bus
679 884 882 948 modis
910 885 1186 966 expediri
1213 890 1437 966 potest.
1468 886 1710 948 Primus
1738 887 1874 958 εει,ι
1893 903 2085 964 quem

529 979 860 1062 Cajetanus
887 978 990 1040 hic
1037 979 1214 1056 sequi
1257 977 1524 1050 videtur,
1571 977 1735 1040 hanc
1783 979 2087 1056 cognitio-

532 1091 681 1136 nem
709 1073 1062 1134 futurorum
1105 1071 1604 1152 contingentium
1629 1089 1768 1134 esse
1810 1089 1927 1152 per
1952 1089 2091 1132 mo·-

532 1163 686 1230 dum
729 1166 1030 1227 intuitivae
1075 1164 1470 1246 cognitionis,
1525 1165 1608 1226 ad
1651 1182 1798 1226 eum
1827 1165 2091 1226 modum

530 1279 656 1340 quo
691 1259 858 1320 Deus
900 1258 1004 1320 illa
1045 1259 1368 1338 cognoscit
1397 1280 1414 1334 3
1457 1259 1604 1338 quia
1643 1259 1816 1319 nulla
1844 1257 2093 1320 videtur

532 1371 670 1416 esse
692 1352 1033 1432 implicatio
1051 1352 1582 1426 contradictionis,
1601 1371 1744 1414 cnm
1765 1353 1928 1416 Deus
1958 1353 2093 1414 haec

529 1447 663 1510 futu
673 1463 740 1509 ra
763 1445 1103 1520 intueatur,
1129 1446 1298 1526 quod
1319 1447 1660 1509 intellectui
1677 1452 1886 1510 creato
1904 1445 2093 1526 parti-

531 1541 908 1621 cipationem
935 1539 1100 1601 illius
1127 1540 1400 1602 scientias
1437 1541 1880 1604 communicet.
1911 1539 2093 1614 Quod

532 1631 892 1696 confirmari
921 1639 1127 1712 potest
1171 1635 1413 1714 primo,
1457 1636 1608 1713 quia
1639 1653 1755 1714 per
1781 1632 2091 1695 visionem

532 1727 782 1790 beatam
831 1728 1332 1790 communicatur
1381 1728 1721 1790 intellectui
1751 1733 1963 1790 creato
1992 1726 2091 1788 in-

533 1820 752 1882 tuitiva
795 1821 1069 1900 cognitio
1113 1821 1340 1882 horum
1367 1821 1721 1884 futurorum
1749 1840 1765 1895 ;
1798 1839 1912 1884 cur
1939 1837 2089 1896 ergo

531 1913 912 1994 repugnabit
933 1914 1384 1977 communicari
1413 1916 1603 1976 etiam
1625 1917 1688 1978 in
1711 1915 1965 1995 proprio
1985 1931 2092 1993 ge-

535 2026 689 2069 nere
711 2011 738 2070 ‘t

615 2101 676 2164 8.
725 2097 1001 2182 objectio,
1025 2136 1092 2148 -
1122 2105 1472 2184 Responsio.
1515 2137 1597 2150 -
1628 2103 1854 2166 Dicunt
1899 2102 2095 2182 aliqui

535 2193 731 2255 Deum
764 2195 968 2256 solum
994 2214 1372 2278 cognoscere
1399 2197 1531 2258 haec
1563 2197 1774 2260 futura
1797 2197 1860 2258 in
1889 2196 2097 2260 deter-

535 2287 880 2350 minatione
902 2307 1030 2352 suse
1059 2291 1286 2352 divina}
1315 2290 1674 2366 voluntatis,
1699 2297 1762 2354 et
1793 2290 1943 2368 quia
1964 2290 2097 2352 haec

439 2375 442 2377 ’
537 2377 976 2444 determinatio
1005 2401 1134 2444 non
1167 2390 1377 2463 potest
1413 2385 1579 2446 clare
1609 2383 1807 2446 videri
1855 2404 1893 2445 a
1924 2402 2099 2446 crea-

540 2479 695 2548 tura,
731 2475 850 2536 nisi
879 2493 994 2556 per
1029 2476 1338 2540 visionem
1371 2477 1574 2557 ipsius
1603 2477 1748 2548 Dei,
1781 2477 1925 2539 ideo
1967 2493 2097 2538 non

535 2584 724 2648 posse
778 2567 869 2630 illi
919 2570 1176 2632 concedi
1225 2571 1460 2632 claram
1523 2570 1951 2650 cognitionem
2004 2569 2099 2630 fu-

537 2667 822 2724 turorum
896 2663 1396 2744 contingentium
1422 2709 1437 2736 ‚
1491 2664 1616 2724 nisi
1677 2680 1790 2743 per
1860 2661 2097 2726 claram

539 2752 866 2816 visionem.
899 2755 1019 2816 Sed
1069 2755 1202 2818 haec
1249 2757 1576 2836 responsio
1629 2756 1924 2836 supponit
1956 2755 2097 2816 fun-

541 2843 908 2910 damentum
957 2847 1138 2910 valde
1185 2848 1414 2910 falsum
1431 2866 1452 2927 3
1503 2867 1867 2928 quanquam
1929 2848 2100 2909 enim

539 2939 708 3004 Deus
737 2945 935 3021 possit
979 2944 1283 3004 nonnulla
1314 2961 1392 3005 ex
1422 2943 1516 3004 his
1544 2943 1792 3017 futuriS,
1819 2959 1962 3021 quae
1992 2943 2101 3002 ho-

540 3043 721 3098 nesta
774 3043 960 3112 sunt,
1023 3042 1085 3099 et
1133 3037 1358 3100 divinae
1416 3037 1714 3099 voluntati
1768 3042 2103 3099 consenta-

541 3147 688 3206 nea,
707 3149 820 3192 sua
847 3131 1081 3194 efficaci
1105 3131 1423 3194 voluntate
1450 3131 1868 3210 praedefinire,
1897 3147 2101 3208 eaque

539 3223 609 3285 in
637 3224 742 3286 illa
770 3243 1146 3306 cognoscere
1165 3272 1182 3298 ‚
1213 3233 1428 3286 tamen
1457 3227 1791 3295 affirmare,
1825 3225 1946 3286 hoc
1970 3230 2104 3285 tan·

542 3324 679 3381 tum
705 3319 892 3382 modo
938 3338 1124 3398 posse
1155 3319 1354 3382 Deum
1403 3336 1786 3400 cognoscere
1834 3319 1972 3379 haec
2004 3317 2104 3378 fu-

543 3419 722 3487 tura,
759 3413 858 3474 vel
899 3414 1134 3484 omnia,
1167 3413 1356 3476 etiam
1404 3417 1697 3492 peccata,
1750 3430 1934 3491 posse
1988 3412 2105 3474 hoc

543 3506 734 3569 modo
763 3507 1079 3588 cognosci,
1111 3505 1524 3585 improbabile
1563 3505 1716 3566 mihi
1743 3505 2013 3576 videtur,
2043 3509 2109 3564 et

546 3618 584 3661 a
613 3599 820 3664 divina
849 3600 1156 3680 sapientia
1187 3605 1250 3662 et
1279 3600 1560 3662 bonitate
1607 3599 1906 3660 alienum.
1941 3598 2107 3660 Prae-

542 3695 754 3756 sertim
787 3694 936 3772 quia
969 3697 1132 3756 Deus
1161 3711 1288 3754 non
1319 3699 1564 3754 tantum
1603 3691 1929 3771 cognoscit
1958 3708 2108 3752 con-

541 3789 848 3868 tingentia
898 3805 1037 3866 quae
1096 3786 1437 3866 aliquando
1491 3785 1700 3846 futura
1749 3781 1896 3845 sunt
1915 3829 1936 3859 ‚
1998 3782 2108 3844 sed

545 3881 735 3944 etiam
764 3900 901 3962 quae
941 3899 1264 3960 nunquam
1297 3886 1480 3942 erunt
1513 3879 1744 3954 ‚futura
1771 3884 1989 3939 tamen
2010 3895 2110 3938 es·-

545 3983 708 4051 sent,
755 3977 806 4037 si
835 3993 1041 4038 causae
1087 3975 1301 4036 liberae
1347 3975 1468 4036 boc
1518 3973 1618 4034 vel
1663 3973 1770 4033 illo
1807 3971 1997 4034 modo
2026 3971 2109 4032 ad

546 4069 934 4150 operandum
967 4079 1180 4130 essent
1207 4069 1549 4148 dispositae,
1597 4072 1664 4126 ut
1699 4067 1766 4126 in
1803 4065 2107 4146 singulari

546 4168 812 4226 tractatu
843 4163 922 4225 de
967 4161 1086 4224 hac
1111 4179 1182 4224 re
1231 4161 1568 4240 probatum
1599 4166 1716 4220 est.
1768 4158 1887 4220 Ubi
1918 4158 2109 4220 etiam

548 4253 793 4317 ostendi
821 4271 948 4315 non
973 4271 1156 4335 posse
1182 4255 1347 4316 hanc
1371 4253 1692 4318 scientiam
1720 4253 1787 4312 in
1811 4251 2110 4314 determi-

545 4349 869 4409 nationem
919 4347 1146 4409 divinoe
1199 4347 1538 4409 voluntatis
1587 4344 1910 4420 revocari,
1974 4349 2109 4404 tum

546 4442 698 4524 quia
727 4441 1060 4516 antecedit,
1096 4441 1446 4502 secundum
1487 4439 1825 4511 rationem,
1854 4454 2108 4500 omnem

543 4533 806 4598 liberam
840 4535 1432 4598 determinationem
1462 4533 1688 4594 divinae
1725 4529 2105 4606 voluntatis;

546 4632 680 4689 tum
712 4628 904 4688 etiam
933 4627 1080 4708 quia
1107 4627 1260 4688 alias
1287 4627 1550 4704 intelligi
1574 4642 1702 4687 non
1727 4632 1932 4704 potest
1954 4641 2111 4702 quo-

545 4721 733 4784 modo
759 4739 888 4782 non
915 4727 1082 4783 esset
1108 4722 1274 4782 Deus
1305 4727 1526 4782 auctor
1558 4721 1761 4782 omnis
1786 4719 1971 4781 malae
2003 4737 2112 4780 vo-

545 4817 824 4890 luntatiS,
845 4822 904 4876 et
925 4813 1179 4876 laederet
1203 4815 1554 4876 libertatem
1578 4814 1915 4876 voluntatis
1937 4831 2109 4874 crea-

543 4915 660 4985 tae,
686 4915 756 4969 ut
803 4907 986 4970 latius
1035 4925 1113 4969 eo
1147 4907 1287 4968 loco
1329 4907 1717 4970 declaratum
1761 4913 1872 4968 est.
1913 4905 2115 4967 Habet

548 5021 698 5083 ergo
725 5005 890 5065 Deus
912 5003 1106 5064 alium
1133 5003 1392 5064 modum
1415 5001 1700 5064 intuendi
1719 5001 1854 5063 haec
1875 4999 2107 5062 futura.

547 5097 709 5186 Quin
736 5099 946 5176 potius
973 5097 1078 5157 illa
1105 5097 1378 5174 cognitio
1427 5097 1780 5156 futurorum
1815 5095 1882 5157 in
1909 5095 2112 5156 deter-

546 5191 890 5254 minatione
939 5208 1068 5251 suae
1093 5189 1452 5262 voluntatis,
1483 5195 1552 5252 ut
1583 5189 1694 5262 sic,
1725 5207 1857 5250 non
1887 5195 1983 5250 est
2018 5187 2113 5250 in-

547 5286 790 5349 tuitiva.
828 5284 1060 5346 Poterit
1098 5283 1291 5362 igitur
1319 5283 1706 5363 participatio
1735 5283 1902 5342 illius
1925 5282 2109 5344 intui-

545 5379 734 5464 tionis
759 5395 874 5460 per
893 5377 1062 5439 hanc
1089 5377 1416 5439 scientiam
1437 5375 1902 5438 communicari.
1932 5374 2109 5447 Quod

547 5471 633 5536 ita
664 5471 1071 5536 confirmatur
1093 5477 1152 5534 et
1183 5469 1550 5554 explicatur,
1571 5469 1722 5552 quia
1736 5469 1818 5532 ad
1841 5487 2110 5552 cognos-

1793 317 2025 380 QUAEST.
2064 319 2145 373 xt.
2180 318 2379 372 Anne.
2418 321 2454 370 i.

2170 416 2443 482 cendum
2463 416 2602 478 hoec
2626 415 2861 491 futura,
2909 415 3037 480 duo
3066 415 3503 498 intelligimus
3528 415 3593 478 in
3620 419 3725 483 Deo

2168 512 2437 592 requiri:
2480 511 2751 574 alterum
2794 517 2891 574 est
2934 529 3010 574 ex
3058 519 3247 592 parte
3276 513 3723 591 cognoscentis,

2170 605 2343 686 quod
2393 603 2624 666 babeat
2682 604 2899 666 lumen
2950 605 3281 667 sufficiens
3336 604 3425 665 ad
3478 604 3729 684 perfecte

2170 698 2830 780 comprehendendam
2884 715 3015 762 rem
3037 743 3053 774 ‚
3108 706 3179 762 et
3244 715 3483 760 omnes
3530 717 3729 762 causas

2168 795 2344 874 ejus,
2386 797 2449 855 et
2476 792 2778 874 quidquid
2806 798 3015 874 potest
3062 793 3209 856 illas
3260 792 3370 854 vel
3420 791 3728 872 impedire,

2166 884 2265 950 vel
2306 886 2631 966 impellere
2665 886 2746 947 ad
2774 887 3193 967 operandum,
3230 891 3435 964 atque
3483 886 3636 947 adeo
3674 891 3731 948 ut

2166 985 2501 1060 penetrare
2531 979 2759 1052 valeat,
2788 997 2919 1041 non
2948 980 3149 1041 solum
3198 979 3365 1060 quid
3394 979 3537 1041 talis
3562 997 3729 1040 causa

2171 1090 2360 1153 agere
2392 1073 2612 1152 possit,
2658 1071 2775 1134 sed
2816 1073 2969 1152 quid
3004 1079 3225 1134 actura
3275 1071 3363 1134 sit
3382 1089 3406 1152 3
3442 1090 3587 1132 cum
3622 1091 3727 1152 quo

2170 1165 2410 1228 lumine
2448 1167 2803 1228 necessaria
2832 1166 3025 1228 etiam
3053 1172 3146 1227 est
3180 1165 3490 1228 eminens
3532 1182 3729 1243 repra·-

2172 1261 2440 1322 sentatio
2459 1259 2685 1321 divinoe
2713 1260 3026 1334 essentiae,
3048 1277 3189 1338 quae
3214 1259 3475 1320 ratione
3502 1275 3627 1318 suae
3652 1258 3731 1318 in-

2174 1353 2369 1416 finitae
2400 1351 2801 1432 perfectionis
2826 1357 3035 1432 potest
3076 1353 3325 1414 habere
3358 1351 3491 1410 vim
3520 1352 3727 1428 speciei

2172 1444 2602 1526 intelligibilis,
2636 1462 2749 1508 seu
2778 1446 3073 1525 supplere
3114 1445 3335 1506 vicem
3378 1445 3521 1524 ejus
3550 1443 3627 1504 ad
3650 1462 3728 1504 re·

2170 1539 2676 1621 praesentandum
2704 1540 2771 1601 id
2800 1540 2969 1618 quod
2998 1539 3285 1600 futurum
3321 1543 3446 1612 est,
3486 1542 3659 1616 prout
3674 1537 3728 1598 in

2170 1653 2239 1696 se
2266 1634 2547 1696 futurum
2564 1640 2661 1695 est
2676 1650 2696 1712 3
2718 1633 2986 1696 alterum
3014 1633 3093 1696 ad
3122 1633 3297 1694 banc
3324 1631 3726 1712 cognitionem

2170 1729 2545 1806 requisitum
2574 1735 2671 1789 est
2690 1745 2767 1788 ex
2798 1733 2975 1807 parte
2997 1727 3261 1806 objecti,
3287 1725 3557 1798 scilicet,
3582 1723 3727 1802 quod

2172 1822 2329 1885 illud
2360 1824 2441 1884 sit
2468 1821 2921 1902 cognoscibile,
2959 1839 3073 1882 sen
3105 1820 3374 1892 scibile3
3441 1819 3608 1898 quod
3638 1819 3727 1878 ha-

2173 1917 2281 1980 bet
2308 1918 2591 1978 futurum
2622 1915 3015 1995 contingens,
3060 1933 3191 1976 non
3218 1914 3377 1994 qnia
3408 1913 3539 1994 jam
3574 1913 3637 1972 in
3672 1930 3727 1973 re

2176 2019 2321 2074 actu
2362 2011 2588 2072 existat
2636 2011 2701 2070 in
2754 2027 2821 2070 se
2868 2009 3008 2087 ipso
3042 2008 3131 2086 (ut
3164 2025 3372 2087 supra
3419 2005 3725 2087 probatum

2177 2107 2316 2182 est),
2355 2121 2473 2166 nec
2512 2103 2663 2183 quia
2701 2102 2923 2163 existat
2964 2102 3033 2163 in
3085 2101 3309 2181 aliqua
3348 2101 3624 2180 imagine
3650 2115 3727 2160 re-

2175 2203 2649 2280 praesentatum,
2677 2201 2984 2274 tanquam
3012 2195 3079 2255 in
3114 2195 3379 2274 objecto
3408 2195 3475 2254 in
3502 2211 3622 2272 quo
3642 2211 3729 2253 co·

2178 2297 2535 2372 gnoscatur,
2570 2289 2718 2370 quia
2746 2289 2889 2350 talis
2912 2289 3123 2366 imago
3152 2288 3481 2366 obiectiva
3510 2305 3625 2348 neo
3648 2304 3729 2346 sa-

2180 2387 2260 2450 tis
2279 2385 2528 2465 concipi
2553 2389 2781 2463 potest,
2813 2382 2933 2443 nisi
2954 2383 3019 2442 in
3044 2399 3111 2444 se
3136 2381 3384 2443 habeat
3410 2379 3730 2442 formaliter

2178 2481 2447 2542 formam
2478 2475 2761 2557 ejusdem
2792 2474 3054 2537 rationis
3098 2488 3249 2536 cum
3280 2493 3353 2536 re
3402 2489 3730 2553 repraesen-

2182 2581 2332 2645 tata,
2356 2589 2563 2652 neque
2590 2588 2704 2650 per
2724 2569 2897 2630 illam
2926 2569 3376 2649 repraesentari
3404 2573 3598 2649 possit
3618 2581 3727 2626 rem

2178 2684 2319 2729 esse
2340 2665 2644 2741 futuram,
2672 2663 2962 2744 quamvis
2988 2662 3258 2742 simplex
3288 2663 3611 2740 objectum
3648 2676 3729 2720 re·

2179 2759 2541 2842 praesentari
2584 2757 2801 2838 possit,
2835 2755 3262 2819 abstrahendo
3317 2756 3403 2816 ab
3442 2754 3608 2816 omni
3646 2770 3727 2812 ae·

2181 2851 2333 2914 tuali
2360 2851 2708 2924 existentia,
2738 2847 3029 2930 proesenti
3056 2849 3158 2910 vel
3195 2847 3443 2923 futura,
3485 2847 3633 2908 sicut
3658 2843 3727 2904 vi-

2182 2946 2403 3008 demus
2442 2945 2787 3024 imaginem
2814 2949 3270 3022 repraesentare
3316 2959 3509 3003 suum
3542 2955 3725 3001 exem-

2182 3040 2340 3119 plar.
2374 3040 2565 3119 Cujus
2604 3039 2763 3100 ratio
2798 3053 2937 3098 esse
2964 3037 3236 3109 videtur,
3260 3037 3419 3116 quia
3448 3051 3579 3096 rem
3608 3047 3725 3092 esse

2182 3132 2481 3208 futuram,
2498 3131 2655 3192 nihil
2672 3131 2843 3193 reale
2865 3130 3039 3210 ponit
3064 3131 3125 3190 in
3156 3147 3225 3192 re
3252 3128 3561 3210 possibili,
3582 3121 3727 3204 quod

2185 3228 2261 3288 sit
2294 3227 2783 3306 repraesentibile
2826 3243 2939 3304 per
2967 3225 3329 3303 hujusmodi
3382 3221 3723 3300 imaginem.

2185 3323 2492 3400 Denique,
2534 3323 2585 3383 si
2614 3320 2756 3383 talis
2786 3321 2993 3400 imago
3023 3319 3232 3380 danda
3260 3325 3439 3381 esset
3466 3319 3529 3377 in
3554 3313 3726 3376 scien·

2185 3417 2273 3479 tia
2310 3433 2500 3494 quam
2534 3417 2702 3477 Deus
2740 3413 2929 3474 habet
2967 3413 3297 3476 defuturis
3334 3405 3729 3489 contingenti-

2186 3511 2329 3583 buS,
2370 3527 2500 3569 non
2530 3515 2699 3570 esset
2736 3506 2855 3568 nisi
2894 3509 3164 3585 ipsamet
3194 3506 3478 3567 essentia
3508 3501 3649 3577 Dei3
3682 3501 3730 3556 at

2187 3621 2337 3664 vero
2370 3603 2431 3663 in
2482 3601 2691 3662 divina
2722 3600 2995 3661 essentia
3036 3617 3165 3661 non
3194 3605 3408 3679 potest
3438 3613 3576 3658 esse
3609 3590 3728 3652 talis

2188 3693 2684 3776 repraesentatio,
2714 3693 2861 3774 quia
2904 3699 3221 3773 oporteret
3250 3709 3397 3752 esse
3426 3685 3652 3768 aliquid
3676 3685 3729 3744 iu
3815 3685 3816 3764 ff

2190 3789 2324 3868 ipsa
2354 3789 2651 3861 essentia,
2676 3787 2849 3866 quod
2876 3785 3237 3847 necessario
3274 3805 3353 3846 ac
3388 3779 3729 3844 naturaliter

2190 3881 2449 3942 deberet
2474 3881 2562 3941 illi
2586 3881 2921 3942 convenire
2936 3895 2954 3956 ;
2988 3887 3053 3940 at
3080 3897 3227 3940 vero
3250 3879 3463 3940 divina
3485 3870 3727 3937 essentia

2188 3993 2315 4038 non
2358 3982 2769 4054 repraesentat
2803 3973 3173 4036 naturaliter
3208 3971 3451 4052 aliquid
3482 3986 3613 4031 esse
3650 3965 3727 4025 fu·

2189 4078 2401 4132 turum
2433 4071 2525 4148 (ut
2568 4067 2856 4149 constat),
2888 4069 3034 4149 quia
3068 4066 3238 4145 quod
3274 4065 3509 4145 aliquid
3538 4063 3613 4123 sit
3652 4059 3730 4118 su·
3815 4055 3816 4068 ¹

2189 4169 2399 4225 turum
2420 4207 2437 4235 ‚
2470 4162 2705 4242 pendet
2757 4179 2834 4224 ex
2862 4162 3183 4222 voluntate
3230 4161 3405 4240 ejus;
3454 4149 3729 4218 naturalis
3815 4155 3816 4224 ξ

2190 4263 2403 4318 autem
2421 4255 2889 4336 repraesentatio
2913 4254 3248 4315 divinitatis
3268 4271 3399 4314 non
3421 4247 3647 4330 pendet
3668 4259 3729 4301 ex

2189 4350 2511 4411 voluntate
2544 4351 2703 4428 ejus.
2730 4341 2948 4410 'Solum
2979 4365 3130 4428 ergo
3158 4347 3499 4426 requiritur
3522 4359 3595 4404 ex
3614 4354 3728 4417 par·

2194 4450 2253 4506 te
2294 4443 2547 4523 objecti,
2578 4441 2749 4522 quod
2776 4461 2881 4503 res
2900 4443 3035 4521 ipsa
3062 4458 3212 4502 vere
3234 4440 3443 4502 futura
3474 4436 3571 4510 sit,
3599 4445 3727 4492 nam

2192 4538 2308 4599 hoc
2346 4537 2570 4617 ipsum,
2608 4536 2863 4608 scilicet,
2892 4537 3059 4596 hanc
3102 4551 3236 4595 rem
3286 4552 3425 4595 esse
3451 4533 3723 4592 futuram,
3815 4539 3816 4576 ς

2192 4640 2288 4694 est
2315 4633 2601 4712 quaedam
2624 4631 2854 4692 veritas
2870 4646 2892 4709 3
2937 4630 3143 4690 omnis
3171 4635 3383 4690 autom
3410 4625 3631 4688 veritas
3657 4617 3723 4677 de
3815 4691 3816 4694 Ἴ

2191 4743 2259 4786 se
2275 4723 2712 4804 cognoscibilis
2733 4731 2828 4786 est
2857 4723 2937 4784 ab
2964 4741 3039 4786 eo
3062 4723 3171 4801 qui
3194 4721 3597 4783 sufficientem
3614 4711 3721 4772 vim
3815 4743 3816 4750 κ

2190 4818 2380 4879 habet
2408 4817 2847 4895 cognoscendi.

2274 4914 2335 4973 9.
2368 4912 2458 4971 Ex
2504 4911 2601 4971 his
2628 4917 2840 4973 autem
2880 4912 3125 4973 duobus
3173 4927 3313 4989 quae
3350 4911 3416 4970 in
3444 4907 3569 4967 Deo
3598 4913 3724 4961 con·

2194 5009 2455 5065 currunt
2480 5003 2560 5064 ad
2590 5002 2755 5064 hanc
2786 5004 3136 5077 scientiam,
3166 5003 3253 5079 id,
3286 4999 3455 5082 quod
3485 4995 3642 5058 tenet
3666 5003 3723 5045 se

2196 5114 2270 5158 ex
2317 5102 2492 5175 parte
2523 5096 2775 5175 objecti,
2804 5096 2884 5158 de
2932 5115 2999 5157 sc
3039 5113 3167 5157 non
3198 5096 3398 5175 magis
3441 5081 3723 5179 repugnat

2194 5189 2378 5269 objici
2410 5189 2552 5250 huic
2582 5191 2859 5252 scientioe
2887 5189 3107 5250 infusae
3132 5195 3384 5260 creatae,
3417 5197 3597 5264 quam
3620 5175 3721 5252 iPS¹

2190 5283 2465 5343 scientim
2492 5281 2745 5357 divium,
2786 5282 2834 5344 si
2865 5283 3021 5344 alias
3052 5301 3128 5343 ox
3156 5287 3335 5362 parte
3366 5281 3719 5356 cognoscen-

2190 5375 2293 5452 tis»,
2334 5393 2449 5437 seu
2477 5376 2674 5457 ipsius
2702 5377 2995 5449 scientiae,
3046 5377 3125 5436 sit
3170 5374 3482 5437 sufficiens
3516 5365 3709 5426 virtus.

2191 5469 2341 5555 quia
2368 5468 2540 5528 nulla
2558 5475 2760 5548 potest
2785 5469 2937 5547 fingi
2964 5470 3166 5555 major
3190 5458 3590 5548 repugnantia
3613 5471 3625 5526 ;
3660 5453 3710 5508 el
