3892 6167
1315 310 1640 367 otmunt.
1671 310 1868 369 XXXV.
1895 310 2071 369 m·
2106 314 2146 367 1.

143 436 164 481 ι
203 418 328 481 illis
373 417 600 481 trihus
621 415 918 499 personis
937 413 1290 479 formaliter
1335 412 1686 477 communi·

143 522 326 587 mtur,
353 528 510 594 quae
543 514 776 575 omnia
801 516 952 573 suut
975 508 1252 573 absurda
1273 514 1336 571 ot
1361 508 1678 571 haeretica.

143 609 519 671 infirmatur
575 604 896 681 secundo,
949 604 1123 685 quis,
1179 620 1328 665 oum
1363 601 1501 665 hinc
1529 600 1682 663 unio

143 712 458 767 iturarum
509 707 586 764 et
617 698 1114 762 communicatio
1141 696 1514 759 idiomatum
1541 712 1684 757 mu·-

143 816 188 858 [a
229 798 336 869 sit,
389 796 736 877 sequitur,
779 794 972 855 etiam
1011 796 1310 854 naturam
1335 790 1684 851 humanam

144 890 434 953 rmaliter
491 886 988 951 communicare
1051 902 1200 949 suas
1261 884 1682 965 proprietates

143 992 316 1045 iturae
351 982 641 1056 divium,
675 988 866 1061 atque
916 981 1076 1043 adeo
1127 979 1518 1042 divinitatem
1565 994 1684 1057 per

143 1094 242 1139 ane
269 1076 602 1137 unionem
635 1075 874 1139 faciam
913 1092 1046 1137 esse
1091 1071 1487 1148 mutabilem,
1516 1088 1684 1133 mor·-

143 1174 292 1241 alem,
328 1168 628 1245 finitam,
647 1176 772 1231 etc.
789 1170 938 1244 Qnae
965 1169 1156 1231 ettam
1189 1166 1486 1229 haeretica
1505 1171 1676 1239 sunt;

143 1264 252 1329 nde
305 1265 598 1343 August.
663 1280 856 1325 serm.
913 1264 1030 1326 195
1057 1262 1140 1324 dc
1167 1267 1452 1341 tempore
1475 1304 1498 1335 ,
1529 1258 1684 1323 dicit

143 1361 318 1421 ullam
349 1373 670 1439 unquam
702 1358 988 1420 haeresim
1027 1371 1247 1419 ausam
1275 1372 1416 1417 esse
1443 1354 1678 1430 dicem,

143 1454 316 1528 mnia,
345 1468 500 1531 quae
523 1457 728 1513 erant
740 1450 1101 1527 divinitatis,
1119 1455 1185 1511 in
1200 1448 1682 1523 humanitatem,

143 1557 160 1610 t
183 1565 316 1625 quae
337 1545 548 1607 huma
557 1546 628 1605 ni
637 1546 786 1607 tatis
811 1550 1013 1617 erant,
1039 1544 1106 1605 in
1132 1542 1524 1605 divinitatem
1547 1558 1682 1601 esse

143 1639 402 1705 faustusa
429 1658 448 1713 ;
502 1656 679 1700 nam
731 1640 853 1701 hoc
901 1638 1092 1700 modo
1145 1635 1464 1699 exinanita
1517 1641 1683 1697 esset

144 1745 358 1813 >traque
391 1732 800 1811 substantia,
831 1740 896 1796 et
927 1734 989 1795 in
1017 1732 1190 1795 aliud
1219 1736 1386 1794 esset
1415 1734 1678 1793 mutata.

143 1829 270 1905 Quod
298 1828 352 1889 si
379 1826 682 1889 fortasse
717 1828 932 1889 dicant
959 1826 1348 1889 divinitatem
1375 1842 1514 1887 esse
1557 1823 1686 1885 for·

143 1942 260 1985 nam
290 1921 758 1998 humanitatis,
793 1939 922 1982 non
951 1936 1104 1985 vero
1151 1938 1188 1982 e
1233 1919 1573 1992 contrario,
1622 1926 1686 1985 et

143 2018 238 2079 deo
263 2014 575 2075 attributa
607 2014 834 2077 divina
865 2013 1274 2075 denominare
1315 2014 1679 2076 humanita-

144 2130 250 2186 em‚
277 2126 404 2169 non
431 2122 598 2169 vero
634 2126 678 2170 e
708 2108 1044 2184 contrario,
1073 2110 1206 2187 jam
1235 2107 1422 2187 plane
1451 2124 1680 2171 conce-

143 2208 256 2269 tuat
287 2202 838 2281 compositionem
871 2202 1060 2263 unius
1103 2207 1344 2263 naturae
1391 2218 1470 2265 ex
1511 2209 1684 2265 utra·

143 2316 249 2377 1ue.
293 2296 608 2375 Sequitur
649 2295 848 2359 etiam
895 2310 974 2357 ex
1001 2294 1110 2357 illa
1140 2295 1454 2371 evasione,
1479 2296 1682 2357 Deum

143 2410 233 2451 ion
261 2406 396 2450 esse
423 2389 1024 2468 hominem‚neque
1039 2391 1382 2463 mortuum,
1403 2390 1686 2468 quando-

143 2484 355 2564 quidem
393 2482 628 2544 dicunt
665 2488 956 2545 naturam
983 2482 1330 2545 humanam
1353 2500 1486 2545 non
1513 2500 1684 2545 com·-

143 2578 424 2639 municare
452 2577 592 2637 Deo
614 2592 742 2637 sua
767 2575 1110 2651 attributa3
1153 2576 1252 2636 vel
1295 2591 1562 2638 neeesse
1587 2583 1684 2641 est

143 2679 196 2731 ut
223 2671 528 2731 fateantur
556 2670 766 2733 alium
807 2668 1066 2731 modum
1096 2670 1683 2732 communicationis

143 2765 502 2839 idiomatum,
536 2766 660 2842 qui
701 2779 832 2825 non
871 2764 954 2825 sit
994 2764 1272 2843 ipsarum
1315 2770 1682 2827 naturarum

144 2860 280 2921 inter
327 2874 488 2932 sese,
521 2857 652 2920 sed
701 2864 990 2938 respectu
1033 2856 1320 2937 ejusdem
1369 2874 1682 2939 persona,

147 2952 284 3031 quod
315 2952 728 3013 verissimum
755 2958 868 3015 est.

213 3050 265 3107 5.
303 3048 448 3107 Dico
503 3064 674 3127 ergo
721 3046 908 3109 tertio
937 3064 952 3107 t
997 3062 1150 3109 vera
1201 3046 1686 3109 communicatio

151 3139 507 3219 idiomatum,
525 3158 683 3222 quse
707 3158 784 3201 ex
807 3141 1106 3220 mysterio
1121 3138 1566 3203 incarnationis
1593 3158 1688 3203 se-

155 3240 272 3293 cuta
299 3240 405 3307 est,
435 3240 701 3296 tantum
743 3235 809 3295 in
852 3234 972 3295 hoc
999 3234 1300 3309 consistit,
1331 3242 1402 3297 ut
1443 3236 1686 3297 ratione

157 3326 292 3386 illius
315 3328 560 3389 unionis
587 3328 810 3391 divina
837 3334 902 3389 et
927 3328 1208 3390 humana
1237 3330 1574 3409 praedicata
1606 3330 1686 3391 de

161 3420 346 3480 eadem
373 3437 654 3501 persona
699 3438 848 3483 vere
887 3422 1325 3502 proedicentur.
1359 3423 1688 3485 Conclusio

162 3512 346 3575 liaecin
386 3531 454 3576 re
479 3521 578 3577 est
614 3515 694 3577 de
719 3516 843 3577 flde
887 3520 1080 3589 certa,
1117 3514 1276 3577 duas
1301 3532 1452 3577 vero
1501 3514 1690 3577 habet

169 3614 358 3684 paries:
378 3609 577 3672 altera
612 3616 704 3672 est
720 3610 1038 3671 affirmans
1051 3611 1220 3671 hunc
1243 3609 1504 3671 modum
1517 3628 1690 3673 eom-

177 3704 566 3765 manicationis
595 3704 968 3765 idiomatum
1003 3711 1408 3765 consecutum
1437 3722 1578 3767 esse
1617 3722 1696 3765 ex

179 3793 268 3855 hoc
279 3798 588 3875 mysterio.
614 3796 691 3859 Et
717 3799 851 3860 baec
874 3816 1019 3879 pers
1040 3804 1284 3861 constat
1309 3816 1386 3859 ex
1413 3798 1696 3861 doctrina

177 3888 546 3953 eonciliorum
573 3892 886 3965 omnium,
918 3898 982 3952 et
1007 3892 1406 3966 Sanctorum,
1436 3910 1592 3973 quos
1626 3894 1694 3953 ἰη

177 3982 584 4061 superioribus,
617 3984 964 4064 praesertim
988 3984 1216 4065 disput.
1247 3990 1286 4047 ¹¹1
1314 3993 1382 4047 ct
1409 3990 1469 4059 8,
1499 3986 1694 4067 expli-

178 4075 341 4136 cando
385 4078 598 4159 ipsum
627 4079 1030 4158 mysterium,
1063 4080 1188 4143 late
1232 4078 1592 4154 retulimus3
1632 4086 1696 4142 et

179 4168 229 4226 in
265 4170 516 4233 Concilio
563 4173 917 4253 praesertim
967 4173 1284 4253 Ephesino
1335 4174 1696 4254 frequenter

181 4260 421 4337 docetur,
451 4271 512 4325 et
540 4282 580 4326 a
614 4265 865 4345 cyrillo,
899 4266 1112 4327 multis
1131 4268 1446 4347 opusculis
1469 4275 1536 4331 et
1565 4270 1694 4349 epi·

183 4355 345 4431 stolis,
373 4374 506 4436 quae
533 4360 612 4421 de
640 4359 762 4421 hac
783 4360 1048 4421 materia
1073 4362 1138 4421 in
1173 4362 1396 4423 eodem
1422 4362 1694 4425 Concilio

187 4446 527 4529 referuntur,
563 4454 918 4532 pressertim
951 4454 1022 4516 iu
1051 4453 1592 4517 anathematismis
1635 4462 1699 4518 et

185 4540 240 4599 in
264 4542 706 4609 defensionibus
737 4564 983 4624 eorum,
1011 4554 1074 4611 et
1099 4546 1212 4609 lib.
1265 4551 1342 4611 10
1383 4546 1590 4627 Thes„
1637 4568 1692 4612 e.

193 4638 250 4708 ’ἐς
279 4638 464 4701 Leone
512 4642 661 4721 Pap.
673 4686 694 4719 ,
741 4642 888 4705 dict.
925 4644 1105 4722 epist.
1149 4644 1249 4719 10,
1279 4648 1344 4704 et
1381 4658 1573 4704 serm.
1617 4642 1700 4705 de

193 4726 254 4787 de
287 4730 462 4797 Nativ.
489 4741 556 4796 et
582 4736 894 4814 Passieno,
917 4735 1310 4816 frequentet-3
1349 4739 1640 4816 August„
1664 4740 1696 4797 1

201 4820 260 4881 de
281 4826 498 4902 Trinii.,
526 4848 582 4892 c.
615 4831 716 4904 13,
742 4836 804 4891 et
827 4845 990 4911 soepe
1023 4830 1208 4903 alias3
1241 4830 1486 4907 Ambr.‚
1515 4834 1554 4891 2
1585 4828 1696 4891 lib.

199 4913 260 4974 de
291 4917 430 4994 Fid„
461 4940 513 4984 c.
545 4918 606 4999 t,
640 4929 700 4985 ct
727 4924 835 4987 lib.
869 4926 931 5001 δ’,
959 4937 1013 4986 c.
1049 4926 1121 4997 83
1158 4924 1472 4997 Damaso„
1504 4924 1614 4985 lib.
1662 4926 1700 4985 3

207 5006 266 5067 de
288 5010 432 5088 Fide,
463 5032 515 5077 e.
543 5020 617 5090 ὣς
637 5018 678 5079 6
705 5024 772 5081 et
795 5022 897 5092 tl,
921 5032 984 5079 et
1021 5023 1265 5079 constat
1291 5032 1370 5078 ex
1397 5016 1514 5078 iilis
1543 5016 1705 5078 Scri-

207 5106 378 5181 pturis,
397 5110 612 5188 quibus
633 5125 823 5191 snpra
843 5110 1228 5173 ostendimus
1247 5128 1324 5172 eu
1334 5111 1538 5172 mdem
1565 5126 1700 5171 esse

213 5210 386 5259 verum
407 5202 594 5266 Deum
621 5211 684 5267 et
708 5219 928 5267 verum
951 5204 1272 5266 hominem
1294 5220 1316 5284 ;
1347 5210 1410 5266 et
1437 5204 1560 5265 alia
1581 5210 1702 5267 tes-

217 5283 424 5354 timonia
448 5296 506 5357 iu
527 5299 936 5379 sequentibus
957 5298 1316 5361 afferemus.
1347 5298 1526 5359 Ratio
1551 5316 1700 5361 vero

225 5386 477 5465 05²›quia,
518 5392 765 5471 quando
811 5394 951 5453 duze
1001 5391 1216 5453 formoe
1243 5392 1609 5453 velnaturse
1633 5392 1704 5453 in

227 5473 396 5538 eodem
421 5486 720 5565 supposito
749 5486 1001 5549 realiter
1025 5484 1348 5557 uniuntur,
1373 5485 1452 5549 de
1481 5485 1704 5549 eodem

3202 313 3329 381 ms

1761 418 2030 493 possunt
2056 430 2203 477 vere
2230 412 2579 494 praedicari.
2603 412 2781 481 Unde
2803 412 2899 491 fit,
2916 417 3077 483 utin
3102 418 3329 487 ordine

1766 506 1848 569 ad
1875 507 2041 571 idem
2071 508 2486 589 suppositum,
2508 508 2761 574 seusuh
2788 510 3154 579 nominihus
3173 532 3328 579 eon·-

1763 602 2125 665 notantibus
2150 602 2317 667 idem
2342 602 2759 681 suppositum,
2786 604 3031 683 possint
3046 609 3329 689 proprie-

1761 699 1922 757 tates
1952 696 2144 760 unius.
2168 700 2411 761 nature)
2446 695 2527 757 de
2572 694 2895 761 individuo
2940 716 3057 761 seu
3096 718 3327 781 suppo·

1763 787 1886 849 sito
1932 788 2193 855 alterius
2241 795 2481 854 naturae
2508 788 2853 868 praedicari.
2888 790 3061 855 Utin
3106 792 3327 859 formis

1763 882 2255 945 accidentalibus
2282 889 2560 949 constat:
2580 883 2753 947 calor
2778 885 2949 947 enim
2976 891 3043 950 et
3072 887 3325 966 albedo,

1759 975 1812 1037 si
1853 975 2061 1041 eidem
2108 977 2455 1057 supposito,
2484 977 2655 1041 verbi
2694 978 2917 1057 gratia,
2971 979 3176 1057 Petro,
3230 983 3325 1045 in-

1761 1070 1909 1143 sint,
1941 1070 2023 1135 de
2053 1070 2279 1135 eodem
2306 1069 2759 1149 pmdieantm;
2788 1071 2957 1139 unde
2980 1071 3052 1135 fit
3084 1081 3155 1137 ut
3202 1074 3325 1140 hoc

1761 1164 1979 1229 album
2008 1164 2255 1231 dicatur
2282 1164 2577 1238 calidum.
2612 1170 2677 1227 et
2704 1184 2739 1230 e
2764 1184 3087 1231 converso.
3116 1168 3237 1231 Sed
3256 1169 3325 1231 in

1758 1260 1881 1323 hoc
1914 1260 2215 1341 mysterio
2244 1258 2387 1325 dum
2415 1265 2659 1323 naturoe
2684 1259 2989 1323 uniuntur
3033 1261 3325 1325 substan,-

1763 1354 1999 1419 tialiter
2024 1352 2231 1419 sidem
2260 1355 2619 1433 supposit03
2655 1371 2807 1432 ergo
2834 1353 3091 1420 nemina
3124 1354 3325 1435 signi-

1763 1448 2019 1513 ficantia
2063 1446 2201 1513 illes
2254 1453 2513 1513 naturas
2562 1447 2625 1512 in
2675 1446 2897 1513 ordine
2924 1446 3007 1509 ad
3034 1448 3325 1527 supposi-

1761 1551 1924 1617 tum,
1956 1548 2023 1607 ut
2058 1547 2227 1613 sunt,
2254 1540 2423 1607 lemno
2470 1546 2537 1603 et
2582 1542 2773 1615 Dm,
2824 1558 2973 1605 vere
3026 1540 3324 1620 praediea-

1762 1636 2001 1701 buntur
2026 1636 2109 1699 de
2144 1636 2251 1699 illo
2298 1635 2649 1715 supposito,
2702 1636 2803 1699 cui
2850 1641 3113 1699 nunnus
3154 1636 3325 1714 ipsas

1763 1732 2113 1813 applicant,
2143 1731 2481 1811 ipsumque
2508 1730 2577 1793 in
2619 1729 2743 1791 illis
2769 1728 3107 1795 subsistere
3134 1729 3325 1811 signi-

1761 1826 1955 1889 ficant
1967 1842 1989 1905 3
2022 1825 2189 1889 unde
2204 1825 2397 1889 etism
2422 1823 2495 1889 fit
2518 1829 2589 1888 ut
2616 1840 2815 1889 unum
2828 1822 2909 1887 de
2938 1822 3137 1888 altero
3155 1825 3325 1891 iuter

1765 1936 1834 1983 se
1867 1939 2015 1983 vere
2063 1918 2459 2000 predicetur.
2496 1918 2673 1991 Quod
2722 1934 2841 1999 per
2884 1918 3321 1997 syllogismum

1763 2014 2207 2093 expositorium
2218 2012 2401 2077 facile
2416 2012 2627 2093 colligi
2640 2017 2847 2093 potest
2863 2031 2881 2087 ;
2902 2029 3057 2076 nam
3074 2012 3131 2075 si
3148 2011 3324 2077 Chri-

1763 2113 1894 2171 stus
1937 2114 2034 2171 est
2082 2110 2303 2187 homo,
2348 2115 2413 2173 et
2454 2108 2733 2171 Christus
2778 2113 2877 2173 est
2910 2108 3113 2183 Deus,
3166 2124 3321 2189 ergo

1763 2202 1953 2265 homo
1976 2208 2069 2265 est
2094 2204 2287 2267 Deus.

1843 2300 1906 2359 6.
1956 2294 2223 2376 objectio
2256 2298 2581 2377 primm-
2606 2294 2733 2361 sed
2778 2296 2907 2359 duo
2948 2294 3135 2373 objici
3180 2312 3323 2373 pos·

1765 2391 1912 2451 sunt
1931 2391 2147 2449 contra
2170 2387 2333 2449 hanc
2358 2386 2693 2461 rationem,
2716 2386 2887 2465 quia,
2918 2384 3063 2449 licet
3088 2401 3323 2449 nomen

1765 2479 2127 2561 significans
2153 2480 2417 2543 formam
2446 2478 2906 2545 accidentalem
2934 2494 3077 2541 vem
3104 2476 3324 2556 praedi·

1763 2582 1942 2639 cetur
1968 2574 2051 2637 de
2088 2574 2413 2656 supposito
2438 2592 2557 2637 seu
2604 2573 2885 2653 subjecto
2912 2570 3053 2637 talis
3080 2569 3321 2649 formae,

1763 2671 1916 2751 quis
1933 2668 2307 2749 proedicauu·
2330 2667 2819 2736 denominative.
2848 2672 3065 2731 tamen
3084 2681 3324 2730 nomen

1765 2762 2203 2838 substantiale,
2230 2768 2298 2823 ut
2322 2767 2421 2823 est
2445 2762 2639 2836 bomo,
2660 2778 2789 2825 non
2816 2758 3189 2839 praedicatur
3199 2756 3324 2822 nisi

1765 2858 1848 2921 de
1865 2856 2216 2937 supposito,
2246 2854 2419 2935 quod
2442 2854 2774 2917 intrinsece
2802 2858 2865 2919 et
2908 2850 3327 2917 essentialiter

1767 2951 2165 3015 constituitur
2178 2950 2475 3031 perillam
2490 2956 2807 3021 naturam,
2826 2946 3141 3027 quomodo
3172 2963 3327 3026 prm·-

1765 3046 2011 3109 dicatur
2035 3045 2229 3121 homo,
2274 3044 2354 3105 de
2382 3045 2605 3115 Petroz
2641 3040 2921 3105 Verbum
2944 3045 3155 3102 sutem
3192 3056 3325 3104 non

1767 3139 1852 3203 itu
1875 3138 2273 3201 constituitur
2296 3154 2410 3218 per
2427 3135 2905 3210 humanitatem,
2936 3138 3009 3195 ut
3056 3138 3323 3197 constat.

1849 3236 1912 3293 7.
1960 3232 2220 3311 objeotio
2262 3232 2541 3295 secunda.
2590 3260 2675 3279 --·
2722 3226 3013 3293 Secunda
3056 3226 3326 3306 objectio

1771 3332 1890 3399 est,
1919 3325 2069 3405 quis
2088 3326 2154 3387 in
2184 3325 2303 3387 hac
2330 3324 2595 3388 materia
2646 3321 2930 3387 collectio
2980 3319 3327 3401 syllogismi

1769 3419 2129 3500 expositorii
2154 3436 2283 3481 non
2312 3424 2409 3479 est
2430 3416 2735 3492 formalis,
2762 3421 2837 3479 ut
2858 3417 3031 3495 patet
3069 3415 3133 3477 in
3160 3412 3329 3477 simi-

1769 3517 1812 3577 li
1839 3534 1856 3578 :
1887 3516 2017 3578 Hic
2045 3513 2209 3578 Deus
2234 3516 2325 3579 ost
2356 3512 2523 3577 homo
2548 3534 2575 3581 ;
2607 3512 2707 3575 hie
2726 3510 2897 3576 Dm
2944 3512 3035 3573 est
3074 3508 3271 3571 Pater
3300 3531 3327 3579 ,·

1774 3628 1914 3693 erqo
1926 3610 2123 3673 Pater
2140 3613 2225 3671 ost
2244 3605 2597 3677 honquuse
2621 3604 2813 3667 illatio
2840 3600 3015 3663 nulla
3044 3606 3161 3677 est,
3181 3600 3329 3681 quia

1775 3702 2181 3784 syllogismus
2209 3718 2337 3763 non
2360 3708 2453 3763 est
2478 3716 2702 3761 revera
2725 3694 3155 3775 expositorium,
3180 3694 3329 3774 quia

1776 3798 2055 3861 medium
2084 3815 2212 3859 non
2240 3801 2337 3859 est
2362 3794 2639 3877 perfecte
2662 3791 3020 3871 singular&
3050 3807 3124 3854 ex
3152 3796 3329 3868 parte

1779 3894 1946 3954 enim
1976 3893 2463 3972 suppositorum,
2493 3906 2607 3969 pro
2632 3886 2861 3968 quibus
2876 3884 3196 3963 supponit,
3238 3888 3332 3946 est

1775 4001 2111 4049 commune
2150 3985 2387 4048 multis.
2413 3983 2585 4049 Idem
2614 3986 2827 4046 autem
2854 3978 3133 4039 defectus
3154 3976 3330 4041 vids-

1773 4087 1879 4143 tur
1907 4097 2045 4141 esse
2074 4079 2141 4141 in
2191 4078 2548 4159 proposito;
2584 4092 2759 4149 nam,
2808 4074 2967 4135 sicut
3006 4068 3113 4134 hic
3162 4071 3331 4134 Deus

1777 4174 1928 4235 dicit
1945 4174 2111 4235 hanc
2150 4178 2441 4235 naturam
2470 4172 2539 4233 in
2590 4167 2806 4233 multis
2840 4164 3196 4245 suppositis,
3244 4164 3329 4227 ita

1775 4268 2055 4330 Christus
2101 4266 2251 4329 dicit
2286 4266 2459 4329 idem
2506 4262 2899 4345 suppositum
2950 4258 3072 4322 suh
3122 4259 3331 4323 multis

1775 4362 2042 4423 naturis.

1855 4456 1918 4517 8.
1964 4456 2295 4535 Responsio
2309 4454 2537 4534 mma.
2554 4452 2743 4515 -Ad
2779 4451 3049 4534 primam
3076 4466 3335 4530 respon·

1781 4549 1986 4627 detur,
2012 4548 2395 4611 antecedens
2445 4564 2581 4609 esse
2635 4563 2855 4609 verum
2897 4545 2963 4607 in
3014 4543 3333 4623 supposito

1781 4644 2173 4707 connaturali
2209 4649 2271 4705 et
2301 4644 2553 4723 proprio
2596 4646 2837 4703 naturae
2886 4637 3331 4715 substantialis,

1779 4738 1951 4815 quod
1967 4749 2103 4798 non
2138 4738 2511 4817 supponitur
2552 4740 2815 4808 natura,
2858 4731 2971 4793 sed
3014 4731 3231 4795 exilia
3272 4736 3337 4793 et

1783 4831 2183 4893 subsistentia
2210 4831 2605 4894 constituitur
2630 4829 2753 4891 tale
2783 4826 3173 4905 suppositum
3208 4844 3224 4899 3
3273 4832 3338 4887 at

1781 4940 1930 4985 vero
1960 4924 2026 4985 in
2056 4924 2178 4985 hoc
2222 4925 2523 5005 mysterio
2554 4922 2944 5004 suppositum
2996 4919 3205 4999 ipsum
3243 4926 3339 4983 cst

1781 5034 1900 5098 per
1925 5034 1993 5081 se
2020 5018 2390 5098 perfectum,
2412 5024 2473 5079 et
2508 5016 2882 5097 supponitur
2906 5012 3203 5077 humano
3228 5030 3339 5075 na-

1781 5118 1961 5185 turae,
1984 5128 2101 5191 per
2132 5127 2325 5191 quam
2350 5129 2479 5173 non
2508 5108 2904 5172 comtittritur
2930 5108 3000 5171 in
3028 5122 3167 5171 esse
3181 5106 3338 5169 sim·

1782 5204 2048 5285 pliciter,
2082 5205 2195 5267 sed
2219 5211 2465 5267 tantum
2482 5204 2553 5265 in
2593 5220 2729 5265 esse
2774 5201 3072 5274 hominis,
3102 5206 3166 5263 et
3217 5200 3339 5265 hoc

1784 5300 1932 5361 satis
1959 5303 2058 5362 est
2083 5306 2159 5361 ut·
2178 5301 2379 5379 possit
2404 5297 2686 5359 homode
2716 5294 3167 5374 illo-supposito
3188 5310 3339 5355 vero

1783 5392 2141 5474 praedicari,
2171 5393 2323 5472 quia
2356 5392 2515 5453 ratio
2544 5391 2819 5452 hominis
2842 5384 2911 5451 in
2934 5388 3053 5449 hoc
3104 5386 3339 5449 consis-

1789 5489 1884 5565 tit,
1905 5494 1975 5549 ut
1998 5506 2110 5566 per
2138 5487 2595 5549 humanitatem
2648 5480 3139 5548 substantialiter
3164 5498 3337 5541 cons-
