3892 6167
1361 358 1679 414 msvuTAT.
1729 359 1805 412 Ll.
1855 357 2025 412 SECT.
2062 361 2123 414 ll.
3221 367 3337 426 545

75 457 218 516 -1110
257 458 547 535 01111111ος
572 475 724 538 ergo
747 475 876 518 non
902 462 1086 518 erunt
1113 459 1290 518 00100
1317 458 1694 520 adorationis

72 552 400 628 proprie,
455 557 524 611 ut
575 550 656 610 ad
699 549 1072 631 religionem
1121 550 1426 629 pertinet3
1458 550 1694 630 alioqui

71 643 622 709 zonfunderetur
651 646 874 726 religio
901 663 1044 707 eum
1074 645 1212 707 aliis
1239 646 1593 708 virtutibus.
1619 647 1694 708 Et

71 737 542 802 :enfil-matur
571 739 799 820 primo,
841 755 1022 812 nam,
1053 738 1108 799 si
1151 737 1218 799 in
1250 740 1461 818 aliquo
1491 758 1566 802 ex
1594 739 1692 800 his

72 830 364 892 ictibus
395 839 612 914 posset
655 851 790 894 esse
834 833 1088 913 propria
1119 832 1401 894 adoratio
1417 877 1437 908 ,
1469 833 1692 894 eadem

71 925 359 987 ratione
395 927 682 1006 quolibet
707 933 854 988 actu
875 925 1136 987 ‘virtutis
1171 932 1382 1006 posset
1409 926 1692 988 adoratio

70 1020 443 1092 exer-ceth
486 1021 634 1101 quia
681 1019 939 1100 quilibet
985 1025 1164 1081 actus
1202 1020 1444 1082 virtutis
1487 1021 1694 1099 placet

69 1113 214 1173 Deo
241 1157 264 1185 ,
305 1119 382 1176 et
427 1121 636 1196 901001
676 1115 742 1176 in
771 1131 919 1176 eum
967 1114 1131 1174 utin
1165 1113 1454 1175 ultimum
1495 1113 1690 1176 finem

69 1203 326 1268 referri
345 1251 372 1282 ,
409 1214 600 1285 etque
631 1206 792 1269 adeo
837 1206 920 1267 ad
945 1206 1086 1285 ejus
1127 1205 1433 1268 honorem
1467 1212 1534 1269 et
1559 1207 1691 1286 glo·

69 1299 252 1362 riam
299 1300 619 1374 ordinari,
645 1300 826 1379 juxta
855 1299 1012 1360 illud
1041 1317 1060 1360 ι
1094 1297 1406 1362 0011110111
1432 1299 1690 1383 yloffam

69 1393 196 1454 Dei
231 1395 481 1470 facite.
510 1395 617 1456 Est
659 1399 872 1455 autem
919 1393 1254 1456 ridiculum
1277 1393 1486 1454 dicere
1517 1393 1690 1455 elee-

69 1503 458 1566 mosynam
505 1505 644 1549 esse
689 1493 898 1549 actum
946 1487 1353 1564 adorationis,
1385 1494 1448 1548 et
1491 1486 1578 1548 010
1607 1487 1688 1549 de

70 1579 248 1640 11110.
293 1579 734 1643 confirmatur
760 1579 1040 1642 seeundo
1055 1623 1074 1656 ,
1110 1579 1260 1658 quia
1284 1579 1506 1640 vitium
1537 1580 1688 1641 ado-

67 1671 338 1734 rationi
371 1673 606 1735 11101οω
637 1673 994 1754 oppositum
1023 1689 1351 1751 nunquam
1379 1672 1690 1752 reperitur

67 1765 132 1826 in
165 1766 336 1829 solo
365 1773 520 1830 actu
544 1767 850 1842 interiori,
872 1783 1046 1837 nam,
1069 1766 1122 1827 si
1147 1767 1226 1827 sit
1251 1766 1318 1826 in
1341 1765 1682 1838 intellectu,

67 1859 208 1920 erit
237 1859 558 1935 haeresis;
593 1861 646 1920 si
674 1861 740 1921 in
769 1861 1116 1933 voluntate,
1157 1858 1279 1920 erit
1303 1865 1417 1920 aut
1443 1857 1682 1934 odium,

67 1958 192 2012 aut
227 1953 640 2034 desperatio,
661 1959 774 2016 ant
799 1951 1038 2032 aliquid
1056 1951 1415 2032 hujusmodi
1429 1968 1450 2030 3
1467 1958 1686 2015 contra

68 2046 556 2109 adorationem
585 2065 736 2108 vero
777 2064 1108 2127 nunquam
1136 2049 1256 2122 eat,
1291 2045 1412 2107 nisi
1441 2063 1556 2126 per
1585 2063 1688 2108 or-

67 2139 324 2202 dinem
359 2139 450 2202 ad
469 2146 684 2202 aetam
713 2139 1090 2203 exteriorem
1109 2183 1128 2214 ,
1161 2145 1231 2200 ut
1261 2139 1446 2200 estin
1470 2139 1693 2201 volun-

75 2241 218 2296 tate
255 2235 473 2296 dandi
501 2234 680 2296 alteri
701 2252 894 2314 quam
911 2236 1036 2296 Deo
1057 2233 1338 2295 divinum
1357 2233 1688 2308 honorem,

77 2333 200 2388 aut
233 2327 604 2389 exhibendi
647 2329 774 2390 Deo
813 2332 1030 2389 notam
1058 2325 1372 2388 inferioris
1403 2326 1681 2389 honoris.

165 2423 234 2482 t.
295 2419 600 2485 Semuncla
635 2420 860 2500 opinio.
891 2453 972 2466 -
997 2420 1284 2482 Secunda
1309 2418 1522 2500 opinio
1551 2437 1688 2482 esse

73 2517 350 2594 potest,
401 2513 836 2576 adorationem
863 2531 992 2576 non
1017 2513 1222 2575 solum
1265 2513 1398 2574 sine
1443 2512 1686 2574 actione

77 2612 382 2670 externa
407 2625 596 2688 90000
619 2607 908 2686 reperiri,
931 2623 1154 2669 verum
1178 2606 1370 2668 etiam
1397 2623 1687 2668 consum-

73 2701 252 2762 mari
283 2701 584 2782 possein
615 2700 750 2761 0010
781 2706 924 2762 actu
949 2718 1110 2779 pure
1139 2699 1444 2772 interiori,
1468 2699 1537 2759 id
1564 2705 1683 2776 est,

79 2794 314 2856 elicito
363 2797 614 2856 tantum
659 2811 698 2853 a
736 2794 1082 2856 voluntate.
1115 2793 1291 2854 Hanc
1320 2792 1685 2873 opinionem

78 2889 354 2951 indicat
387 2889 630 2964 scotus,
671 2888 738 2949 in
765 2889 828 2960 3,
870 2887 1016 2949 dist.
1045 2891 1110 2961 9,
1137 2904 1198 2966 q.
1233 2889 1292 2962 1,
1335 2886 1442 2948 ubi
1469 2887 1688 2950 distin-

81 2984 232 3064 guit
259 2987 494 3044 actum
537 2981 736 3044 latrioe
779 2981 1102 3043 internum
1131 2987 1194 3042 et
1225 2987 1590 3054 externum3
1625 2986 1688 3042 et

81 3075 270 3138 hune
304 3075 469 3136 dicit
493 3091 630 3136 esse
655 3074 904 3154 signum
933 3075 1132 3150 111100,
1159 3074 1334 3136 illum
1363 3091 1512 3136 vero
1539 3091 1688 3136 con-

82 3171 338 3232 sistere
369 3168 440 3228 10
465 3168 604 3241 1100,
629 3166 802 3246 quod
829 3167 1021 3228 bomo
1046 3167 1114 3228 in
1139 3167 1326 3229 corde
1349 3184 1466 3228 suo
1494 3167 1690 3230 extol-

83 3265 158 3325 lit
189 3261 497 3324 divinam
519 3259 870 3322 bonitatem
891 3265 1194 3339 tauquam
1225 3277 1540 3322 summam
1561 3278 1689 3322 res·

83 3363 296 3436 pecta
329 3373 470 3416 0οω
489 3353 808 3428 bonitatis,
827 3359 892 3416 et
911 3373 950 3415 a
969 3371 1096 3433 qua
1115 3354 1250 3434 ipse
1279 3355 1466 3416 homo
1491 3353 1686 3416 habet

85 3447 430 3528 quidquid
456 3447 602 3508 boni
631 3446 852 3524 baben
883 3452 944 3508 et
985 3445 1156 3508 11000
1186 3447 1546 3509 interiorem
1583 3465 1683 3508 ac-

85 3549 230 3604 tum
299 3541 402 3602 ait
455 3541 678 3603 Scotus
730 3539 966 3601 habere
1022 3557 1138 3619 pro
1185 3539 1426 3619 objecto
1477 3539 1681 3601 solum

88 3638 340 3710 Deum,
372 3639 444 3695 ut
471 3649 788 3694 summum
836 3631 1074 3694 bonum
1105 3635 1169 3694 et
1205 3649 1522 3694 summum
1571 3633 1684 3695 do-

85 3729 394 3798 mimum
423 3741 790 3806 quanquam
817 3743 946 3788 non
977 3725 1257 3787 declarat
1285 3743 1368 3787 an
1399 3727 1478 3787 sit
1505 3731 1682 3787 actus

89 3822 476 3884 intellectas
500 3837 584 3880 an
610 3819 970 3880 voluntatis.
1013 3819 1142 3880 Nec
1178 3819 1426 3880 videtur
1454 3818 1536 3880 01)
1563 3819 1684 3880 hac

91 3912 438 3977 sententia
459 3912 704 3973 alienus
731 3913 802 3972 D.
824 3911 1045 3972 Thom.
1070 3912 1131 3972 2.
1159 3915 1228 3986 2,
1253 3929 1316 3990 q.
1337 3914 1440 3984 st,
1469 3917 1586 3974 art.
1617 3916 1678 3989 1,

91 4009 176 4069 ad
214 4012 244 4070 1
271 4055 290 4079 ‚
329 4005 578 4078 abiait,
607 4022 706 4079 ea,
739 4022 881 4083 quae
909 4003 1182 4066 exterius
1207 4010 1482 4084 aguntur
1519 4005 1683 4069 circa

93 4103 350 4171 Deum,
375 4115 516 4162 0000
543 4097 726 4178 sigua
745 4097 1064 4158 interioris
1091 4098 1482 4160 reverentiae.
1505 4098 1580 4159 Et
1607 4115 1684 4159 ex

89 4194 224 4256 hoc
253 4193 406 4271 ipso
435 4190 738 4271 principio
765 4189 1144 4252 sumendum
1173 4193 1268 4251 est
1311 4188 1684 4252 fundamen-

93 4293 244 4348 tum
291 4285 486 4364 hujus
523 4285 868 4346 sententiae.
897 4285 1055 4346 Nam
1083 4283 1364 4346 adoratio
1411 4283 1684 4346 exterior

93 4379 202 4440 vel
239 4377 396 4438 ficta
419 4383 536 4453 est,
558 4377 662 4439 vel
681 4376 978 4456 supponit
1001 4375 1388 4453 interiorem,
1411 4393 1680 4454 eamque

93 4469 415 4552 exprimit
459 4475 650 4549 atque
701 4469 1046 4548 significan
1099 4487 1251 4547 ergo
1299 4461 1428 4531 non‘
1475 4473 1682 4548 potest

95 4582 268 4626 vera
314 4561 598 4624 adoratio
643 4563 708 4623 in
750 4562 884 4624 solo
927 4561 1218 4624 exteriori
1263 4567 1410 4623 actu
1447 4561 1684 4624 consis-

103 4664 276 4720 lere.
308 4655 386 4716 Et
411 4654 821 4717 confirmatur
852 4654 1230 4717 declarando
1259 4655 1463 4732 qualis
1491 4654 1685 4733 possit

101 4767 262 4814 esse
311 4748 676 4827 hujusmodi
720 4754 920 4810 actus.
973 4749 1152 4820 Nam,
1193 4746 1448 4828 quando
1493 4747 1684 4808 homo

97 4845 250 4908 vult
273 4842 574 4906 exhibere
593 4843 723 4904 Deo
745 4842 926 4922 signa
948 4849 1208 4904 externa
1231 4841 1681 4914 submissionis,

97 4937 321 5001 multo
350 4935 552 5016 magis
595 4936 730 4998 vult
771 4935 1009 4998 habere
1055 4931 1256 4996 Deum
1291 4941 1362 4996 ut
1405 4934 1683 5013 superio-

99 5047 252 5094 rem
297 5035 362 5090 et
411 5027 761 5105 dominum,
811 5034 874 5089 et
916 5027 1178 5089 subesse
1219 5026 1346 5100 illi;
1384 5044 1534 5106 ergo
1581 5025 1682 5086 hic

99 5126 288 5188 idem
323 5128 498 5184 actus
521 5121 865 5184 voluntatis
893 5125 989 5183 001
1014 5121 1288 5181 maxima
1317 5125 1380 5180 et
1405 5118 1684 5198 perfecta

103 5217 228 5280 Dei
273 5214 579 5277 adoratio.
633 5217 792 5276 Nam
815 5257 836 5290 ,
886 5214 938 5275 si
987 5213 1128 5292 quis
1176 5212 1356 5274 illum
1407 5211 1640 5273 habeat
1657 5255 1678 5287 ,

107 5309 412 5391 quamvis
451 5307 692 5370 nullam
733 5307 874 5387 ejus
913 5312 1238 5370 externam
1281 5304 1686 5385 significatio-

111 5421 274 5468 nem
295 5401 610 5478 exhibeat,
633 5401 700 5462 in
721 5400 944 5481 spiritu
963 5408 1026 5466 et
1043 5401 1304 5463 veritate
1323 5399 1470 5462 colit
1489 5401 1688 5462 Deum

115 5517 200 5562 ac
227 5501 576 5560 reveretur.
963 5529 968 5535 ·

451 5618 630 5668 xvm.

1853 461 1914 518 5.
1962 459 2043 519 Ut
2078 455 2383 538 explicem
2424 477 2637 520 veram
2668 467 3076 542 sententiam,
3110 487 3338 548 suppo-

1771 569 1881 625 no,
1911 569 1989 611 ex
2019 554 2077 612 1.
2108 555 2168 620 2,
2203 552 2577 613 exteriorem
2612 561 2819 616 actum
2863 557 3177 622 interdum
3224 581 3338 642 ap-

1773 643 1993 724 pellari
2038 662 2291 706 omnem
2331 645 2507 706 illum
2554 647 2663 726 qui
2700 647 2783 710 ab
2818 649 2941 712 alio
2972 659 3115 715 actu
3144 654 3339 735 priori

1771 737 2111 799 voluntatis
2152 739 2497 820 imperatus
2544 747 2662 818 est,
2694 742 2823 806 sive
2870 761 2989 824 per
3028 729 3338 810 exteriora

1773 831 2096 907 membra,
2129 833 2257 894 sive
2295 849 2410 913 per
2442 826 2823 898 intellectum
2846 881 2861 912 ‚
2893 838 3020 902 imo
3052 841 3241 903 etiam
3280 841 3333 903 si

1773 941 1887 1004 per
1905 925 2291 988 voluntatem
2321 927 2521 1006 ipsam
2552 933 2920 993 exerceatur
2946 949 2962 1005 ;
2992 935 3332 1014 aliquando

1771 1035 1922 1080 vero
1952 1017 2163 1080 stricte
2204 1019 2367 1080 sumi
2395 1037 2511 1100 pro
2540 1027 2687 1084 0010
2726 1023 2837 1103 qui
2863 1042 2980 1106 per
3022 1028 3332 1090 exteriora

1773 1111 2059 1172 membra
2098 1121 2460 1186 exerceturz
2504 1114 2676 1178 unde
2719 1133 2755 1178 e
2802 1120 3113 1181 contrario
3159 1125 3335 1182 aetus

1773 1203 1964 1264 etiam
2012 1205 2273 1268 interior
2321 1206 2387 1266 in
2442 1206 2675 1286 duplici
2723 1209 3087 1290 acceptione
3130 1212 3335 1290 posita

1771 1297 1936 1358 sumi
1980 1303 2224 1376 potest,
2254 1306 2329 1361 ut
2356 1317 2474 1380 per
2512 1317 2583 1361 se
2628 1307 2895 1364 constat.
2927 1304 2997 1365 10
3044 1305 3335 1383 praesenti

1771 1407 1924 1469 ergo
1974 1391 2185 1453 stricte
2226 1392 2543 1472 loquimur
2586 1394 2667 1456 de
2712 1401 2855 1457 actu
2886 1398 3173 1459 exteriori
3220 1401 3333 1458 hn-

1769 1499 1992 1556 mano,
2034 1483 2143 1562 qui
2170 1501 2287 1564 per
2330 1486 2613 1547 membra
2640 1489 2921 1566 corporis
2964 1496 3329 1562 exercetur;

1771 1575 1973 1640 obiter
1998 1582 2213 1640 tamen
2242 1577 2525 1640 dicemus
2551 1579 2631 1641 de
2669 1579 2841 1642 omni
2880 1588 3023 1644 actu
3050 1583 3331 1646 interiori

1771 1675 1836 1730 et
1883 1669 2180 1733 exteriori
2224 1677 2511 1752 respectu
2538 1672 2911 1750 voluntatis,
2942 1681 3009 1737 et
3046 1683 3337 1756 respectu

1768 1761 1934 1824 111100
1958 1769 2159 1840 00100,
2182 1765 2289 1843 qui
2312 1765 2601 1846 proxime
2622 1765 2867 1829 elicitur
2895 1768 2975 1829 ab
3000 1785 3077 1830 ea
3103 1770 3333 1832 virtute

1767 1857 2129 1946 voluntatis,
2152 1876 2279 1938 qua
2298 1861 2497 1922 Deum
2526 1860 2883 1924 adoramus.

1843 1954 1910 2014 6.
1954 1954 2181 2016 Prima
2208 1955 2490 2019 assertio.
2519 1987 2601 2003 —
2624 1957 2777 2020 Dico
2808 1957 3015 2038 primo
3044 1980 3061 2021 ε
3094 1958 3163 2022 in
3190 1965 3336 2022 actu

1773 2063 1949 2106 mere
1972 2046 2221 2108 interno
2246 2053 2311 2108 et
2334 2047 2639 2127 spirituali
2669 2053 2879 2129 potest
2898 2053 3159 2131 reperiri
3182 2071 3331 2116 vera

1775 2145 1838 2200 et
1853 2139 2283 2218 propriissime
2306 2141 2417 2204 Dei
2436 2141 2741 2218 adoratio,
2764 2159 2895 2205 non
2914 2144 3124 2206 minus
3140 2161 3333 2225 quam

1776 2231 1993 2294 oratio.
2020 2233 2167 2294 Haec
2194 2233 2455 2296 assertio
2481 2240 2576 2297 est
2608 2237 2963 2298 communis
2987 2238 3335 2318 Theologu-

1773 2343 1914 2388 rum
1962 2342 2107 2386 cum
2146 2325 2477 2406 Mag-istro,
2511 2326 2576 2387 in
2614 2329 2675 2404 3,
2706 2328 2849 2390 dist.
2878 2332 2941 2404 9,
2970 2329 3077 2392 ubi
3116 2345 3336 2392 omnes

1765 2418 2159 2499 distinguunt
2188 2418 2501 2498 duplicem
2528 2419 2986 2496 adorationem,
3016 2422 3330 2484 internam

1769 2518 1832 2574 et
1865 2517 2217 2574 externam.
2248 2512 2397 2585 Quae
2431 2513 2745 2576 distinctio
2776 2513 3095 2594 duplicem
3122 2521 3330 2596 potest

1767 2604 2005 2668 habere
2034 2623 2313 2668 sensum.
2339 2607 2517 2668 Unus
2540 2611 2657 2682 est,
2682 2612 2755 2667 ut
2778 2606 2913 2686 ipse
2935 2605 3197 2670 affectus
3218 2625 3332 2670 000

1765 2698 2059 2760 voluntas
2102 2697 2406 2760 adorandi
2430 2705 2695 2762 vocetur
2722 2699 3005 2762 adoratio
3052 2700 3299 2764 interna
3316 2748 3330 2776 ,

1766 2795 1838 2851 ut
1857 2790 2219 2870 praescindit
2242 2789 2481 2871 abipso
2506 2791 2675 2854 cultu
2702 2811 2817 2856 seu
2838 2793 3137 2856 exercitio
3168 2794 3329 2875 ejus,

1767 2885 1878 2962 qui
1895 2884 2365 2964 comparatione
2388 2883 2555 2947 111100
2572 2887 2911 2948 voluntatis
2926 2885 3169 2948 dicetur
3184 2887 3333 2950 ado-

1769 2979 1928 3039 ratio
1968 2983 2263 3039 externa.·
2294 2979 2420 3040 Sed
2448 2997 2577 3042 non
2610 2990 2707 3041 est
2734 2979 2870 3042 11000
2894 2979 3117 3042 divisio
3142 2979 3333 3043 usita-

1769 3077 1833 3133 ta
1883 3072 1951 3132 10
2004 3071 2125 3134 1100
2170 3089 2398 3150 0000ος
2438 3091 2557 3135 nec
2602 3091 2720 3134 000
2750 3091 2922 3136 nunc
2966 3073 3215 3154 agimus
3252 3072 3332 3136 de

1771 3167 1902 3227 sola
1956 3165 2060 3226 illa
2106 3166 2430 3228 voluntate
2482 3166 2789 3228 adorandi
2813 3210 2829 3240 ‚
2884 3184 3025 3246 quas
3074 3168 3331 3246 praecise

1769 3266 2024 3338 sumpta
2050 3261 2257 3339 potius
2278 3265 2374 3323 est
2392 3261 2781 3340 propositum
2814 3259 3119 3323 adorandi
3138 3279 3331 3342 quam

1765 3353 1906 3434 ipsa
1933 3352 2259 3430 adoratio;
2291 3353 2451 3414 sicut
2478 3351 2884 3427 desiderium,
2916 3353 3021 3414 vel
3046 3353 3333 3417 voluntas

1763 3445 2021 3526 petendi
2038 3463 2168 3507 non
2188 3452 2283 3507 est
2303 3445 2526 3518 oratic,
2542 3445 2653 3506 sed
2670 3445 3063 3524 propositum
3080 3447 3300 3508 orandi
3312 3491 3327 3506 .

1765 3539 1903 3600 Alio
1931 3555 2085 3616 ergo
2120 3537 2311 3600 modo
2340 3537 2566 3599 dicitur
2590 3537 2875 3600 adoratio
2900 3538 3171 3614 interna,
3202 3539 3329 3602 cul-

1764 3638 1888 3708 tus,
1917 3632 2027 3711 qui
2053 3631 2359 3712 spirituali
2386 3631 2631 3694 actione
2660 3632 2891 3693 mentis
2914 3631 3241 3712 perficitur
3270 3637 3335 3694 et

1763 3731 2268 3800 consummatur,
2298 3730 2362 3786 et
2388 3725 2475 3786 ita
2502 3723 2905 3804 distinguitur
2932 3743 2971 3785 a
2998 3724 3173 3786 cultu
3216 3725 3331 3804 qui

1765 3817 2095 3880 exhibetur
2132 3836 2247 3897 per
2298 3835 2527 3898 corpus
2566 3817 2669 3878 vel
2716 3835 2821 3877 res
2856 3833 3223 3896 corporeas,
3270 3825 3337 3880 ct

1761 3910 1884 3973 hoc
1932 3911 2123 3972 modo
2159 3910 2463 3972 adhibent
2504 3908 2809 3989 Theologi
2851 3927 2995 3972 eam
3041 3909 3329 3988 partitio-

1761 4021 1951 4082 nem3
1978 4010 2042 4066 et
2078 4004 2319 4065 cultum
2352 4009 2683 4066 externum
2718 4020 2837 4082 per
2862 4002 3045 4082 signa
3074 4009 3333 4068 externa

1765 4105 1828 4161 et
1853 4097 2173 4160 sensibilia
2204 4097 2483 4158 exerceri
2511 4094 2724 4157 dicunt
2740 4139 2761 4172 ,
2791 4112 2933 4176 quse
2976 4099 3335 4180 numeravit

1765 4192 2051 4266 Aristot„
2078 4195 2107 4253 1
2140 4191 2353 4265 Rhet„
2375 4209 2431 4252 0.
2456 4192 2518 4262 5,
2548 4189 2801 4252 dicens:
2827 4189 3103 4254 Honoris
3121 4196 3332 4270 partes

1763 4289 1908 4348 sunt
1947 4302 2152 4360 sacra,
2196 4281 2675 4358 memor-aciones,
2719 4283 3161 4347 decantationes
3200 4303 3336 4348 car-

1763 4376 2017 4454 minum,
2040 4386 2147 4443 out
2174 4377 2386 4440 soluta>-
2413 4377 2709 4440 orationis
2744 4376 2828 4440 ad
2850 4377 3086 4440 laudem
3115 4380 3336 4443 recitet·

1763 4471 1874 4546 tio,
1906 4471 2193 4553 proemia.
2234 4469 2507 4543 delubra,
2533 4469 2725 4549 primi
2770 4485 3103 4550 consessus,
3132 4475 3333 4554 sepul·-

1720 4628 1726 4635 ,
1764 4563 1933 4639 oltra,
1960 4563 2191 4642 publici
2217 4561 2402 4638 ritus,
2432 4563 2732 4627 inclinari
2746 4607 2763 4636 ‚
2794 4562 2923 4628 loco
2948 4565 3165 4639 cedere,
3201 4585 3337 4630 mu-

1763 4673 1914 4720 nera
1927 4656 2175 4730 deterre,
2200 4661 2350 4731 etc„
2372 4673 2511 4734 quoe
2542 4656 2753 4716 omnia
2776 4662 3062 4735 possunt,
3085 4665 3334 4722 servata

1766 4747 2195 4829 proportione,
2220 4745 2303 4808 ad
2332 4747 2572 4809 cultum
2608 4747 2993 4810 adorationis
3020 4749 3324 4829 adaptari.

1766 4840 2135 4902 Interiorem
2193 4845 2407 4902 autem
2466 4840 2703 4903 cultum
2758 4840 2975 4902 dicunt
3030 4841 3335 4926 Theologi

1765 4933 2047 4997 exerceri
2086 4933 2329 4996 actibus
2374 4933 2729 4996 intellectus
2758 4940 2821 4996 et
2863 4934 3235 5014 voluntatis,
3268 4945 3334 5000 et

1762 5026 2109 5107 praesertim
2150 5027 2395 5088 actibus
2443 5026 2634 5102 fidei,
2689 5026 2823 5106 spei
2874 5032 2935 5090 et
2987 5028 3325 5094 charitatis».

1763 5123 1946 5196 Nam,
1980 5121 2127 5182 licet
2152 5118 2217 5180 hi
2248 5125 2425 5182 actus
2442 5163 2463 5192 ,
2494 5124 2564 5181 ut
2604 5125 2749 5180 sunt
2775 5117 2963 5182 eliciti
2986 5140 3027 5182 a
3056 5123 3187 5184 suis
3211 5125 3334 5186 vir-

1764 5213 2021 5286 tutibus,
2072 5211 2346 5274 habeant
2380 5229 2529 5272 suas
2572 5209 2897 5290 specificas
2944 5219 3007 5276 et
3045 5217 3331 5296 proprias

1765 5307 2155 5380 honestateS,
2198 5310 2435 5376 tamen,
2477 5307 2789 5382 quatenus
2819 5312 3225 5368 assumuntur
3261 5317 3333 5372 ut

1771 5397 2031 5479 quidam
2060 5400 2239 5460 actus
2258 5441 2275 5471 ,
2305 5396 2757 5460 accommodati
2792 5398 2875 5460 ad
2904 5398 3327 5465 exhibendum

1777 5494 1905 5554 Deo
1942 5493 2249 5554 honorem
2298 5496 2365 5552 ut
2412 5507 2707 5568 supremo
2746 5488 3029 5564 domino,
3062 5491 3331 5561 induunt

2936 5601 3011 5659 35
