3892 6167
1315 397 1636 453 ntsPunT.
1671 397 1848 451 xxxi.
1883 396 2054 451 SEGT.
2090 398 2173 451 vt.

149 500 218 561 lis
239 495 682 581 dependentiae
711 496 970 559 enectus
995 511 1034 557 a
1059 510 1280 569 causa;
1305 494 1530 577 loquor
1549 495 1716 557 enim

147 591 396 677 proprie
426 590 583 652 3113
605 589 819 673 rigore
847 588 927 651 de
954 588 1223 662 actione,
1249 596 1438 671 prout
1457 590 1522 651 in
1547 607 1719 653 crea·

147 686 302 749 turis
329 684 690 765 reperitur,
744 702 828 747 ne
868 684 1010 765 quis
1051 698 1412 747 sermonem
1453 684 1719 747 misceat

147 780 224 841 de
253 775 776 861 processionibus
801 774 1028 839 divinis
1049 776 1132 839 ad
1153 774 1344 853 intra,
1365 794 1530 857 quoe,
1555 776 1718 838 sicut

147 894 290 939 vere
319 870 770 955 dependentiae
811 891 944 935 non
989 878 1172 949 sunt,
1199 872 1290 935 ita
1317 890 1436 937 nec
1467 872 1717 955 proprie

147 968 430 1033 actiones
457 966 583 1034 dici
612 966 864 1040 debent,
897 964 1008 1029 sed
1033 964 1306 1047 origines
1333 984 1444 1031 seu
1470 982 1721 1047 proces-

155 1062 382 1125 siones.
417 1060 672 1141 Loquor
711 1058 860 1123 item
889 1058 968 1121 de
995 1058 1241 1122 actione
1270 1058 1613 1125 formaliter
1641 1078 1720 1125 ac

157 1156 402 1237 proprie
445 1159 837 1229 transeunte,
883 1170 996 1217 seu
1041 1152 1292 1215 realiter
1336 1154 1714 1233 procedente

155 1269 190 1309 a
218 1266 332 1311 suo
360 1246 675 1329 principio
693 1288 712 1319 ,
735 1264 821 1307 ne
852 1245 992 1327 quis
1017 1245 1206 1309 etiam
1231 1246 1493 1309 misceat
1515 1264 1716 1325 quaes-

157 1342 390 1405 tionem
435 1340 610 1403 illam
630 1385 647 1413 ,
680 1358 763 1403 an
805 1340 1036 1402 creatio
1051 1383 1074 1415 ,
1105 1339 1210 1401 vel
1239 1339 1534 1419 quaelibet
1576 1358 1716 1421 pro·

157 1435 362 1497 ductio
393 1434 760 1499 immediate
801 1452 839 1495 a
873 1435 998 1495 Deo
1035 1434 1202 1497 facta
1217 1478 1240 1511 ,
1275 1434 1354 1497 sit
1383 1436 1543 1498 actio
1589 1436 1715 1497 for-

159 1528 401 1591 maliter
424 1530 766 1603 transiens,
793 1544 1012 1589 necne.
1043 1528 1348 1609 Denique,
1382 1534 1450 1589 ut
1477 1528 1560 1591 ab
1587 1546 1721 1591 om·

161 1622 342 1684 nibus
371 1618 780 1701 opinionibus
804 1620 1164 1683 abstraham
1182 1666 1204 1697 ,
1230 1620 1456 1701 loquor
1500 1621 1582 1685 de
1613 1622 1720 1685 de·

160 1715 524 1797 pendentia,
551 1732 680 1797 qua
703 1714 1136 1795 unusquisque
1167 1713 1426 1777 effectus
1449 1731 1562 1777 seu
1590 1722 1718 1777 ter·-

161 1806 366 1869 minus
393 1806 662 1871 actionis
683 1806 920 1887 pendet
944 1826 982 1869 a
1009 1825 1125 1869 sua
1153 1824 1344 1869 causa
1369 1806 1714 1883 efficientem

163 1902 284 1963 sive
309 1902 486 1963 enim
513 1901 624 1963 illa
647 1901 1068 1981 dependentia
1095 1906 1353 1965 vocetur
1381 1901 1567 1975 33113,
1589 1901 1722 1965 sivo

165 1994 388 2075 passis,
420 1996 556 2057 sive
583 1994 1010 2075 dependentia
1037 1994 1287 2074 passiva
1304 2039 1326 2070 ,
1355 1993 1486 2055 sive
1513 1992 1614 2054 via
1638 1992 1721 2056 ad

163 2088 536 2165 terminum,
561 2087 788 2167 negari
815 2105 944 2151 non
969 2093 1178 2168 potest
1203 2086 1356 2167 quin
1394 2087 1499 2149 illa
1523 2087 1604 2149 sit
1626 2087 1721 2149 in-

167 2180 422 2245 trinsece
453 2180 558 2241 vel
591 2180 866 2243 identice
898 2180 966 2241 in
1007 2200 1078 2243 re
1119 2198 1259 2260 quae
1292 2180 1374 2241 ab
1403 2179 1526 2243 alia
1560 2198 1722 2261 pen-

165 2274 286 2349 det,
331 2281 392 2336 et
429 2272 623 2337 simul
653 2272 819 2337 dicat
849 2274 1243 2337 essentialem
1289 2272 1721 2339 habitudinem

167 2366 241 2431 ad
261 2366 645 2447 principium
671 2412 690 2442 ,
741 2386 784 2429 a
828 2385 952 2447 quo
1005 2366 1240 2447 pendet
1282 2384 1396 2428 sen
1441 2366 1716 2447 profluit.

167 2460 332 2523 [Iade
377 2458 452 2521 fit
483 2464 554 2521 ut
593 2458 736 2523 talis
767 2460 1066 2523 habitudo
1109 2458 1188 2523 sit
1212 2459 1725 2541 prorsusimmu·

175 2552 368 2617 13111113
393 2552 460 2615 in
492 2550 608 2615 tali
631 2553 1078 2633 dependentia,
1107 2555 1196 2617 ita
1225 2558 1294 2617 ut
1318 2554 1506 2617 etiam
1535 2554 1602 2615 in
1635 2554 1724 2615 in-

179 2646 404 2709 dividuo
449 2664 590 2709 non
631 2647 820 2726 possit
849 2648 978 2709 hoec
1001 2665 1270 2711 numero
1300 2646 1726 2727 dependentia

173 2740 522 2805 conservari
547 2739 690 2803 sine
708 2740 820 2803 tali
840 2740 1167 2821 principio,
1189 2740 1338 2820 quia
1361 2740 1518 2803 alias
1545 2757 1728 2819 opor-

169 2842 312 2896 teret
339 2852 542 2897 unam
587 2832 1080 2915 dependentium
1113 2851 1374 2897 manare
1415 2852 1532 2895 seu
1569 2851 1729 2913 pen·

172 2928 304 2991 dere
333 2948 372 2991 a
402 2947 526 2991 333
555 2927 868 3009 principio
896 2946 1010 3007 per
1039 2927 1228 2991 aliam
1257 2946 1340 2989 ex
1365 2934 1593 2989 natura
1631 2926 1726 2990 rei

169 3040 201 3082 a
228 3040 290 3085 33
317 3020 689 3085 distinctam
711 3066 729 3097 ‚
760 3021 932 3103 quod
975 3028 1072 3085 est
1113 3020 1496 3103 impossibile
1517 3064 1540 3096 ,
1569 3021 1726 3083 alias

170 3114 226 3177 in
261 3114 588 3177 infinitum
619 3114 1092 3197 procederetur.
1131 3116 1336 3195 Atque
1363 3115 1510 3177 hinc
1539 3114 1729 3179 etiam

169 3208 248 3285 fit,
270 3208 336 3269 in
366 3224 760 3287 unaquaque
787 3206 1210 3289 dependentia
1227 3252 1250 3285 ,
1293 3206 1728 3270 habitudinem

170 3301 242 3363 ad
267 3320 460 3362 suum
501 3300 886 3383 principium
913 3318 1054 3363 esse
1099 3300 1187 3363 illi
1223 3301 1726 3377 connaturalem,

168 3400 222 3457 et
238 3412 360 3456 non
383 3411 586 3474 posse
609 3410 750 3455 esse
771 3392 1336 3473 supernaturalem,
1363 3409 1478 3455 seu
1499 3393 1731 3455 extrin-

167 3506 334 3551 secus
375 3486 704 3561 additam;
756 3484 1002 3566 agimus
1041 3484 1216 3549 enim
1257 3484 1603 3551 formaliter
1645 3484 1728 3549 de

165 3580 422 3663 ipsamet
451 3578 905 3660 dependentia,
941 3585 1008 3641 et
1031 3597 1160 3641 non
1187 3576 1268 3641 de
1297 3598 1366 3643 re
1402 3596 1542 3659 quse
1577 3596 1730 3660 pen-

165 3674 297 3749 det;
327 3675 413 3737 ab
441 3674 572 3736 hac
609 3672 781 3737 enim
809 3672 1234 3753 dependentia
1263 3692 1342 3735 ex
1381 3680 1608 3735 natura
1633 3671 1730 3737 rei

173 3767 594 3851 distinguitur,
639 3772 860 3847 estque
888 3766 1114 3829 modus
1143 3766 1322 3846 ejus;
1353 3767 1526 3830 unde
1551 3766 1622 3830 fit
1659 3772 1730 3831 ut

177 3862 280 3937 rei,
299 3882 411 3939 sen
445 3863 726 3925 termino
756 3860 864 3939 qui
889 3858 996 3939 fit,
1023 3860 1226 3941 possit
1259 3861 1470 3941 aliqua
1491 3860 1730 3943 depen-

169 3955 366 4021 dentia
400 3974 550 4019 esse
578 3952 1099 4036 supernaturalis,
1121 3954 1176 4017 si
1203 3970 1308 4017 res
1331 3955 1440 4017 illa
1463 3972 1592 4017 non
1619 3954 1730 4019 fiat

163 4050 340 4115 modo
373 4046 810 4123 connaturali,
843 4047 958 4111 sed
985 4048 1481 4127 supernaturali;
1515 4054 1730 4111 tamen

158 4144 604 4227 dependentiae
661 4140 1000 4220 unicuique
1055 4138 1357 4205 habitudo
1409 4142 1492 4203 ad
1545 4158 1732 4205 suum

153 4236 546 4321 principium
569 4233 930 4299 necessario
961 4251 1100 4297 esse
1128 4234 1320 4299 debet
1353 4240 1732 4299 connatura-

151 4332 250 4407 lis,
307 4332 468 4413 quia
501 4335 600 4392 est
635 4327 976 4391 intrinseca
1003 4326 1288 4391 essentiae
1315 4326 1456 4408 ejus
1478 4371 1495 4403 ,
1527 4328 1732 4407 qualis

147 4426 211 4489 in
239 4422 622 4506 hujusmodi
666 4422 860 4485 rebus
889 4428 953 4485 et
979 4420 1186 4483 modis
1233 4439 1373 4485 esse
1399 4428 1626 4503 potest.
1657 4422 1732 4483 In

143 4518 456 4601 praesenti
496 4534 690 4596 erge,
723 4514 775 4577 si
803 4516 1027 4597 gratia,
1058 4514 1234 4577 verbi
1269 4514 1513 4597 gratia,
1547 4514 1732 4577 effec-

143 4613 272 4677 tive
317 4612 398 4675 fit
427 4630 468 4673 a
499 4627 696 4671 carne
716 4654 733 4683 ,
769 4612 1096 4684 contactu,
1145 4614 1256 4673 aut
1293 4626 1448 4671 voce
1478 4608 1728 4683 Christi,

141 4703 452 4787 quamvis
503 4702 596 4763 illi
647 4702 861 4785 gratioe
907 4700 1444 4781 praetematuralis
1492 4702 1571 4764 sit
1623 4701 1732 4763 1113

139 4798 386 4861 modus
407 4794 784 4870 effectionis,
803 4800 1020 4859 tamen
1035 4794 1122 4855 illi
1141 4794 1394 4871 actioni,
1411 4812 1528 4875 per
1541 4812 1734 4875 quam

140 4892 248 4954 1113
287 4896 358 4953 31
387 4907 570 4952 nunc
598 4888 798 4969 gratia
825 4888 932 4964 fit,
971 4886 1321 4951 essentialis
1352 4892 1543 4968 atque
1571 4886 1732 4950 adeo

139 4980 598 5047 connaturalis
643 4982 761 5043 erit
797 4980 1100 5043 habitudo
1143 4996 1257 5042 seu
1286 4980 1737 5045 transcenden-

143 5076 293 5138 talis
339 5072 510 5137 ordo
553 5071 639 5135 ad
679 5075 1024 5154 potentiam
1054 5072 1541 5137 obedientialem
1587 5072 1739 5136 3311·

145 5188 298 5231 vam
326 5214 346 5245 ‚
395 5184 546 5249 quai
577 5166 766 5228 estin
795 5185 945 5231 voce
963 5212 986 5245 ,
1033 5167 1135 5229 vel
1173 5168 1242 5229 in
1269 5184 1460 5229 carne
1488 5164 1736 5242 Christi,

147 5262 240 5323 ita
277 5267 354 5325 ut
387 5259 654 5323 omnino
681 5266 992 5341 repugnet
1016 5260 1180 5323 hanc
1205 5276 1472 5322 numero
1502 5259 1740 5339 depen-

155 5354 452 5417 dentiam
491 5370 754 5415 manere
805 5354 938 5415 sine
980 5350 1200 5416 urdine
1241 5352 1322 5417 ad
1361 5350 1488 5417 tale
1515 5350 1740 5433 princi-

1797 497 1930 577 to),
1962 495 2301 575 probatur,
2330 495 2483 579 quia
2506 495 2615 559 illa
2648 496 2811 559 actio
2842 502 2939 561 est
2982 500 3355 581 spiritualisz

1798 606 1953 670 ergo
1978 608 2109 651 non
2133 592 2341 670 potest
2364 590 2573 653 dicere
2600 590 3007 655 intrinsecum
3034 600 3101 657 et
3126 598 3361 660 conna-

1795 682 2069 745 turalem
2104 682 2391 745 ordinem
2439 682 2523 743 ad
2577 682 2957 764 principium
3008 688 3357 763 materiale,

1797 775 1946 856 quia
1976 793 2104 837 non
2133 776 2323 839 habet
2345 794 2491 839 cum
2506 776 2615 839 illo
2634 779 3103 858 proportionem
3128 798 3360 845 33333·

1795 870 2067 933 turalem
2082 913 2105 945 ,
2134 886 2275 949 qum
2298 870 2657 933 necessaria
2684 878 2803 945 est,
2842 872 3067 937 saltem
3090 874 3175 937 ad
3214 894 3360 938 333·

1797 962 2151 1025 naturalem
2222 963 2677 1027 habitudinem.
2748 964 3123 1046 Quanquam
3190 969 3359 1031 enim

1801 1055 1997 1137 gratis
2024 1053 2445 1119 concedamus
2470 1074 2605 1119 rem
2630 1056 3017 1137 spiritualem
3040 1077 3227 1141 posse
3256 1080 3360 1125 su·

1793 1147 2281 1229 pernaturaliter
2324 1148 2561 1213 habere
2600 1149 3091 1231 dependentiam
3120 1172 3159 1215 a
3186 1153 3359 1234 prin-

1793 1242 1959 1323 cipio
1984 1240 2317 1317 materiali,
2344 1246 2579 1327 tamen,
2605 1242 2777 1325 quod
2800 1244 2921 1307 hoc
2948 1244 3033 1309 sit
3056 1253 3361 1311 3333313·

1795 1336 1928 1399 rale
1952 1336 2043 1397 rei
2072 1334 2403 1414 spirituali,
2422 1340 2485 1399 et
2511 1337 2857 1416 praesertim
2890 1339 3231 1419 superioris
3262 1360 3361 1405 or-

1797 1428 1985 1505 dinis,
2030 1447 2158 1491 non
2205 1428 2450 1491 videtur
2488 1429 2919 1509 intelligibile3
2952 1434 3155 1508 31331,
3188 1435 3359 1517 quod

1799 1522 2093 1585 accidens
2136 1522 2457 1603 spirituale
2480 1524 3043 1603 supernaturaliter
3068 1528 3359 1591 constitui

1797 1614 1997 1697 possit
2018 1615 2087 1677 in
2122 1615 2403 1695 subjecto
2434 1616 2767 1693 materiali,
2806 1621 2900 1681 est
2938 1619 3203 1683 fortasse
3231 1634 3361 1685 non

1797 1726 2057 1791 prorsus
2080 1708 2526 1792 improbabile3
2560 1716 2797 1788 tamen,
2828 1713 3001 1791 quod
3028 1732 3106 1775 ex
3134 1720 3363 1777 natura

1801 1820 1920 1865 sua
1944 1802 2267 1882 spirituale
2300 1803 2593 1867 accidens
2622 1804 2855 1869 habeat
2886 1808 3363 1871 connaturalem

1800 1894 2235 1958 habitudinem
2255 1943 2275 1972 ,
2320 1914 2437 1959 seu
2474 1896 2965 1978 dependentiam
2996 1918 3035 1963 a
3080 1900 3361 1982 subiecto

1801 1988 2131 2063 materiali,
2160 2006 2369 2069 neque
2390 1990 2557 2052 ullus
2578 2008 2859 2071 unquam
2876 1992 3055 2069 dixit,
3074 2012 3193 2059 nec
3212 2000 3365 2059 satis

1799 2080 2061 2163 intelligi
2084 2088 2313 2163 potest.
2340 2083 2467 2147 Sed
2490 2102 2621 2147 non
2644 2090 2741 2149 est
2764 2086 2970 2149 minor
2996 2088 3365 2169 dependen-

1801 2176 1890 2237 tia
1937 2175 2201 2239 actionis
2250 2194 2289 2237 a
2338 2194 2455 2239 sno
2502 2178 2833 2259 principio,
2878 2198 2999 2242 nec
3052 2182 3365 2247 minorem

1801 2269 2271 2350 proportionem
2316 2269 2484 2335 inter
2522 2288 2591 2335 se
2636 2272 2998 2352 requirunt;
3046 2290 3199 2355 ergo
3228 2276 3364 2341 fieri

1803 2362 1995 2423 etiam
2034 2380 2163 2424 non
2206 2367 2415 2443 potest
2457 2364 2721 2427 utactio
2768 2365 3107 2446 spiritualis
3134 2368 3368 2433 habeat

1804 2455 2281 2517 connaturalem
2345 2455 2777 2519 habitudinem
2846 2458 2929 2521 ad
2990 2460 3366 2543 principium

1803 2547 2155 2625 materiale,
2186 2568 2225 2611 a
2251 2566 2379 2631 quo
2406 2550 2661 2631 pendet.
2684 2549 2987 2633 Idemque
3010 2556 3367 2635 proportio·

1807 2638 1951 2703 nale
1982 2648 2425 2723 argumentum
2454 2642 2593 2705 fieri
2620 2650 2829 2725 potest
2873 2644 2955 2709 de
2982 2646 3229 2711 actione
3262 2666 3367 2711 su·

1807 2736 2193 2816 pernaturali
2240 2742 2531 2817 respectu
2574 2738 3005 2819 cujuscunque
3062 2742 3368 2805 naturalis

1809 2828 2107 2891 entitatis.
2152 2829 2309 2891 Hinc
2346 2835 2559 2893 autem
2596 2830 2927 2895 manifeste
2976 2834 3371 2899 concluditur

1807 2920 2011 3001 prima
2057 2923 2509 3004 consequentia
2538 2925 2916 3005 argumenti,
2944 2926 3199 3001 33111331,
3240 2946 3369 2991 non

1809 3032 1949 3077 esse
1993 3014 2351 3095 possibilem
2380 3016 2573 3080 talem
2626 3020 2972 3099 potentiam
3009 3022 3275 3085 activam
3303 3022 3371 3085 in

1809 3110 2151 3186 creaturis;
2185 3110 2331 3191 quia
2354 3156 2375 3188 ,
2421 3112 2475 3173 si
2522 3130 2651 3175 non
2688 3121 2785 3175 est
2823 3114 3135 3195 possibilis
3180 3116 3367 3193 actio,

1809 3220 2017 3283 neque
2062 3204 2337 3283 potentia
2368 3207 2463 3267 est
2502 3205 2817 3287 possibilis
2840 3252 2857 3282 ,
2904 3226 3051 3270 cum
3094 3209 3371 3289 potentia

1807 3314 1940 3359 non
1968 3296 2049 3359 sit
2078 3297 2201 3359 nisi
2246 3303 2501 3379 propter
2528 3299 2871 3374 actionem;
2914 3301 3027 3365 sed
3048 3307 3371 3367 ostensum

1811 3396 1906 3453 est
1931 3406 2073 3453 esse
2098 3390 2549 3469 impossibilem
2574 3392 2889 3457 actionem
2915 3402 3201 3477 respectu
3230 3396 3371 3461 talis

1807 3482 2123 3564 potentiis,
2148 3500 2295 3547 cum
2325 3502 2455 3546 non
2498 3487 2697 3565 possit
2726 3505 2866 3551 esse
2896 3488 3031 3553 sine
3061 3496 3371 3555 connatu-

1808 3574 1926 3639 rali
1954 3574 2323 3639 habitudine
2366 3578 2449 3641 ad
2486 3577 2663 3641 illam
2680 3623 2701 3654 ,
2724 3596 2845 3643 nec
2882 3581 3023 3644 talis
3068 3582 3369 3647 habitudo

1811 3670 2235 3735 connaturalis
2252 3672 2331 3736 sit
2349 3673 2691 3753 possibilis,
2714 3692 2867 3756 ergo
2886 3677 3077 3741 etiam
3098 3679 3241 3742 talis
3261 3696 3370 3760 po-

1809 3766 2001 3829 tentia
2027 3764 2427 3845 impossibilis
2448 3773 2560 3831 est.

1888 3860 1950 3921 8.
1982 3858 2325 3941 Septimum
2352 3862 3163 3943 amentatum—Septimo
3184 3884 3371 3946 argu·

1807 3958 2080 4027 mentor,
2113 3952 2264 4031 quia
2294 3951 2497 4015 omnis
2530 3954 2811 4034 potentia
2856 3954 3049 4021 habet
3090 3959 3369 4039 speciem

1810 4045 2083 4125 aliquam
2126 4063 2165 4105 a
2211 4064 2325 4108 suo
2372 4052 2516 4109 actu
2566 4051 2629 4109 et
2674 4047 2962 4127 object03
2993 4067 3166 4125 nam,
3188 4050 3371 4129 juxta

1808 4139 2119 4221 principia
2146 4140 2515 4216 AristoteliS,
2544 4141 2845 4221 potentia
2889 4161 2967 4207 ex
3006 4144 3273 4219 actibus,
3305 4152 3371 4209 31

1811 4240 1989 4299 33133
2016 4250 2097 4295 ex
2128 4233 2391 4313 objectis
2419 4235 2696 4315 speciem
2714 4240 2971 4301 sumunt
2998 4255 3017 4311 ;
3048 4239 3245 4301 sedin
3263 4256 3371 4303 en·

1811 4328 1987 4391 titate
2016 4326 2350 4404 materiali,
2378 4327 2480 4389 vel
2504 4346 2683 4391 mere
2701 4330 2995 4407 naturali,
3014 4350 3144 4396 non
3162 4338 3373 4415 potest

1809 4419 1965 4503 fingi
1994 4421 2203 4501 aliqua
2230 4422 2473 4503 species
2514 4423 2703 4487 realis
2738 4432 2989 4506 sumpta
3014 4444 3094 4489 ex
3120 4428 3371 4491 actione

1811 4514 2119 4595 spirituali
2144 4532 2261 4575 seu
2287 4516 2777 4594 supernaturali;
2806 4536 2961 4599 ergo
3004 4536 3125 4581 nec
3167 4525 3375 4601 potest

1810 4606 1967 4687 fingi
1994 4607 2137 4668 talis
2164 4608 2443 4687 potentia
2466 4609 2691 4681 activa,
2724 4628 2865 4689 quai
2893 4612 3083 4673 inilia
3112 4614 3375 4677 entitate

1811 4698 2148 4763 intrinsece
2174 4708 2569 4781 supponatur
2590 4708 2737 4764 ante
2756 4721 3014 4767 omnem
3030 4705 3141 4769 Dei
3164 4706 3375 4769 eleva·

1811 4790 2071 4855 tionem.
2098 4792 2281 4855 Patet
2315 4796 2787 4875 consequentia,
2820 4798 2969 4875 quia
2994 4798 3139 4861 talis
3156 4806 3377 4879 poten-

1812 4884 1924 4961 tia,
1943 4884 1994 4947 si
2017 4904 2169 4949 vera
2192 4889 2475 4967 potentia
2492 4892 2608 4965 est,
2626 4889 2816 4953 debet
2840 4891 3075 4955 habere
3094 4892 3374 4974 aliquam

1817 4978 2119 5059 speciem,
2148 4996 2337 5059 quam
2378 4988 2835 5063 consequenter
2872 4984 3135 5065 accipiet
3176 5005 3215 5048 a
3260 5002 3375 5049 suo

1815 5070 2117 5147 termino,
2148 5071 2248 5135 vel
2280 5074 2544 5139 actione.
2576 5076 2781 5137 Minor
2808 5082 3023 5141 autem
3050 5077 3373 5157 probatur,

1817 5170 1953 5227 tum
1974 5165 2121 5246 quia
2147 5184 2253 5229 res
2286 5168 2650 5246 materialis,
2677 5169 2745 5231 in
2771 5187 2839 5233 se
2868 5176 2934 5233 et
2962 5188 3039 5233 ex
3062 5188 3133 5233 se
3160 5188 3379 5251 sump—

1817 5264 1908 5337 ta,
1931 5277 2061 5322 nou
2081 5259 2273 5321 babet
2290 5260 2695 5323 intrinsecam
2718 5262 3151 5325 habitudinem
3176 5262 3263 5325 ad
3281 5280 3380 5327 ac-

1820 5353 2057 5418 tionem
2096 5354 2509 5437 spiritualem‚
2537 5374 2655 5419 nec
2692 5373 2791 5419 res
2818 5354 3121 5418 naturalis
3156 5356 3239 5419 ad
3276 5374 3381 5421 33·

159 5449 368 5527 pium.
419 5446 605 5523 Quod
643 5452 860 5511 autem
892 5446 1012 5511 hoc
1041 5448 1119 5511 sit
1151 5446 1536 5531 impossibile
1569 5448 1742 5531 (quae
1822 5446 2063 5512 tionem
2086 5448 2653 5531 supernaturalem,
2668 5455 2738 5513 ut
2768 5447 2914 5511 inde
2938 5450 3211 5529 aliquam
3231 5468 3381 5515 rea·-

165 5549 304 5607 3131
335 5544 552 5605 minor
580 5542 946 5626 subsumpta
969 5542 1032 5605 in
1055 5540 1384 5627 principali
1409 5560 1743 5623 argumen-

1823 5542 1946 5604 lem
1976 5538 2251 5621 speciem
2289 5548 2529 5613 sumat;
2562 5548 2697 5604 tum
2746 5542 2935 5605 etiam
2968 5542 3117 5622 quia
3145 5543 3246 5609 vel
3274 5545 3379 5609 1113
