3892 6167
1324 333 1643 390 mst‘tJTAT.
1678 331 1840 388 xliv,
1874 335 2047 391 SBCT.
2085 338 2121 387 Ι.

145 443 337 504 cilium
364 440 595 502 illinon
622 452 993 518 repugnare,
1026 455 1171 498 nam
1198 437 1278 500 de
1307 438 1545 498 caeteris
1568 439 1681 500 Pa-

143 536 319 597 tribus
354 533 417 593 id
446 532 809 596 facillimum
838 530 1107 606 est,satis
1136 531 1398 592 fundata
1442 549 1518 592 ac
1546 528 1677 591 fere

144 633 293 690 certa
324 626 489 687 illius
506 625 739 688 veritas
766 624 1178 702 relinquetur.

212 723 305 782 39.
348 718 839 792 wastinam.
868 749 951 766 -
977 717 1201 781 Prima
1224 717 1443 796 opinio.
1476 747 1557 764 —
1584 715 1679 778 Ad

142 812 551 878 definitionem
568 812 755 891 igitur
780 809 1449 875 ConciliiFrancoford.
1476 811 1679 891 prima

144 907 447 986 responsio
476 923 621 968 esse
651 910 877 985 potest,
906 905 1081 968 illam
1126 905 1477 985 epistolam,
1536 921 1677 984 quae

144 1002 249 1064 suh
276 999 527 1060 nornine
556 998 811 1060 Adriani
840 997 1293 1072 circumfertur,
1333 1017 1463 1060 non
1496 1015 1680 1060 cons-

144 1102 261 1157 tare
284 1093 471 1154 tuisse
492 1091 687 1165 illius,
750 1091 899 1170 quia
946 1109 1149 1170 nuper
1180 1091 1249 1152 in
1290 1091 1501 1153 lucem
1526 1107 1675 1169 pro-

146 1187 265 1259 diit,
301 1191 363 1248 et
382 1185 711 1266 ignoratur
730 1203 857 1264 quo
885 1185 1025 1247 loco
1045 1185 1295 1248 inventa
1330 1185 1433 1260 sit,
1468 1190 1677 1262 etqua

145 1285 293 1347 certa
308 1278 677 1340 auctoritate
690 1277 791 1338 vel
808 1277 1143 1340 traditione
1158 1276 1430 1339 Adriano
1444 1276 1678 1338 trihus-

150 1381 265 1448 tur3
288 1371 337 1434 si
360 1377 585 1435 autem
603 1371 707 1432 illa
738 1369 999 1451 epistola
1020 1369 1379 1434 authentica
1400 1387 1528 1430 non
1558 1375 1672 1444 est,

144 1473 255 1530 tots
276 1465 435 1529 illius
462 1464 721 1530 Concilii
748 1464 1087 1528 auctoritas
1135 1463 1206 1526 fit
1246 1463 1509 1538 incerta,
1540 1468 1673 1525 tum

143 1559 293 1641 quod
330 1558 628 1641 generale
654 1575 785 1622 non
820 1557 933 1631 sit,
990 1563 1055 1620 et
1088 1556 1231 1620 ideo
1266 1557 1401 1618 sine
1428 1554 1677 1618 Pontifi-

143 1654 217 1718 cis
244 1653 623 1716 auctoritate
640 1651 1035 1716 infallibilem
1085 1649 1509 1713 definitionem
1546 1667 1675 1710 non

143 1747 378 1820 habeam
409 1750 553 1808 tum
574 1746 763 1808 etiam
782 1745 952 1824 quod
982 1745 1049 1806 in
1078 1744 1345 1807 decretis
1374 1761 1487 1806 seu
1512 1742 1676 1823 epis·

145 1841 285 1914 tolis,
308 1857 444 1919 qum
472 1841 732 1902 nomine
752 1838 919 1902 illius
932 1836 1195 1902 Concilii
1216 1836 1675 1900 circumferun-

145 1940 250 2008 tur,
286 1933 509 1996 eadem
550 1932 639 1996 sit
682 1930 1063 1996 incertitudo
1106 1947 1248 2011 quae
1310 1931 1375 1992 in
1420 1929 1675 1992 Adriani

146 2025 399 2106 epistola.
452 2025 587 2090 sed
639 2026 773 2088 haec
819 2023 1178 2104 responsio,
1221 2022 1523 2103 quicquid
1573 2023 1677 2084 alii

146 2119 411 2196 sentiant,
452 2119 645 2184 nohis
668 2118 997 2197 probanda
1022 2135 1153 2180 non
1176 2123 1297 2190 est,
1324 2120 1390 2180 et
1403 2117 1539 2196 jam
1557 2116 1679 2178 hoc

148 2221 400 2295 tempore
432 2211 729 2276 nonnihil
757 2211 1123 2275 temeritatis
1148 2209 1383 2274 habere
1406 2209 1675 2285 videtur,

144 2308 275 2387 quia
296 2308 397 2370 illa
424 2307 711 2382 decreta,
738 2324 973 2386 magna
995 2306 1411 2368 consensione
1426 2308 1677 2383 recepta

146 2408 291 2474 sunt,
312 2402 389 2464 de
406 2419 533 2482 qua
566 2418 639 2464 re
660 2399 1022 2462 latiusint'm
1046 2398 1273 2474 dicam,
1304 2415 1369 2478 q.
1384 2402 1487 2460 23.

208 2496 301 2556 40.
324 2493 640 2559 Socanda
678 2493 997 2574 optarim—
1022 2492 1315 2555 Secunda
1346 2491 1677 2574 responsio

144 2595 241 2663 est,
270 2588 615 2650 Adrianum
638 2593 700 2649 et
739 2585 1085 2652 Concilium
1109 2606 1187 2650 ex
1216 2587 1497 2650 instituto
1546 2605 1675 2650 non

148 2687 409 2746 tractasse
431 2683 511 2746 de
546 2681 849 2746 servitute
872 2681 1119 2756 Christi,
1152 2680 1264 2744 sed
1283 2681 1363 2744 de
1392 2679 1678 2759 adoptio-

150 2794 215 2838 ne
242 2779 488 2850 tantum,
524 2779 599 2838 et
637 2775 809 2851 ideo,
840 2793 979 2856 quoe
1006 2774 1089 2838 de
1112 2775 1409 2837 servitute
1438 2774 1675 2849 dicunt,

148 2888 253 2932 non
294 2870 525 2934 hahere
585 2868 974 2932 infallibilem
1024 2868 1481 2941 auctoritatem,
1530 2867 1681 2948 quia

147 2961 256 3025 hoec
280 2963 345 3024 in
370 2963 643 3033 decretis
668 2961 1039 3026 Pontificum
1064 2969 1128 3026 et
1145 2960 1561 3025 Conciliorum
1576 2979 1677 3022 so-

147 3055 257 3118 lum
296 3063 387 3120 est
413 3057 591 3120 circa
634 3074 711 3120 ea
752 3074 890 3135 quse
913 3073 1027 3137 per
1070 3073 1139 3118 se
1168 3061 1233 3117 et
1276 3073 1353 3118 ex
1395 3054 1679 3118 instituto

146 3150 499 3214 definiuntur
520 3195 551 3226 ‚
608 3167 739 3212 uon
794 3167 943 3212 vero
995 3149 1161 3212 circa
1216 3167 1295 3212 ea
1338 3166 1481 3230 quae
1538 3149 1641 3210 obi
1664 3182 1677 3192 ·

148 3247 227 3304 ter
244 3244 653 3324 attinguntur,
678 3260 889 3322 neque
914 3243 983 3304 in
1010 3242 1383 3319 rationibus,
1414 3247 1526 3302 aut
1551 3247 1675 3302 tes·

148 3335 409 3411 timoniis,
440 3342 563 3400 aut
590 3336 731 3398 aliis
750 3335 1111 3416 hujusmodi
1142 3355 1281 3416 qnoe
1308 3337 1680 3398 afferuntur.

148 3429 249 3490 Sed
275 3431 399 3492 haec
440 3429 779 3510 responsio
808 3434 901 3492 est
936 3429 1127 3491 etiam
1168 3429 1353 3491 nimis
1388 3427 1591 3490 libera
1625 3433 1685 3488 et

148 3538 419 3602 praeceps,
443 3541 609 3584 nam
632 3523 821 3602 plane
850 3522 1157 3595 concedit,
1189 3541 1301 3584 eos
1338 3523 1548 3584 Patres
1588 3539 1686 3583 er·

150 3631 295 3680 rasse
329 3616 395 3678 in
422 3616 555 3688 his,
608 3633 749 3694 quae
778 3615 859 3678 de
906 3615 1202 3678 servitute
1228 3615 1483 3692 docent,
1514 3614 1686 3694 quod

152 3707 311 3770 nimis
332 3709 603 3790 derogat
641 3726 863 3772 eorum
889 3709 1277 3780 auctoritatiz
1326 3727 1499 3783 nam,
1540 3709 1687 3770 licet

152 3818 341 3862 rerum
354 3805 451 3878 sit,
473 3803 551 3866 in
572 3801 863 3864 omnihus
885 3802 1163 3866 historiis
1192 3819 1333 3880 quae
1358 3801 1687 3864 Felicianae

149 3892 375 3959 haeresis
404 3896 857 3972 meminerunt,
905 3913 1097 3974 quam
1126 3894 1474 3974 Elipandus
1504 3913 1687 3958 secu·

150 3991 235 4046 tus
282 3995 391 4066 est,
450 3987 677 4052 referri
732 4005 1013 4052 errorem
1056 3987 1223 4052 circa
1278 3986 1685 4068 adoptionem

145 4075 363 4154 Christi,
392 4100 591 4162 quem
630 4081 847 4144 dieunt
878 4081 1075 4144 fnisse
1096 4079 1489 4158 damnatum,
1511 4081 1687 4142 nulla

142 4171 253 4236 iere
278 4177 598 4239 mentione
626 4175 793 4238 facta
824 4175 907 4236 de
937 4175 1260 4252 servitute,
1284 4181 1355 4237 ut
1382 4176 1569 4238 latius
1592 4176 1686 4236 in·

144 4263 243 4340 fra,
270 4285 326 4346 q.
360 4271 463 4345 23,
488 4269 865 4350 referemus,
898 4274 962 4332 et
990 4269 1237 4333 interim
1258 4270 1455 4332 videri
1480 4274 1687 4350 potest

149 4361 295 4438 apud
314 4369 597 4425 nostrum
622 4365 933 4428 «loannem
954 4362 1329 4437 Marianum,
1364 4363 1473 4425 lib.
1496 4367 1533 4423 7
1556 4381 1687 4426 sues

152 4452 395 4518 historiae
420 4456 507 4518 de
547 4455 739 4520 rebus
785 4457 1125 4537 Hispaniae,
1162 4476 1217 4520 c.
1257 4458 1322 4534 8,
1366 4456 1687 4520 nihilomi-

152 4562 277 4620 nus,
306 4549 413 4627 qui
439 4554 685 4612 attente
714 4554 779 4611 et
804 4549 1049 4613 sincere
1088 4549 1313 4631 legerit
1358 4548 1689 4628 epistolam

152 4637 381 4702 Adriani
416 4643 502 4722 (et
529 4642 699 4704 idem
727 4647 823 4704 est
863 4642 941 4704 de
967 4642 1287 4722 Concilio),
1316 4642 1503 4722 plane
1544 4660 1689 4704 con·

154 4731 351 4810 spiciet
376 4735 561 4798 illum
586 4753 769 4814 oeque
811 4734 1116 4798 damnare
1164 4734 1541 4798 sententiam
1565 4735 1689 4796 Eli·

154 4825 326 4902 pandi
348 4829 415 4892 in
444 4828 709 4891 articulo
738 4829 1085 4904 servitutis,
1126 4835 1313 4908 atque
1338 4829 1404 4890 in
1428 4828 1687 4890 articulo

152 4917 510 4998 adoptiuum,
538 4927 603 4984 et
626 4921 757 4984 fere
783 4940 963 5002 reque
990 4939 1067 4984 ex
1094 4922 1379 5002 professo
1408 4921 1491 4984 de
1522 4927 1688 4984 utro·

153 5028 261 5089 que
306 5013 643 5096 disputare,
690 5033 843 5076 nam
872 5033 1171 5096 magnam
1218 5015 1355 5094 ejus
1414 5013 1691 5094 epistolae

154 5112 379 5184 partem
428 5109 494 5170 in
544 5108 987 5190 persuadendo
1040 5127 1115 5172 ac
1178 5109 1505 5190 probando
1569 5108 1691 5170 hoc

154 5207 368 5276 puncto
430 5203 509 5266 de
572 5202 871 5266 servitute
940 5203 1274 5268 consumit.
1342 5203 1645 5276 Quocirca
1668 5245 1689 5277 ‚

155 5294 419 5370 quamvis
436 5295 711 5378 ingenue
730 5297 931 5359 fatear
950 5315 1079 5358 non
1100 5294 1311 5358 omnia
1352 5313 1696 5376 argumen-

154 5387 467 5466 ta,quih.us
492 5388 713 5466 utitur,
740 5407 883 5452 esse
910 5388 1135 5464 solida,
1152 5395 1221 5452 ut
1246 5389 1431 5450 facile
1460 5407 1537 5451 ex
1556 5405 1695 5467 pro-

157 5473 488 5544 bationibus
513 5481 877 5562 posterioris
898 5482 1223 5546 sententies
1250 5500 1441 5564 supra
1476 5480 1695 5562 positae

456 5599 633 5648 xvm.

3201 331 3319 401 4¹7

1762 437 2024 516 intelligi
2051 441 2277 517 potest,
2303 445 2537 513 tamen,
2569 439 2738 518 quod
2775 439 2839 501 in
2889 443 3316 518 conclusione,

1758 530 1998 590 intenta
2025 549 2322 592 eo-sensu
2351 549 2478 610 qno
2510 531 2676 592 illam
2703 534 2964 612 profert,
2989 539 3317 612 erraverit,

1760 621 1930 684 nulla
1963 623 2206 684 ratione
2232 640 2460 686 censeo
2489 641 2626 686 esse
2658 626 3136 689 adrnittendum.

1839 719 1941 779 41.
1988 718 2201 780 ,Tertia
2231 720 2454 798 opinio.
2479 751 2558 766 --
2581 721 2787 782 Tertia
2819 723 3148 802 responsio
3182 741 3318 785 esse

1759 814 1987 890 potest,
2027 809 2372 872 Adrianum
2401 829 2532 874 non
2559 813 3038 892 reprehendisse
3069 814 3318 895 Elipan·

1758 902 1909 962 dum
1932 903 2004 962 in
2028 904 2148 964 hac
2175 910 2368 982 parte,
2427 923 2504 966 eo
2559 905 2728 983 quod
2783 907 3012 968 falsum
3055 907 3316 982 diceret,

1760 993 1871 1056 sed
1904 1013 1984 1056 eo
2021 996 2192 1074 quod
2220 997 2474 1078 indigne
2503 1003 2567 1060 et
2593 1000 3011 1063 irreverenter
3033 1001 3112 1062 de
3149 1001 3321 1064 Chri-

1758 1093 1855 1148 sto
1883 1086 2280 1166 loqueretur;
2311 1090 2480 1167 quod
2501 1091 2756 1170 quidem
2779 1111 2858 1155 ex
2881 1093 3092 1156 multis
3122 1094 3320 1173 ipsius

1758 1181 2042 1261 Elipandi
2075 1183 2282 1244 verbis
2311 1183 2520 1264 colligi
2546 1191 2774 1263 potest,
2808 1205 2958 1247 nam
2985 1188 3052 1249 in
3078 1187 3322 1250 confes·

1759 1276 1935 1338 sione
1957 1275 2098 1354 ejus
2121 1294 2262 1355 quse
2283 1295 2361 1338 ex
2379 1277 2539 1339 libro
2569 1279 2744 1341 Beati
2775 1285 2838 1341 et
2863 1281 3104 1342 Heterii
3129 1283 3321 1344 refer-

1758 1373 1882 1444 tur,
1913 1368 2226 1432 Christum
2251 1387 2384 1432 non
2425 1371 2626 1432 solum
2665 1390 2939 1450 servum,
2977 1374 3090 1436 sed
3129 1375 3319 1436 etiam

1756 1462 2073 1524 servulum
2103 1463 2376 1542 appellat
2395 1507 2412 1538 ,
2441 1463 2690 1540 dicens,
2735 1483 2868 1530 oum
2892 1469 3151 1546 parvulo
3175 1481 3322 1549 par-

1754 1555 1907 1631 osli,
1938 1558 1998 1617 et
2025 1573 2164 1620 oum·
2176 1556 2410 1620 servulo
2438 1557 2691 1621 aemuli.
2723 1559 2880 1620 ltem
2915 1577 3042 1622 non
3077 1565 3322 1621 tantum

1756 1667 2014 1721 servum,
2047 1648 2160 1710 sed
2195 1649 2384 1710 etiam
2420 1649 2716 1731 leprosum
2747 1658 2960 1728 vocat,
2989 1653 3162 1731 quod
3189 1669 3322 1714 me·

1756 1743 1877 1803 rito
1908 1741 2317 1821 reprehendit
2339 1742 2676 1816 Adrianu5‚
2705 1745 2855 1823 quia
2884 1745 3164 1806 Christus
3201 1763 3322 1808 nec

1756 1835 1998 1914 lepram
2027 1836 2308 1916 corporis
2335 1837 2580 1911 habuit,
2611 1855 2732 1900 nee
2774 1839 2994 1909 animi,
3028 1851 3320 1919 quaenon

1758 1935 1853 1990 est
1874 1929 1994 1991 nisi
2007 1935 2336 2009 peccatum
2358 1948 2375 2002 ;
2395 1947 2544 1991 nam
2568 1947 2758 2010 poena
2785 1933 3050 2010 peccati,
3079 1939 3141 1994 et
3163 1950 3324 2012 proe·

1758 2022 1980 2084 sertim
2007 2029 2262 2104 propter
2287 2023 2494 2084 aliena
2521 2030 2784 2102 peccata
2805 2025 3154 2087 voluntarie
3187 2043 3319 2087 sus·

1758 2123 1965 2197 cepta,
1998 2118 2168 2196 lepra
2187 2115 2312 2178 dici
2332 2135 2460 2177 non
2484 2122 2714 2196 potest.
2745 2119 2819 2179 Et
2847 2118 2990 2181 ideo
3019 2120 3196 2181 lsaiae
3215 2123 3319 2193 53,

1762 2212 1952 2273 etiam
1968 2211 2148 2289 juxta
2169 2209 2488 2288 vulgatam
2515 2209 2879 2287 lectionem,
2919 2229 3046 2272 non
3069 2212 3320 2286 dicitnr,

1761 2303 1900 2366 Fuit
1929 2303 2239 2383 leprosu5‚
2289 2302 2424 2376 sed,
2459 2303 2828 2367 Putavimns
2863 2321 2998 2367 eum
3019 2306 3204 2386 quasi
3229 2305 3322 2368 le·-

1750 2414 2029 2478 prosum‚
2056 2396 2124 2456 id
2161 2401 2280 2468 est,
2309 2395 2578 2475 dignum
2629 2396 2750 2458 illis
2777 2398 2984 2475 poenis
3031 2415 3146 2477 pro
3174 2416 3325 2478 pec-

1758 2490 1913 2552 catis
1940 2489 2094 2562 suis,
2135 2508 2280 2550 cum
2307 2493 2522 2551 tamen
2551 2490 2686 2569 ipse
2727 2489 3094 2554 vulneratus
3131 2490 3328 2554 fuerit

1759 2591 2016 2664 propter
2043 2583 2406 2662 iniquitates
2439 2590 2708 2646 nostras.
2743 2583 3027 2663 Denique
3053 2584 3120 2646 in
3164 2585 3328 2664 epis-

1760 2677 1889 2740 tola
1912 2675 2194 2753 Concilii,
2217 2678 2564 2757 praesertim
2591 2677 2656 2738 in
2686 2676 2835 2749 fine,
2870 2678 2991 2740 hoc
3011 2677 3328 2740 indicatur

1760 2772 1882 2833 illis
1907 2770 2145 2833 verbis:
2195 2769 2326 2836 Cur
2371 2787 2504 2832 eum
2548 2788 2784 2834 servum
2811 2771 3124 2835 nominare
3169 2771 3329 2837 debe-

1759 2882 1918 2940 mus,
1956 2866 2062 2946 qui
2103 2882 2213 2926 sos
2246 2864 2470 2926 amicos
2509 2863 2732 2926 maluit
2769 2866 3108 2941 nominare,
3146 2881 3329 2948 quam

1760 2976 1962 3022 servos
1980 2959 2008 3017 3
2039 2963 2158 3020 etc.
2193 2957 2339 3026 Sed,
2366 2956 2512 3018 licet
2533 2975 2754 3018 verum
2787 2957 2870 3018 sit
2889 2958 3234 3020 Adrianum
3263 2963 3331 3020 et

1761 3053 2110 3116 Concilium
2135 3051 2604 3132 reprehendere
2628 3052 3026 3114 insolentiam
3044 3059 3106 3114 et
3134 3051 3328 3114 ainda-

1763 3150 1925 3208 ciam
1963 3148 2274 3226 Elipandi‚
2305 3152 2522 3208 tamen
2558 3165 2688 3209 non
2730 3151 2826 3208 est
2864 3146 3126 3208 dubium
3175 3147 3328 3227 quin

1766 3243 1956 3304 etiam
2001 3241 2337 3302 falsitatem
2389 3245 2454 3300 et
2507 3257 2846 3302 erroneum
2901 3257 3159 3303 sensum
3191 3241 3328 3320 ejus

1764 3335 2092 3396 damnent.
2113 3334 2332 3411 Neque
2355 3331 2438 3394 ad
2459 3333 2582 3394 hoc
2601 3331 3115 3412 persuadendum
3145 3349 3330 3413 opor-

1764 3433 1855 3491 tet
1882 3428 2062 3507 plura
2091 3426 2284 3487 verba
2301 3424 2560 3499 referre,
2587 3441 2780 3504 quem
2813 3426 2880 3486 in
2912 3426 3218 3506 principio
3247 3426 3331 3488 ci-

1766 3527 1895 3584 tata
1921 3527 2090 3594 sunt,
2139 3519 2290 3598 quia
2321 3519 2425 3580 illa
2471 3518 2764 3580 videntur
2811 3537 3130 3598 expressa,
3161 3525 3244 3591 et,
3273 3518 3330 3580 si

1767 3621 2006 3678 attente
2025 3613 2319 3693 legantur
2335 3611 2440 3673 illa
2461 3611 2736 3685 decreta,
2759 3630 2862 3674 res
2877 3620 2970 3675 est
2989 3619 3116 3676 tam
3133 3611 3323 3684 clare,

1768 3715 1833 3771 ut
1856 3727 1986 3770 non
2017 3711 2200 3788 egeat
2221 3704 2613 3785 probatione.

1846 3805 1950 3864 42.
1977 3801 2214 3874 Quarta
2235 3798 2458 3878 opinio.
2475 3829 2556 3846 -
2573 3797 2806 3870 Quarta
2819 3816 2970 3878 ergo
3003 3800 3328 3878 responsio

1769 3901 1885 3968 est,
1938 3891 2282 3956 Concilium
2325 3891 2498 3969 loqui
2557 3891 2636 3952 de
2687 3891 2984 3954 servitute
3025 3892 3332 3972 spirituali

1764 3987 2028 4050 fundata
2047 3986 2112 4047 in
2141 3984 2496 4047 conditione
2526 3983 2760 4060 servili,
2785 4001 2910 4062 qua
2949 3985 3028 4060 is,
3054 3985 3160 4064 qui
3197 4003 3332 4048 ser-

1766 4101 1881 4144 vus
1902 4086 2023 4157 est,
2045 4098 2178 4142 non
2207 4097 2285 4142 ex
2307 4095 2524 4140 amore
2545 4082 2751 4157 paret,
2781 4084 2848 4139 et
2871 4084 3194 4140 reveretur
3213 4077 3334 4142 do·

1766 4175 2010 4238 minum
2043 4189 2252 4248 suum,
2285 4171 2395 4234 sed
2423 4187 2500 4234 ex
2529 4171 2752 4232 timore
2781 4189 3010 4250 poenis,
3059 4176 3120 4234 et
3149 4173 3330 4252 quasi

1767 4274 2002 4330 coacte.
2047 4267 2263 4345 Itaque
2317 4266 2436 4326 hoc
2488 4263 2680 4326 modo
2735 4281 2974 4344 negare
3014 4265 3330 4328 Christum

1768 4379 1907 4424 esse
1936 4377 2212 4432 servum,
2241 4358 2330 4420 nil
2355 4357 2527 4420 aliud
2553 4363 2650 4420 est
2673 4375 2866 4437 qnam
2901 4375 3134 4440 negare
3183 4360 3330 4421 ohe-

1768 4457 1958 4520 diisse
2002 4461 2114 4518 aut
2141 4453 2430 4518 serviisse
2462 4454 2590 4514 Deo
2621 4453 2843 4531 spiritu
2894 4453 3104 4515 servili
3147 4458 3213 4516 et
3250 4455 3334 4515 ti-

1770 4551 1978 4612 moris.
2015 4549 2186 4612 llanc
2235 4545 2694 4628 expositionem
2744 4545 3030 4610 adhibuit
3071 4547 3332 4626 quidam

1768 4644 2114 4706 modernus
2155 4642 2464 4720 interpres
2511 4641 2586 4700 D.
2619 4637 2870 4715 Thom.‚
2929 4647 2993 4702 ct
3035 4641 3116 4703 ad
3163 4641 3334 4704 hunc

1769 4754 2026 4798 sensum
2066 4735 2302 4796 inducit
2355 4733 2468 4794 illa
2519 4733 2716 4794 verba
2777 4733 3037 4796 Concilii
3090 4735 3157 4796 in
3213 4753 3331 4796 sua

1770 4830 2070 4911 epistola:
2123 4829 2216 4892 Et
2251 4828 2314 4891 si
2359 4845 2494 4890 eum
2519 4827 2828 4905 Propheta
2855 4843 3093 4890 servum
3135 4829 3335 4892 nomi-

1769 4928 1998 4998 nasset,
2027 4938 2146 4984 non
2175 4926 2374 4984 tamen
2397 4937 2471 4982 σω
2495 4918 2832 4984 conditione
2860 4919 3092 4993 servili,
3131 4921 3239 4984 sod
3263 4939 3337 4985 em

1769 5015 2139 5081 humilitatis
2183 5013 2536 5088 obedientia,
2589 5011 2696 5072 ubi
2746 5029 2860 5091 per
2911 5012 3337 5076 conditionem

1772 5107 2087 5182 servilem,
2105 5107 2392 5187 spiritum
2419 5105 2661 5167 timoris
2681 5104 2990 5185 intelligit.
3023 5108 3166 5170 Hoec
3184 5125 3336 5169 vero

1776 5201 2084 5282 expositio
2130 5201 2278 5262 dicit
2327 5198 2586 5279 quidem
2614 5197 2936 5278 quippiam
2963 5217 3208 5276 verum,
3243 5207 3342 5262 ta·

1772 5313 1921 5358 men
1949 5295 2082 5356 sine
2110 5293 2524 5355 fundamento
2553 5291 2712 5352 illud
2745 5291 3026 5354 attribuit
3061 5293 3338 5356 Adriano

1774 5393 1887 5451 aut
1920 5386 2218 5450 Concilio.
2247 5387 2480 5448 Verum
2523 5401 2800 5462 namque
2841 5389 2958 5460 est,
3002 5385 3067 5445 in
3097 5383 3340 5448 Christo

1773 5497 1903 5542 non
1931 5478 2122 5542 fuisse
2145 5477 2320 5540 illum
2351 5475 2667 5538 servitutis
2695 5475 2984 5554 spiritum
3015 5494 3130 5539 seu
3157 5479 3338 5542 timo·

2932 5581 3012 5642 27
