<?xml version="1.0" encoding="UTF-8"?>
<!DOCTYPE html PUBLIC "-//W3C//DTD XHTML 1.0 Transitional//EN"
    "http://www.w3.org/TR/xhtml1/DTD/xhtml1-transitional.dtd">
<html xmlns="http://www.w3.org/1999/xhtml" xml:lang="en" lang="en">
 <head>
  <title>
</title>
<meta http-equiv="Content-Type" content="text/html;charset=utf-8" />
  <meta name='ocr-system' content='tesseract 3.04.00' />
  <meta name='ocr-capabilities' content='ocr_page ocr_carea ocr_par ocr_line ocrx_word'/>
</head>
<body>
  <div class='ocr_page' id='page_1' title='image "./rpfranciscisuar00unkngoog_0669.png"; bbox 0 0 3892 6167; ppageno 0'>
   <div class='ocr_carea' id='block_1_1' title="bbox 1418 315 2192 380">
    <p class='ocr_par' dir='ltr' id='par_1_1' title="bbox 1418 315 2192 380">
     <span class='ocr_line' id='line_1_1' title="bbox 1418 315 2192 380; baseline 0.004 -11"><span class='ocrx_word' id='word_1_1' title='bbox 1418 315 1655 380; x_wconf 63' lang='lat' dir='ltr'><em>Qua-3¹1¹.</em></span> <span class='ocrx_word' id='word_1_2' title='bbox 1687 315 1839 372; x_wconf 77' lang='lat' dir='ltr'>XXV.</span> <span class='ocrx_word' id='word_1_3' title='bbox 1873 317 2077 372; x_wconf 68' lang='lat' dir='ltr'><em>Aurio.</em></span> <span class='ocrx_word' id='word_1_4' title='bbox 2112 319 2192 373; x_wconf 75' lang='lat' dir='ltr'><em>lv.</em></span> 
     </span>
    </p>
   </div>
   <div class='ocr_carea' id='block_1_2' title="bbox 189 413 1778 972">
    <p class='ocr_par' dir='ltr' id='par_1_2' title="bbox 189 413 1778 972">
     <span class='ocr_line' id='line_1_2' title="bbox 201 413 1772 500; baseline -0.003 -20"><span class='ocrx_word' id='word_1_5' title='bbox 201 416 449 481; x_wconf 77' lang='lat' dir='ltr'><em>melium</em></span> <span class='ocrx_word' id='word_1_6' title='bbox 461 415 676 500; x_wconf 82' lang='lat' dir='ltr'><em>patris</em></span> <span class='ocrx_word' id='word_1_7' title='bbox 701 415 820 489; x_wconf 85' lang='lat' dir='ltr'><em>sui,</em></span> <span class='ocrx_word' id='word_1_8' title='bbox 834 419 1016 498; x_wconf 83' lang='lat' dir='ltr'><em>puta,</em></span> <span class='ocrx_word' id='word_1_9' title='bbox 1049 413 1378 498; x_wconf 61' lang='lat' dir='ltr'><em>staffellum</em></span> <span class='ocrx_word' id='word_1_10' title='bbox 1405 431 1520 496; x_wconf 80' lang='lat' dir='ltr'><em>quo</em></span> <span class='ocrx_word' id='word_1_11' title='bbox 1547 414 1772 499; x_wconf 65' lang='lat' dir='ltr'><em>stapel-</em></span> 
     </span>
     <span class='ocr_line' id='line_1_3' title="bbox 201 509 1772 594; baseline 0 -20"><span class='ocrx_word' id='word_1_12' title='bbox 201 513 368 575; x_wconf 80' lang='lat' dir='ltr'><em>latus</em></span> <span class='ocrx_word' id='word_1_13' title='bbox 415 517 590 588; x_wconf 85' lang='lat' dir='ltr'><em>esset,</em></span> <span class='ocrx_word' id='word_1_14' title='bbox 631 509 728 574; x_wconf 80' lang='lat' dir='ltr'><em>vel</em></span> <span class='ocrx_word' id='word_1_15' title='bbox 760 509 997 592; x_wconf 71' lang='lat' dir='ltr'><em>liynum</em></span> <span class='ocrx_word' id='word_1_16' title='bbox 1023 509 1093 570; x_wconf 85' lang='lat' dir='ltr'><em>in</em></span> <span class='ocrx_word' id='word_1_17' title='bbox 1117 525 1236 590; x_wconf 79' lang='lat' dir='ltr'><em>quo</em></span> <span class='ocrx_word' id='word_1_18' title='bbox 1271 509 1491 588; x_wconf 81' lang='lat' dir='ltr'><em>fuisset</em></span> <span class='ocrx_word' id='word_1_19' title='bbox 1516 527 1772 594; x_wconf 82' lang='lat' dir='ltr'><em>suspen-</em></span> 
     </span>
     <span class='ocr_line' id='line_1_4' title="bbox 200 601 1776 688; baseline -0.003 -16"><span class='ocrx_word' id='word_1_20' title='bbox 200 625 299 672; x_wconf 82' lang='lat' dir='ltr'><em>sus</em></span> <span class='ocrx_word' id='word_1_21' title='bbox 315 629 343 678; x_wconf 88' lang='lat'><em>,·</em></span> <span class='ocrx_word' id='word_1_22' title='bbox 371 606 480 670; x_wconf 88' lang='lat' dir='ltr'><em>sed</em></span> <span class='ocrx_word' id='word_1_23' title='bbox 504 605 706 688; x_wconf 69' lang='lat' dir='ltr'><em>mayis</em></span> <span class='ocrx_word' id='word_1_24' title='bbox 729 603 900 667; x_wconf 87' lang='lat' dir='ltr'><em>illud</em></span> <span class='ocrx_word' id='word_1_25' title='bbox 925 603 1296 668; x_wconf 68' lang='lat' dir='ltr'><em>abhorreret.</em></span> <span class='ocrx_word' id='word_1_26' title='bbox 1329 601 1618 668; x_wconf 73' lang='lat' dir='ltr'><em>Christus</em></span> <span class='ocrx_word' id='word_1_27' title='bbox 1655 621 1776 668; x_wconf 84' lang='lat' dir='ltr'><em>au·-</em></span> 
     </span>
     <span class='ocr_line' id='line_1_5' title="bbox 199 697 1776 783; baseline -0.003 -19"><span class='ocrx_word' id='word_1_28' title='bbox 199 707 318 764; x_wconf 85' lang='lat' dir='ltr'><em>tem</em></span> <span class='ocrx_word' id='word_1_29' title='bbox 345 701 420 764; x_wconf 85' lang='lat' dir='ltr'><em>in</em></span> <span class='ocrx_word' id='word_1_30' title='bbox 446 699 618 783; x_wconf 67' lang='lat' dir='ltr'><em>liyno</em></span> <span class='ocrx_word' id='word_1_31' title='bbox 649 699 848 764; x_wconf 76' lang='lat' dir='ltr'><em>erucis</em></span> <span class='ocrx_word' id='word_1_32' title='bbox 869 697 1496 779; x_wconf 82' lang='lat' dir='ltr'><em>opprobriosissimam</em></span> <span class='ocrx_word' id='word_1_33' title='bbox 1519 703 1776 761; x_wconf 88' lang='lat' dir='ltr'><em>mortem</em></span> 
     </span>
     <span class='ocr_line' id='line_1_6' title="bbox 189 789 1778 880; baseline -0.001 -22"><span class='ocrx_word' id='word_1_34' title='bbox 189 815 420 880; x_wconf 80' lang='lat' dir='ltr'><em>passus</em></span> <span class='ocrx_word' id='word_1_35' title='bbox 455 801 544 860; x_wconf 84' lang='lat' dir='ltr'><em>est</em></span> <span class='ocrx_word' id='word_1_36' title='bbox 571 846 586 872; x_wconf 93' lang='lat'><em>,</em></span> <span class='ocrx_word' id='word_1_37' title='bbox 620 793 942 858; x_wconf 83' lang='lat' dir='ltr'><em>seeundum</em></span> <span class='ocrx_word' id='word_1_38' title='bbox 965 789 1136 856; x_wconf 84' lang='lat' dir='ltr'><em>illud</em></span> <span class='ocrx_word' id='word_1_39' title='bbox 1159 791 1443 874; x_wconf 79' lang='lat' dir='ltr'><em>Sapient.</em></span> <span class='ocrx_word' id='word_1_40' title='bbox 1473 795 1550 856; x_wconf 76' lang='lat'><em>2:</em></span> <span class='ocrx_word' id='word_1_41' title='bbox 1574 793 1778 856; x_wconf 79' lang='lat' dir='ltr'><em>Morte</em></span> 
     </span>
     <span class='ocr_line' id='line_1_7' title="bbox 200 885 1778 972; baseline -0.001 -21"><span class='ocrx_word' id='word_1_42' title='bbox 200 887 566 972; x_wconf 74' lang='lat' dir='ltr'><em>turpissima</em></span> <span class='ocrx_word' id='word_1_43' title='bbox 595 887 1048 952; x_wconf 73' lang='lat' dir='ltr'><em>condemnemus</em></span> <span class='ocrx_word' id='word_1_44' title='bbox 1071 904 1222 950; x_wconf 73' lang='lat' dir='ltr'><em>eune.</em></span> <span class='ocrx_word' id='word_1_45' title='bbox 1250 885 1428 969; x_wconf 68' lang='lat' dir='ltr'><em>Eryo</em></span> <span class='ocrx_word' id='word_1_46' title='bbox 1453 903 1576 949; x_wconf 86' lang='lat' dir='ltr'><em>non</em></span> <span class='ocrx_word' id='word_1_47' title='bbox 1615 886 1778 950; x_wconf 85' lang='lat' dir='ltr'><em>debe·</em></span> 
     </span>
    </p>
   </div>
   <div class='ocr_carea' id='block_1_3' title="bbox 92 978 1639 1060">
    <p class='ocr_par' dir='ltr' id='par_1_3' title="bbox 92 978 1639 1060">
     <span class='ocr_line' id='line_1_8' title="bbox 92 978 1639 1060; baseline -0.003 -14"><span class='ocrx_word' id='word_1_48' title='bbox 92 1043 94 1046; x_wconf 75' lang='grc'>,</span> <span class='ocrx_word' id='word_1_49' title='bbox 197 998 332 1043; x_wconf 79' lang='lat' dir='ltr'><em>mus</em></span> <span class='ocrx_word' id='word_1_50' title='bbox 361 998 600 1046; x_wconf 79' lang='lat' dir='ltr'><em>erucem</em></span> <span class='ocrx_word' id='word_1_51' title='bbox 622 979 928 1053; x_wconf 82' lang='lat' dir='ltr'><em>venerari,</em></span> <span class='ocrx_word' id='word_1_52' title='bbox 947 979 1054 1042; x_wconf 80' lang='lat' dir='ltr'><em>sed</em></span> <span class='ocrx_word' id='word_1_53' title='bbox 1072 978 1274 1060; x_wconf 74' lang='lat' dir='ltr'><em>mayis</em></span> <span class='ocrx_word' id='word_1_54' title='bbox 1299 979 1639 1042; x_wconf 69' lang='lat' dir='ltr'><em>abhorrere.</em></span> 
     </span>
    </p>
   </div>
   <div class='ocr_carea' id='block_1_4' title="bbox 199 1071 1776 1343">
    <p class='ocr_par' dir='ltr' id='par_1_4' title="bbox 199 1071 1776 1343">
     <span class='ocr_line' id='line_1_9' title="bbox 279 1071 1776 1152; baseline -0.001 -14"><span class='ocrx_word' id='word_1_55' title='bbox 279 1079 344 1139; x_wconf 72' lang='grc' dir='ltr'><em>Ξ.</em></span> <span class='ocrx_word' id='word_1_56' title='bbox 389 1075 705 1138; x_wconf 84' lang='lat' dir='ltr'><em>Proeterea</em></span> <span class='ocrx_word' id='word_1_57' title='bbox 727 1125 742 1152; x_wconf 90' lang='lat'>‚</span> <span class='ocrx_word' id='word_1_58' title='bbox 772 1073 1126 1137; x_wconf 73' lang='lat' dir='ltr'><em>humanitas</em></span> <span class='ocrx_word' id='word_1_59' title='bbox 1155 1071 1397 1136; x_wconf 71' lang='lat' dir='ltr'><em>Christi</em></span> <span class='ocrx_word' id='word_1_60' title='bbox 1423 1073 1776 1136; x_wconf 71' lang='lat' dir='ltr'><em>adoratione</em></span> 
     </span>
     <span class='ocr_line' id='line_1_10' title="bbox 200 1165 1776 1246; baseline -0.001 -15"><span class='ocrx_word' id='word_1_61' title='bbox 200 1169 414 1233; x_wconf 70' lang='lat' dir='ltr'><em>latria</em></span> <span class='ocrx_word' id='word_1_62' title='bbox 460 1168 784 1242; x_wconf 86' lang='lat' dir='ltr'><em>adoratur,</em></span> <span class='ocrx_word' id='word_1_63' title='bbox 826 1167 896 1230; x_wconf 82' lang='lat' dir='ltr'><em>in</em></span> <span class='ocrx_word' id='word_1_64' title='bbox 919 1169 1218 1246; x_wconf 79' lang='lat' dir='ltr'><em>quantum</em></span> <span class='ocrx_word' id='word_1_65' title='bbox 1246 1169 1334 1229; x_wconf 90' lang='lat' dir='ltr'><em>est</em></span> <span class='ocrx_word' id='word_1_66' title='bbox 1379 1165 1556 1229; x_wconf 85' lang='lat' dir='ltr'><em>unita</em></span> <span class='ocrx_word' id='word_1_67' title='bbox 1601 1165 1776 1230; x_wconf 81' lang='lat' dir='ltr'><em>Filio</em></span> 
     </span>
     <span class='ocr_line' id='line_1_11' title="bbox 199 1260 1769 1343; baseline -0.001 -17"><span class='ocrx_word' id='word_1_68' title='bbox 199 1263 320 1326; x_wconf 86' lang='lat' dir='ltr'><em>Dei</em></span> <span class='ocrx_word' id='word_1_69' title='bbox 346 1261 419 1324; x_wconf 81' lang='lat' dir='ltr'><em>in</em></span> <span class='ocrx_word' id='word_1_70' title='bbox 437 1279 724 1343; x_wconf 81' lang='lat' dir='ltr'><em>persona,</em></span> <span class='ocrx_word' id='word_1_71' title='bbox 747 1260 908 1340; x_wconf 78' lang='lat' dir='ltr'><em>quod</em></span> <span class='ocrx_word' id='word_1_72' title='bbox 935 1261 1006 1324; x_wconf 84' lang='lat' dir='ltr'><em>de</em></span> <span class='ocrx_word' id='word_1_73' title='bbox 1030 1277 1202 1324; x_wconf 85' lang='lat' dir='ltr'><em>eruee</em></span> <span class='ocrx_word' id='word_1_74' title='bbox 1239 1260 1363 1324; x_wconf 82' lang='lat' dir='ltr'><em>diei</em></span> <span class='ocrx_word' id='word_1_75' title='bbox 1395 1277 1516 1322; x_wconf 85' lang='lat' dir='ltr'><em>non</em></span> <span class='ocrx_word' id='word_1_76' title='bbox 1549 1263 1769 1342; x_wconf 85' lang='lat' dir='ltr'><em>potest.</em></span> 
     </span>
    </p>
   </div>
   <div class='ocr_carea' id='block_1_5' title="bbox 86 1353 1776 1438">
    <p class='ocr_par' dir='ltr' id='par_1_5' title="bbox 86 1353 1776 1438">
     <span class='ocr_line' id='line_1_12' title="bbox 86 1353 1776 1438; baseline -0.001 -20"><span class='ocrx_word' id='word_1_77' title='bbox 86 1359 88 1408; x_wconf 87' lang='grc' dir='ltr'>ἶ</span> <span class='ocrx_word' id='word_1_78' title='bbox 199 1355 380 1438; x_wconf 68' lang='lat' dir='ltr'><em>Eryo</em></span> <span class='ocrx_word' id='word_1_79' title='bbox 428 1373 582 1418; x_wconf 69' lang='lat' dir='ltr'><em>eman</em></span> <span class='ocrx_word' id='word_1_80' title='bbox 628 1353 868 1419; x_wconf 69' lang='lat' dir='ltr'><em>Christi</em></span> <span class='ocrx_word' id='word_1_81' title='bbox 895 1371 1018 1416; x_wconf 86' lang='lat' dir='ltr'><em>non</em></span> <span class='ocrx_word' id='word_1_82' title='bbox 1043 1357 1134 1418; x_wconf 89' lang='lat' dir='ltr'><em>est</em></span> <span class='ocrx_word' id='word_1_83' title='bbox 1178 1353 1502 1418; x_wconf 82' lang='lat' dir='ltr'><em>adoranda</em></span> <span class='ocrx_word' id='word_1_84' title='bbox 1545 1353 1776 1418; x_wconf 85' lang='lat' dir='ltr'><em>adora-</em></span> 
     </span>
    </p>
   </div>
   <div class='ocr_carea' id='block_1_6' title="bbox 198 1449 1790 5190">
    <p class='ocr_par' dir='ltr' id='par_1_6' title="bbox 201 1449 628 1516">
     <span class='ocr_line' id='line_1_13' title="bbox 201 1449 628 1516; baseline 0 -3"><span class='ocrx_word' id='word_1_85' title='bbox 201 1451 366 1514; x_wconf 84' lang='lat' dir='ltr'><em>tione</em></span> <span class='ocrx_word' id='word_1_86' title='bbox 399 1449 628 1516; x_wconf 76' lang='lat' dir='ltr'><em>latria.</em></span> 
     </span>
    </p>

    <p class='ocr_par' dir='ltr' id='par_1_7' title="bbox 198 1541 1778 2082">
     <span class='ocr_line' id='line_1_14' title="bbox 282 1541 1778 1620; baseline 0 -14"><span class='ocrx_word' id='word_1_87' title='bbox 282 1545 341 1608; x_wconf 92' lang='grc'><em>3.</em></span> <span class='ocrx_word' id='word_1_88' title='bbox 376 1543 719 1620; x_wconf 83' lang='lat' dir='ltr'><em>Proeterea,</em></span> <span class='ocrx_word' id='word_1_89' title='bbox 745 1543 903 1609; x_wconf 85' lang='lat' dir='ltr'><em>sieut</em></span> <span class='ocrx_word' id='word_1_90' title='bbox 930 1561 1082 1608; x_wconf 68' lang='lat' dir='ltr'><em>omae</em></span> <span class='ocrx_word' id='word_1_91' title='bbox 1114 1541 1356 1608; x_wconf 67' lang='lat' dir='ltr'><em>Christi</em></span> <span class='ocrx_word' id='word_1_92' title='bbox 1379 1541 1510 1620; x_wconf 81' lang='lat' dir='ltr'><em>fuit</em></span> <span class='ocrx_word' id='word_1_93' title='bbox 1534 1542 1778 1606; x_wconf 81' lang='lat' dir='ltr'><em>instru-</em></span> 
     </span>
     <span class='ocr_line' id='line_1_15' title="bbox 198 1635 1777 1720; baseline -0.001 -21"><span class='ocrx_word' id='word_1_94' title='bbox 198 1641 474 1700; x_wconf 83' lang='lat' dir='ltr'><em>mentum</em></span> <span class='ocrx_word' id='word_1_95' title='bbox 489 1637 802 1720; x_wconf 84' lang='lat' dir='ltr'><em>passionis</em></span> <span class='ocrx_word' id='word_1_96' title='bbox 827 1637 958 1717; x_wconf 79' lang='lat' dir='ltr'><em>ejus</em></span> <span class='ocrx_word' id='word_1_97' title='bbox 982 1641 1038 1700; x_wconf 90' lang='lat' dir='ltr'><em>et</em></span> <span class='ocrx_word' id='word_1_98' title='bbox 1065 1638 1312 1710; x_wconf 85' lang='lat' dir='ltr'><em>mortis,</em></span> <span class='ocrx_word' id='word_1_99' title='bbox 1345 1635 1441 1700; x_wconf 85' lang='lat' dir='ltr'><em>ita</em></span> <span class='ocrx_word' id='word_1_100' title='bbox 1487 1635 1676 1700; x_wconf 87' lang='lat' dir='ltr'><em>etiam</em></span> <span class='ocrx_word' id='word_1_101' title='bbox 1719 1643 1777 1698; x_wconf 86' lang='lat' dir='ltr'><em>et</em></span> 
     </span>
     <span class='ocr_line' id='line_1_16' title="bbox 201 1727 1777 1814; baseline 0.001 -22"><span class='ocrx_word' id='word_1_102' title='bbox 201 1731 404 1794; x_wconf 83' lang='lat' dir='ltr'><em>multa</em></span> <span class='ocrx_word' id='word_1_103' title='bbox 427 1731 564 1796; x_wconf 87' lang='lat' dir='ltr'><em>alia</em></span> <span class='ocrx_word' id='word_1_104' title='bbox 586 1727 760 1812; x_wconf 84' lang='lat' dir='ltr'><em>(puta</em></span> <span class='ocrx_word' id='word_1_105' title='bbox 778 1729 962 1806; x_wconf 84' lang='lat' dir='ltr'><em>elavi,</em></span> <span class='ocrx_word' id='word_1_106' title='bbox 981 1749 1198 1796; x_wconf 88' lang='lat' dir='ltr'><em>eorona</em></span> <span class='ocrx_word' id='word_1_107' title='bbox 1224 1735 1280 1794; x_wconf 89' lang='lat' dir='ltr'><em>et</em></span> <span class='ocrx_word' id='word_1_108' title='bbox 1305 1727 1542 1814; x_wconf 74' lang='lat' dir='ltr'><em>lancea)</em></span> <span class='ocrx_word' id='word_1_109' title='bbox 1561 1730 1777 1811; x_wconf 81' lang='lat' dir='ltr'><em>quibus</em></span> 
     </span>
     <span class='ocr_line' id='line_1_17' title="bbox 203 1822 1774 1907; baseline 0 -19"><span class='ocrx_word' id='word_1_110' title='bbox 203 1832 410 1888; x_wconf 83' lang='lat' dir='ltr'><em>tamen</em></span> <span class='ocrx_word' id='word_1_111' title='bbox 435 1841 558 1887; x_wconf 80' lang='lat' dir='ltr'><em>non</em></span> <span class='ocrx_word' id='word_1_112' title='bbox 584 1825 926 1890; x_wconf 69' lang='lat' dir='ltr'><em>exhibemus</em></span> <span class='ocrx_word' id='word_1_113' title='bbox 949 1823 1158 1888; x_wconf 84' lang='lat' dir='ltr'><em>latrioe</em></span> <span class='ocrx_word' id='word_1_114' title='bbox 1192 1823 1443 1890; x_wconf 75' lang='lat' dir='ltr'><em>cultum.</em></span> <span class='ocrx_word' id='word_1_115' title='bbox 1472 1822 1652 1907; x_wconf 68' lang='lat' dir='ltr'><em>Eryo</em></span> <span class='ocrx_word' id='word_1_116' title='bbox 1675 1823 1774 1888; x_wconf 80' lang='lat' dir='ltr'><em>oi-</em></span> 
     </span>
     <span class='ocr_line' id='line_1_18' title="bbox 203 1919 1775 2001; baseline 0 -17"><span class='ocrx_word' id='word_1_117' title='bbox 203 1923 384 1984; x_wconf 85' lang='lat' dir='ltr'><em>detur</em></span> <span class='ocrx_word' id='word_1_118' title='bbox 409 1920 574 2001; x_wconf 81' lang='lat' dir='ltr'><em>quod</em></span> <span class='ocrx_word' id='word_1_119' title='bbox 597 1937 751 1985; x_wconf 70' lang='lat' dir='ltr'><em>cm</em></span> <span class='ocrx_word' id='word_1_120' title='bbox 777 1919 1016 1985; x_wconf 73' lang='lat' dir='ltr'><em>Christi</em></span> <span class='ocrx_word' id='word_1_121' title='bbox 1038 1937 1160 1985; x_wconf 86' lang='lat' dir='ltr'><em>non</em></span> <span class='ocrx_word' id='word_1_122' title='bbox 1182 1921 1266 1984; x_wconf 85' lang='lat' dir='ltr'><em>sit</em></span> <span class='ocrx_word' id='word_1_123' title='bbox 1289 1920 1646 1985; x_wconf 72' lang='lat' dir='ltr'><strong><em>adoratione</em></strong></span> <span class='ocrx_word' id='word_1_124' title='bbox 1673 1919 1775 1984; x_wconf 86' lang='lat' dir='ltr'><em>la-</em></span> 
     </span>
     <span class='ocr_line' id='line_1_19' title="bbox 202 2015 720 2082; baseline 0 -4"><span class='ocrx_word' id='word_1_125' title='bbox 202 2017 345 2078; x_wconf 82' lang='lat' dir='ltr'><em>trice</em></span> <span class='ocrx_word' id='word_1_126' title='bbox 373 2015 720 2082; x_wconf 81' lang='lat' dir='ltr'><em>adoranda.</em></span> 
     </span>
    </p>

    <p class='ocr_par' dir='ltr' id='par_1_8' title="bbox 201 2104 1780 2736">
     <span class='ocr_line' id='line_1_20' title="bbox 282 2104 1779 2190; baseline -0.001 -18"><span class='ocrx_word' id='word_1_127' title='bbox 282 2108 420 2174; x_wconf 78' lang='lat' dir='ltr'><em>Sed</em></span> <span class='ocrx_word' id='word_1_128' title='bbox 446 2113 662 2174; x_wconf 86' lang='lat' dir='ltr'><em>eontra</em></span> <span class='ocrx_word' id='word_1_129' title='bbox 699 2113 786 2175; x_wconf 89' lang='lat' dir='ltr'><em>est</em></span> <span class='ocrx_word' id='word_1_130' title='bbox 823 2111 982 2190; x_wconf 80' lang='lat' dir='ltr'><em>quod</em></span> <span class='ocrx_word' id='word_1_131' title='bbox 1029 2107 1142 2172; x_wconf 87' lang='lat' dir='ltr'><em>illi</em></span> <span class='ocrx_word' id='word_1_132' title='bbox 1186 2107 1526 2172; x_wconf 73' lang='lat' dir='ltr'><em>eubibemus</em></span> <span class='ocrx_word' id='word_1_133' title='bbox 1567 2104 1779 2172; x_wconf 79' lang='lat' dir='ltr'><em>latrice</em></span> 
     </span>
     <span class='ocr_line' id='line_1_21' title="bbox 205 2198 1780 2286; baseline -0.002 -20"><span class='ocrx_word' id='word_1_134' title='bbox 205 2202 460 2280; x_wconf 78' lang='lat' dir='ltr'><em>cultum,</em></span> <span class='ocrx_word' id='word_1_135' title='bbox 489 2204 562 2266; x_wconf 84' lang='lat' dir='ltr'><em>in</em></span> <span class='ocrx_word' id='word_1_136' title='bbox 589 2221 703 2284; x_wconf 85' lang='lat' dir='ltr'><em>quo</em></span> <span class='ocrx_word' id='word_1_137' title='bbox 729 2205 1014 2286; x_wconf 85' lang='lat' dir='ltr'><em>ponimus</em></span> <span class='ocrx_word' id='word_1_138' title='bbox 1051 2219 1218 2285; x_wconf 78' lang='lat' dir='ltr'><em>spem</em></span> <span class='ocrx_word' id='word_1_139' title='bbox 1259 2199 1506 2265; x_wconf 86' lang='lat' dir='ltr'><em>salutis.</em></span> <span class='ocrx_word' id='word_1_140' title='bbox 1543 2198 1678 2264; x_wconf 79' lang='lat' dir='ltr'><em>Sed</em></span> <span class='ocrx_word' id='word_1_141' title='bbox 1709 2200 1780 2264; x_wconf 88' lang='lat' dir='ltr'><em>in</em></span> 
     </span>
     <span class='ocr_line' id='line_1_22' title="bbox 205 2293 1776 2380; baseline -0.003 -18"><span class='ocrx_word' id='word_1_142' title='bbox 205 2315 377 2362; x_wconf 71' lang='lat' dir='ltr'><em>cruce</em></span> <span class='ocrx_word' id='word_1_143' title='bbox 435 2295 677 2361; x_wconf 71' lang='lat' dir='ltr'><em>Christi</em></span> <span class='ocrx_word' id='word_1_144' title='bbox 715 2298 1004 2380; x_wconf 85' lang='lat' dir='ltr'><em>ponimus</em></span> <span class='ocrx_word' id='word_1_145' title='bbox 1051 2313 1214 2376; x_wconf 85' lang='lat' dir='ltr'><em>spem</em></span> <span class='ocrx_word' id='word_1_146' title='bbox 1263 2293 1537 2366; x_wconf 81' lang='lat' dir='ltr'><em>salutis,·</em></span> <span class='ocrx_word' id='word_1_147' title='bbox 1562 2299 1776 2360; x_wconf 84' lang='lat' dir='ltr'><em>eautat</em></span> 
     </span>
     <span class='ocr_line' id='line_1_23' title="bbox 207 2387 1778 2469; baseline 0 -17"><span class='ocrx_word' id='word_1_148' title='bbox 207 2391 364 2452; x_wconf 80' lang='lat' dir='ltr'><em>enim</em></span> <span class='ocrx_word' id='word_1_149' title='bbox 407 2388 698 2455; x_wconf 73' lang='lat' dir='ltr'><em>Ecclesia</em></span> <span class='ocrx_word' id='word_1_150' title='bbox 729 2391 780 2454; x_wconf 89' lang='lat'><em>¹:</em></span> <span class='ocrx_word' id='word_1_151' title='bbox 829 2389 880 2453; x_wconf 91' lang='lat' dir='ltr'><em>O</em></span> <span class='ocrx_word' id='word_1_152' title='bbox 907 2409 1062 2455; x_wconf 72' lang='lat' dir='ltr'><em>erun</em></span> <span class='ocrx_word' id='word_1_153' title='bbox 1085 2407 1194 2454; x_wconf 84' lang='lat' dir='ltr'><em>ave</em></span> <span class='ocrx_word' id='word_1_154' title='bbox 1211 2440 1228 2466; x_wconf 94' lang='lat'><em>,</em></span> <span class='ocrx_word' id='word_1_155' title='bbox 1255 2406 1388 2469; x_wconf 86' lang='lat' dir='ltr'><em>spes</em></span> <span class='ocrx_word' id='word_1_156' title='bbox 1411 2387 1628 2464; x_wconf 86' lang='lat' dir='ltr'><em>uniea,</em></span> <span class='ocrx_word' id='word_1_157' title='bbox 1669 2390 1778 2452; x_wconf 80' lang='grc' dir='ltr'><em>Ιιοσ</em></span> 
     </span>
     <span class='ocr_line' id='line_1_24' title="bbox 201 2481 1780 2567; baseline -0.001 -21"><span class='ocrx_word' id='word_1_158' title='bbox 201 2484 513 2566; x_wconf 73' lang='lat' dir='ltr'><em>passionis</em></span> <span class='ocrx_word' id='word_1_159' title='bbox 537 2489 820 2566; x_wconf 90' lang='lat' dir='ltr'><em>tempore,</em></span> <span class='ocrx_word' id='word_1_160' title='bbox 862 2501 1015 2567; x_wconf 68' lang='lat' dir='ltr'><em>auye</em></span> <span class='ocrx_word' id='word_1_161' title='bbox 1037 2483 1171 2565; x_wconf 86' lang='lat' dir='ltr'><em>piis</em></span> <span class='ocrx_word' id='word_1_162' title='bbox 1183 2481 1524 2562; x_wconf 66' lang='lat' dir='ltr'><em>justitiam,</em></span> <span class='ocrx_word' id='word_1_163' title='bbox 1545 2481 1780 2561; x_wconf 82' lang='lat' dir='ltr'><em>reisque</em></span> 
     </span>
     <span class='ocr_line' id='line_1_25' title="bbox 211 2573 1779 2660; baseline -0.001 -20"><span class='ocrx_word' id='word_1_164' title='bbox 211 2579 366 2640; x_wconf 79' lang='lat' dir='ltr'><em>dona</em></span> <span class='ocrx_word' id='word_1_165' title='bbox 393 2579 656 2642; x_wconf 83' lang='lat' dir='ltr'><em>veniam.</em></span> <span class='ocrx_word' id='word_1_166' title='bbox 681 2577 858 2660; x_wconf 68' lang='lat' dir='ltr'><em>Eryo</em></span> <span class='ocrx_word' id='word_1_167' title='bbox 892 2595 1044 2643; x_wconf 72' lang='lat' dir='ltr'><em>eruce</em></span> <span class='ocrx_word' id='word_1_168' title='bbox 1075 2573 1313 2640; x_wconf 73' lang='lat' dir='ltr'><em>Christi</em></span> <span class='ocrx_word' id='word_1_169' title='bbox 1349 2577 1438 2638; x_wconf 88' lang='lat' dir='ltr'><em>est</em></span> <span class='ocrx_word' id='word_1_170' title='bbox 1461 2575 1779 2638; x_wconf 79' lang='lat' dir='ltr'><em>adoranda</em></span> 
     </span>
     <span class='ocr_line' id='line_1_26' title="bbox 209 2671 827 2736; baseline 0 -2"><span class='ocrx_word' id='word_1_171' title='bbox 209 2673 567 2736; x_wconf 75' lang='lat' dir='ltr'><em>adoratione</em></span> <span class='ocrx_word' id='word_1_172' title='bbox 601 2671 827 2736; x_wconf 81' lang='lat' dir='ltr'><em>latrice.</em></span> 
     </span>
    </p>

    <p class='ocr_par' dir='ltr' id='par_1_9' title="bbox 201 2762 1790 5190">
     <span class='ocr_line' id='line_1_27' title="bbox 287 2762 1778 2848; baseline -0.003 -19"><span class='ocrx_word' id='word_1_173' title='bbox 287 2765 643 2848; x_wconf 82' lang='lat' dir='ltr'><em>Respondeo</em></span> <span class='ocrx_word' id='word_1_174' title='bbox 669 2765 1008 2840; x_wconf 72' lang='lat' dir='ltr'><em>dicendum,</em></span> <span class='ocrx_word' id='word_1_175' title='bbox 1030 2766 1209 2846; x_wconf 81' lang='lat' dir='ltr'><em>quod,</em></span> <span class='ocrx_word' id='word_1_176' title='bbox 1243 2763 1400 2829; x_wconf 86' lang='lat' dir='ltr'><em>sieut</em></span> <span class='ocrx_word' id='word_1_177' title='bbox 1422 2779 1612 2844; x_wconf 80' lang='lat' dir='ltr'><em>supra</em></span> <span class='ocrx_word' id='word_1_178' title='bbox 1642 2762 1778 2826; x_wconf 84' lang='lat' dir='ltr'><em>die-</em></span> 
     </span>
     <span class='ocr_line' id='line_1_28' title="bbox 210 2853 1780 2936; baseline -0.003 -13"><span class='ocrx_word' id='word_1_179' title='bbox 210 2867 342 2924; x_wconf 80' lang='lat' dir='ltr'><em>tum</em></span> <span class='ocrx_word' id='word_1_180' title='bbox 371 2865 464 2924; x_wconf 90' lang='lat' dir='ltr'><em>est</em></span> <span class='ocrx_word' id='word_1_181' title='bbox 481 2863 533 2936; x_wconf 81' lang='lat'><em>²,</em></span> <span class='ocrx_word' id='word_1_182' title='bbox 551 2861 739 2923; x_wconf 75' lang='lat' dir='ltr'><em>bonor</em></span> <span class='ocrx_word' id='word_1_183' title='bbox 761 2877 866 2923; x_wconf 89' lang='lat' dir='ltr'><em>seu</em></span> <span class='ocrx_word' id='word_1_184' title='bbox 893 2859 1230 2923; x_wconf 82' lang='lat' dir='ltr'><em>reverentia</em></span> <span class='ocrx_word' id='word_1_185' title='bbox 1247 2875 1367 2920; x_wconf 89' lang='lat' dir='ltr'><em>non</em></span> <span class='ocrx_word' id='word_1_186' title='bbox 1389 2855 1632 2919; x_wconf 74' lang='lat' dir='ltr'><em>debetne·</em></span> <span class='ocrx_word' id='word_1_187' title='bbox 1655 2853 1780 2918; x_wconf 87' lang='lat' dir='ltr'><em>nisi</em></span> 
     </span>
     <span class='ocr_line' id='line_1_29' title="bbox 211 2947 1776 3025; baseline -0.004 -8"><span class='ocrx_word' id='word_1_188' title='bbox 211 2953 516 3018; x_wconf 77' lang='lat' dir='ltr'><em>rationali</em></span> <span class='ocrx_word' id='word_1_189' title='bbox 539 2957 822 3025; x_wconf 82' lang='lat' dir='ltr'><em>naturoe;</em></span> <span class='ocrx_word' id='word_1_190' title='bbox 857 2957 1152 3018; x_wconf 81' lang='lat' dir='ltr'><em>ereaturoe</em></span> <span class='ocrx_word' id='word_1_191' title='bbox 1185 2955 1388 3016; x_wconf 88' lang='lat' dir='ltr'><em>autem</em></span> <span class='ocrx_word' id='word_1_192' title='bbox 1432 2947 1776 3014; x_wconf 69' lang='lat' dir='ltr'><em>insensibili</em></span> 
     </span>
     <span class='ocr_line' id='line_1_30' title="bbox 217 3045 1777 3122; baseline -0.003 -11"><span class='ocrx_word' id='word_1_193' title='bbox 217 3067 340 3111; x_wconf 84' lang='lat' dir='ltr'><em>non</em></span> <span class='ocrx_word' id='word_1_194' title='bbox 360 3051 594 3112; x_wconf 86' lang='lat' dir='ltr'><em>debetur</em></span> <span class='ocrx_word' id='word_1_195' title='bbox 603 3049 794 3112; x_wconf 73' lang='lat' dir='ltr'><em>bonor</em></span> <span class='ocrx_word' id='word_1_196' title='bbox 804 3045 900 3112; x_wconf 80' lang='lat' dir='ltr'><em>vel</em></span> <span class='ocrx_word' id='word_1_197' title='bbox 909 3045 1401 3122; x_wconf 83' lang='lat' dir='ltr'><em>reverentia‚nisi</em></span> <span class='ocrx_word' id='word_1_198' title='bbox 1415 3046 1656 3108; x_wconf 86' lang='lat' dir='ltr'><em>ratione</em></span> <span class='ocrx_word' id='word_1_199' title='bbox 1672 3063 1777 3107; x_wconf 87' lang='lat' dir='ltr'><em>ra-</em></span> 
     </span>
     <span class='ocr_line' id='line_1_31' title="bbox 221 3139 1770 3223; baseline -0.004 -17"><span class='ocrx_word' id='word_1_200' title='bbox 221 3142 481 3206; x_wconf 85' lang='lat' dir='ltr'><em>tionalis</em></span> <span class='ocrx_word' id='word_1_201' title='bbox 502 3147 757 3208; x_wconf 69' lang='lat' dir='ltr'><em>natwoe.</em></span> <span class='ocrx_word' id='word_1_202' title='bbox 783 3141 878 3204; x_wconf 77' lang='lat' dir='ltr'><em>Et</em></span> <span class='ocrx_word' id='word_1_203' title='bbox 900 3141 1008 3206; x_wconf 71' lang='lat' dir='ltr'><em>hoe</em></span> <span class='ocrx_word' id='word_1_204' title='bbox 1025 3139 1376 3223; x_wconf 77' lang='lat' dir='ltr'><em>dupliciter.</em></span> <span class='ocrx_word' id='word_1_205' title='bbox 1419 3139 1558 3204; x_wconf 88' lang='lat' dir='ltr'><em>Uno</em></span> <span class='ocrx_word' id='word_1_206' title='bbox 1577 3140 1770 3214; x_wconf 85' lang='lat' dir='ltr'><em>modo,</em></span> 
     </span>
     <span class='ocr_line' id='line_1_32' title="bbox 215 3233 1776 3319; baseline -0.003 -21"><span class='ocrx_word' id='word_1_207' title='bbox 215 3239 284 3298; x_wconf 83' lang='lat' dir='ltr'><em>in</em></span> <span class='ocrx_word' id='word_1_208' title='bbox 309 3241 602 3316; x_wconf 83' lang='lat' dir='ltr'><em>quantum</em></span> <span class='ocrx_word' id='word_1_209' title='bbox 626 3239 1028 3319; x_wconf 83' lang='lat' dir='ltr'><em>reproesentat</em></span> <span class='ocrx_word' id='word_1_210' title='bbox 1053 3233 1420 3300; x_wconf 76' lang='lat' dir='ltr'><em>rationalem</em></span> <span class='ocrx_word' id='word_1_211' title='bbox 1446 3238 1736 3298; x_wconf 79' lang='lat' dir='ltr'><em>natm-am</em></span> <span class='ocrx_word' id='word_1_212' title='bbox 1751 3256 1776 3303; x_wconf 88' lang='lat'><em>,-</em></span> 
     </span>
     <span class='ocr_line' id='line_1_33' title="bbox 214 3328 1781 3412; baseline -0.002 -21"><span class='ocrx_word' id='word_1_213' title='bbox 214 3329 342 3393; x_wconf 83' lang='lat' dir='ltr'><em>alio</em></span> <span class='ocrx_word' id='word_1_214' title='bbox 361 3331 554 3405; x_wconf 86' lang='lat' dir='ltr'><em>modo,</em></span> <span class='ocrx_word' id='word_1_215' title='bbox 583 3331 654 3392; x_wconf 83' lang='lat' dir='ltr'><em>in</em></span> <span class='ocrx_word' id='word_1_216' title='bbox 678 3333 976 3412; x_wconf 81' lang='lat' dir='ltr'><em>quantum</em></span> <span class='ocrx_word' id='word_1_217' title='bbox 1001 3330 1058 3393; x_wconf 91' lang='lat' dir='ltr'><em>ei</em></span> <span class='ocrx_word' id='word_1_218' title='bbox 1076 3345 1438 3409; x_wconf 80' lang='lat' dir='ltr'><em>quocumque</em></span> <span class='ocrx_word' id='word_1_219' title='bbox 1454 3328 1626 3390; x_wconf 81' lang='lat' dir='ltr'><em>modo</em></span> <span class='ocrx_word' id='word_1_220' title='bbox 1647 3344 1781 3390; x_wconf 88' lang='lat' dir='ltr'><em>eon-</em></span> 
     </span>
     <span class='ocr_line' id='line_1_34' title="bbox 201 3420 1782 3506; baseline -0.001 -23"><span class='ocrx_word' id='word_1_221' title='bbox 201 3423 520 3506; x_wconf 71' lang='lat' dir='ltr'><em>junyitur.</em></span> <span class='ocrx_word' id='word_1_222' title='bbox 567 3423 783 3487; x_wconf 85' lang='lat' dir='ltr'><em>Primo</em></span> <span class='ocrx_word' id='word_1_223' title='bbox 828 3424 1000 3487; x_wconf 89' lang='lat' dir='ltr'><em>modo</em></span> <span class='ocrx_word' id='word_1_224' title='bbox 1048 3426 1476 3487; x_wconf 76' lang='lat' dir='ltr'><em>consueverunt</em></span> <span class='ocrx_word' id='word_1_225' title='bbox 1517 3420 1782 3486; x_wconf 72' lang='lat' dir='ltr'><em>homines</em></span> 
     </span>
     <span class='ocr_line' id='line_1_35' title="bbox 211 3516 1783 3602; baseline 0 -22"><span class='ocrx_word' id='word_1_226' title='bbox 211 3520 498 3582; x_wconf 73' lang='lat' dir='ltr'><em>venerari</em></span> <span class='ocrx_word' id='word_1_227' title='bbox 523 3520 688 3602; x_wconf 65' lang='lat' dir='ltr'><em>repis</em></span> <span class='ocrx_word' id='word_1_228' title='bbox 725 3520 1058 3602; x_wconf 65' lang='lat' dir='ltr'><em>imaqinem</em></span> <span class='ocrx_word' id='word_1_229' title='bbox 1080 3546 1101 3581; x_wconf 93' lang='lat'><em>:</em></span> <span class='ocrx_word' id='word_1_230' title='bbox 1130 3521 1384 3584; x_wconf 86' lang='lat' dir='ltr'><em>seeundo</em></span> <span class='ocrx_word' id='word_1_231' title='bbox 1428 3519 1600 3580; x_wconf 87' lang='lat' dir='ltr'><em>modo</em></span> <span class='ocrx_word' id='word_1_232' title='bbox 1653 3516 1783 3596; x_wconf 83' lang='lat' dir='ltr'><em>ejus</em></span> 
     </span>
     <span class='ocr_line' id='line_1_36' title="bbox 209 3610 1784 3694; baseline -0.002 -20"><span class='ocrx_word' id='word_1_233' title='bbox 209 3614 649 3675; x_wconf 73' lang='lat' dir='ltr'><em>vestimentum.</em></span> <span class='ocrx_word' id='word_1_234' title='bbox 688 3613 1030 3694; x_wconf 79' lang='lat' dir='ltr'><em>Utrumque</em></span> <span class='ocrx_word' id='word_1_235' title='bbox 1058 3618 1259 3677; x_wconf 86' lang='lat' dir='ltr'><em>autem</em></span> <span class='ocrx_word' id='word_1_236' title='bbox 1284 3614 1654 3676; x_wconf 80' lang='lat' dir='ltr'><em>venerantur</em></span> <span class='ocrx_word' id='word_1_237' title='bbox 1681 3610 1784 3673; x_wconf 70' lang='lat' dir='ltr'><em>lto-</em></span> 
     </span>
     <span class='ocr_line' id='line_1_37' title="bbox 209 3705 1784 3788; baseline -0.002 -21"><span class='ocrx_word' id='word_1_238' title='bbox 209 3705 406 3769; x_wconf 79' lang='lat' dir='ltr'><em>mines</em></span> <span class='ocrx_word' id='word_1_239' title='bbox 433 3705 641 3770; x_wconf 88' lang='lat' dir='ltr'><em>eadem</em></span> <span class='ocrx_word' id='word_1_240' title='bbox 668 3707 1052 3771; x_wconf 81' lang='lat' dir='ltr'><em>veneratione</em></span> <span class='ocrx_word' id='word_1_241' title='bbox 1074 3723 1195 3788; x_wconf 79' lang='lat' dir='ltr'><em>qua</em></span> <span class='ocrx_word' id='word_1_242' title='bbox 1217 3707 1583 3770; x_wconf 80' lang='lat' dir='ltr'><em>venerantur</em></span> <span class='ocrx_word' id='word_1_243' title='bbox 1609 3707 1665 3765; x_wconf 87' lang='lat' dir='ltr'><em>et</em></span> <span class='ocrx_word' id='word_1_244' title='bbox 1687 3721 1784 3765; x_wconf 90' lang='lat' dir='ltr'><em>re-</em></span> 
     </span>
     <span class='ocr_line' id='line_1_38' title="bbox 211 3795 1782 3882; baseline -0.003 -20"><span class='ocrx_word' id='word_1_245' title='bbox 211 3816 366 3881; x_wconf 70' lang='lat' dir='ltr'><em>qem.</em></span> <span class='ocrx_word' id='word_1_246' title='bbox 399 3795 482 3862; x_wconf 83' lang='lat' dir='ltr'><em>Si</em></span> <span class='ocrx_word' id='word_1_247' title='bbox 520 3817 663 3882; x_wconf 68' lang='lat' dir='ltr'><em>erpo</em></span> <span class='ocrx_word' id='word_1_248' title='bbox 707 3799 1028 3881; x_wconf 82' lang='lat' dir='ltr'><em>loquamur</em></span> <span class='ocrx_word' id='word_1_249' title='bbox 1055 3802 1128 3865; x_wconf 84' lang='lat' dir='ltr'><em>de</em></span> <span class='ocrx_word' id='word_1_250' title='bbox 1165 3800 1303 3882; x_wconf 86' lang='lat' dir='ltr'><em>ipsa</em></span> <span class='ocrx_word' id='word_1_251' title='bbox 1345 3815 1537 3873; x_wconf 71' lang='lat' dir='ltr'><em>mcee,</em></span> <span class='ocrx_word' id='word_1_252' title='bbox 1563 3797 1634 3859; x_wconf 90' lang='lat' dir='ltr'><em>in</em></span> <span class='ocrx_word' id='word_1_253' title='bbox 1661 3813 1782 3877; x_wconf 81' lang='lat' dir='ltr'><em>qua</em></span> 
     </span>
     <span class='ocr_line' id='line_1_39' title="bbox 217 3891 1785 3975; baseline -0.003 -20"><span class='ocrx_word' id='word_1_254' title='bbox 217 3891 506 3956; x_wconf 74' lang='lat' dir='ltr'><em>Christus</em></span> <span class='ocrx_word' id='word_1_255' title='bbox 536 3893 868 3972; x_wconf 71' lang='lat' dir='ltr'><em>crucifixus</em></span> <span class='ocrx_word' id='word_1_256' title='bbox 901 3897 1010 3967; x_wconf 89' lang='lat' dir='ltr'><em>est,</em></span> <span class='ocrx_word' id='word_1_257' title='bbox 1035 3899 1286 3975; x_wconf 82' lang='lat' dir='ltr'><em>utroque</em></span> <span class='ocrx_word' id='word_1_258' title='bbox 1312 3893 1482 3955; x_wconf 90' lang='lat' dir='ltr'><em>modo</em></span> <span class='ocrx_word' id='word_1_259' title='bbox 1505 3895 1592 3954; x_wconf 86' lang='lat' dir='ltr'><em>est</em></span> <span class='ocrx_word' id='word_1_260' title='bbox 1618 3909 1656 3953; x_wconf 90' lang='lat' dir='ltr'><em>a</em></span> <span class='ocrx_word' id='word_1_261' title='bbox 1679 3909 1785 3952; x_wconf 86' lang='lat' dir='ltr'><em>no-</em></span> 
     </span>
     <span class='ocr_line' id='line_1_40' title="bbox 215 3985 1786 4066; baseline -0.003 -17"><span class='ocrx_word' id='word_1_262' title='bbox 215 3987 306 4049; x_wconf 85' lang='lat' dir='ltr'><em>bis</em></span> <span class='ocrx_word' id='word_1_263' title='bbox 331 3987 678 4051; x_wconf 80' lang='lat' dir='ltr'><em>veneranda</em></span> <span class='ocrx_word' id='word_1_264' title='bbox 690 4009 718 4058; x_wconf 90' lang='lat'><em>;</em></span> <span class='ocrx_word' id='word_1_265' title='bbox 744 4005 882 4065; x_wconf 88' lang='lat' dir='ltr'><em>uno,</em></span> <span class='ocrx_word' id='word_1_266' title='bbox 903 3985 1156 4063; x_wconf 76' lang='lat' dir='ltr'><em>scilieet,</em></span> <span class='ocrx_word' id='word_1_267' title='bbox 1181 3986 1374 4062; x_wconf 85' lang='lat' dir='ltr'><em>modo,</em></span> <span class='ocrx_word' id='word_1_268' title='bbox 1395 3985 1465 4049; x_wconf 88' lang='lat' dir='ltr'><em>in</em></span> <span class='ocrx_word' id='word_1_269' title='bbox 1491 3988 1786 4066; x_wconf 83' lang='lat' dir='ltr'><em>quantum</em></span> 
     </span>
     <span class='ocr_line' id='line_1_41' title="bbox 211 4077 1787 4162; baseline -0.001 -22"><span class='ocrx_word' id='word_1_270' title='bbox 211 4083 618 4160; x_wconf 83' lang='lat' dir='ltr'><em>reproesentat</em></span> <span class='ocrx_word' id='word_1_271' title='bbox 643 4079 812 4144; x_wconf 84' lang='lat' dir='ltr'><em>nobis</em></span> <span class='ocrx_word' id='word_1_272' title='bbox 846 4079 1118 4162; x_wconf 69' lang='lat' dir='ltr'><em>stymam</em></span> <span class='ocrx_word' id='word_1_273' title='bbox 1164 4077 1404 4144; x_wconf 68' lang='lat' dir='ltr'><em>Christi</em></span> <span class='ocrx_word' id='word_1_274' title='bbox 1447 4077 1679 4142; x_wconf 64' lang='lat' dir='ltr'><em>extensi</em></span> <span class='ocrx_word' id='word_1_275' title='bbox 1717 4077 1787 4140; x_wconf 83' lang='lat' dir='ltr'><em>in</em></span> 
     </span>
     <span class='ocr_line' id='line_1_42' title="bbox 216 4170 1780 4246; baseline -0.001 -12"><span class='ocrx_word' id='word_1_276' title='bbox 216 4189 286 4234; x_wconf 83' lang='lat' dir='ltr'><em>ea</em></span> <span class='ocrx_word' id='word_1_277' title='bbox 301 4194 328 4242; x_wconf 94' lang='lat'><em>,·</em></span> <span class='ocrx_word' id='word_1_278' title='bbox 352 4171 480 4236; x_wconf 83' lang='lat' dir='ltr'><em>alio</em></span> <span class='ocrx_word' id='word_1_279' title='bbox 507 4174 703 4246; x_wconf 87' lang='lat' dir='ltr'><em>modo,</em></span> <span class='ocrx_word' id='word_1_280' title='bbox 731 4191 806 4237; x_wconf 74' lang='lat' dir='ltr'><em>ece</em></span> <span class='ocrx_word' id='word_1_281' title='bbox 831 4177 1110 4238; x_wconf 75' lang='lat' dir='ltr'><em>contactu</em></span> <span class='ocrx_word' id='word_1_282' title='bbox 1123 4174 1210 4236; x_wconf 85' lang='lat' dir='ltr'><em>ad</em></span> <span class='ocrx_word' id='word_1_283' title='bbox 1226 4173 1492 4235; x_wconf 85' lang='lat' dir='ltr'><em>membra</em></span> <span class='ocrx_word' id='word_1_284' title='bbox 1518 4170 1780 4245; x_wconf 73' lang='lat' dir='ltr'><em>Christi,</em></span> 
     </span>
     <span class='ocr_line' id='line_1_43' title="bbox 217 4266 1780 4350; baseline 0.001 -23"><span class='ocrx_word' id='word_1_285' title='bbox 217 4269 276 4327; x_wconf 85' lang='lat' dir='ltr'><em>et</em></span> <span class='ocrx_word' id='word_1_286' title='bbox 303 4283 378 4329; x_wconf 70' lang='lat' dir='ltr'><em>eu</em></span> <span class='ocrx_word' id='word_1_287' title='bbox 403 4268 512 4332; x_wconf 77' lang='grc' dir='ltr'><strong><em>Ῑιοο</em></strong></span> <span class='ocrx_word' id='word_1_288' title='bbox 537 4267 702 4348; x_wconf 83' lang='lat' dir='ltr'><em>quod</em></span> <span class='ocrx_word' id='word_1_289' title='bbox 725 4266 855 4347; x_wconf 84' lang='lat' dir='ltr'><em>ejus</em></span> <span class='ocrx_word' id='word_1_290' title='bbox 881 4267 1175 4350; x_wconf 69' lang='lat' dir='ltr'><em>sanquine</em></span> <span class='ocrx_word' id='word_1_291' title='bbox 1208 4271 1298 4330; x_wconf 87' lang='lat' dir='ltr'><em>est</em></span> <span class='ocrx_word' id='word_1_292' title='bbox 1322 4267 1604 4348; x_wconf 65' lang='lat' dir='ltr'><em>perfusa.</em></span> <span class='ocrx_word' id='word_1_293' title='bbox 1650 4266 1716 4330; x_wconf 87' lang='lat' dir='ltr'><em>U</em></span> <span class='ocrx_word' id='word_1_294' title='bbox 1713 4283 1780 4328; x_wconf 86' lang='lat' dir='ltr'><em>n·</em></span> 
     </span>
     <span class='ocr_line' id='line_1_44' title="bbox 218 4360 1782 4442; baseline -0.001 -19"><span class='ocrx_word' id='word_1_295' title='bbox 218 4361 292 4423; x_wconf 88' lang='lat' dir='ltr'><em>de</em></span> <span class='ocrx_word' id='word_1_296' title='bbox 334 4365 588 4442; x_wconf 84' lang='lat' dir='ltr'><em>utroque</em></span> <span class='ocrx_word' id='word_1_297' title='bbox 617 4361 792 4425; x_wconf 86' lang='lat' dir='ltr'><em>modo</em></span> <span class='ocrx_word' id='word_1_298' title='bbox 840 4361 1144 4424; x_wconf 80' lang='lat' dir='ltr'><em>adoratm·</em></span> <span class='ocrx_word' id='word_1_299' title='bbox 1175 4360 1380 4424; x_wconf 85' lang='lat' dir='ltr'><em>eadem</em></span> <span class='ocrx_word' id='word_1_300' title='bbox 1429 4360 1782 4423; x_wconf 77' lang='lat' dir='ltr'><em>adoratione</em></span> 
     </span>
     <span class='ocr_line' id='line_1_45' title="bbox 218 4451 1782 4532; baseline -0.002 -14"><span class='ocrx_word' id='word_1_301' title='bbox 218 4471 355 4518; x_wconf 81' lang='lat' dir='ltr'><em>eum</em></span> <span class='ocrx_word' id='word_1_302' title='bbox 390 4453 635 4519; x_wconf 70' lang='lat' dir='ltr'><em>Christo</em></span> <span class='ocrx_word' id='word_1_303' title='bbox 665 4505 680 4532; x_wconf 89' lang='lat'><em>,</em></span> <span class='ocrx_word' id='word_1_304' title='bbox 718 4452 950 4520; x_wconf 79' lang='lat' dir='ltr'><em>scilieet</em></span> <span class='ocrx_word' id='word_1_305' title='bbox 975 4505 990 4531; x_wconf 92' lang='lat'><em>,</em></span> <span class='ocrx_word' id='word_1_306' title='bbox 1022 4453 1376 4519; x_wconf 85' lang='lat' dir='ltr'><em>adoratione</em></span> <span class='ocrx_word' id='word_1_307' title='bbox 1431 4451 1660 4516; x_wconf 65' lang='lat' dir='ltr'><em>latrice.</em></span> <span class='ocrx_word' id='word_1_308' title='bbox 1685 4451 1782 4515; x_wconf 80' lang='lat' dir='ltr'><em>Et</em></span> 
     </span>
     <span class='ocr_line' id='line_1_46' title="bbox 217 4545 1783 4628; baseline -0.001 -18"><span class='ocrx_word' id='word_1_309' title='bbox 217 4553 472 4628; x_wconf 86' lang='lat' dir='ltr'><em>propter</em></span> <span class='ocrx_word' id='word_1_310' title='bbox 492 4549 598 4613; x_wconf 74' lang='lat' dir='ltr'><em>boc</em></span> <span class='ocrx_word' id='word_1_311' title='bbox 623 4548 812 4612; x_wconf 88' lang='lat' dir='ltr'><em>etiam</em></span> <span class='ocrx_word' id='word_1_312' title='bbox 833 4565 1066 4614; x_wconf 74' lang='lat' dir='ltr'><em>erucem</em></span> <span class='ocrx_word' id='word_1_313' title='bbox 1085 4545 1458 4627; x_wconf 78' lang='lat' dir='ltr'><em>alloquimur</em></span> <span class='ocrx_word' id='word_1_314' title='bbox 1480 4550 1538 4610; x_wconf 91' lang='lat' dir='ltr'><em>et</em></span> <span class='ocrx_word' id='word_1_315' title='bbox 1566 4547 1783 4628; x_wconf 85' lang='lat' dir='ltr'><em>depre-</em></span> 
     </span>
     <span class='ocr_line' id='line_1_47' title="bbox 219 4637 1786 4723; baseline -0.002 -20"><span class='ocrx_word' id='word_1_316' title='bbox 219 4657 433 4703; x_wconf 76' lang='lat' dir='ltr'><em>camur</em></span> <span class='ocrx_word' id='word_1_317' title='bbox 454 4643 632 4721; x_wconf 83' lang='lat' dir='ltr'><em>quasi</em></span> <span class='ocrx_word' id='word_1_318' title='bbox 650 4643 852 4723; x_wconf 68' lang='lat' dir='ltr'><em>ipsvm</em></span> <span class='ocrx_word' id='word_1_319' title='bbox 878 4641 1265 4720; x_wconf 68' lang='lat' dir='ltr'><em>crucifixum.</em></span> <span class='ocrx_word' id='word_1_320' title='bbox 1293 4639 1376 4704; x_wconf 79' lang='lat' dir='ltr'><em>Si</em></span> <span class='ocrx_word' id='word_1_321' title='bbox 1401 4659 1537 4703; x_wconf 79' lang='lat' dir='ltr'><em>vero</em></span> <span class='ocrx_word' id='word_1_322' title='bbox 1568 4637 1786 4718; x_wconf 82' lang='lat' dir='ltr'><em>loqua-</em></span> 
     </span>
     <span class='ocr_line' id='line_1_48' title="bbox 217 4732 1787 4817; baseline 0 -23"><span class='ocrx_word' id='word_1_323' title='bbox 217 4751 364 4796; x_wconf 87' lang='lat' dir='ltr'><em>mur</em></span> <span class='ocrx_word' id='word_1_324' title='bbox 409 4735 482 4798; x_wconf 80' lang='lat' dir='ltr'><em>de</em></span> <span class='ocrx_word' id='word_1_325' title='bbox 537 4735 750 4817; x_wconf 70' lang='lat' dir='ltr'><em>effiyie</em></span> <span class='ocrx_word' id='word_1_326' title='bbox 794 4735 991 4799; x_wconf 74' lang='lat' dir='ltr'><em>erucis</em></span> <span class='ocrx_word' id='word_1_327' title='bbox 1044 4732 1281 4796; x_wconf 73' lang='lat' dir='ltr'><em>Christi</em></span> <span class='ocrx_word' id='word_1_328' title='bbox 1307 4733 1378 4795; x_wconf 86' lang='lat' dir='ltr'><em>in</em></span> <span class='ocrx_word' id='word_1_329' title='bbox 1418 4748 1787 4814; x_wconf 78' lang='lat' dir='ltr'><em>quacumque</em></span> 
     </span>
     <span class='ocr_line' id='line_1_49' title="bbox 217 4823 1790 4912; baseline -0.001 -25"><span class='ocrx_word' id='word_1_330' title='bbox 217 4824 358 4890; x_wconf 86' lang='lat' dir='ltr'><em>alia</em></span> <span class='ocrx_word' id='word_1_331' title='bbox 395 4829 660 4892; x_wconf 89' lang='lat' dir='ltr'><em>materia</em></span> <span class='ocrx_word' id='word_1_332' title='bbox 694 4827 872 4912; x_wconf 85' lang='lat' dir='ltr'><em>(puta</em></span> <span class='ocrx_word' id='word_1_333' title='bbox 903 4825 1136 4908; x_wconf 85' lang='lat' dir='ltr'><em>lapidis</em></span> <span class='ocrx_word' id='word_1_334' title='bbox 1178 4823 1275 4890; x_wconf 82' lang='lat' dir='ltr'><em>vel</em></span> <span class='ocrx_word' id='word_1_335' title='bbox 1320 4825 1500 4908; x_wconf 71' lang='lat' dir='ltr'><em>liqui,</em></span> <span class='ocrx_word' id='word_1_336' title='bbox 1541 4825 1790 4907; x_wconf 64' lang='lat' dir='ltr'><em>arpenti</em></span> 
     </span>
     <span class='ocr_line' id='line_1_50' title="bbox 217 4917 1787 5006; baseline -0.002 -24"><span class='ocrx_word' id='word_1_337' title='bbox 217 4917 316 4982; x_wconf 80' lang='lat' dir='ltr'><em>vel</em></span> <span class='ocrx_word' id='word_1_338' title='bbox 356 4921 526 5006; x_wconf 81' lang='lat' dir='ltr'><em>awri)</em></span> <span class='ocrx_word' id='word_1_339' title='bbox 553 4972 568 4998; x_wconf 92' lang='lat'><em>,</em></span> <span class='ocrx_word' id='word_1_340' title='bbox 611 4922 702 4985; x_wconf 85' lang='lat' dir='ltr'><em>sio</em></span> <span class='ocrx_word' id='word_1_341' title='bbox 741 4937 1097 4984; x_wconf 80' lang='lat' dir='ltr'><em>veneramur</em></span> <span class='ocrx_word' id='word_1_342' title='bbox 1145 4936 1380 4984; x_wconf 83' lang='lat' dir='ltr'><em>erueem</em></span> <span class='ocrx_word' id='word_1_343' title='bbox 1424 4923 1664 4981; x_wconf 87' lang='lat' dir='ltr'><em>tantum</em></span> <span class='ocrx_word' id='word_1_344' title='bbox 1715 4919 1787 4979; x_wconf 85' lang='lat' dir='ltr'><em>ut</em></span> 
     </span>
     <span class='ocr_line' id='line_1_51' title="bbox 218 5011 1786 5095; baseline -0.001 -20"><span class='ocrx_word' id='word_1_345' title='bbox 218 5015 345 5076; x_wconf 83' lang='lat' dir='ltr'><em>ima</em></span> <span class='ocrx_word' id='word_1_346' title='bbox 348 5012 552 5095; x_wconf 65' lang='lat' dir='ltr'><em>qinem</em></span> <span class='ocrx_word' id='word_1_347' title='bbox 581 5011 842 5087; x_wconf 72' lang='lat' dir='ltr'><em>Christi,</em></span> <span class='ocrx_word' id='word_1_348' title='bbox 871 5029 1054 5093; x_wconf 83' lang='lat' dir='ltr'><em>quam</em></span> <span class='ocrx_word' id='word_1_349' title='bbox 1078 5027 1439 5076; x_wconf 74' lang='lat' dir='ltr'><em>veneramur</em></span> <span class='ocrx_word' id='word_1_350' title='bbox 1468 5011 1786 5076; x_wconf 86' lang='lat' dir='ltr'><em>adoratio-</em></span> 
     </span>
     <span class='ocr_line' id='line_1_52' title="bbox 219 5105 1322 5190; baseline 0.003 -22"><span class='ocrx_word' id='word_1_351' title='bbox 219 5123 297 5169; x_wconf 88' lang='lat' dir='ltr'><em>ne</em></span> <span class='ocrx_word' id='word_1_352' title='bbox 332 5105 561 5182; x_wconf 80' lang='lat' dir='ltr'><em>latrice,</em></span> <span class='ocrx_word' id='word_1_353' title='bbox 589 5109 660 5170; x_wconf 85' lang='lat' dir='ltr'><em>ut</em></span> <span class='ocrx_word' id='word_1_354' title='bbox 685 5125 878 5190; x_wconf 81' lang='lat' dir='ltr'><em>supra</em></span> <span class='ocrx_word' id='word_1_355' title='bbox 905 5105 1134 5171; x_wconf 78' lang='lat' dir='ltr'><em>dietum</em></span> <span class='ocrx_word' id='word_1_356' title='bbox 1161 5111 1249 5170; x_wconf 85' lang='lat' dir='ltr'><em>est</em></span> <span class='ocrx_word' id='word_1_357' title='bbox 1276 5105 1322 5171; x_wconf 78' lang='lat'><em>⁸.</em></span> 
     </span>
    </p>
   </div>
   <div class='ocr_carea' id='block_1_7' title="bbox 303 5291 1785 5562">
    <p class='ocr_par' dir='ltr' id='par_1_10' title="bbox 303 5291 1785 5562">
     <span class='ocr_line' id='line_1_53' title="bbox 305 5291 1785 5372; baseline -0.001 -16"><span class='ocrx_word' id='word_1_358' title='bbox 305 5295 323 5336; x_wconf 83' lang='lat'>¹</span> <span class='ocrx_word' id='word_1_359' title='bbox 368 5295 440 5356; x_wconf 88' lang='lat' dir='ltr'><em>In</em></span> <span class='ocrx_word' id='word_1_360' title='bbox 467 5291 794 5358; x_wconf 78' lang='lat' dir='ltr'><em>Dominice</em></span> <span class='ocrx_word' id='word_1_361' title='bbox 811 5295 892 5356; x_wconf 88' lang='lat' dir='ltr'><em>de</em></span> <span class='ocrx_word' id='word_1_362' title='bbox 913 5294 1208 5360; x_wconf 79' lang='lat' dir='ltr'><em>Pessione</em></span> <span class='ocrx_word' id='word_1_363' title='bbox 1221 5293 1490 5368; x_wconf 87' lang='lat' dir='ltr'><em>Domini,</em></span> <span class='ocrx_word' id='word_1_364' title='bbox 1513 5292 1580 5356; x_wconf 89' lang='lat' dir='ltr'><em>in</em></span> <span class='ocrx_word' id='word_1_365' title='bbox 1601 5291 1785 5372; x_wconf 81' lang='lat' dir='ltr'><em>Hym.</em></span> 
     </span>
     <span class='ocr_line' id='line_1_54' title="bbox 303 5389 1090 5470; baseline 0.003 -20"><span class='ocrx_word' id='word_1_366' title='bbox 303 5389 330 5432; x_wconf 81' lang='lat'>²</span> <span class='ocrx_word' id='word_1_367' title='bbox 371 5389 504 5451; x_wconf 80' lang='lat' dir='ltr'><em>Art.</em></span> <span class='ocrx_word' id='word_1_368' title='bbox 538 5405 754 5469; x_wconf 62' lang='lat' dir='ltr'><em>praue„</em></span> <span class='ocrx_word' id='word_1_369' title='bbox 785 5389 866 5453; x_wconf 79' lang='lat' dir='ltr'><em>ed</em></span> <span class='ocrx_word' id='word_1_370' title='bbox 897 5391 1090 5470; x_wconf 70' lang='lat' dir='ltr'><em>Sarg.</em></span> 
     </span>
     <span class='ocr_line' id='line_1_55' title="bbox 306 5481 722 5562; baseline -0.005 -16"><span class='ocrx_word' id='word_1_371' title='bbox 306 5481 332 5525; x_wconf 74' lang='lat'>³</span> <span class='ocrx_word' id='word_1_372' title='bbox 370 5483 502 5546; x_wconf 82' lang='lat' dir='ltr'><em>Art.</em></span> <span class='ocrx_word' id='word_1_373' title='bbox 531 5499 722 5562; x_wconf 83' lang='lat' dir='ltr'><em>praec.</em></span> 
     </span>
    </p>
   </div>
   <div class='ocr_carea' id='block_1_8' title="bbox 1846 417 3427 3690">
    <p class='ocr_par' dir='ltr' id='par_1_11' title="bbox 1852 417 3427 1606">
     <span class='ocr_line' id='line_1_56' title="bbox 1931 417 3427 506; baseline 0.011 -25"><span class='ocrx_word' id='word_1_374' title='bbox 1931 417 2041 483; x_wconf 76' lang='lat' dir='ltr'><em>Aa</em></span> <span class='ocrx_word' id='word_1_375' title='bbox 2065 419 2343 502; x_wconf 83' lang='lat' dir='ltr'><em>primum</em></span> <span class='ocrx_word' id='word_1_376' title='bbox 2372 437 2527 506; x_wconf 69' lang='lat' dir='ltr'><em>-eryo</em></span> <span class='ocrx_word' id='word_1_377' title='bbox 2576 421 2928 502; x_wconf 70' lang='lat' dir='ltr'><em>dicendum,</em></span> <span class='ocrx_word' id='word_1_378' title='bbox 2968 427 3131 506; x_wconf 82' lang='lat' dir='ltr'><em>quod</em></span> <span class='ocrx_word' id='word_1_379' title='bbox 3154 427 3227 492; x_wconf 88' lang='lat' dir='ltr'><em>in</em></span> <span class='ocrx_word' id='word_1_380' title='bbox 3255 447 3427 498; x_wconf 71' lang='lat' dir='ltr'><em>mee</em></span> 
     </span>
     <span class='ocr_line' id='line_1_57' title="bbox 1857 510 3425 606; baseline 0.009 -32"><span class='ocrx_word' id='word_1_381' title='bbox 1857 510 2099 576; x_wconf 70' lang='lat' dir='ltr'><em>Christi</em></span> <span class='ocrx_word' id='word_1_382' title='bbox 2120 564 2136 589; x_wconf 92' lang='lat'><em>,</em></span> <span class='ocrx_word' id='word_1_383' title='bbox 2174 517 2475 594; x_wconf 75' lang='lat' dir='ltr'><em>quantum</em></span> <span class='ocrx_word' id='word_1_384' title='bbox 2517 516 2603 579; x_wconf 80' lang='lat' dir='ltr'><em>ad</em></span> <span class='ocrx_word' id='word_1_385' title='bbox 2642 517 3038 583; x_wconf 83' lang='lat' dir='ltr'><em>intentionem</em></span> <span class='ocrx_word' id='word_1_386' title='bbox 3065 520 3164 585; x_wconf 82' lang='lat' dir='ltr'><em>vel</em></span> <span class='ocrx_word' id='word_1_387' title='bbox 3188 524 3425 606; x_wconf 84' lang='lat' dir='ltr'><em>opinio-</em></span> 
     </span>
     <span class='ocr_line' id='line_1_58' title="bbox 1852 607 3425 694; baseline 0.01 -27"><span class='ocrx_word' id='word_1_388' title='bbox 1852 621 1988 668; x_wconf 82' lang='lat' dir='ltr'><em>nem</em></span> <span class='ocrx_word' id='word_1_389' title='bbox 2012 607 2363 686; x_wconf 63' lang='lat' dir='ltr'><em>infidelium»</em></span> <span class='ocrx_word' id='word_1_390' title='bbox 2382 609 2804 674; x_wconf 75' lang='lat' dir='ltr'><em>consideratur</em></span> <span class='ocrx_word' id='word_1_391' title='bbox 2830 615 3219 694; x_wconf 87' lang='lat' dir='ltr'><em>opprobrium</em></span> <span class='ocrx_word' id='word_1_392' title='bbox 3242 616 3425 682; x_wconf 67' lang='lat' dir='ltr'><em>Glari·</em></span> 
     </span>
     <span class='ocr_line' id='line_1_59' title="bbox 1856 697 3425 785; baseline 0.009 -23"><span class='ocrx_word' id='word_1_393' title='bbox 1856 697 1940 762; x_wconf 88' lang='lat' dir='ltr'><em>sti</em></span> <span class='ocrx_word' id='word_1_394' title='bbox 1961 722 1986 770; x_wconf 92' lang='lat'><em>,·</em></span> <span class='ocrx_word' id='word_1_395' title='bbox 2009 701 2117 764; x_wconf 83' lang='lat' dir='ltr'><em>sed</em></span> <span class='ocrx_word' id='word_1_396' title='bbox 2148 707 2444 781; x_wconf 77' lang='lat' dir='ltr'><em>quantum</em></span> <span class='ocrx_word' id='word_1_397' title='bbox 2470 703 2557 767; x_wconf 86' lang='lat' dir='ltr'><em>ad</em></span> <span class='ocrx_word' id='word_1_398' title='bbox 2601 704 2881 785; x_wconf 76' lang='lat' dir='ltr'><em>effectum</em></span> <span class='ocrx_word' id='word_1_399' title='bbox 2926 712 3151 771; x_wconf 83' lang='lat' dir='ltr'><em>nostroe</em></span> <span class='ocrx_word' id='word_1_400' title='bbox 3199 709 3425 776; x_wconf 84' lang='lat' dir='ltr'><em>salutis</em></span> 
     </span>
     <span class='ocr_line' id='line_1_60' title="bbox 1858 793 3425 881; baseline 0.008 -26"><span class='ocrx_word' id='word_1_401' title='bbox 1858 793 2279 857; x_wconf 69' lang='lat' dir='ltr'><em>consideratur</em></span> <span class='ocrx_word' id='word_1_402' title='bbox 2304 797 2505 862; x_wconf 77' lang='lat' dir='ltr'><em>virtus</em></span> <span class='ocrx_word' id='word_1_403' title='bbox 2532 797 2744 862; x_wconf 78' lang='lat' dir='ltr'><em>divina</em></span> <span class='ocrx_word' id='word_1_404' title='bbox 2768 799 2967 881; x_wconf 80' lang='lat' dir='ltr'><em>ipsius</em></span> <span class='ocrx_word' id='word_1_405' title='bbox 2986 851 3001 876; x_wconf 90' lang='lat'><em>,</em></span> <span class='ocrx_word' id='word_1_406' title='bbox 3030 817 3155 880; x_wconf 79' lang='lat' dir='ltr'><em>qua</em></span> <span class='ocrx_word' id='word_1_407' title='bbox 3188 804 3261 865; x_wconf 81' lang='lat' dir='ltr'><em>cle</em></span> <span class='ocrx_word' id='word_1_408' title='bbox 3286 805 3425 868; x_wconf 73' lang='lat' dir='ltr'><em>lios-</em></span> 
     </span>
     <span class='ocr_line' id='line_1_61' title="bbox 1858 885 3415 969; baseline 0.008 -23"><span class='ocrx_word' id='word_1_409' title='bbox 1858 885 2022 948; x_wconf 83' lang='lat' dir='ltr'><em>tibus</em></span> <span class='ocrx_word' id='word_1_410' title='bbox 2046 887 2455 969; x_wconf 74' lang='lat' dir='ltr'><em>triumphavit</em></span> <span class='ocrx_word' id='word_1_411' title='bbox 2476 936 2493 963; x_wconf 94' lang='lat'><em>,</em></span> <span class='ocrx_word' id='word_1_412' title='bbox 2532 893 2861 956; x_wconf 81' lang='lat' dir='ltr'><em>seeundum</em></span> <span class='ocrx_word' id='word_1_413' title='bbox 2883 891 3052 957; x_wconf 83' lang='lat' dir='ltr'><em>illud</em></span> <span class='ocrx_word' id='word_1_414' title='bbox 3081 893 3306 960; x_wconf 82' lang='lat' dir='ltr'><em>Coloss.</em></span> <span class='ocrx_word' id='word_1_415' title='bbox 3340 901 3415 962; x_wconf 79' lang='lat'><em>2:</em></span> 
     </span>
     <span class='ocr_line' id='line_1_62' title="bbox 1858 978 3425 1069; baseline 0.011 -31"><span class='ocrx_word' id='word_1_416' title='bbox 1858 978 2073 1059; x_wconf 86' lang='lat' dir='ltr'><em>Ipsum</em></span> <span class='ocrx_word' id='word_1_417' title='bbox 2114 981 2265 1044; x_wconf 86' lang='lat' dir='ltr'><em>tulit</em></span> <span class='ocrx_word' id='word_1_418' title='bbox 2305 983 2380 1046; x_wconf 85' lang='lat' dir='ltr'><em>de</em></span> <span class='ocrx_word' id='word_1_419' title='bbox 2418 985 2613 1048; x_wconf 87' lang='lat' dir='ltr'><em>medio</em></span> <span class='ocrx_word' id='word_1_420' title='bbox 2662 985 2932 1068; x_wconf 70' lang='lat' dir='ltr'><em>affiyens</em></span> <span class='ocrx_word' id='word_1_421' title='bbox 2954 987 3123 1052; x_wconf 83' lang='lat' dir='ltr'><em>illud</em></span> <span class='ocrx_word' id='word_1_422' title='bbox 3148 992 3337 1069; x_wconf 84' lang='lat' dir='ltr'><em>eruoi,</em></span> <span class='ocrx_word' id='word_1_423' title='bbox 3365 997 3425 1055; x_wconf 88' lang='lat' dir='ltr'><em>et</em></span> 
     </span>
     <span class='ocr_line' id='line_1_63' title="bbox 1853 1073 3425 1160; baseline 0.009 -26"><span class='ocrx_word' id='word_1_424' title='bbox 1853 1073 2131 1154; x_wconf 88' lang='lat' dir='ltr'><em>spolians</em></span> <span class='ocrx_word' id='word_1_425' title='bbox 2136 1075 2531 1160; x_wconf 77' lang='lat' dir='ltr'><em>principatus</em></span> <span class='ocrx_word' id='word_1_426' title='bbox 2548 1082 2604 1142; x_wconf 88' lang='lat' dir='ltr'><em>et</em></span> <span class='ocrx_word' id='word_1_427' title='bbox 2612 1083 2968 1160; x_wconf 68' lang='lat' dir='ltr'><em>potestates,</em></span> <span class='ocrx_word' id='word_1_428' title='bbox 2985 1083 3271 1146; x_wconf 68' lang='lat' dir='ltr'><em>traduoeit</em></span> <span class='ocrx_word' id='word_1_429' title='bbox 3291 1101 3425 1148; x_wconf 85' lang='lat' dir='ltr'><em>eon-</em></span> 
     </span>
     <span class='ocr_line' id='line_1_64' title="bbox 1855 1165 3417 1258; baseline 0.01 -31"><span class='ocrx_word' id='word_1_430' title='bbox 1855 1165 2125 1244; x_wconf 79' lang='lat' dir='ltr'><em>fidenter</em></span> <span class='ocrx_word' id='word_1_431' title='bbox 2154 1167 2379 1250; x_wconf 87' lang='lat' dir='ltr'><em>palam</em></span> <span class='ocrx_word' id='word_1_432' title='bbox 2409 1171 2797 1253; x_wconf 76' lang='lat' dir='ltr'><em>triumphans</em></span> <span class='ocrx_word' id='word_1_433' title='bbox 2821 1171 2969 1239; x_wconf 87' lang='lat' dir='ltr'><em>illos</em></span> <span class='ocrx_word' id='word_1_434' title='bbox 2994 1175 3064 1237; x_wconf 87' lang='lat' dir='ltr'><em>in</em></span> <span class='ocrx_word' id='word_1_435' title='bbox 3083 1177 3417 1258; x_wconf 67' lang='lat' dir='ltr'><em>sentetipso.</em></span> 
     </span>
     <span class='ocr_line' id='line_1_65' title="bbox 1857 1259 3417 1345; baseline 0.008 -25"><span class='ocrx_word' id='word_1_436' title='bbox 1857 1259 1955 1321; x_wconf 79' lang='lat' dir='ltr'><em>Et</em></span> <span class='ocrx_word' id='word_1_437' title='bbox 1997 1260 2129 1322; x_wconf 85' lang='lat' dir='ltr'><em>ideo</em></span> <span class='ocrx_word' id='word_1_438' title='bbox 2174 1263 2325 1326; x_wconf 77' lang='lat' dir='ltr'><em>elisit</em></span> <span class='ocrx_word' id='word_1_439' title='bbox 2376 1262 2729 1345; x_wconf 76' lang='lat' dir='ltr'><em>Apostolus,</em></span> <span class='ocrx_word' id='word_1_440' title='bbox 2764 1273 2793 1328; x_wconf 83' lang='lat'><strong>1</strong></span> <span class='ocrx_word' id='word_1_441' title='bbox 2835 1268 2924 1331; x_wconf 85' lang='lat' dir='ltr'><em>ad</em></span> <span class='ocrx_word' id='word_1_442' title='bbox 2962 1266 3312 1332; x_wconf 71' lang='lat' dir='ltr'><em>Corinthios</em></span> <span class='ocrx_word' id='word_1_443' title='bbox 3340 1275 3417 1333; x_wconf 82' lang='lat'><em>1:</em></span> 
     </span>
     <span class='ocr_line' id='line_1_66' title="bbox 1875 1353 3423 1441; baseline 0.006 -20"><span class='ocrx_word' id='word_1_444' title='bbox 1875 1353 2135 1421; x_wconf 82' lang='lat' dir='ltr'><em>Verbum</em></span> <span class='ocrx_word' id='word_1_445' title='bbox 2179 1357 2375 1420; x_wconf 81' lang='lat' dir='ltr'><em>erueis</em></span> <span class='ocrx_word' id='word_1_446' title='bbox 2408 1359 2803 1439; x_wconf 81' lang='lat' dir='ltr'><em>pereuntibus</em></span> <span class='ocrx_word' id='word_1_447' title='bbox 2856 1361 3099 1441; x_wconf 85' lang='lat' dir='ltr'><em>quidem</em></span> <span class='ocrx_word' id='word_1_448' title='bbox 3144 1361 3423 1430; x_wconf 87' lang='lat' dir='ltr'><em>stultitia</em></span> 
     </span>
     <span class='ocr_line' id='line_1_67' title="bbox 1858 1447 3416 1536; baseline 0.006 -25"><span class='ocrx_word' id='word_1_449' title='bbox 1858 1451 1946 1512; x_wconf 83' lang='lat' dir='ltr'><em>est</em></span> <span class='ocrx_word' id='word_1_450' title='bbox 1964 1471 1991 1518; x_wconf 94' lang='lat'><em>,·</em></span> <span class='ocrx_word' id='word_1_451' title='bbox 2019 1447 2117 1511; x_wconf 75' lang='lat' dir='ltr'><em>bis</em></span> <span class='ocrx_word' id='word_1_452' title='bbox 2152 1453 2387 1525; x_wconf 89' lang='lat' dir='ltr'><em>autem,</em></span> <span class='ocrx_word' id='word_1_453' title='bbox 2418 1451 2523 1530; x_wconf 86' lang='lat' dir='ltr'><em>qui</em></span> <span class='ocrx_word' id='word_1_454' title='bbox 2549 1451 2711 1516; x_wconf 80' lang='lat' dir='ltr'><em>salvi</em></span> <span class='ocrx_word' id='word_1_455' title='bbox 2739 1453 2940 1531; x_wconf 78' lang='lat' dir='ltr'><em>fiunt,</em></span> <span class='ocrx_word' id='word_1_456' title='bbox 2985 1455 3059 1518; x_wconf 83' lang='lat' dir='ltr'><em>id</em></span> <span class='ocrx_word' id='word_1_457' title='bbox 3100 1459 3188 1518; x_wconf 90' lang='lat' dir='ltr'><em>est</em></span> <span class='ocrx_word' id='word_1_458' title='bbox 3224 1455 3416 1536; x_wconf 82' lang='lat' dir='ltr'><em>nobis,</em></span> 
     </span>
     <span class='ocr_line' id='line_1_68' title="bbox 1855 1542 2342 1606; baseline 0 0"><span class='ocrx_word' id='word_1_459' title='bbox 1855 1542 2059 1606; x_wconf 78' lang='lat' dir='ltr'><em>virtus</em></span> <span class='ocrx_word' id='word_1_460' title='bbox 2083 1543 2205 1606; x_wconf 89' lang='lat' dir='ltr'><em>Dei</em></span> <span class='ocrx_word' id='word_1_461' title='bbox 2232 1547 2342 1606; x_wconf 91' lang='lat' dir='ltr'><em>est.</em></span> 
     </span>
    </p>

    <p class='ocr_par' dir='ltr' id='par_1_12' title="bbox 1846 1634 3425 2082">
     <span class='ocr_line' id='line_1_69' title="bbox 1935 1634 3419 1721; baseline 0.007 -22"><span class='ocrx_word' id='word_1_462' title='bbox 1935 1634 2047 1700; x_wconf 84' lang='lat' dir='ltr'><em>Ad</em></span> <span class='ocrx_word' id='word_1_463' title='bbox 2071 1638 2394 1701; x_wconf 81' lang='lat' dir='ltr'><em>seeundum</em></span> <span class='ocrx_word' id='word_1_464' title='bbox 2422 1638 2764 1718; x_wconf 78' lang='lat' dir='ltr'><em>dicendum,</em></span> <span class='ocrx_word' id='word_1_465' title='bbox 2789 1643 2951 1721; x_wconf 78' lang='lat' dir='ltr'><em>quod</em></span> <span class='ocrx_word' id='word_1_466' title='bbox 2974 1659 3127 1707; x_wconf 71' lang='lat' dir='ltr'><em>eruce</em></span> <span class='ocrx_word' id='word_1_467' title='bbox 3158 1643 3419 1719; x_wconf 73' lang='lat' dir='ltr'><em>Christi,</em></span> 
     </span>
     <span class='ocr_line' id='line_1_70' title="bbox 1861 1728 3422 1820; baseline 0.008 -29"><span class='ocrx_word' id='word_1_468' title='bbox 1861 1728 2003 1796; x_wconf 84' lang='lat' dir='ltr'><em>lieet</em></span> <span class='ocrx_word' id='word_1_469' title='bbox 2031 1747 2152 1793; x_wconf 87' lang='lat' dir='ltr'><em>non</em></span> <span class='ocrx_word' id='word_1_470' title='bbox 2177 1733 2373 1809; x_wconf 67' lang='lat' dir='ltr'><em>fuerit</em></span> <span class='ocrx_word' id='word_1_471' title='bbox 2410 1735 2588 1798; x_wconf 85' lang='lat' dir='ltr'><em>unita</em></span> <span class='ocrx_word' id='word_1_472' title='bbox 2642 1735 2831 1802; x_wconf 83' lang='lat' dir='ltr'><em>Verbo</em></span> <span class='ocrx_word' id='word_1_473' title='bbox 2865 1736 2987 1799; x_wconf 86' lang='lat' dir='ltr'><em>Dei</em></span> <span class='ocrx_word' id='word_1_474' title='bbox 3024 1737 3093 1799; x_wconf 87' lang='lat' dir='ltr'><em>in</em></span> <span class='ocrx_word' id='word_1_475' title='bbox 3128 1755 3422 1820; x_wconf 88' lang='lat' dir='ltr'><em>persona,</em></span> 
     </span>
     <span class='ocr_line' id='line_1_71' title="bbox 1857 1825 3423 1910; baseline 0.006 -23"><span class='ocrx_word' id='word_1_476' title='bbox 1857 1825 1989 1906; x_wconf 84' lang='lat' dir='ltr'><em>suit</em></span> <span class='ocrx_word' id='word_1_477' title='bbox 2016 1829 2220 1890; x_wconf 89' lang='lat' dir='ltr'><em>tamen</em></span> <span class='ocrx_word' id='word_1_478' title='bbox 2264 1827 2320 1891; x_wconf 90' lang='lat' dir='ltr'><em>ei</em></span> <span class='ocrx_word' id='word_1_479' title='bbox 2361 1828 2539 1892; x_wconf 88' lang='lat' dir='ltr'><em>unita</em></span> <span class='ocrx_word' id='word_1_480' title='bbox 2573 1827 2785 1910; x_wconf 82' lang='lat' dir='ltr'><em>aliquo</em></span> <span class='ocrx_word' id='word_1_481' title='bbox 2816 1827 2941 1894; x_wconf 89' lang='lat' dir='ltr'><em>alio</em></span> <span class='ocrx_word' id='word_1_482' title='bbox 2968 1832 3163 1905; x_wconf 90' lang='lat' dir='ltr'><em>modo,</em></span> <span class='ocrx_word' id='word_1_483' title='bbox 3192 1831 3423 1898; x_wconf 77' lang='lat' dir='ltr'><em>seilicet</em></span> 
     </span>
     <span class='ocr_line' id='line_1_72' title="bbox 1846 1922 3425 2004; baseline 0.006 -21"><span class='ocrx_word' id='word_1_484' title='bbox 1846 1939 1969 2003; x_wconf 87' lang='lat' dir='ltr'><em>per</em></span> <span class='ocrx_word' id='word_1_485' title='bbox 1979 1922 2571 2004; x_wconf 80' lang='lat' dir='ltr'><em>reproesentationem</em></span> <span class='ocrx_word' id='word_1_486' title='bbox 2594 1926 2654 1986; x_wconf 91' lang='lat' dir='ltr'><em>et</em></span> <span class='ocrx_word' id='word_1_487' title='bbox 2680 1928 3035 1990; x_wconf 66' lang='lat' dir='ltr'><em>coraustum.</em></span> <span class='ocrx_word' id='word_1_488' title='bbox 3050 1924 3145 1989; x_wconf 80' lang='lat' dir='ltr'><em>Et</em></span> <span class='ocrx_word' id='word_1_489' title='bbox 3166 1927 3281 1993; x_wconf 78' lang='lat' dir='ltr'><em>leae</em></span> <span class='ocrx_word' id='word_1_490' title='bbox 3290 1925 3425 1992; x_wconf 91' lang='lat' dir='ltr'><em>sola</em></span> 
     </span>
     <span class='ocr_line' id='line_1_73' title="bbox 1857 2015 2900 2082; baseline 0.003 -5"><span class='ocrx_word' id='word_1_491' title='bbox 1857 2015 2099 2078; x_wconf 87' lang='lat' dir='ltr'><em>ratione</em></span> <span class='ocrx_word' id='word_1_492' title='bbox 2125 2016 2436 2080; x_wconf 73' lang='lat' dir='ltr'><em>exhibetur</em></span> <span class='ocrx_word' id='word_1_493' title='bbox 2461 2017 2517 2080; x_wconf 88' lang='lat' dir='ltr'><em>ei</em></span> <span class='ocrx_word' id='word_1_494' title='bbox 2542 2019 2900 2082; x_wconf 82' lang='lat' dir='ltr'><em>reverentia.</em></span> 
     </span>
    </p>

    <p class='ocr_par' dir='ltr' id='par_1_13' title="bbox 1855 2106 3427 3690">
     <span class='ocr_line' id='line_1_74' title="bbox 1937 2106 3423 2192; baseline 0.005 -22"><span class='ocrx_word' id='word_1_495' title='bbox 1937 2106 2049 2172; x_wconf 87' lang='lat' dir='ltr'><em>Ad</em></span> <span class='ocrx_word' id='word_1_496' title='bbox 2074 2108 2323 2174; x_wconf 84' lang='lat' dir='ltr'><em>tertium</em></span> <span class='ocrx_word' id='word_1_497' title='bbox 2346 2111 2683 2186; x_wconf 80' lang='lat' dir='ltr'><em>dicendum,</em></span> <span class='ocrx_word' id='word_1_498' title='bbox 2706 2113 2867 2191; x_wconf 81' lang='lat' dir='ltr'><em>quod</em></span> <span class='ocrx_word' id='word_1_499' title='bbox 2887 2117 3181 2192; x_wconf 81' lang='lat' dir='ltr'><em>quantum</em></span> <span class='ocrx_word' id='word_1_500' title='bbox 3200 2114 3285 2177; x_wconf 89' lang='lat' dir='ltr'><em>ad</em></span> <span class='ocrx_word' id='word_1_501' title='bbox 3308 2129 3423 2178; x_wconf 86' lang='lat' dir='ltr'><em>ra-</em></span> 
     </span>
     <span class='ocr_line' id='line_1_75' title="bbox 1859 2203 3421 2281; baseline 0.003 -15"><span class='ocrx_word' id='word_1_502' title='bbox 1859 2203 2081 2266; x_wconf 87' lang='lat' dir='ltr'><em>tionem</em></span> <span class='ocrx_word' id='word_1_503' title='bbox 2106 2209 2416 2269; x_wconf 87' lang='lat' dir='ltr'><em>eontaetus</em></span> <span class='ocrx_word' id='word_1_504' title='bbox 2438 2207 2837 2269; x_wconf 80' lang='lat' dir='ltr'><em>membrorum</em></span> <span class='ocrx_word' id='word_1_505' title='bbox 2868 2204 3148 2281; x_wconf 72' lang='lat' dir='ltr'><em>Christi,</em></span> <span class='ocrx_word' id='word_1_506' title='bbox 3188 2207 3421 2271; x_wconf 85' lang='lat' dir='ltr'><em>adora-</em></span> 
     </span>
     <span class='ocr_line' id='line_1_76' title="bbox 1861 2299 3423 2380; baseline 0.003 -22"><span class='ocrx_word' id='word_1_507' title='bbox 1861 2315 1995 2360; x_wconf 88' lang='lat' dir='ltr'><em>mus</em></span> <span class='ocrx_word' id='word_1_508' title='bbox 2032 2316 2154 2362; x_wconf 89' lang='lat' dir='ltr'><em>non</em></span> <span class='ocrx_word' id='word_1_509' title='bbox 2190 2299 2387 2364; x_wconf 86' lang='lat' dir='ltr'><em>solum</em></span> <span class='ocrx_word' id='word_1_510' title='bbox 2422 2315 2675 2376; x_wconf 71' lang='lat' dir='ltr'><em>ornem,</em></span> <span class='ocrx_word' id='word_1_511' title='bbox 2704 2301 2812 2363; x_wconf 90' lang='lat' dir='ltr'><em>sed</em></span> <span class='ocrx_word' id='word_1_512' title='bbox 2838 2299 3023 2363; x_wconf 88' lang='lat' dir='ltr'><em>etiam</em></span> <span class='ocrx_word' id='word_1_513' title='bbox 3056 2300 3259 2364; x_wconf 86' lang='lat' dir='ltr'><em>omnia</em></span> <span class='ocrx_word' id='word_1_514' title='bbox 3287 2317 3423 2380; x_wconf 68' lang='lat' dir='ltr'><em>quse</em></span> 
     </span>
     <span class='ocr_line' id='line_1_77' title="bbox 1858 2391 3423 2467; baseline 0.001 -13"><span class='ocrx_word' id='word_1_515' title='bbox 1858 2397 2005 2454; x_wconf 86' lang='lat' dir='ltr'><em>sunt</em></span> <span class='ocrx_word' id='word_1_516' title='bbox 2056 2391 2315 2457; x_wconf 73' lang='lat' dir='ltr'><em>Christi.</em></span> <span class='ocrx_word' id='word_1_517' title='bbox 2364 2393 2544 2458; x_wconf 84' lang='lat' dir='ltr'><em>Unde</em></span> <span class='ocrx_word' id='word_1_518' title='bbox 2588 2393 3002 2458; x_wconf 78' lang='lat' dir='ltr'><em>Damascenus</em></span> <span class='ocrx_word' id='word_1_519' title='bbox 3046 2394 3220 2467; x_wconf 73' lang='lat' dir='ltr'><em>dieu,</em></span> <span class='ocrx_word' id='word_1_520' title='bbox 3264 2393 3335 2455; x_wconf 81' lang='lat' dir='ltr'><em>in</em></span> <span class='ocrx_word' id='word_1_521' title='bbox 3380 2396 3423 2456; x_wconf 75' lang='lat'>4</span> 
     </span>
     <span class='ocr_line' id='line_1_78' title="bbox 1864 2483 3423 2570; baseline 0.002 -24"><span class='ocrx_word' id='word_1_522' title='bbox 1864 2483 1971 2548; x_wconf 84' lang='lat' dir='ltr'><em>lib.</em></span> <span class='ocrx_word' id='word_1_523' title='bbox 1994 2485 2037 2560; x_wconf 83' lang='lat'><em>¹,</em></span> <span class='ocrx_word' id='word_1_524' title='bbox 2048 2487 2385 2568; x_wconf 84' lang='lat' dir='ltr'><em>pretiosum</em></span> <span class='ocrx_word' id='word_1_525' title='bbox 2405 2485 2641 2570; x_wconf 68' lang='lat' dir='ltr'><em>liynum</em></span> <span class='ocrx_word' id='word_1_526' title='bbox 2662 2493 2735 2550; x_wconf 89' lang='lat' dir='ltr'><em>ut</em></span> <span class='ocrx_word' id='word_1_527' title='bbox 2758 2488 3215 2566; x_wconf 72' lang='lat' dir='ltr'><em>sanctificatum</em></span> <span class='ocrx_word' id='word_1_528' title='bbox 3252 2491 3423 2552; x_wconf 77' lang='lat' dir='ltr'><em>tactu</em></span> 
     </span>
     <span class='ocr_line' id='line_1_79' title="bbox 1861 2581 3420 2665; baseline 0.001 -23"><span class='ocrx_word' id='word_1_529' title='bbox 1861 2581 2061 2645; x_wconf 86' lang='lat' dir='ltr'><em>saneti</em></span> <span class='ocrx_word' id='word_1_530' title='bbox 2088 2581 2357 2662; x_wconf 85' lang='lat' dir='ltr'><em>eorporis</em></span> <span class='ocrx_word' id='word_1_531' title='bbox 2384 2587 2443 2644; x_wconf 90' lang='lat' dir='ltr'><em>et</em></span> <span class='ocrx_word' id='word_1_532' title='bbox 2466 2581 2808 2665; x_wconf 68' lang='lat' dir='ltr'><em>sanquinis,</em></span> <span class='ocrx_word' id='word_1_533' title='bbox 2849 2583 3123 2647; x_wconf 78' lang='lat' dir='ltr'><em>decenter</em></span> <span class='ocrx_word' id='word_1_534' title='bbox 3148 2581 3420 2645; x_wconf 86' lang='lat' dir='ltr'><em>adoran—</em></span> 
     </span>
     <span class='ocr_line' id='line_1_80' title="bbox 1859 2671 3424 2753; baseline 0.002 -18"><span class='ocrx_word' id='word_1_535' title='bbox 1859 2673 2025 2745; x_wconf 86' lang='lat' dir='ltr'><em>dum,</em></span> <span class='ocrx_word' id='word_1_536' title='bbox 2048 2671 2271 2752; x_wconf 81' lang='lat' dir='ltr'><em>elavos,</em></span> <span class='ocrx_word' id='word_1_537' title='bbox 2294 2675 2671 2748; x_wconf 83' lang='lat' dir='ltr'><em>indumenta,</em></span> <span class='ocrx_word' id='word_1_538' title='bbox 2696 2673 2991 2751; x_wconf 86' lang='lat' dir='ltr'><em>laneeam,</em></span> <span class='ocrx_word' id='word_1_539' title='bbox 3015 2680 3073 2738; x_wconf 93' lang='lat' dir='ltr'><em>et</em></span> <span class='ocrx_word' id='word_1_540' title='bbox 3094 2691 3274 2739; x_wconf 77' lang='lat' dir='ltr'><em>saera</em></span> <span class='ocrx_word' id='word_1_541' title='bbox 3293 2674 3424 2753; x_wconf 70' lang='lat' dir='ltr'><em>ey‘us</em></span> 
     </span>
     <span class='ocr_line' id='line_1_81' title="bbox 1858 2765 3423 2850; baseline 0.002 -22"><span class='ocrx_word' id='word_1_542' title='bbox 1858 2765 2277 2841; x_wconf 75' lang='lat' dir='ltr'><em>tabernacula,</em></span> <span class='ocrx_word' id='word_1_543' title='bbox 2320 2785 2453 2847; x_wconf 73' lang='lat' dir='ltr'><em>quar</em></span> <span class='ocrx_word' id='word_1_544' title='bbox 2496 2771 2639 2831; x_wconf 88' lang='lat' dir='ltr'><em>sunt</em></span> <span class='ocrx_word' id='word_1_545' title='bbox 2672 2786 2968 2850; x_wconf 80' lang='lat' dir='ltr'><em>proesepe,</em></span> <span class='ocrx_word' id='word_1_546' title='bbox 3008 2767 3323 2849; x_wconf 73' lang='lat' dir='ltr'><em>spelunea,</em></span> <span class='ocrx_word' id='word_1_547' title='bbox 3364 2771 3423 2831; x_wconf 90' lang='lat' dir='ltr'><em>et</em></span> 
     </span>
     <span class='ocr_line' id='line_1_82' title="bbox 1859 2857 3423 2943; baseline 0.001 -21"><span class='ocrx_word' id='word_1_548' title='bbox 1859 2857 2223 2938; x_wconf 73' lang='lat' dir='ltr'><em>hujusmodi.</em></span> <span class='ocrx_word' id='word_1_549' title='bbox 2244 2859 2384 2924; x_wconf 88' lang='lat' dir='ltr'><em>Ista</em></span> <span class='ocrx_word' id='word_1_550' title='bbox 2412 2865 2617 2923; x_wconf 87' lang='lat' dir='ltr'><em>tamen</em></span> <span class='ocrx_word' id='word_1_551' title='bbox 2640 2877 2762 2923; x_wconf 87' lang='lat' dir='ltr'><em>non</em></span> <span class='ocrx_word' id='word_1_552' title='bbox 2787 2864 3229 2943; x_wconf 68' lang='lat' dir='ltr'><em>repraesentant</em></span> <span class='ocrx_word' id='word_1_553' title='bbox 3258 2861 3423 2923; x_wconf 87' lang='lat' dir='ltr'><em>ima-</em></span> 
     </span>
     <span class='ocr_line' id='line_1_83' title="bbox 1857 2953 3425 3036; baseline 0 -20"><span class='ocrx_word' id='word_1_554' title='bbox 1857 2955 2061 3036; x_wconf 72' lang='lat' dir='ltr'><em>yinem</em></span> <span class='ocrx_word' id='word_1_555' title='bbox 2092 2953 2331 3018; x_wconf 74' lang='lat' dir='ltr'><em>Christi</em></span> <span class='ocrx_word' id='word_1_556' title='bbox 2357 2956 2515 3020; x_wconf 84' lang='lat' dir='ltr'><em>sieut</em></span> <span class='ocrx_word' id='word_1_557' title='bbox 2542 2971 2715 3029; x_wconf 68' lang='lat' dir='ltr'><em>erun,</em></span> <span class='ocrx_word' id='word_1_558' title='bbox 2755 2973 2889 3036; x_wconf 77' lang='lat' dir='ltr'><em>quoe</em></span> <span class='ocrx_word' id='word_1_559' title='bbox 2923 2955 3159 3020; x_wconf 86' lang='lat' dir='ltr'><em>dieitur</em></span> <span class='ocrx_word' id='word_1_560' title='bbox 3182 2955 3425 3036; x_wconf 72' lang='lat' dir='ltr'><em>siqnum</em></span> 
     </span>
     <span class='ocr_line' id='line_1_84' title="bbox 1855 3046 3425 3129; baseline 0.002 -20"><span class='ocrx_word' id='word_1_561' title='bbox 1855 3047 2026 3111; x_wconf 86' lang='lat' dir='ltr'><em>Filii</em></span> <span class='ocrx_word' id='word_1_562' title='bbox 2051 3049 2332 3123; x_wconf 74' lang='lat' dir='ltr'><em>bominis,</em></span> <span class='ocrx_word' id='word_1_563' title='bbox 2354 3048 2515 3128; x_wconf 80' lang='lat' dir='ltr'><em>quod</em></span> <span class='ocrx_word' id='word_1_564' title='bbox 2538 3048 2863 3129; x_wconf 82' lang='lat' dir='ltr'><em>apparebit</em></span> <span class='ocrx_word' id='word_1_565' title='bbox 2883 3048 2952 3110; x_wconf 85' lang='lat' dir='ltr'><em>in</em></span> <span class='ocrx_word' id='word_1_566' title='bbox 2982 3046 3149 3124; x_wconf 75' lang='lat' dir='ltr'><em>eaelo,</em></span> <span class='ocrx_word' id='word_1_567' title='bbox 3174 3052 3244 3110; x_wconf 90' lang='lat' dir='ltr'><em>ut</em></span> <span class='ocrx_word' id='word_1_568' title='bbox 3274 3047 3425 3112; x_wconf 79' lang='lat' dir='ltr'><em>diei-</em></span> 
     </span>
     <span class='ocr_line' id='line_1_85' title="bbox 1857 3139 3427 3221; baseline 0 -18"><span class='ocrx_word' id='word_1_569' title='bbox 1857 3147 1965 3203; x_wconf 89' lang='lat' dir='ltr'><em>tur</em></span> <span class='ocrx_word' id='word_1_570' title='bbox 1985 3139 2219 3205; x_wconf 62' lang='lat' dir='ltr'><em>Macte.</em></span> <span class='ocrx_word' id='word_1_571' title='bbox 2250 3143 2350 3204; x_wconf 74' lang='lat'><em>24.</em></span> <span class='ocrx_word' id='word_1_572' title='bbox 2368 3139 2630 3221; x_wconf 82' lang='lat' dir='ltr'><em>Ideoque</em></span> <span class='ocrx_word' id='word_1_573' title='bbox 2648 3141 3002 3206; x_wconf 84' lang='lat' dir='ltr'><em>mulieribus</em></span> <span class='ocrx_word' id='word_1_574' title='bbox 3030 3141 3189 3205; x_wconf 76' lang='lat' dir='ltr'><em>dia-it</em></span> <span class='ocrx_word' id='word_1_575' title='bbox 3212 3139 3427 3221; x_wconf 68' lang='lat' dir='ltr'><em>Anys-</em></span> 
     </span>
     <span class='ocr_line' id='line_1_86' title="bbox 1859 3232 3425 3314; baseline 0.003 -17"><span class='ocrx_word' id='word_1_576' title='bbox 1859 3238 1959 3297; x_wconf 86' lang='lat' dir='ltr'><em>tus</em></span> <span class='ocrx_word' id='word_1_577' title='bbox 1984 3260 2009 3296; x_wconf 92' lang='lat'><em>.·</em></span> <span class='ocrx_word' id='word_1_578' title='bbox 2046 3233 2253 3296; x_wconf 87' lang='lat' dir='ltr'><em>Jesum</em></span> <span class='ocrx_word' id='word_1_579' title='bbox 2279 3234 2560 3314; x_wconf 70' lang='lat' dir='ltr'><em>quaeritis</em></span> <span class='ocrx_word' id='word_1_580' title='bbox 2584 3233 2985 3300; x_wconf 74' lang='lat' dir='ltr'><em>Nazarenum</em></span> <span class='ocrx_word' id='word_1_581' title='bbox 3014 3232 3375 3311; x_wconf 72' lang='lat' dir='ltr'><em>erueifioeum</em></span> <span class='ocrx_word' id='word_1_582' title='bbox 3398 3253 3425 3302; x_wconf 68' lang='lat'><em>2·</em></span> 
     </span>
     <span class='ocr_line' id='line_1_87' title="bbox 1859 3325 3427 3406; baseline -0.002 -16"><span class='ocrx_word' id='word_1_583' title='bbox 1859 3345 1981 3390; x_wconf 89' lang='lat' dir='ltr'><em>non</em></span> <span class='ocrx_word' id='word_1_584' title='bbox 2014 3327 2197 3404; x_wconf 68' lang='lat' dir='ltr'><em>dixit,</em></span> <span class='ocrx_word' id='word_1_585' title='bbox 2230 3327 2594 3404; x_wconf 78' lang='lat' dir='ltr'><em>lanceatum,</em></span> <span class='ocrx_word' id='word_1_586' title='bbox 2621 3329 2729 3391; x_wconf 86' lang='lat' dir='ltr'><em>sed</em></span> <span class='ocrx_word' id='word_1_587' title='bbox 2750 3327 3135 3406; x_wconf 66' lang='lat' dir='ltr'><em>crucifixum,</em></span> <span class='ocrx_word' id='word_1_588' title='bbox 3169 3325 3261 3388; x_wconf 83' lang='lat' dir='ltr'><em>Et</em></span> <span class='ocrx_word' id='word_1_589' title='bbox 3282 3325 3427 3388; x_wconf 82' lang='lat' dir='ltr'><em>inde</em></span> 
     </span>
     <span class='ocr_line' id='line_1_88' title="bbox 1860 3419 3427 3509; baseline -0.003 -24"><span class='ocrx_word' id='word_1_590' title='bbox 1860 3427 1951 3485; x_wconf 88' lang='lat' dir='ltr'><em>est</em></span> <span class='ocrx_word' id='word_1_591' title='bbox 1973 3421 2133 3502; x_wconf 81' lang='lat' dir='ltr'><em>quod</em></span> <span class='ocrx_word' id='word_1_592' title='bbox 2160 3439 2391 3509; x_wconf 77' lang='lat' dir='ltr'><em>erucem</em></span> <span class='ocrx_word' id='word_1_593' title='bbox 2414 3419 2651 3484; x_wconf 71' lang='lat' dir='ltr'><em>Christi</em></span> <span class='ocrx_word' id='word_1_594' title='bbox 2668 3437 3021 3484; x_wconf 83' lang='lat' dir='ltr'><em>veneramur</em></span> <span class='ocrx_word' id='word_1_595' title='bbox 3041 3419 3111 3482; x_wconf 86' lang='lat' dir='ltr'><em>in</em></span> <span class='ocrx_word' id='word_1_596' title='bbox 3135 3435 3427 3498; x_wconf 75' lang='lat' dir='ltr'><em>quaeum-</em></span> 
     </span>
     <span class='ocr_line' id='line_1_89' title="bbox 1861 3509 3422 3598; baseline -0.003 -19"><span class='ocrx_word' id='word_1_597' title='bbox 1861 3533 1974 3598; x_wconf 81' lang='lat' dir='ltr'><em>que</em></span> <span class='ocrx_word' id='word_1_598' title='bbox 2017 3517 2315 3593; x_wconf 83' lang='lat' dir='ltr'><em>materia,</em></span> <span class='ocrx_word' id='word_1_599' title='bbox 2346 3531 2467 3576; x_wconf 86' lang='lat' dir='ltr'><em>non</em></span> <span class='ocrx_word' id='word_1_600' title='bbox 2494 3517 2696 3576; x_wconf 81' lang='lat' dir='ltr'><em>autem</em></span> <span class='ocrx_word' id='word_1_601' title='bbox 2722 3513 3053 3595; x_wconf 70' lang='lat' dir='ltr'><em>imaqinem</em></span> <span class='ocrx_word' id='word_1_602' title='bbox 3092 3509 3422 3585; x_wconf 79' lang='lat' dir='ltr'><em>clavorum,</em></span> 
     </span>
     <span class='ocr_line' id='line_1_90' title="bbox 1861 3604 2859 3690; baseline -0.004 -14"><span class='ocrx_word' id='word_1_603' title='bbox 1861 3607 1959 3676; x_wconf 79' lang='lat' dir='ltr'><em>vel</em></span> <span class='ocrx_word' id='word_1_604' title='bbox 1990 3625 2471 3690; x_wconf 60' lang='lat' dir='ltr'><em>quorumeunque</em></span> <span class='ocrx_word' id='word_1_605' title='bbox 2497 3604 2859 3687; x_wconf 73' lang='lat' dir='ltr'><em>hujusmodi.</em></span> 
     </span>
    </p>
   </div>
   <div class='ocr_carea' id='block_1_9' title="bbox 2332 3809 2954 3876">
    <p class='ocr_par' dir='ltr' id='par_1_14' title="bbox 2332 3809 2954 3876">
     <span class='ocr_line' id='line_1_91' title="bbox 2332 3809 2954 3876; baseline -0.006 0"><span class='ocrx_word' id='word_1_606' title='bbox 2332 3809 2954 3876; x_wconf 81' lang='lat' dir='ltr'><strong>COMMENTARIUS.</strong></span> 
     </span>
    </p>
   </div>
   <div class='ocr_carea' id='block_1_10' title="bbox 1859 3983 3429 5377">
    <p class='ocr_par' dir='ltr' id='par_1_15' title="bbox 1859 3983 3429 5377">
     <span class='ocr_line' id='line_1_92' title="bbox 1952 3983 3425 4067; baseline -0.003 -17"><span class='ocrx_word' id='word_1_607' title='bbox 1952 3987 2313 4067; x_wconf 82' lang='lat' dir='ltr'><em>Respondet</em></span> <span class='ocrx_word' id='word_1_608' title='bbox 2334 3987 2410 4049; x_wconf 89' lang='lat' dir='ltr'><em>D.</em></span> <span class='ocrx_word' id='word_1_609' title='bbox 2431 3987 2707 4049; x_wconf 82' lang='lat' dir='ltr'><em>Thomas</em></span> <span class='ocrx_word' id='word_1_610' title='bbox 2723 4003 2998 4060; x_wconf 84' lang='lat' dir='ltr'><em>crucem,</em></span> <span class='ocrx_word' id='word_1_611' title='bbox 3020 3991 3150 4046; x_wconf 80' lang='lat' dir='ltr'><em>tem</em></span> <span class='ocrx_word' id='word_1_612' title='bbox 3182 3983 3425 4046; x_wconf 76' lang='lat' dir='ltr'><em>ratione</em></span> 
     </span>
     <span class='ocr_line' id='line_1_93' title="bbox 1867 4077 3423 4160; baseline -0.003 -18"><span class='ocrx_word' id='word_1_613' title='bbox 1867 4087 2187 4143; x_wconf 81' lang='lat' dir='ltr'><em>contaetus</em></span> <span class='ocrx_word' id='word_1_614' title='bbox 2242 4097 2437 4160; x_wconf 79' lang='lat' dir='ltr'><em>quam</em></span> <span class='ocrx_word' id='word_1_615' title='bbox 2499 4079 2741 4142; x_wconf 79' lang='lat' dir='ltr'><em>ratione</em></span> <span class='ocrx_word' id='word_1_616' title='bbox 2802 4077 3371 4160; x_wconf 59' lang='lat' dir='ltr'><em>repraesentationis</em></span> <span class='ocrx_word' id='word_1_617' title='bbox 3406 4122 3423 4150; x_wconf 88' lang='lat'><strong>‚</strong></span> 
     </span>
     <span class='ocr_line' id='line_1_94' title="bbox 1866 4171 3427 4253; baseline -0.002 -18"><span class='ocrx_word' id='word_1_618' title='bbox 1866 4173 2258 4236; x_wconf 78' lang='lat' dir='ltr'><em>adorandam</em></span> <span class='ocrx_word' id='word_1_619' title='bbox 2300 4189 2441 4236; x_wconf 86' lang='lat' dir='ltr'><em>esse</em></span> <span class='ocrx_word' id='word_1_620' title='bbox 2488 4172 2695 4236; x_wconf 78' lang='lat' dir='ltr'><em>latria.</em></span> <span class='ocrx_word' id='word_1_621' title='bbox 2754 4173 2947 4253; x_wconf 84' lang='lat' dir='ltr'><em>Cujus</em></span> <span class='ocrx_word' id='word_1_622' title='bbox 2996 4171 3427 4252; x_wconf 80' lang='lat' dir='ltr'><em>responsionis</em></span> 
     </span>
     <span class='ocr_line' id='line_1_95' title="bbox 1864 4263 3426 4348; baseline -0.001 -19"><span class='ocrx_word' id='word_1_623' title='bbox 1864 4268 2178 4347; x_wconf 81' lang='lat' dir='ltr'><em>posterior</em></span> <span class='ocrx_word' id='word_1_624' title='bbox 2202 4285 2351 4348; x_wconf 85' lang='lat' dir='ltr'><em>pars</em></span> <span class='ocrx_word' id='word_1_625' title='bbox 2372 4267 2438 4329; x_wconf 88' lang='lat' dir='ltr'><em>in</em></span> <span class='ocrx_word' id='word_1_626' title='bbox 2478 4265 2789 4347; x_wconf 85' lang='lat' dir='ltr'><em>superiori</em></span> <span class='ocrx_word' id='word_1_627' title='bbox 2832 4263 3257 4345; x_wconf 78' lang='lat' dir='ltr'><em>disputatione</em></span> <span class='ocrx_word' id='word_1_628' title='bbox 3292 4263 3426 4327; x_wconf 82' lang='lat' dir='ltr'><em>fere</em></span> 
     </span>
     <span class='ocr_line' id='line_1_96' title="bbox 1861 4356 3426 4442; baseline -0.003 -19"><span class='ocrx_word' id='word_1_629' title='bbox 1861 4361 2168 4442; x_wconf 79' lang='lat' dir='ltr'><em>explicata</em></span> <span class='ocrx_word' id='word_1_630' title='bbox 2216 4364 2345 4439; x_wconf 81' lang='lat' dir='ltr'><em>est3</em></span> <span class='ocrx_word' id='word_1_631' title='bbox 2395 4361 2567 4442; x_wconf 88' lang='lat' dir='ltr'><em>prior</em></span> <span class='ocrx_word' id='word_1_632' title='bbox 2616 4377 2767 4422; x_wconf 84' lang='lat' dir='ltr'><em>vero</em></span> <span class='ocrx_word' id='word_1_633' title='bbox 2814 4377 2893 4421; x_wconf 86' lang='lat' dir='ltr'><em>ex</em></span> <span class='ocrx_word' id='word_1_634' title='bbox 2920 4359 2997 4420; x_wconf 90' lang='lat' dir='ltr'><em>iis</em></span> <span class='ocrx_word' id='word_1_635' title='bbox 3024 4356 3261 4439; x_wconf 80' lang='lat' dir='ltr'><em>pendet</em></span> <span class='ocrx_word' id='word_1_636' title='bbox 3284 4373 3426 4437; x_wconf 76' lang='lat' dir='ltr'><em>quoe</em></span> 
     </span>
     <span class='ocr_line' id='line_1_97' title="bbox 1862 4449 3425 4528; baseline -0.003 -10"><span class='ocrx_word' id='word_1_637' title='bbox 1862 4455 2023 4518; x_wconf 82' lang='lat' dir='ltr'><em>cirea</em></span> <span class='ocrx_word' id='word_1_638' title='bbox 2056 4455 2387 4518; x_wconf 81' lang='lat' dir='ltr'><em>articulum</em></span> <span class='ocrx_word' id='word_1_639' title='bbox 2416 4459 2667 4517; x_wconf 86' lang='lat' dir='ltr'><em>sextum</em></span> <span class='ocrx_word' id='word_1_640' title='bbox 2691 4452 2960 4517; x_wconf 79' lang='lat' dir='ltr'><em>dicenda</em></span> <span class='ocrx_word' id='word_1_641' title='bbox 2990 4459 3156 4528; x_wconf 87' lang='lat' dir='ltr'><em>sunt,</em></span> <span class='ocrx_word' id='word_1_642' title='bbox 3190 4459 3255 4514; x_wconf 87' lang='lat' dir='ltr'><em>et</em></span> <span class='ocrx_word' id='word_1_643' title='bbox 3278 4449 3425 4514; x_wconf 84' lang='lat' dir='ltr'><em>ideo</em></span> 
     </span>
     <span class='ocr_line' id='line_1_98' title="bbox 1861 4545 3429 4628; baseline -0.002 -20"><span class='ocrx_word' id='word_1_644' title='bbox 1861 4545 2031 4609; x_wconf 82' lang='lat' dir='ltr'><em>hanc</em></span> <span class='ocrx_word' id='word_1_645' title='bbox 2056 4547 2539 4628; x_wconf 79' lang='lat' dir='ltr'><em>disputationem</em></span> <span class='ocrx_word' id='word_1_646' title='bbox 2573 4545 2653 4610; x_wconf 83' lang='lat' dir='ltr'><em>de</em></span> <span class='ocrx_word' id='word_1_647' title='bbox 2676 4563 2863 4610; x_wconf 80' lang='lat' dir='ltr'><em>eruce</em></span> <span class='ocrx_word' id='word_1_648' title='bbox 2889 4547 2956 4610; x_wconf 89' lang='lat' dir='ltr'><em>iu</em></span> <span class='ocrx_word' id='word_1_649' title='bbox 2992 4545 3280 4608; x_wconf 78' lang='lat' dir='ltr'><em>ultimam</em></span> <span class='ocrx_word' id='word_1_650' title='bbox 3309 4545 3429 4606; x_wconf 87' lang='lat' dir='ltr'><em>hu-</em></span> 
     </span>
     <span class='ocr_line' id='line_1_99' title="bbox 1859 4637 3427 4722; baseline -0.002 -22"><span class='ocrx_word' id='word_1_651' title='bbox 1859 4640 1967 4720; x_wconf 78' lang='lat' dir='ltr'><em>jus</em></span> <span class='ocrx_word' id='word_1_652' title='bbox 1990 4641 2347 4722; x_wconf 78' lang='lat' dir='ltr'><em>quaestionis</em></span> <span class='ocrx_word' id='word_1_653' title='bbox 2388 4647 2631 4721; x_wconf 77' lang='lat' dir='ltr'><em>partem</em></span> <span class='ocrx_word' id='word_1_654' title='bbox 2676 4639 3061 4702; x_wconf 82' lang='lat' dir='ltr'><em>differemus.</em></span> <span class='ocrx_word' id='word_1_655' title='bbox 3096 4639 3167 4700; x_wconf 90' lang='lat' dir='ltr'><em>In</em></span> <span class='ocrx_word' id='word_1_656' title='bbox 3216 4637 3427 4698; x_wconf 79' lang='lat' dir='ltr'><em>littera</em></span> 
     </span>
     <span class='ocr_line' id='line_1_100' title="bbox 1865 4729 3424 4816; baseline -0.003 -20"><span class='ocrx_word' id='word_1_657' title='bbox 1865 4751 2017 4796; x_wconf 82' lang='lat' dir='ltr'><em>vero</em></span> <span class='ocrx_word' id='word_1_658' title='bbox 2042 4735 2113 4795; x_wconf 93' lang='lat' dir='ltr'><em>D.</em></span> <span class='ocrx_word' id='word_1_659' title='bbox 2131 4733 2388 4796; x_wconf 77' lang='lat' dir='ltr'><em>Thomoe</em></span> <span class='ocrx_word' id='word_1_660' title='bbox 2415 4733 2734 4816; x_wconf 82' lang='lat' dir='ltr'><em>(quoniam</em></span> <span class='ocrx_word' id='word_1_661' title='bbox 2762 4731 3004 4812; x_wconf 80' lang='lat' dir='ltr'><em>relique</em></span> <span class='ocrx_word' id='word_1_662' title='bbox 3032 4729 3198 4794; x_wconf 76' lang='lat' dir='ltr'><em>clara</em></span> <span class='ocrx_word' id='word_1_663' title='bbox 3228 4732 3424 4810; x_wconf 81' lang='lat' dir='ltr'><em>sunt),</em></span> 
     </span>
     <span class='ocr_line' id='line_1_101' title="bbox 1867 4824 3427 4906; baseline -0.001 -18"><span class='ocrx_word' id='word_1_664' title='bbox 1867 4826 2023 4889; x_wconf 86' lang='lat' dir='ltr'><em>illud</em></span> <span class='ocrx_word' id='word_1_665' title='bbox 2054 4826 2257 4889; x_wconf 87' lang='lat' dir='ltr'><em>solum</em></span> <span class='ocrx_word' id='word_1_666' title='bbox 2286 4825 2737 4889; x_wconf 85' lang='lat' dir='ltr'><em>advertendum</em></span> <span class='ocrx_word' id='word_1_667' title='bbox 2766 4831 2881 4899; x_wconf 84' lang='lat' dir='ltr'><em>est,</em></span> <span class='ocrx_word' id='word_1_668' title='bbox 2916 4824 3285 4906; x_wconf 84' lang='lat' dir='ltr'><em>cuminquit</em></span> <span class='ocrx_word' id='word_1_669' title='bbox 3306 4841 3427 4887; x_wconf 86' lang='lat' dir='ltr'><em>nos</em></span> 
     </span>
     <span class='ocr_line' id='line_1_102' title="bbox 1867 4919 3426 5000; baseline -0.003 -17"><span class='ocrx_word' id='word_1_670' title='bbox 1867 4920 2099 4998; x_wconf 82' lang='lat' dir='ltr'><em>alloqui</em></span> <span class='ocrx_word' id='word_1_671' title='bbox 2132 4925 2195 4984; x_wconf 90' lang='lat' dir='ltr'><em>et</em></span> <span class='ocrx_word' id='word_1_672' title='bbox 2216 4919 2541 5000; x_wconf 80' lang='lat' dir='ltr'><em>deprecari</em></span> <span class='ocrx_word' id='word_1_673' title='bbox 2590 4935 2840 4980; x_wconf 81' lang='lat' dir='ltr'><em>crucem</em></span> <span class='ocrx_word' id='word_1_674' title='bbox 2868 4923 3172 4998; x_wconf 77' lang='lat' dir='ltr'><em>tauquam</em></span> <span class='ocrx_word' id='word_1_675' title='bbox 3216 4919 3426 5000; x_wconf 87' lang='lat' dir='ltr'><em>ipsum</em></span> 
     </span>
     <span class='ocr_line' id='line_1_103' title="bbox 1867 5010 3427 5093; baseline -0.004 -15"><span class='ocrx_word' id='word_1_676' title='bbox 1867 5014 2255 5090; x_wconf 82' lang='lat' dir='ltr'><em>crucifixum,</em></span> <span class='ocrx_word' id='word_1_677' title='bbox 2282 5031 2413 5077; x_wconf 86' lang='lat' dir='ltr'><em>non</em></span> <span class='ocrx_word' id='word_1_678' title='bbox 2468 5031 2605 5076; x_wconf 85' lang='lat' dir='ltr'><em>esse</em></span> <span class='ocrx_word' id='word_1_679' title='bbox 2640 5029 2925 5089; x_wconf 86' lang='lat' dir='ltr'><em>sensum,</em></span> <span class='ocrx_word' id='word_1_680' title='bbox 2952 5010 3207 5093; x_wconf 85' lang='lat' dir='ltr'><em>proprie</em></span> <span class='ocrx_word' id='word_1_681' title='bbox 3246 5017 3311 5076; x_wconf 88' lang='lat' dir='ltr'><em>et</em></span> <span class='ocrx_word' id='word_1_682' title='bbox 3356 5010 3427 5072; x_wconf 88' lang='lat' dir='ltr'><em>in</em></span> 
     </span>
     <span class='ocr_line' id='line_1_104' title="bbox 1865 5105 3427 5190; baseline -0.004 -18"><span class='ocrx_word' id='word_1_683' title='bbox 1865 5109 2073 5190; x_wconf 80' lang='lat' dir='ltr'><em>rigore</em></span> <span class='ocrx_word' id='word_1_684' title='bbox 2093 5108 2439 5172; x_wconf 79' lang='lat' dir='ltr'><em>orationem</em></span> <span class='ocrx_word' id='word_1_685' title='bbox 2468 5105 2645 5168; x_wconf 84' lang='lat' dir='ltr'><em>fundi</em></span> <span class='ocrx_word' id='word_1_686' title='bbox 2689 5105 2773 5168; x_wconf 80' lang='lat' dir='ltr'><em>ad</em></span> <span class='ocrx_word' id='word_1_687' title='bbox 2805 5123 3059 5169; x_wconf 83' lang='lat' dir='ltr'><em>crucem</em></span> <span class='ocrx_word' id='word_1_688' title='bbox 3094 5106 3290 5188; x_wconf 82' lang='lat' dir='ltr'><em>(utin</em></span> <span class='ocrx_word' id='word_1_689' title='bbox 3316 5121 3427 5167; x_wconf 81' lang='lat' dir='ltr'><em>su-</em></span> 
     </span>
     <span class='ocr_line' id='line_1_105' title="bbox 1869 5197 3428 5284; baseline -0.003 -18"><span class='ocrx_word' id='word_1_690' title='bbox 1869 5203 2223 5284; x_wconf 82' lang='lat' dir='ltr'><em>perioribus</em></span> <span class='ocrx_word' id='word_1_691' title='bbox 2250 5199 2627 5281; x_wconf 82' lang='lat' dir='ltr'><em>explicatum</em></span> <span class='ocrx_word' id='word_1_692' title='bbox 2654 5197 3073 5281; x_wconf 84' lang='lat' dir='ltr'><em>reliquimus),</em></span> <span class='ocrx_word' id='word_1_693' title='bbox 3106 5197 3221 5262; x_wconf 88' lang='lat' dir='ltr'><em>sed</em></span> <span class='ocrx_word' id='word_1_694' title='bbox 3247 5197 3428 5262; x_wconf 81' lang='lat' dir='ltr'><em>fundi</em></span> 
     </span>
     <span class='ocr_line' id='line_1_106' title="bbox 1871 5295 3428 5377; baseline -0.003 -17"><span class='ocrx_word' id='word_1_695' title='bbox 1871 5297 1955 5360; x_wconf 80' lang='lat' dir='ltr'><em>ad</em></span> <span class='ocrx_word' id='word_1_696' title='bbox 1981 5296 2291 5360; x_wconf 78' lang='lat' dir='ltr'><em>Christum</em></span> <span class='ocrx_word' id='word_1_697' title='bbox 2320 5295 2386 5356; x_wconf 90' lang='lat' dir='ltr'><em>in</em></span> <span class='ocrx_word' id='word_1_698' title='bbox 2426 5311 2613 5358; x_wconf 79' lang='lat' dir='ltr'><em>eruce</em></span> <span class='ocrx_word' id='word_1_699' title='bbox 2658 5298 3171 5377; x_wconf 74' lang='lat' dir='ltr'><em>repraesentatum</em></span> <span class='ocrx_word' id='word_1_700' title='bbox 3200 5299 3265 5356; x_wconf 83' lang='lat' dir='ltr'><em>et</em></span> <span class='ocrx_word' id='word_1_701' title='bbox 3319 5311 3428 5373; x_wconf 79' lang='lat' dir='ltr'><em>ap-</em></span> 
     </span>
    </p>
   </div>
   <div class='ocr_carea' id='block_1_11' title="bbox 1952 5469 2575 5548">
    <p class='ocr_par' dir='ltr' id='par_1_16' title="bbox 1952 5469 2575 5548">
     <span class='ocr_line' id='line_1_107' title="bbox 1952 5469 2575 5548; baseline -0.005 -11"><span class='ocrx_word' id='word_1_702' title='bbox 1952 5474 1969 5514; x_wconf 90' lang='lat'>¹</span> <span class='ocrx_word' id='word_1_703' title='bbox 2012 5471 2079 5537; x_wconf 81' lang='lat' dir='ltr'><em>G.</em></span> <span class='ocrx_word' id='word_1_704' title='bbox 2109 5474 2210 5548; x_wconf 76' lang='lat'><em>12,</em></span> <span class='ocrx_word' id='word_1_705' title='bbox 2232 5469 2381 5536; x_wconf 83' lang='lat' dir='ltr'><em>oiro.</em></span> <span class='ocrx_word' id='word_1_706' title='bbox 2404 5472 2575 5535; x_wconf 86' lang='lat' dir='ltr'><em>med.</em></span> 
     </span>
    </p>
   </div>
  </div>
 </body>
</html>
