3892 6167
1342 399 1665 456 ulwurm.
1696 395 1821 454 xm.
1855 399 2025 455 SSCT.
2062 403 2141 457 tv,

138 515 283 558 nem
314 497 669 572 hominum,
698 499 903 579 primo
916 515 1057 562 esse
1074 497 1405 562 definitum
1434 518 1551 582 per
1592 517 1704 562 vo-

135 591 445 653 luntatem
472 594 839 666 humanam,
862 599 922 654 et
948 609 1077 654 non
1102 611 1217 674 per
1228 593 1524 668 divinam,
1548 613 1703 674 prae·

138 686 353 746 sertim
374 702 524 748 cum
554 687 783 748 Paulus
811 689 929 748 boc
956 693 1207 768 reputet:
1234 705 1376 751 esse
1398 704 1593 750 unum
1624 707 1703 750 ex

139 781 463 843 altissimis
489 782 807 861 mysteriis
831 782 1159 862 sapientias
1182 789 1243 846 et
1264 783 1539 846 scientiae
1562 784 1695 845 Dei.

138 875 423 936 Tertium
450 875 640 937 etiam
665 875 851 938 facile
876 881 1140 951 constat,
1172 879 1319 960 quia
1344 880 1565 940 saltem
1590 879 1705 939 cir·

141 985 211 1028 ca
266 969 583 1046 homines,
618 969 727 1050 qui
754 969 979 1032 Christi
1011 971 1505 1033 incarnationem
1544 987 1704 1052 prae·

139 1066 484 1138 cesserunt,
514 1079 645 1124 non
672 1063 919 1124 videtur
940 1079 1127 1143 posse
1154 1063 1411 1144 intelligi
1434 1064 1539 1127 ille
1566 1081 1704 1125 mo·

138 1154 259 1214 dus
290 1153 619 1216 electionis
664 1155 729 1218 in
762 1158 1039 1217 humana
1074 1157 1299 1219 Christi
1350 1158 1701 1232 voluntate,

142 1247 251 1307 sed
277 1248 483 1308 solum
511 1249 911 1311 conformitas
938 1268 1079 1310 cum
1106 1251 1317 1312 divina
1354 1251 1657 1312 electione
1680 1267 1697 1321 ς

143 1341 313 1419 quia,
346 1341 515 1402 circa
570 1343 886 1422 proeterita
922 1361 1065 1422 quae
1098 1345 1233 1423 jam
1285 1360 1414 1406 non
1467 1344 1699 1405 cadunt

142 1433 261 1494 snb
289 1439 663 1513 potestatem
710 1437 1003 1510 hominis,
1032 1455 1164 1498 non
1194 1443 1397 1518 potest
1446 1439 1699 1518 proprie

141 1527 373 1588 cadere
416 1529 641 1591 electio
665 1551 687 1605 ς
712 1532 821 1609 qui
874 1531 1043 1592 enim
1074 1527 1338 1610 intelligi
1368 1537 1599 1612 potest,
1631 1537 1701 1594 ut

136 1621 419 1682 Cin-istus
448 1621 509 1682 in
542 1629 849 1701 quantam
892 1624 1087 1686 homo
1116 1625 1379 1706 elegerit
1424 1625 1539 1686 sibi
1570 1641 1701 1686 ma-

136 1721 300 1774 trem
328 1731 408 1776 ex
436 1731 561 1794 qua
583 1720 996 1780 nasceretur?
1016 1719 1093 1780 Et
1116 1719 1203 1780 sic
1228 1719 1307 1780 de
1338 1720 1497 1781 aliis.

219 1811 248 1870 1
258 1811 321 1869 5.
336 1809 1164 1889 Efficaaeproedestinatorum
1176 1812 1510 1888 dilectio,in
1526 1812 1706 1877 Okri-

134 1901 221 1962 εὴ·
254 1903 477 1966 unito
498 1904 727 1980 referri
747 1909 1059 1982 potest-
1076 1905 1220 1965 Dico
1249 1905 1567 1966 secundo:
1600 1905 1703 1985 pie

134 1999 197 2054 et
214 1994 625 2074 probabiliter
640 1997 812 2058 credi
840 2003 1062 2077 potest,
1098 1997 1399 2060 illammet
1424 1999 1703 2060 volunta·

136 2093 289 2160 tem,
316 2095 445 2166 qua
472 2090 639 2151 Deus
668 2089 987 2170 praeelegit
1010 2091 1593 2170 praedestinatos,ut
1609 2097 1703 2154 est

136 2181 360 2244 efficax
386 2199 605 2244 eorum
620 2183 893 2261 dilectio,
908 2185 1203 2246 habuisse
1215 2185 1700 2247 fundamentum

136 2280 203 2335 et
224 2275 535 2338 rationem
561 2277 837 2356 aliquam
862 2278 927 2338 in
948 2279 1186 2340 meritis
1218 2278 1441 2340 Christi
1470 2281 1697 2359 praevi-

136 2385 245 2428 sus.

222 2465 321 2524 16.
370 2463 545 2524 Prior
572 2481 720 2543 pars
762 2463 1144 2541 declaratur,
1176 2466 1325 2545 quia
1350 2465 1418 2526 in
1446 2465 1566 2526 hac
1598 2466 1697 2527 di-

132 2557 279 2616 vina
302 2554 609 2617 electione
638 2556 767 2620 dno
788 2557 1265 2636 intelliguntur:
1297 2560 1563 2620 alterum
1586 2558 1700 2639 ab·

134 2649 414 2709 solutum
452 2649 953 2711 et'intrinsecum
975 2697 991 2722 ,
1028 2651 1198 2730 quod
1234 2655 1319 2713 eoi
1356 2651 1519 2713 velle
1560 2653 1701 2712 effl-

132 2742 371 2803 caciter
408 2741 861 2804 beatitudinem
900 2743 1047 2804 huic
1090 2745 1557 2823 praedestinato,
1590 2746 1695 2824 qni

132 2845 333 2912 actus,
362 2841 435 2896 ut
454 2837 564 2909 sic,
593 2836 819 2899 dicitur
856 2839 1107 2917 proprie
1144 2839 1397 2900 dilectio
1421 2841 1699 2920 praedes-

132 2931 343 3004 tinati:
374 2931 643 2992 alterum
690 2933 785 2993 es't
822 2933 1265 3011 respectivum,
1296 2941 1358 2995 et
1386 2936 1563 3013 qnasi
1596 2953 1700 2997 ex-

133 3026 500 3096 trinsecum,
538 3025 859 3098 nimirum,
890 3026 1059 3105 quod
1090 3027 1251 3088 alius
1301 3046 1429 3088 non
1472 3028 1697 3091 eodem

134 3119 325 3180 modo
362 3117 683 3197 diligatur,
708 3125 771 3181 et
798 3125 1263 3197 cousequenter
1285 3122 1453 3200 quod
1482 3123 1584 3184 hic
1608 3123 1701 3184 di-

134 3213 371 3292 ligatur
410 3226 546 3294 proe
570 3212 675 3274 illo
694 3258 709 3286 ,
743 3212 914 3291 quod
944 3211 1283 3275 includitur
1310 3221 1373 3275 et
1402 3222 1701 3276 connota-

132 3313 235 3370 tnr
282 3309 352 3369 in
406 3307 663 3368 nomine
715 3307 1059 3368 electionis.
1110 3307 1483 3387 Quanquam
1547 3325 1699 3388 ergo

132 3400 419 3463 Christus
456 3417 585 3460 non
631 3400 931 3461 meruerit
958 3399 1325 3462 electionem
1346 3446 1366 3476 ,
1398 3407 1703 3479 qnantum

134 3495 213 3554 ad
240 3494 367 3554 hoc
412 3495 842 3565 connotatum,
889 3493 1034 3571 quia
1064 3511 1190 3552 non
1230 3493 1460 3555 meruit
1501 3493 1703 3555 deser·

132 3589 401 3661 tionem,
452 3584 577 3659 vel,
626 3591 695 3645 ut
737 3585 823 3646 ita
852 3585 1101 3658 dicam,
1146 3602 1273 3645 non
1304 3585 1700 3647 dilectionem

130 3680 428 3753 aliorum,
451 3693 662 3756 neque
690 3675 861 3756 quod
886 3677 955 3737 in
984 3677 1347 3756 particulari
1370 3677 1469 3739 hic
1494 3679 1701 3758 potius

128 3772 509 3850 diligeretur
548 3785 743 3849 quam
786 3769 969 3846 alius,
1001 3771 1204 3850 potuit
1234 3776 1443 3831 tamen
1474 3771 1699 3833 Christi

128 3866 433 3927 meritum
470 3881 613 3926 esse
654 3865 846 3939 ratic,
878 3870 1141 3944 propter
1174 3879 1366 3942 quam
1392 3865 1558 3926 Dens
1588 3865 1701 3926 ab·

128 3961 340 4021 solute
358 3957 579 4019 dilexit
598 3955 1091 4036 praedestinatos
1120 3955 1299 4029 Quod
1318 3958 1568 4038 probari
1590 3976 1699 4037 po·

123 4057 253 4114 test
282 4069 365 4113 ex
392 4050 595 4112 citatis
619 4049 823 4112 verbis
850 4050 1043 4124 Pauli,
1078 4049 1159 4111 ad
1186 4049 1414 4130 Ephes..
1450 4053 1478 4111 1
1512 4068 1526 4111 :
1555 4050 1699 4113 Ele-

122 4149 227 4228 yit
258 4163 380 4207 noe
404 4145 475 4206 in
514 4145 651 4224 ipro
696 4149 835 4208 anto
860 4145 1073 4207 mundi
1100 4146 1608 4216 constitutionem,
1628 4150 1700 4207 ut

124 4255 399 4303 essemus
427 4235 803 4308 euncti;ubi
854 4242 1071 4316 aperte
1108 4236 1387 4314 loquitur
1430 4237 1512 4298 de
1552 4243 1698 4298 actu

124 4330 375 4393 efficaci
423 4329 649 4390 divino
692 4327 1029 4390 voluntatis
1048 4373 1063 4402 ‚
1098 4347 1223 4408 quo
1251 4334 1398 4391 ante
1432 4330 1699 4409 praevisa

122 4425 479 4486 electorum
508 4439 701 4502 opera
728 4421 871 4483 illos
910 4422 1131 4502 elegit,
1170 4441 1299 4483 non
1324 4423 1473 4500 quia
1506 4423 1699 4484 futuri

124 4523 321 4579 erant
342 4517 565 4588 saneti,
596 4515 703 4578 sed
734 4522 804 4577 ut
842 4521 1045 4578 essent
1074 4515 1297 4590 sancti,
1319 4522 1388 4576 ut
1410 4516 1700 4594 frequen·

121 4617 225 4672 ter
252 4609 643 4689 Augustinus
684 4615 747 4671 et
773 4609 1193 4688 Hieronymus
1216 4609 1327 4682 ibi,
1359 4613 1589 4670 etcum
1620 4627 1697 4671 eo

121 4704 247 4764 alii·
264 4702 663 4782 expositores
706 4700 1156 4780 pendet-arunt.
1200 4701 1377 4774 Quod
1416 4717 1565 4762 vero
1610 4702 1695 4762 lo·

122 4804 364 4874 quatur
393 4795 475 4856 do
506 4781 641 4875 ipsa
671 4795 1042 4867 dilectione,
1070 4813 1184 4856 seu
1212 4795 1533 4856 voluntate
1567 4795 1699 4856 effi·-

120 4891 263 4950 caci
310 4887 503 4948 dandi
534 4885 801 4966 gloriam
828 4887 1277 4966 praedestinato
1298 4931 1317 4961 ,
1346 4889 1593 4948 constat
1618 4903 1698 4947 ex

120 4979 487 5059 subjunctis
510 4979 757 5041 verbis:
795 4981 879 5044 Ut
900 4997 1157 5044 essemus
1174 4980 1373 5042 sancti
1400 4984 1457 5042 et
1482 4979 1699 5042 imma·

118 5071 327 5136 oculati
371 5073 439 5134 in
478 5078 795 5154 conspeetu
820 5073 953 5150 ojus
992 5072 1059 5133 in
1094 5074 1391 5136 charitate
1413 5095 1439 5142 ,·
1464 5079 1527 5134 et
1555 5072 1697 5132 ideo

121 5165 345 5226 statim
369 5163 697 5243 subjungit
738 5183 753 5225 :
801 5163 921 5238 Qui
952 5165 1411 5246 pradestinavit
1447 5181 1556 5226 uos
1588 5179 1699 5242 por

120 5259 347 5321 Jeswm
384 5255 701 5320 obv-istum
736 5258 805 5320 in
828 5259 1033 5336 ipsum
1057 5281 1085 5329 ;
1114 5273 1306 5334 quam
1353 5261 1550 5318 totam
1582 5273 1695 5317 ex·

118 5348 508 5429 positionem
534 5348 835 5410 indicavit
852 5348 937 5410 ibi
968 5348 1353 5423 Ambrosius,
1382 5354 1447 5410 et
1468 5347 1695 5410 clarius

118 5443 489 5504 docuerunt
520 5443 761 5516 Ausci„
794 5448 857 5503 et
886 5443 957 5504 D.
984 5442 1278 5519 Thomas,
1306 5449 1369 5504 et
1399 5445 1660 5521 August.
1668 5487 1689 5518 ‚

118 5533 235 5598 lib.
272 5533 356 5594 da
406 5534 827 5601 Proedestinat.
859 5535 1067 5601 Sanct.
1090 5583 1105 5612 ,
1151 5552 1207 5596 c.
1256 5538 1331 5601 17
1380 5541 1444 5597 et
1474 5538 1549 5598 18
1576 5581 1592 5608 ,
1626 5541 1693 5597 et

3231 405 3350 469 373

1780 497 1889 562 lib.
1920 501 2002 563 de
2031 503 2304 568 Correet.
2337 513 2399 568 et
2427 495 2650 588 gratia,
2673 523 2731 568 c.
2753 509 2815 569 7.
2843 505 3094 572 Cortum
3126 516 3342 575 autem

1784 600 1898 668 est,
1923 613 2066 656 cum
2085 599 2312 660 Paulus
2337 599 2488 662 dicit
2513 619 2631 663 nos
2658 617 2798 663 esse
2835 602 3068 664 electos
3091 591 3352 668 in'Chri-

1783 692 1899 760 sto,
1940 689 2109 767 loqui
2141 691 2220 753 dc
2250 693 2368 755 hac
2408 695 2710 756 electione
2753 701 3063 774 quatenus
3111 703 3207 760 est
3252 698 3348 760 di·

1782 779 1990 857 lectio,
2023 799 2134 844 seu
2173 791 2484 864 qnatenus
2512 805 2625 866 per
2666 788 2837 848 illam
2879 787 3218 851 efficaciter
3249 809 3351 852 or-

1784 874 2037 936 dinatur
2079 879 2562 957 praedestinatus
2609 881 2692 941 ad
2735 899 3053 942 summum
3107 883 3350 945 bonum

1784 968 2198 1031 obtinendum
2224 988 2244 1048 3
2269 989 2422 1032 nam
2451 973 2568 1033 sub
2595 973 2716 1034 alia
2745 974 2988 1034 ratione
3018 993 3350 1056 compara-

1782 1062 1909 1123 tiva
1938 1079 2064 1122 non
2095 1070 2334 1144 poterat
2363 1067 2430 1126 in
2469 1066 2777 1128 Christum
2811 1067 3050 1141 referri,
3097 1075 3166 1131 ut
3199 1070 3347 1130 satis

1784 1155 2160 1234 explicatum
2191 1164 2304 1220 est.
2325 1159 2484 1231 Quid
2516 1167 2726 1221 autem
2747 1160 3056 1238 significet
3076 1162 3177 1222 illa
3205 1179 3348 1240 par-

1782 1249 1971 1310 ticula
1999 1251 2067 1312 in
2093 1251 2228 1333 ipso
2248 1297 2263 1327 ,
2295 1271 2422 1313 non
2463 1255 2616 1314 satis
2645 1259 2890 1315 constat
2918 1271 2994 1314 ex
3019 1254 3200 1316 dictis
3227 1255 3344 1315 Pa·

1784 1342 1980 1402 tribus
2009 1347 2072 1404 et
2108 1346 2586 1424 expositoribus.
2617 1346 2828 1408 Ansel.
2865 1352 3076 1408 tamen
3107 1347 3346 1409 indicat

1782 1435 2136 1515 significare
2165 1437 2600 1500 habitudinem
2643 1457 2848 1500 causta
2885 1437 3129 1511 finam,
3170 1439 3342 1519 quod

1783 1532 1879 1589 est
1916 1530 2314 1591 verissimum
2339 1577 2353 1604 ,
2397 1533 2544 1612 quia
2588 1549 2809 1594 omnes
2866 1533 3048 1594 electi
3085 1539 3342 1613 propter

1782 1621 2084 1682 honorem
2115 1629 2178 1683 et
2210 1623 2473 1703 gloriam
2510 1625 2730 1686 Christi
2761 1625 3110 1686 secundum
3142 1626 3342 1686 Deum

1787 1715 1972 1776 electi
2002 1721 2176 1789 sunt3
2209 1717 2380 1778 unde
2405 1718 2614 1780 statim
2639 1717 2869 1778 Paulus
2893 1718 3102 1779 subdit
3131 1737 3144 1778 :
3171 1719 3346 1780 Proe·

1785 1809 2110 1872 destinavit
2139 1827 2252 1873 nos
2275 1829 2386 1893 per
2416 1811 2628 1874 Jerum
2661 1809 2968 1875 Christum
3003 1813 3072 1874 in
3115 1813 3344 1894 ipsum,

1785 1902 1892 1962 ubi
1934 1903 2272 1981 particula,
2301 1921 2441 1983 per,
2481 1904 2784 1966 denotare
2813 1904 3060 1966 videtur
3085 1921 3342 1966 causam

1785 1995 2168 2056 meritoriam
2185 2012 2204 2072 ;
2239 1997 2542 2076 particula
2572 2015 2718 2058 vero
2735 2043 2755 2074 ,
2787 1997 2874 2069 in,
2903 2015 3160 2059 causam
3189 1997 3348 2058 fina-

1784 2087 1935 2148 lem.
1959 2089 2371 2151 Probabiliter
2393 2107 2540 2152 vero
2567 2091 2794 2170 exponi
2825 2097 3050 2170 potest,
3077 2091 3347 2172 particu-

1782 2181 1930 2254 lam,
1953 2181 2194 2262 inipso,
2219 2183 2494 2246 indicare
2515 2199 2769 2246 eausam
2797 2184 3202 2257 meritoriam,
3225 2201 3346 2244 nec

1782 2274 1915 2336 sine
1947 2291 2136 2336 causa
2159 2276 2334 2354 prius
2352 2276 2607 2353 dixisse,
2625 2279 2692 2338 in
2718 2276 2872 2358 ipso,
2891 2283 3132 2356 postea,
3159 2278 3232 2338 iu
3247 2277 3348 2358 ip-

1776 2385 2087 2440 summam
2099 2367 2220 2429 hoc
2231 2370 2558 2448 posteriori
2569 2369 2817 2432 dicendi
2829 2368 3189 2446 modo,cum
3203 2387 3348 2448 par·

1780 2461 1970 2522 ticula
1988 2507 2004 2532 ,
2029 2463 2096 2524 in
2109 2508 2130 2539 ,
2149 2464 2504 2526 accusativo
2530 2463 2893 2544 adjungitur
2912 2510 2927 2538 ,
2960 2469 3130 2525 recte
3154 2462 3344 2523 deno·

1778 2559 1869 2616 tat
1888 2555 2320 2618 habitudinem
2349 2556 2430 2618 ad
2458 2556 2648 2618 finem
2667 2575 2682 2629 ς
2701 2557 2998 2636 adjuncta
3011 2574 3159 2617 vero
3176 2554 3348 2616 abia-'-

1779 2647 2138 2728 tivo,magis
2151 2649 3346 2728 videtursigniiicarefundamentum,et.

1779 2741 2088 2802 rationem
2107 2743 2274 2802 illius
2293 2743 2662 2816 dilectionis,
2686 2750 2876 2821 atque
2897 2743 3056 2804 adeo
3085 2759 3344 2803 causam

1780 2835 2184 2897 meritoriam.
2205 2837 2386 2899 Unde
2402 2836 2624 2898 eodem
2649 2836 2894 2898 dicendi
2913 2836 3102 2898 modo
3131 2835 3344 2897 statim

1781 2928 2105 3007 subjungit
2133 2951 2148 2966 ·
2173 2931 2256 2992 In
2277 2947 2391 3012 qno
2420 2931 2701 2994 habemus
2723 2931 3206 3012 redemptionem,
3234 2929 3343 2989 ubi

1782 3021 2105 3083 evidenter
2133 3023 2442 3102 significat
2467 3041 2720 3085 causam
2743 3023 3160 3098 meritoriam3
3183 3023 3346 3084 sicut

1783 3115 1973 3175 etiarn
2003 3113 2261 3177 inferius
2291 3133 2435 3176 cum
2463 3115 2614 3176 dicit
2646 3135 2659 3175 t
2696 3117 2778 3178 In
2798 3133 2910 3197 quo
2929 3133 3039 3178 nos
3061 3119 3222 3178 sorte
3245 3131 3347 3176 vo·

1782 3210 1904 3271 cati
1929 3225 2190 3281 snmus-,·
2220 3215 2284 3270 e‘.
2313 3208 2474 3268 infra
2511 3227 2524 3269 :
2557 3209 2642 3272 In
2689 3225 2804 3290 quo
2831 3215 2886 3272 et
2912 3227 3016 3273 vos
3046 3210 3346 3274 eredentes

1780 3303 2014 3384 simti
2042 3303 2188 3366 ostis
2215 3304 2374 3382 spiri
2380 3309 2445 3365 tu
2460 3303 2886 3384 promissionis
2909 3309 3144 3376 sancitu
3173 3300 3346 3382 quod

1782 3395 1974 3456 etiam
2003 3393 2336 3456 confirmat
2377 3396 2534 3456 illud
2575 3397 2616 3456 2
2663 3396 2746 3456 ad
2775 3397 2932 3456 Tim.
2981 3399 3009 3457 1
3045 3413 3062 3458 t
3103 3395 3346 3462 Vocavit

1781 3505 1891 3550 nos
1916 3491 2222 3552 vocatione
2247 3505 2362 3551 sua
2389 3493 2603 3552 sancta
2633 3533 2649 3563 ,
2674 3505 2793 3550 aon
2817 3489 3136 3552 secundum
3161 3503 3341 3568 opera

1780 3586 2016 3654 nostra,
2046 3581 2150 3644 sed
2165 3582 2488 3645 secundum
2504 3583 2879 3663 propositum
2901 3598 3078 3643 suum
3107 3587 3166 3644 et
3188 3597 3339 3660 qra-

1783 3675 1962 3744 tiam,
2005 3689 2140 3756 qua·
2167 3673 2311 3736 data
2339 3679 2426 3736 est
2466 3674 2636 3737 nobie
2661 3676 2730 3737 in
2761 3672 3000 3738 Christo
3027 3676 3178 3737 Jeeu
3201 3679 3342 3736 anto

1782 3771 2050 3848 tempora
2071 3766 2421 3830 soecularia.
2447 3766 2566 3829 Ubi
2595 3765 2992 3828 dilectionem
3039 3767 3201 3827 hanc
3229 3784 3340 3827 vo·-

1780 3865 1884 3919 cat
1922 3859 2330 3938 propositum,
2377 3865 2442 3920 et
2480 3861 2745 3938 gratiam
2781 3860 2961 3921 nobis
2989 3859 3056 3921 in
3093 3860 3338 3921 Christo

1781 3952 1864 4014 ab
1891 3959 2130 4014 aeterno
2161 3971 2549 4029 concessam,
2579 3956 2735 4015 utD.
2760 3955 3034 4016 Thomas
3055 3954 3335 4034 exponit.

1779 4045 1951 4108 Facit
1979 4048 2168 4108 etiam
2209 4047 2363 4108 illud
2385 4048 2567 4110 Joan.
2605 4051 2679 4109 17
2715 4067 2730 4108 z
2761 4047 3059 4110 Dilexisti
3085 4063 3182 4110 eos
3214 4047 3340 4123 (lo-

1780 4141 1996 4218 quitur
2018 4139 2098 4201 de
2124 4140 2610 4219 proedestinatis)
2643 4141 2839 4215 siout,
2873 4141 2990 4220 prd
3033 4140 3204 4218 quia,
3247 4155 3342 4202 mo

1780 4234 2078 4308 dilexisti,
2099 4241 2170 4295 ut
2184 4234 2444 4313 August.
2469 4235 2737 4306 notavit;
2759 4241 2822 4295 et
2847 4233 3040 4295 sensit
3057 4233 3337 4306 Hieron„

1778 4325 1887 4387 lib.
1920 4329 1961 4388 2
1996 4333 2210 4389 contra
2231 4328 2464 4404 Jovin„
2491 4328 2712 4390 dicens
2738 4347 2752 4388 :
2781 4327 2926 4391 Ideo
2961 4343 3072 4390 nos
3109 4325 3336 4410 aitiyit,

1779 4421 1921 4500 quia
1950 4419 2183 4483 Filium
2220 4421 2438 4484 dilectit
2475 4421 2689 4485 Pater.
2733 4420 3018 4500 Denique
3045 4419 3154 4480 illa
3189 4421 3340 4481 uni-

1778 4514 2038 4576 versalis
2076 4515 2416 4595 propositio
2445 4515 2641 4590 Pauli,
2669 4514 2750 4576 ad
2787 4515 3014 4595 pres,
3045 4517 3075 4576 1
3109 4531 3124 4574 :
3152 4513 3340 4576 Benc-

1779 4608 1941 4672 dixit
1969 4624 2078 4670 nos
2104 4611 2264 4671 omni
2293 4609 2683 4672 benedictione
2703 4609 3026 4690 spirituali
3047 4609 3117 4670 in
3143 4609 3340 4670 ooelea·

1779 4702 1943 4764 tibus
1970 4703 2035 4762 in
2063 4700 2308 4764 Christo
2327 4747 2346 4776 ,
2381 4703 2570 4763 etiam
2600 4701 3000 4763 dilectionem
3031 4699 3194 4761 hanc
3229 4717 3340 4780 po·-

1778 4797 1900 4855 test
1943 4795 2504 4873 comprehendere,
2547 4811 2690 4873 quae
2729 4794 3073 4856 maximum
3101 4793 3338 4854 beneti-

1778 4887 1945 4947 cium
1969 4887 2078 4947 Dei
2109 4891 2226 4961 est,
2257 4894 2318 4948 et
2347 4903 2644 4967 suprema
2662 4887 3043 4962 benedictio,
3061 4892 3124 4947 et
3143 4886 3336 4949 veluti

1779 4975 2044 5038 aliarum
2092 4979 2375 5040 omnium
2421 4980 2563 5041 fons
2593 4983 2657 5040 et
2687 4979 2894 5058 orig03
2929 4978 3100 5039 unde
3141 4978 3336 5057 Chry-

1778 5078 1958 5146 sost.,
1988 5072 2158 5133 hom.
2193 5077 2252 5147 1,
2285 5091 2476 5152 super
2504 5075 2585 5134 ad
2615 5075 2844 5152 EpheS.
2870 5119 2891 5150 ,
2931 5073 3132 5152 inquit
3159 5094 3172 5132 :
3211 5073 3338 5136 Per

1776 5181 1947 5244 quem
1973 5180 2082 5227 noe
2110 5165 2407 5230 benedixit
2424 5215 2438 5239 ,
2481 5185 2592 5246 por
2618 5167 2877 5229 eumdem
2904 5183 3012 5228 nos
3038 5164 3234 5247 clepit.
3263 5165 3334 5225 ln

1778 5256 2006 5336 quibus
2031 5257 2237 5320 verbis
2284 5259 2520 5322 indicat
2570 5259 3024 5339 expositionem
3051 5256 3336 5335 superius

1775 5350 1988 5412 datam
2017 5353 2184 5414 illius
2217 5353 2563 5431 particulae,
2585 5354 2652 5416 in
2681 5353 2943 5424 Christo,
2970 5358 3039 5412 ut
3062 5349 3336 5427 mquiva·

1776 5444 1901 5505 leat
1929 5446 2040 5519 illi,
2068 5463 2180 5525 per
2207 5446 2542 5520 Christum,
2587 5463 2723 5518 seu,
2765 5451 3012 5526 propter
3053 5441 3336 5505 meritum

1778 5535 2050 5608 olm-istn-
2080 5545 2142 5600 rt
2171 5537 2252 5602 ita
2285 5539 2472 5604 otiam
2502 5538 2654 5616 legit
2677 5545 2738 5599 et
2767 5538 3018 5616 exponit
3034 5536 3334 5596 OEcume·
