3892 6167
1345 345 1669 402 ntsruu’r.
1707 343 1786 398 m.
1834 345 2005 401 SECT.
2040 347 2103 402 ll.

97 459 163 512 et
191 451 568 514 reverentiae
597 449 826 512 debitae
850 451 1006 525 Deo,
1029 449 1314 529 quamvis
1341 455 1572 529 praeter
1603 447 1678 508 il-

95 545 232 606 lam
261 544 507 624 possint
535 559 672 605 esse
700 543 864 618 aliie,
890 547 962 606 ut
1005 561 1044 604 a
1081 541 1266 604 nobis
1297 541 1676 622 explicatum

95 645 222 702 est.
257 639 482 719 Neque
511 644 613 700 est
650 637 1106 700 inconvenieus
1151 641 1222 698 ut
1270 635 1514 716 religio,
1562 651 1678 715 per

95 737 328 793 actum
355 751 394 794 a
422 749 492 796 se
515 732 920 812 imperatum,
985 729 1352 794 immediate
1411 729 1676 809 attingat

95 826 342 900 neum,
369 824 522 906 quia
541 825 686 886 inde
709 843 840 886 non
867 824 936 887 fit
959 823 1130 904 quod
1152 824 1230 886 sit
1255 823 1450 886 virtus
1473 822 1674 884 Theo·

93 921 342 998 logica,
373 919 520 1000 quia
557 937 674 1000 per
701 927 904 982 actum
936 935 974 982 a
1001 937 1072 980 se
1097 917 1370 980 elicitum
1397 933 1527 977 non
1581 919 1675 977 at-

97 1013 288 1092 tingit
320 1015 543 1089 Deum,
567 1013 682 1076 sed
709 1031 824 1094 per
845 1019 1057 1074 actum
1098 1011 1293 1073 alium
1333 1025 1522 1090 quem
1549 1009 1674 1070 im·-

93 1113 312 1184 μενεῖ,
343 1114 412 1168 et
421 1107 526 1169 liic
541 1113 638 1170 est
657 1107 762 1188 qui
791 1106 1152 1169 immediate
1167 1104 1420 1185 attingit
1441 1103 1665 1166 Deum.

93 1199 199 1260 Sic
229 1200 414 1262 enim
453 1201 640 1264 etiam
686 1200 1060 1281 poenitentia
1105 1199 1418 1279 imperare
1466 1201 1672 1277 potest

92 1299 322 1354 actum
347 1294 458 1373 qui
485 1294 844 1356 immediate
890 1293 1129 1356 feratur
1151 1291 1220 1353 in
1249 1293 1472 1366 Deum,
1507 1289 1670 1352 scili-

91 1393 196 1448 cet
211 1403 506 1452 amorem
528 1389 943 1468 superomnia
963 1409 982 1464 3
1014 1393 1078 1450 et
1093 1387 1229 1468 ipsa
1260 1383 1503 1465 religio,
1527 1401 1668 1464 quae

89 1488 184 1542 est
213 1483 294 1543 in
313 1483 654 1557 voluntate,
679 1483 948 1563 imperat
977 1481 1325 1554 orationem
1371 1497 1484 1541 seu
1512 1479 1672 1559 peti-

91 1577 350 1637 tionem
371 1576 746 1653 intellectus,
777 1593 919 1658 quae
948 1580 1157 1657 potest
1185 1573 1546 1636 immediate
1568 1589 1672 1634 ca-

89 1671 248 1730 dere
294 1669 357 1731 in
401 1671 623 1746 Deum,
666 1689 798 1732 non
833 1670 1038 1734 solum
1085 1668 1234 1748 quia
1281 1685 1318 1729 a
1348 1667 1480 1730 Deo
1513 1664 1672 1746 peti-

89 1781 240 1824 mus
251 1779 284 1841 3
313 1762 382 1826 id
403 1763 572 1824 enim
595 1779 724 1825 non
753 1763 902 1825 satis
925 1768 1133 1840 esset;
1165 1759 1276 1822 sed
1305 1759 1494 1822 etiam
1524 1759 1671 1838 quia

89 1872 446 1934 possumus
481 1874 518 1918 a
541 1857 671 1920 Deo
695 1865 913 1936 petere
941 1858 1148 1936 ipsum
1176 1855 1396 1929 Deum,
1435 1851 1548 1931 qui
1576 1857 1672 1914 est

89 1964 352 2012 merces
367 1956 580 2012 nostra
609 1968 839 2030 magna
862 1950 1071 2024 nimis,
1099 1964 1288 2027 quam
1315 1961 1664 2026 speramus.

169 2046 288 2105 23.
333 2043 616 2122 Reliqua,
639 2061 778 2124 quoe
807 2043 874 2104 in
903 2043 1008 2104 illa
1033 2042 1328 2121 opinione
1352 2040 1665 2115 dicuntur,

91 2137 292 2197 nobis
313 2151 447 2197 non
477 2144 624 2198 sunt
651 2138 985 2211 contraria,
1017 2135 1130 2198 sed
1163 2139 1439 2197 nostram
1461 2133 1669 2214 potius

93 2229 488 2292 sententiam
511 2229 904 2292 confirmant.
940 2229 1154 2292 Solum
1185 2227 1463 2302 adverto,
1509 2226 1668 2288 ado·

92 2324 418 2384 rationem
451 2323 826 2385 exteriorem
875 2341 990 2384 seu
1031 2322 1454 2402 corporalem,
1501 2337 1668 2382 sem-

91 2435 212 2496 per
235 2416 502 2496 quidem
529 2433 884 2497 supponere
915 2417 1327 2478 intentionem
1345 2431 1494 2476 vere
1517 2413 1669 2475 ado-

93 2509 307 2582 randi,
327 2527 458 2570 non
483 2515 693 2571 tamen
719 2526 1340 2590 semper-,supponere
1351 2507 1671 2588 propriam

95 2603 542 2666 adorationem
571 2605 958 2678 interiorem,
987 2604 1112 2665 nisi
1147 2603 1306 2664 forte
1335 2601 1672 2664 materiali·

93 2705 194 2757 ter
231 2697 328 2776 (ut
351 2696 444 2758 sic
469 2695 722 2774 dicam),
761 2715 888 2758 non
919 2704 1130 2760 tamen
1166 2713 1418 2774 semper
1437 2695 1666 2756 forma·

91 2791 244 2852 liter
273 2809 290 2862 ;
323 2790 624 2869 supponit
653 2789 821 2851 enim
849 2791 1330 2853 aestimationem
1355 2788 1666 2852 excellen-

93 2884 196 2946 tite
229 2891 296 2944 et
341 2881 638 2944 affectum
659 2883 1007 2946 honorandi
1039 2882 1229 2945 alium
1251 2883 1436 2962 juxta
1463 2882 1665 2963 quali-

91 2983 297 3039 tatem
336 2993 448 3038 seu
470 2975 842 3056 dignitatem
861 2977 1020 3058 ejus,
1055 2977 1350 3039 aliusnon
1379 2976 1498 3037 erit
1517 2975 1668 3037 ado·

93 3072 286 3147 ratio,
319 3070 434 3132 sed
463 3070 656 3147 fictio,
711 3072 812 3133 vel
860 3072 1070 3153 potius
1133 3069 1569 3147 inhonorati03
1603 3074 1667 3131 et

93 3169 218 3228 hoc
253 3167 484 3230 saltem
499 3167 687 3228 modo
712 3166 996 3230 adoratio
1022 3165 1292 3228 exterior
1311 3165 1665 3245 estsignum

93 3262 420 3323 interioris
459 3262 849 3334 reverentiae,
882 3261 1028 3341 quia
1055 3265 1153 3324 est
1203 3260 1453 3338 signum
1482 3259 1668 3337 hujus

91 3354 538 3416 aestimationis
581 3362 646 3416 et
671 3355 954 3418 affectus.
1007 3355 1143 3416 Non
1179 3358 1272 3414 est
1312 3357 1530 3414 tamen
1555 3369 1668 3413 ne-

92 3465 278 3509 cesse
315 3453 386 3509 ut
413 3446 692 3510 adoratio
741 3448 1014 3510 exterior
1059 3463 1309 3526 semper
1354 3452 1667 3526 supponat

91 3541 434 3604 formalem
453 3541 864 3604 intentionem
877 3541 1140 3604 interius
1171 3539 1497 3614 adorandi,
1517 3539 1664 3618 quia

93 3638 198 3698 ille
237 3636 504 3700 affectus
537 3642 744 3716 potest
781 3635 1142 3698 immediate
1181 3633 1408 3696 cadere
1452 3633 1518 3694 in
1564 3651 1666 3695 ac-

95 3739 234 3790 tum
271 3728 675 3804 exteriorem,
717 3735 780 3791 et
806 3733 957 3791 tune
981 3729 1312 3792 aestimatio
1357 3725 1668 3789 excellen-

91 3825 220 3896 tiae,
245 3839 390 3900 quae
417 3821 786 3904 supponitur
813 3822 894 3883 ad
917 3822 1093 3884 illum
1121 3822 1528 3899 affectum,ut
1549 3823 1662 3898 sic,

89 3933 226 3979 non
275 3915 470 3978 hahet
525 3916 836 3979 rationem
883 3915 1288 3992 adorationis,
1341 3933 1484 3977 cum
1536 3933 1664 3976 non

87 4009 402 4091 procedat
427 4027 502 4071 ex
525 4009 872 4072 intentione
904 4009 1232 4083 adorandi,
1255 4009 1368 4071 sed
1392 4007 1473 4070 ad
1492 4007 1666 4069 illam

89 4105 314 4184 potins
332 4105 740 4184 supponatur.
777 4103 1244 4176 Verumtamen,
1287 4102 1438 4180 quia
1488 4101 1567 4164 de
1597 4118 1665 4163 se

89 4205 248 4279 apta
277 4203 396 4272 est,
424 4204 490 4259 ut
515 4198 598 4259 ad
637 4198 896 4260 interius
926 4195 1325 4260 adorandum
1350 4197 1540 4276 possit
1567 4214 1670 4258 re-

89 4293 248 4353 ferri
275 4297 340 4354 et
365 4290 660 4367 ordinari,
697 4291 844 4354 ideo
867 4292 1048 4372 quasi
1089 4291 1157 4351 in
1201 4296 1345 4353 actu
1393 4290 1666 4352 exercito

89 4403 212 4446 seu
257 4385 667 4448 materialiter
711 4384 830 4447 dici
861 4390 1069 4465 potest
1115 4382 1420 4446 adoratio.
1461 4383 1666 4461 Atque

91 4480 218 4539 hoc
261 4477 454 4540 modo
511 4495 764 4558 semper
817 4478 1098 4540 adoratio
1145 4477 1416 4540 exterior
1463 4483 1556 4538 est
1589 4477 1667 4538 si-

87 4571 646 4650 gnuminterioris,
669 4572 768 4633 vel
795 4571 1096 4646 formalis,
1114 4571 1166 4631 si
1185 4570 1266 4631 ad
1287 4567 1456 4631 illam
1473 4570 1664 4632 etiam

87 4665 344 4727 feratur
367 4665 632 4727 intentio
667 4665 1007 4742 adorantis,
1053 4663 1152 4726 vel
1199 4663 1422 4726 saltem
1469 4671 1666 4726 matc-

87 4757 298 4834 rialis,
331 4763 402 4820 ut
429 4757 816 4822 declaratum
845 4765 958 4822 est.

179 4853 287 4912 24.
330 4849 422 4912 Ad
441 4851 854 4915 fundamenta
876 4852 1100 4932 prioris
1122 4852 1474 4928 sententiae,
1495 4853 1666 4932 quod

89 4946 182 5008 ad
203 4947 277 5006 D.
309 4943 528 5009 Thom.
562 4946 807 5020 attinet,
841 4946 992 5008 satis
1017 4952 1342 5008 ostensum
1368 4951 1464 5008 est
1489 4946 1668 5008 illum

87 5058 228 5103 non
255 5037 328 5100 in
347 5039 496 5100 solis
523 5040 940 5102 exterioribus
959 5040 1223 5115 actibus,
1255 5040 1369 5102 sed
1398 5041 1668 5103 maxime

88 5135 160 5196 in
221 5132 650 5208 interioribus,
699 5149 915 5196 veram
965 5133 1396 5196 adorationem
1439 5136 1668 5196 consti-

87 5237 304 5291 tuere.
335 5227 550 5306 Neque
579 5228 647 5288 in
674 5227 784 5290 illo
809 5227 992 5291 titulo
1007 5229 1670 5310 quoest.84,2.2‚oppo-

89 5323 292 5384 situm
321 5320 624 5397 insinuat,
661 5341 805 5384 cum
833 5324 900 5384 in
931 5329 1048 5385 art.
1073 5325 1114 5384 2
1150 5321 1435 5403 ejusdem
1466 5340 1666 5403 quaes·

89 5415 290 5479 tionis
308 5432 526 5478 veram
561 5417 936 5479 sententiam
985 5415 1232 5480 doceat.
1265 5415 1482 5480 Solum
1511 5433 1663 5497 ergo

97 5509 420 5588 colligitur
441 5527 516 5576 ex
543 5510 646 5572 illo
679 5511 880 5586 titulo,
939 5527 1080 5573 esse
1119 5511 1392 5590 aliquam
1441 5510 1664 5577 adora·

3201 347 3317 412 {¹1:53

1757 447 1996 508 tionem
2025 447 2419 521 exteriorem,
2474 462 2615 528 qum
2648 461 2764 526 per
2820 453 2997 510 actus
3040 452 3319 530 corporis

1758 545 2145 616 exerceatur,
2168 540 2248 602 de
2277 557 2403 620 qua
2430 539 2780 620 specialiter
2826 546 3092 604 tractare
3124 544 3319 608 voluit

1757 635 1828 696 D.
1855 631 2125 698 Thomas
2158 634 2225 695 in
2252 634 2361 696 illa
2382 634 2749 714 quastione.
2772 633 2974 710 Unde,
3006 637 3175 716 quod
3194 645 3319 700 sta-

1756 729 1866 790 tim
1887 728 2183 809 proponit
2216 745 2406 808 agere
2436 728 2517 790 de
2560 727 2951 801 adoratione,
2978 745 3094 809 per
3123 747 3314 812 quam

1755 821 1983 902 aliquis
2007 839 2191 883 suum
2216 839 2445 902 corpus
2494 822 2574 884 ad
2629 823 2829 884 Deum
2878 824 3315 886 venerandum

1755 915 2029 988 exhibet,
2060 932 2189 977 non
2242 921 2337 978 est
2368 915 2453 976 ita
2482 915 2959 996 intelligendum
3000 933 3077 978 ac
3125 918 3317 998 siper

1753 1007 1857 1068 illa
1884 1008 2079 1070 verba
2114 1007 2547 1070 adorationem
2602 1009 2929 1088 adaequate
2968 1009 3316 1089 descripse-

1753 1101 1856 1176 rit,
1885 1102 2105 1162 sedita
2133 1108 2205 1162 ut
2256 1102 2361 1164 illa
2390 1103 2581 1164 verba
2620 1104 2983 1165 contineant
3027 1103 3319 1165 differen-

1753 1195 1904 1256 tiam
1956 1195 2431 1258 contrahentem
2484 1196 2915 1260 adorationem
2980 1196 3061 1258 ad
3114 1197 3316 1260 solam

1751 1288 2167 1367 corporalem,
2206 1289 2284 1350 de
2310 1307 2437 1368 qua
2464 1289 2547 1351 ibi
2568 1289 2971 1370 peculiariter
2992 1307 3182 1369 agere
3206 1307 3317 1350 vo-

1750 1379 1944 1444 lebat.
1982 1379 2159 1442 Unde
2208 1381 2273 1442 in
2310 1383 2534 1446 virtute
2587 1383 2797 1462 potius
2866 1383 2953 1446 ibi
3006 1381 3317 1462 significat

1753 1473 2095 1554 quamdam
2124 1491 2263 1536 esse
2316 1475 2769 1552 adorationem,
2800 1493 2915 1557 per
2955 1494 3147 1556 quam
3198 1476 3317 1538 ati-

1753 1567 1896 1647 quis
1923 1565 2179 1630 exhibet
2206 1586 2391 1630 suum
2436 1570 2717 1650 spiritum
2762 1569 2845 1631 ad
2872 1569 3313 1632 honorandum

1751 1662 1977 1738 Deum,
2010 1666 2074 1723 et
2128 1661 2342 1740 aliam,
2391 1681 2507 1744 per
2556 1681 2745 1742 quam
2796 1663 3051 1726 exhibet
3084 1681 3315 1742 corpus

1752 1773 1962 1817 suum.
1995 1755 2247 1818 Falsum
2276 1762 2490 1820 autem
2534 1763 2629 1819 est
2672 1759 2739 1819 D.
2793 1757 3101 1819 Thomam
3152 1775 3317 1820 nun·

1751 1866 1943 1928 quam
1968 1848 2046 1910 de
2074 1849 2268 1930 priori
2295 1849 2663 1912 adoratione
2710 1851 3104 1928 disseruisse,
3162 1868 3313 1912 nam

1751 1960 1810 2022 q.
1833 1943 1938 2018 81,
1961 1949 2079 2004 art.
2106 1947 2169 2019 8,
2190 1950 2255 2006 et
2273 1961 2336 2024 q.
2362 1945 2463 2021 82,
2490 1950 2609 2008 art.
2640 1948 2671 2008 t
2692 1951 2756 2007 et
2778 1948 2840 2024 2,
2878 1951 2941 2008 et
2967 1963 3025 2024 q.
3054 1948 3155 2022 84,
3186 1952 3305 2008 art.

1748 2039 1812 2114 2,
1843 2038 1997 2100 satis
2022 2037 2195 2098 illam
2225 2038 2441 2100 docuit
2466 2045 2529 2100 et
2558 2039 2918 2102 declaravit.
3027 2041 3045 2055 ⁰

1827 2133 1932 2216 25.
1976 2131 2075 2192 Ad
2122 2132 2472 2194 secundum
2526 2133 2949 2209 concedimus,
3000 2133 3307 2196 adoratio-

1747 2243 1898 2288 nem
1924 2243 2065 2288 esse
2096 2226 2527 2289 submissionis
2548 2233 2614 2290 et
2638 2227 2897 2290 honoris
2924 2234 3165 2302 notam,
3192 2245 3309 2288 ne-

1751 2337 1975 2401 gamus
1998 2325 2209 2382 tamen
2232 2337 2371 2382 esse
2402 2321 2831 2383 necessarium
2858 2327 2929 2384 ut
2954 2321 3060 2382 illa
3090 2321 3169 2383 sit
3194 2339 3305 2382 no·

1749 2419 1814 2475 ta
1841 2412 2145 2475 sensibilis
2164 2420 2231 2474 et
2258 2419 2539 2476 externa.
2573 2415 2791 2494 Neque
2830 2415 2945 2476 hoc
2980 2415 3309 2476 Damasce-

1751 2525 1873 2567 nus
1921 2523 2201 2585 unquam
2222 2507 2377 2569 dixit
2407 2525 2425 2580 ς
2460 2507 2851 2570 ostendimus
2873 2513 3090 2570 autem
3114 2507 3307 2570 etiam

1753 2617 1940 2680 posse
1981 2617 2119 2661 esse
2147 2607 2326 2662 actus
2366 2600 2695 2663 interiores
2748 2605 2813 2663 et
2838 2600 3147 2663 mentales
3174 2599 3307 2677 qui·

1745 2693 1868 2755 bus
1897 2692 2099 2755 nostri
2120 2693 2317 2754 animi
2346 2693 2829 2756 submissionem
2862 2694 2945 2756 ad
2975 2695 3177 2756 Deum
3226 2692 3307 2754 si·

1743 2785 2137 2866 gnificemus.

1825 2885 1928 2944 26.
1968 2881 2147 2944 Unde
2176 2882 2259 2944 ad
2278 2882 2530 2944 tertium
2550 2899 2860 2963 negemus
2889 2885 3305 2960 assumptum,

1747 2975 2004 3048 seilicet,
2034 2976 2277 3038 nullum
2298 2993 2437 3038 esse
2458 2977 2823 3040 interiorem
2850 2979 3061 3038 actum
3087 2974 3195 3054 qui
3210 2991 3307 3034 ra·

1747 3070 1985 3132 tionem
2008 3069 2389 3132 adorationis
2426 3071 2691 3133 induere
2720 3070 2939 3151 possit.
2986 3070 3061 3130 Et
3088 3067 3171 3132 ad
3214 3068 3309 3128 in·-

1748 3165 2109 3227 ductionem
2138 3163 2221 3226 ibi
2276 3163 2509 3226 factam
2552 3165 2701 3227 satis
2754 3179 3128 3244 responsum
3186 3168 3303 3234 est,

1749 3258 2127 3320 declarando
2171 3258 2487 3336 quomodo
2516 3276 2629 3338 per
2656 3264 2833 3320 actus
2860 3257 3215 3320 intellectus
3244 3262 3307 3317 et

1751 3353 2105 3426 voluntatis,
2129 3352 2493 3432 imperatos,
2524 3351 2623 3413 vel
2646 3353 2885 3414 elicitos
2916 3369 2955 3412 a
2978 3349 3300 3432 religione,

1746 3446 1942 3527 possit
1962 3447 2224 3508 interior
2238 3445 2519 3509 adoratio
2544 3446 2841 3508 exerceri.
2874 3445 3053 3508 Unde
3076 3445 3157 3506 ad
3185 3445 3307 3523 pri·

1745 3557 1915 3600 mam
1947 3539 2484 3602 confirmationem
2532 3539 2839 3619 imprimis
2864 3543 3077 3618 posset
3122 3537 3184 3598 in
3226 3536 3306 3597 ri-

1748 3651 1897 3712 gore
1927 3633 2151 3713 negari
2174 3633 2431 3712 sequela
2450 3651 2466 3705 ;
2500 3633 2785 3712 quamvis
2806 3632 2977 3694 enim
2994 3630 3303 3704 dicamus,

1747 3743 1860 3806 per
1906 3725 2151 3805 aliquos
2206 3733 2383 3788 actus
2439 3727 2723 3788 internos
2774 3726 3075 3788 virtutum
3119 3741 3303 3805 posse

1747 3820 2001 3882 adorari
2026 3822 2251 3895 Deum,
2274 3818 2403 3882 iton
2430 3820 2579 3882 inde
2609 3820 3015 3900 consequitur
3044 3837 3123 3881 ex
3148 3819 3207 3878 vi
3236 3818 3305 3879 il·

1746 3914 1997 3976 lationis
2016 3933 2237 3977 omnes
2261 3921 2437 3978 actus
2466 3916 2766 3977 virtutum
2795 3931 2981 3995 posse
3006 3912 3089 3976 ad
3108 3913 3303 3975 Deum

1749 4007 2141 4070 adorandum
2171 4007 2499 4090 imperat-53
2527 4008 2781 4086 quidam
2823 4008 2992 4070 enim
3042 4015 3304 4087 possunt

1749 4119 1886 4162 esse
1915 4102 2119 4181 magis
2146 4101 2601 4182 proportionati
2632 4108 2697 4164 et
2732 4100 3183 4163 accommodati
3226 4100 3305 4160 ad

1747 4197 1926 4257 illum
1937 4195 2129 4256 finem
2140 4213 2351 4274 ,quam
2364 4195 2669 4260 alii.Sicut
2684 4196 2828 4258 licet
2842 4195 3305 4258 adoretur-Deus

1746 4307 1862 4371 per
1881 4295 2059 4352 actus
2086 4294 2401 4366 externoS,
2430 4307 2561 4352 non
2598 4290 2741 4352 ideo
2769 4307 2883 4371 per
2916 4307 3137 4352 omnes
3160 4287 3306 4351 ado·

1747 4386 1872 4446 rari
1900 4390 2127 4464 potest,
2160 4403 2309 4445 nam
2347 4385 2414 4446 in
2469 4385 2679 4465 aliquo
2710 4391 2806 4447 est
2851 4383 3171 4465 proportio
3224 4384 3304 4446 ad

1748 4497 1888 4541 eam
1917 4477 2465 4560 significationem,
2492 4485 2555 4540 et
2576 4497 2705 4540 non
2728 4481 2796 4540 in
2814 4479 2979 4558 alio;
3007 4485 3098 4555 ut,
3128 4478 3303 4540 verbi

1746 4572 1971 4651 gratia,
1994 4571 2349 4652 genuflexio
2382 4579 2477 4636 est
2499 4571 2968 4635 accommodata
3006 4571 3087 4633 ad
3115 4573 3309 4651 signi-

1745 4664 2065 4727 ficandam
2080 4666 2566 4728 submissionem
2577 4671 2639 4728 et
2654 4665 3307 4740 humilitatem,deam·

1744 4758 1981 4821 bulatio
2012 4775 2165 4822 vero
2190 4777 2318 4822 non
2352 4760 2525 4823 item.
2560 4761 2661 4822 Sic
2699 4777 2851 4840 ergo
2894 4760 2959 4820 in
2984 4758 3305 4822 intellectu

1744 4853 1924 4925 fideS,
1958 4854 2133 4916 verbi
2171 4853 2392 4935 gratia,
2436 4859 2532 4916 est
2576 4854 3047 4936 proportionata
3102 4853 3181 4914 ad
3230 4855 3305 4914 si·

1750 4947 2172 5029 gnificandam
2218 4947 2695 5009 submissionem
2726 4947 2944 5020 animi,
3001 4952 3065 5008 et
3089 4952 3303 5008 tamen

1748 5041 2082 5123 prudentia
2100 5041 2196 5103 vel
2222 5057 2324 5102 ars
2352 5059 2482 5104 non
2506 5041 2697 5102 habet
2748 5041 2919 5101 illam
2957 5042 3305 5121 proportio-

1751 5153 1932 5212 nem3
1966 5142 2029 5198 et
2064 5137 2127 5196 in
2175 5136 2497 5198 voluntate
2552 5134 2837 5196 similiter
2892 5152 3069 5197 amor
3104 5133 3305 5196 ultimi

1745 5230 1912 5306 finiS‚
1945 5230 2094 5307 quia
2116 5229 2369 5310 respicit
2392 5229 2565 5290 illum
2605 5233 2674 5289 ut
2722 5245 3039 5290 summum
3068 5227 3303 5289 bonum

1748 5332 1810 5386 et
1848 5341 2214 5404 supremum
2259 5327 2553 5403 respectu
2593 5323 2882 5397 amantis,
2930 5327 3136 5401 potest
3169 5339 3304 5384 esse

1746 5416 2219 5480 accommodata
2250 5420 2401 5480 nota
2430 5415 2904 5489 submissionis;
2941 5431 3117 5476 amor
3153 5433 3303 5476 vero

1743 5511 2036 5594 proximi,
2074 5517 2143 5574 ut
2188 5511 2359 5574 illum
2412 5511 2681 5593 respic-it,
2734 5525 2860 5570 non
2920 5511 3118 5592 potest
3169 5527 3303 5576 esso
