3892 6167
1308 393 1627 446 DlSPUTAT.
1664 391 1788 444 xm.
1822 391 1994 444 SECT.
2030 390 2112 444 lv.

114 497 405 559 rationem
430 493 781 564 distinctos,
818 499 877 554 et
904 510 1097 554 unum
1123 493 1363 572 fingere
1388 496 1663 574 priorem

116 589 223 652 0110
248 595 269 649 ‘3
298 589 371 649 Et
401 587 641 650 deinde
665 585 769 648 illa
798 585 964 664 prior
992 586 1281 648 voluntas
1311 587 1662 650 necessario

115 685 284 746 1101101
330 683 605 762 intelligi
634 728 655 758 ,
706 700 835 746 nou
862 689 931 743 ut
960 681 1349 762 particularis
1383 703 1459 746 ex
1488 689 1663 762 parte

118 779 347 857 objecti,
376 777 642 848 scilicet,
670 773 829 836 Petri
854 775 1295 854 praedestinati,
1329 777 1443 839 sed
1473 783 1537 837 ut
1562 794 1665 854 ge-

118 871 325 932 neralis
358 889 515 950 erga
546 870 833 930 homines
853 912 873 944 ,
922 867 987 928 10
1012 869 1240 946 quibus
1268 871 1487 932 Petrus
1515 889 1665 932 con-

116 966 361 1034 tinetur;
399 969 497 1024 est
524 979 677 1044 ergo
702 961 841 1024 talis
866 961 1153 1023 voluntas
1179 963 1507 1024 uniformis
1534 981 1665 1024 res·-

120 1061 283 1132 pectu
313 1055 625 1128 omnium,
660 1061 823 1118 etex
847 1073 913 1116 se
942 1053 1333 1128 indifferenS,
1366 1061 1429 1118 et
1456 1073 1667 1134 tequa-

118 1151 181 1210 lis
208 1149 281 1210 ad
306 1167 535 1210 omnes
556 1195 569 1220 .
616 1154 679 1210 et
707 1155 1165 1228 consequenter
1194 1150 1375 1230 quasi
1405 1151 1663 1212 confusa

124 1251 173 1302 et
198 1241 561 1304 universalis
594 1259 670 1304 ex
698 1247 874 1322 parte
906 1241 1137 1319 objecti
1164 1287 1183 1317 ,
1224 1241 1395 1322 quod
1424 1241 1667 1304 videtur

124 1335 529 1414 impertinens,
558 1343 623 1396 et
647 1335 923 1396 alienum
950 1353 985 1395 a
1014 1334 1225 1396 divina
1254 1335 1657 1414 perfectione.

124 1428 373 1488 Tandem
401 1426 837 1500 confirmatur,
884 1428 1031 1506 quia
1061 1426 1237 1500 alias,
1282 1427 1469 1490 etiam
1500 1427 1664 1490 circa

124 1523 326 1584 electos
354 1569 369 1598 ,
400 1522 891 1602 intelligendum
921 1528 1125 1595 esset,
1166 1521 1341 1600 prius
1370 1525 1571 1584 Deum
1600 1521 1665 1582 in

123 1615 411 1676 communi
455 1621 523 1676 et
576 1615 973 1678 uniformiter
1012 1615 1279 1694 elegisse
1329 1615 1665 1676 efficaciter

126 1715 197 1768 tot
226 1708 503 1770 hominos
534 1705 623 1770 ad
653 1707 941 1790 gloriam,
974 1707 1201 1772 deinde
1232 1709 1401 1770 huno
1427 1708 1491 1770 in
1523 1727 1665 1788 par-

124 1803 339 1864 ticulari
366 1803 642 1884 elegisse
682 1804 763 1865 011
792 1805 981 1864 talem
1014 1801 1280 1882 gradum
1314 1812 1377 1865 et
1401 1802 1667 1884 dignita·

126 1904 229 1956 tem
256 1898 463 1974 gratiae
488 1905 555 1958 et
581 1897 799 1978 gloriae
826 1943 841 1972 ‚
874 1898 1046 1958 illum
1075 1915 1223 1958 vero
1254 1897 1334 1958 ad
1360 1897 1573 1970 alium,
1606 1901 1668 1960 et

129 1991 199 2051 sic
223 1991 291 2051 de
320 1991 583 2070 singulis
606 2008 625 2067 ;
667 1991 834 2070 quod
860 1991 912 2052 si
942 1991 1061 2052 hoc
1089 2002 1181 2054 est
1209 2009 1443 2052 vanum
1470 1995 1534 2052 et
1561 2009 1667 2051 su-

128 2087 401 2162 perfluum
420 2129 441 2158 ,
471 2092 543 2146 ut
576 2103 800 2147 revera
830 2091 946 2160 est,
980 2083 1149 2146 idem
1180 2083 1296 2146 erit
1325 2082 1667 2174 dicendum

132 2177 195 2238 de
220 2177 495 2238 omnibus
530 2177 918 2240 hominibus.
966 2179 1169 2256 Atque
1199 2177 1283 2238 ita
1318 2175 1429 2250 fit,
1469 2179 1667 2238 Deum

128 2271 341 2330 nullum
370 2272 743 2350 generalem
784 2277 995 2334 actum
1032 2271 1330 2332 habuisse
1363 2271 1529 2332 eirca
1558 2271 1669 2330 ho-

129 2365 299 2425 miues
320 2365 381 2424 in
405 2367 759 2441 communi,
793 2365 907 2428 sed
930 2364 1094 2426 cirea
1124 2381 1345 2426 omnes
1374 2369 1435 2425 et
1457 2365 1671 2442 singu·

131 2457 207 2518 los
232 2457 335 2518 sibi
360 2460 716 2538 propositos
745 2457 1209 2522 distinctissime
1236 2475 1350 2536 per
1371 2475 1547 2518 suam
1577 2457 1670 2519 in-

134 2549 338 2611 finitam
364 2552 796 2630 cognitionem
817 2599 839 2629 ,
871 2551 1161 2614 habuisse
1190 2552 1313 2613 tale
1341 2551 1667 2614 decretum

132 2643 427 2706 voluntatis
460 2645 661 2706 dandi
688 2645 979 2726 gloriam,
1016 2646 1203 2727 quale
1229 2647 1289 2708 ei
1316 2645 1572 2725 placuit,
1607 2651 1669 2707 et

134 2735 229 2796 hoc
260 2737 435 2800 modo
475 2739 759 2800 voluisse
806 2757 1028 2800 omnes
1074 2739 1312 2800 salvare
1362 2739 1460 2800 vel
1504 2738 1670 2800 redi·

137 2847 299 2898 mere,
327 2848 449 2892 non
478 2851 603 2911 per
629 2839 841 2894 actum
870 2832 1329 2907 universalem,
1380 2849 1493 2893 seu
1522 2849 1669 2894 con-

139 2920 309 2984 tusum
352 2943 425 2986 ex
464 2932 651 3006 parte
699 2924 971 3004 objecti,
1025 2925 1139 2987 sed
1167 2943 1281 3007 per
1307 2931 1518 2988 actum
1549 2925 1668 2986 dis·

138 3017 291 3078 tincta
314 3019 641 3082 cadentem
664 3017 731 3080 10
752 3019 1058 3099 singulos,
1090 3037 1221 3080 non
1249 3019 1665 3094 uniformiter,

140 3114 186 3168 01
211 3109 411 3172 eodem
438 3111 637 3174 modo
670 3157 687 3185 ,
740 3111 853 3174 sed
875 3113 1055 3190 juxta
1086 3111 1349 3174 liberam
1378 3111 1670 3174 distribu-

142 3201 339 3262 tionem
362 3203 591 3266 divinae
609 3205 969 3266 voluntatis.
999 3203 1153 3279 Quia
1175 3223 1321 3266 vero
1344 3208 1519 3266 actus
1539 3205 1666 3281 ille,

140 3301 289 3368 prout
314 3295 387 3355 ad
410 3297 589 3358 hunc
606 3297 901 3358 velillum
924 3297 1245 3358 hominem
1272 3297 1666 3374 terminatur,

141 3386 343 3450 ratione
365 3409 401 3451 a
428 3391 619 3452 nobis
644 3390 1045 3470 distinguitur
1078 3392 1142 3452 in
1170 3390 1406 3472 plureS,
1442 3391 1547 3470 qui
1571 3391 1672 3452 in-

142 3485 217 3538 ter
241 3497 301 3542 se
326 3483 707 3546 conveniunt
734 3485 797 3544 in
824 3484 1067 3545 ratione
1094 3484 1433 3546 voluntatis
1478 3483 1671 3546 dandi

144 3569 385 3648 gloriam,
420 3576 569 3638 ideo
598 3575 677 3638 de
706 3577 815 3638 illa
841 3576 1161 3638 voluntate
1188 3577 1508 3654 loquimur
1533 3582 1671 3638 tan-

146 3682 302 3740 quam
343 3669 417 3730 de
468 3687 605 3731 uuo
650 3672 793 3731 actu
843 3671 1171 3732 terminato
1222 3669 1304 3730 ad
1351 3671 1671 3750 objectum

151 3757 458 3826 universale
494 3769 568 3825 et
607 3763 1026 3838 abstractum,
1075 3769 1137 3824 et
1164 3763 1247 3824 ab
1273 3761 1381 3824 illo
1409 3771 1553 3824 actu
1581 3763 1673 3822 in-

150 3851 473 3932 telliguntur
500 3855 791 3938 profecta
816 3856 1023 3918 media
1052 3855 1395 3935 generalia,
1429 3855 1511 3918 ad
1538 3874 1671 3916 om·

151 3943 293 4006 nium
318 3949 639 4012 hominum
668 3951 931 4014 salutem
952 3949 1261 4026 ordinata,
1290 3969 1433 4012 cum
1460 3956 1671 4012 tamen

153 4036 202 4096 in
226 4057 283 4102 re
304 4059 421 4104 non
444 4045 523 4106 sit
548 4045 669 4108 nisi
696 4043 809 4106 Dei
836 4045 1125 4106 voluntas
1153 4051 1219 4106 ut
1240 4043 1433 4107 libere
1460 4043 1671 4106 termi-

153 4136 271 4192 nata
295 4135 367 4194 ad
391 4135 777 4217 singulorum
806 4138 1133 4199 hominum
1165 4137 1455 4211 salutem,
1488 4137 1669 4215 juxta

154 4220 567 4304 beneplacitum
599 4250 809 4292 suum.

224 4321 305 4380 12.
347 4323 517 4394 Quod
546 4325 603 4388 si
650 4327 771 4387 hoc
806 4343 1024 4388 verum
1076 4343 1213 4388 esse
1260 4325 1666 4400 convincitur,

158 4406 275 4471 hinc
295 4413 542 4480 ulterius
568 4417 853 4496 sequitur
879 4417 1154 4480 secunda
1191 4416 1519 4480 difficultas
1560 4419 1672 4480 cir-

164 4519 219 4560 ca
245 4509 585 4582 praedictam
619 4511 1015 4586 sententiam,
1046 4509 1365 4584 nimirum,
1400 4511 1672 4572 0011011-

163 4593 431 4675 damenta,
461 4603 689 4682 quihus
726 4603 965 4680 nititur,
994 4603 1337 4666 inefficacia
1373 4623 1528 4680 esse,
1562 4610 1670 4665 aut

164 4689 385 4762 probare
407 4693 715 4759 Christum
736 4715 865 4758 non
887 4697 1191 4759 meruisse
1211 4697 1669 4776 praedestinatis

166 4780 436 4848 efficacem
473 4791 843 4852 electionem
886 4789 969 4850 ad
1006 4790 1309 4870 gloriam,
1344 4789 1515 4868 quod
1553 4807 1670 4853 nec

168 4871 229 4930 ab
258 4875 351 4938 illa
378 4883 679 4946 sententia
728 4879 1113 4959 admittitur,
1142 4899 1261 4944 nec
1301 4901 1519 4944 verum
1550 4888 1667 4957 est,

168 4973 219 5020 ut
240 4973 633 5038 ostendemus,
658 4975 927 5054 sequela
950 4975 1250 5056 probatur
1271 4975 1497 5057 primo,
1520 4977 1669 5056 quia

168 5056 299 5120 heus
324 5083 439 5128 1100
454 5069 691 5142 habuit,
717 5071 885 5132 circa
912 5069 1159 5142 0100100,
1184 5069 1343 5131 11000
1372 5073 1546 5130 actus
1568 5087 1672 5129 vo-

170 5145 421 5218 lendicos
447 5163 731 5226 ordinare
763 5159 845 5224 ad
871 5161 1155 5242 gloriam,
1184 5162 1297 5224 sed
1326 5163 1511 5224 simul
1540 5161 1669 5223 uni-

169 5257 225 5342 co
256 5256 401 5322 actu,
428 5260 485 5314 et
513 5254 695 5317 unica
733 5255 1191 5334 simplicissima
1228 5256 1669 5318 terminatione

172 5331 331 5402 libera
371 5345 554 5411 voluit
581 5349 917 5412 efficaciter
948 5355 1013 5410 et
1054 5347 1221 5412 11000
1250 5357 1313 5412 01
1351 5350 1528 5411 1110111
1556 5347 1675 5410 sal-

176 5443 313 5503 rare,
344 5435 400 5498 in
446 5441 549 5504 tali
594 5443 794 5523 gradu
844 5449 909 5504 et
950 5441 1369 5523 perlectione3
1402 5461 1553 5524 ergo
1576 5487 1591 5518 ,
1622 5441 1675 5504 si

177 5517 408 5591 Christus
449 5551 573 5597 non
622 5537 845 5599 meruit
896 5537 1164 5617 primam
1216 5535 1674 5599 ordinationem

3187 399 3300 460 371

1746 492 1966 554 talium
2019 491 2346 554 hominum
2406 494 2488 554 ad
2541 493 2993 557 beatitudinem
3023 545 3037 571 ‚
3100 518 3312 582 neque

1746 585 1935 646 etiarn
1968 603 2184 646 eorum
2239 586 2610 648 electionem
2663 591 2912 649 meruit.
2949 591 3213 667 Rursus,
3245 596 3312 656 in

1747 679 1972 741 eodem
1998 679 2178 760 signo
2204 679 2268 740 in
2295 697 2419 758 quo
2445 683 2612 744 Deus
2641 681 2829 760 elegit
2851 681 3019 744 hunc
3045 692 3108 747 et
3131 687 3306 769 illum

1746 773 2276 852 praedestinatum,
2307 771 2500 835 voluit
2526 775 2970 838 antecedenter
3001 795 3114 840 seu
3145 781 3314 842 ordi·

1746 865 1919 928 navit
1970 867 2349 928 sufficienter
2392 869 2674 947 singulos
2715 872 3020 949 reprobos
3065 875 3146 935 ad
3175 875 3306 954 glo-

1745 959 1903 1020 riam
1922 1003 1943 1034 ,
1975 967 2038 1020 et
2067 979 2182 1040 per
2208 961 2378 1021 hune
2411 962 2670 1024 modum
2710 967 3088 1042 generaliter
3113 970 3309 1034 voluit

1747 1069 1968 1112 omnes
1992 1052 2282 1114 homines
2308 1053 2580 1128 salvare;
2609 1071 2758 1134 ergo
2782 1055 2832 1116 si
2860 1057 2992 1120 haec
3019 1059 3310 1124 voluntas

1744 1145 2084 1225 generalis,
2117 1164 2230 1208 seu
2256 1148 2465 1226 potius
2497 1149 2842 1226 generatim
2873 1167 2909 1210 a
2938 1151 3122 1214 nohis
3160 1173 3312 1216 con-

1746 1250 1925 1320 cepta
1955 1245 2018 1301 et
2034 1241 2374 1316 declarata,
2392 1259 2520 1302 non
2547 1242 2664 1304 fuit
2689 1263 2768 1304 ex
2793 1245 3034 1308 meritis
3059 1247 3302 1324 Christi,

1747 1351 1896 1414 ergo
1939 1351 2058 1394 nec
2090 1334 2196 1394 illa
2223 1333 2511 1396 voluntas
2535 1380 2551 1409 ,
2584 1355 2707 1418 qua
2740 1338 3120 1402 sufficienter
3147 1342 3312 1404 ordi-

1748 1429 1919 1488 navit
1953 1427 2232 1506 singulos
2273 1429 2574 1508 reprobos
2611 1431 2690 1492 ad
2739 1430 3040 1510 gloriam,
3069 1433 3188 1498 fuit
3231 1455 3310 1498 ex

1746 1520 1988 1584 meritis
2016 1521 2270 1596 Christi,
2303 1540 2452 1584 nam
2484 1527 2579 1584 est
2609 1523 2776 1586 idem
2809 1526 3066 1588 omnino
3111 1533 3312 1606 actus,

1752 1617 1815 1673 et
1862 1613 1931 1674 in
1978 1613 2200 1675 eodem
2245 1614 2424 1694 signo
2450 1635 2466 1690 ;
2497 1633 2670 1696 ergo,
2703 1617 2835 1695 pari
2883 1618 3149 1696 ratione,
3183 1637 3312 1682 non

1747 1705 1974 1768 meruit
2009 1707 2468 1785 praedestinatis
2512 1709 2880 1771 electionem
2916 1729 3030 1773 seu
3065 1711 3316 1774 ordina-

1747 1798 1985 1861 tionem
2035 1801 2354 1862 efficacem
2407 1802 2488 1862 011
2535 1803 2822 1882 gloriam,
2853 1823 3002 1866 nam
3033 1806 3218 1868 simul
3251 1813 3314 1870 et

1748 1893 1813 1954 in
1844 1893 2070 1955 eodem
2099 1894 2278 1974 signo
2300 1895 2558 1958 rationis
2583 1897 2948 1978 intelligitur
2977 1899 3078 1961 ille
3107 1907 3310 1978 001110,

1750 1993 1819 2048 ut
1848 1988 2217 2050 terminatus
2245 1989 2328 2050 ad
2354 1989 2602 2070 singula
2634 1991 2904 2069 obJ'ecta,
2939 2011 3053 2054 seu
3079 1992 3163 2054 ad
3191 1996 3318 2056 sin-

1748 2081 1929 2160 gulas
1950 2099 2278 2160 personas,
2293 2083 2474 2161 juxta
2495 2083 2951 2163 beneplacitum
2974 2087 3108 2146 Dei.
3133 2087 3314 2150 Unde

1749 2173 2006 2236 tandem
2044 2181 2454 2254 argumentor
2477 2195 2514 2236 0
2547 2177 2810 2254 paritate
2849 2177 3132 2256 rationis,
3161 2198 3314 2242 nam

1747 2273 1879 2328 tota
1902 2267 2088 2338 rati0,
2114 2267 2194 2328 ob
2215 2285 2406 2346 quam
2427 2273 2693 2348 negatur
2712 2269 2986 2332 Christus
3007 2271 3314 2335 meruisse

1749 2359 1931 2422 nobis
1956 2359 2414 2422 ordinationem
2438 2361 2520 2421 ad
2541 2361 2826 2442 gloriam,
2849 2363 2944 2424 vel
2968 2364 3048 2425 ad
3071 2364 3316 2428 redem-

1748 2451 2054 2530 ptionem,
2087 2458 2202 2528 est,
2245 2453 2392 2530 quia
2425 2455 2650 2516 merita
2677 2453 2903 2518 Christi
2933 2475 3059 2518 non
3089 2477 3318 2538 suppo·

1750 2551 1986 2606 nuntur
2013 2544 2304 2623 praevisa,
2337 2564 2412 2606 eo
2443 2547 2612 2624 quod
2647 2547 2960 2610 ordinatio
2984 2549 3202 2612 Christi
3237 2549 3318 2614 ad

1749 2635 2124 2698 merendum
2145 2637 2508 2699 hominibus
2526 2639 2840 2718 praecedat
2858 2641 3160 2704 visionem
3181 2661 3318 2706 me-

1747 2731 2014 2792 ritorum
2071 2731 2209 2810 ejus
2233 2775 2254 2807 ,
2311 2737 2374 2792 et
2437 2739 2582 2794 ante
2635 2731 2806 2794 illam
2858 2733 3316 2798 ordinationem

1750 2824 1969 2886 Christi
2015 2823 2098 2886 ad
2144 2823 2460 2899 meritum,
2495 2827 2809 2903 proecedat
2859 2827 3167 2890 ordinatio
3195 2831 3319 2892 ho·-

1749 2916 1994 2978 minum
2025 2916 2109 2978 ad
2137 2917 2441 2998 gloriam3
2467 2917 2582 2980 sed
2609 2919 2746 2980 haec
2774 2919 2959 2996 ratio,
2984 2921 3038 2982 si
3065 2928 3161 2985 est
3189 2923 3322 2984 effi-

1752 3029 1887 3086 cax,
1919 3029 2095 3090 aeque
2122 3009 2402 3090 procedit
2447 3011 2524 3074 de
2557 3011 2793 3074 efficaci
2829 3013 3134 3076 electione
3161 3033 3320 3095 prae·

1750 3105 2242 3178 destinatorum3
2300 3123 2472 3184 ergo.
2532 3105 2836 3168 Probatur
2883 3106 3112 3182 minor,
3165 3107 3318 3186 quia

1748 3195 2174 3276 praedestinati
2203 3195 2388 3258 simul
2427 3197 2776 3278 eodemque
2804 3203 2948 3260 actu
2979 3217 3120 3263 eum
3146 3199 3317 3263 Clu-i-

1750 3298 1843 3352 sto
1875 3295 2021 3350 sunt
2050 3287 2385 3352 efficaciter
2413 3289 2715 3367 dilecti,et
2743 3291 2824 3352 ad
2851 3291 3115 3371 gloriam
3152 3294 3317 3356 elec-

1750 3381 1818 3458 ti,
1844 3387 1905 3444 et
1933 3381 2000 3443 in
2029 3381 2252 3444 eodem
2279 3382 2458 3462 signo
2483 3384 2736 3464 reprobi
2765 3389 2910 3445 sunt
2933 3383 3318 3448 sufficienter

1750 3475 1831 3536 ad
1856 3475 2117 3554 gloriam
2146 3474 2436 3550 ordinati,
2459 3492 2574 3554 per
2597 3481 2805 3537 actum
2829 3493 2955 3556 quo
2979 3493 3126 3538 vere
3150 3478 3318 3540 Deus

1750 3569 1945 3629 voluit
1980 3567 2242 3646 simplici
2273 3586 2387 3629 seu
2428 3568 2842 3632 antecedente
2874 3569 3196 3632 voluntate
3225 3573 3319 3634 eis

1752 3663 1905 3724 dare
1951 3661 2248 3742 gloriam,
2281 3664 2592 3742 quantum
2619 3663 2686 3724 in
2715 3663 2850 3742 ipso
2881 3669 3078 3737 esset,
3106 3681 3318 3743 neque

1754 3757 1875 3817 alio
1916 3754 2107 3817 modo
2154 3761 2301 3818 sunt
2339 3773 2560 3818 omnes
2587 3756 2874 3818 homines
2920 3753 3186 3819 ordinati
3235 3757 3319 3820 ad

1752 3851 2054 3929 gloriam,
2087 3868 2280 3928 quam
2311 3867 2426 3930 per
2469 3849 2833 3930 hujusmodi
2873 3855 3082 3925 actus3
3110 3852 3224 3912 sed
3254 3851 3320 3914 10

1755 3962 1830 4006 00
1861 3945 2039 4024 signo
2080 3943 2364 4006 nondum
2397 3947 2576 4004 erant
2603 3943 2863 4022 praevisa
2892 3945 3116 4005 merita
3144 3945 3320 4008 Chri-

1752 4037 1851 4110 sti,
1880 4055 1998 4098 1100
2031 4037 2308 4098 Christus
2333 4035 2468 4115 ipse
2497 4035 2868 4116 intelligitur
2890 4034 3212 4098 ordinatus
3237 4035 3322 4100 ad

1750 4129 2124 4192 merendum
2179 4128 2582 4208 hominibus3
2633 4129 2760 4190 imo
2816 4129 2950 4193 haec
3007 4130 3320 4193 ordinatio

1750 4241 1878 4283 non
1932 4222 2298 4302 intelligitur
2348 4221 2629 4302 profecta
2690 4239 2766 4284 ex
2825 4221 2948 4283 alia
2995 4221 3318 4286 voluntate

1754 4318 2039 4380 salvandi
2083 4315 2395 4390 homines,
2428 4316 2548 4376 nisi
2597 4333 2676 4377 ex
2717 4315 2820 4376 illa
2852 4333 2990 4396 quae
3025 4323 3322 4398 respectu

1751 4413 1979 4474 horum
2012 4416 2108 4472 est
2136 4411 2356 4472 electio
2387 4409 2629 4486 efficax,
2661 4418 2953 4490 respectu
2979 4429 3128 4472 vero
3160 4411 3314 4476 alio-

1752 4523 1894 4566 rum
1918 4505 2181 4584 simplex
2207 4503 2495 4576 affectus;
2519 4520 2692 4583 ergo,
2719 4504 2769 4564 si
2801 4509 3057 4584 propter
3081 4503 3313 4566 dictam

1752 4615 2008 4660 causam
2039 4597 2312 4660 Christus
2339 4614 2468 4657 non
2498 4597 2727 4658 meruit
2756 4595 3121 4676 generalem
3149 4597 3316 4660 ordi-

1751 4694 2072 4753 nationem
2119 4690 2446 4752 hominum
2495 4687 2577 4751 ad
2629 4690 2920 4768 gloriam,
2961 4708 3080 4753 nee
3127 4691 3316 4754 etiam

1752 4785 2126 4846 electionem
2163 4782 2749 4863 praedestinatorum
2785 4783 3014 4846 mereri
3047 4784 3272 4863 potuit.

1835 4881 1933 4941 13.
1971 4879 2231 4958 Propter
2270 4879 2386 4938 has
2428 4893 2577 4958 ergo
2623 4875 3020 4938 difficultates
3069 4875 3318 4940 videtur

1752 4979 1945 5045 certe,
1995 4989 2124 5034 non
2180 4977 2470 5052 oportere
2515 4971 2582 5030 in
2631 4969 2919 5048 praesenti
2969 4969 3314 5048 quaestione

1753 5066 2136 5146 distinguere
2167 5063 2514 5126 secundum
2537 5064 2842 5124 rationem
2871 5062 2938 5123 in
2970 5059 3180 5124 divina
3207 5083 3316 5125 vo-

1751 5160 1994 5222 luntate
2027 5161 2144 5220 hos
2172 5164 2348 5220 actus
2380 5155 2712 5236 generales
2739 5174 2776 5215 a
2807 5153 3313 5234 particularibuS,

1755 5255 1901 5334 quia
1949 5251 2035 5314 illi
2079 5257 2279 5327 001110,
2327 5256 2514 5331 prout
2559 5267 2597 5308 0
2651 5248 2834 5310 nobis
2883 5249 3320 5310 universaliter

1756 5346 2190 5427 concipiuntur
2239 5351 2302 5406 et
2349 5339 2802 5421 significantur,
2838 5357 2967 5402 non
3013 5345 3159 5401 sunt
3197 5339 3322 5404 for-

1757 5440 2004 5504 maliter
2033 5439 2096 5500 in
2126 5439 2282 5514 Deo,
2315 5437 2428 5499 sed
2469 5435 2837 5511 virtualiter,
2865 5438 3050 5516 prout
3078 5431 3139 5493 in
3170 5431 3319 5512 ipsis

1756 5533 2236 5615 particularibus
2265 5530 2690 5604 includuntur,
2715 5528 2817 5590 vel
2845 5529 2910 5588 in
2933 5523 3155 5590 mediis
3185 5525 3320 5588 nni-
