3892 6167
533 347 612 406 48

533 467 716 531 posse
747 454 964 511 exacte
985 447 1304 528 cognosci,
1323 449 1442 510 nisi
1473 448 1578 510 illo
1590 455 1732 510 actu
1753 465 1878 529 quo
1907 447 2095 509 simul

532 543 818 604 videatur
879 543 1066 603 Deus.
1099 541 1535 620 Respondetur
1571 559 1929 604 sermonem
1957 561 2095 605 esse

535 655 748 717 posse,
777 636 878 698 vel
924 636 1005 698 de
1043 634 1387 696 visionibus
1434 635 1700 697 aliorum
1739 637 2091 711 beatorum,

533 731 634 792 vel
663 730 744 791 de
785 729 1038 810 propria
1067 729 1306 790 visione
1347 729 1545 808 ipsius
1581 731 1806 792 animae
1841 730 2088 792 Christi.

533 823 740 886 Primo
765 840 942 904 erge,
972 822 1182 902 quoad
1225 823 1498 885 visiones
1547 824 1838 900 aliorum,
1871 825 2093 903 proba-

533 916 660 979 bile
698 917 850 978 mihi
876 916 1124 978 videt'ur
1163 915 1438 1009 potuisse
1481 917 1546 978 in
1575 919 1830 998 proprio
1858 936 2091 998 genere

535 1010 830 1091 cognosci
881 1027 998 1090 per
1044 1008 1209 1072 hanc
1265 1009 1590 1073 scientIam
1637 1029 1753 1091 per
1801 1013 2091 1092 proprias

534 1105 796 1185 species,
823 1107 1012 1182 atque
1052 1103 1210 1164 adeo
1260 1120 1376 1182 per
1428 1106 1746 1185 propriam
1768 1106 2095 1185 ,cognitio-

533 1215 704 1274 nem,
733 1197 1088 1259 distinctam
1118 1213 1154 1257 a
1202 1195 1440 1258 visione
1495 1197 1692 1276 ipsius
1745 1199 1879 1260 Dei.
1936 1199 2095 1260 Cum

533 1291 702 1354 enim
729 1291 837 1352 illa
868 1290 1021 1352 visio
1045 1290 1124 1350 sit
1163 1289 1430 1368 qualitas
1455 1297 1664 1352 creata
1679 1335 1699 1366 ,
1729 1291 2018 1354 distincta
2059 1309 2097 1353 a

533 1387 685 1460 Dee,
727 1384 878 1446 etin
905 1401 970 1445 se
997 1383 1198 1456 finita,
1239 1383 1392 1444 nihil
1421 1391 1734 1465 repugnat
1757 1387 1822 1447 in
1867 1403 1934 1447 se
1962 1386 2096 1466 ipsa

529 1477 726 1540 videri
779 1485 844 1539 et
881 1478 1174 1557 cognosci
1205 1494 1319 1556 per
1361 1479 1681 1558 propriam
1725 1479 2003 1558 speciem
2035 1483 2097 1540 et

531 1571 995 1652 cognitionem,
1039 1571 1394 1634 distinctam
1441 1589 1480 1633 a
1530 1574 1886 1652 cognitione
1933 1573 2091 1649 Dei,

533 1666 702 1745 quia,
735 1666 876 1728 licet
903 1666 1008 1726 illa
1035 1666 1190 1727 visio
1221 1665 1452 1728 babeat
1481 1667 1816 1747 quamdam
1847 1665 2097 1729 habitu-

535 1758 741 1820 dinem
789 1758 1398 1820 transcendenlalem
1436 1758 1515 1820 ad
1544 1761 1767 1832 Deum,
1797 1777 1926 1821 non
1958 1777 2099 1839 pro-

531 1858 749 1932 pterea
794 1870 1051 1914 necesse
1081 1858 1178 1912 est
1209 1851 1406 1912 videri
1443 1852 1610 1914 clare
1645 1852 1845 1913 Deum
1887 1851 1967 1914 ad
2008 1852 2101 1912 vi-

535 1945 804 2008 dendam
829 1947 992 2008 hanc
1015 1946 1324 2008 visionem
1353 1952 1416 2008 et.
1447 1946 1883 2008 habitudinem
1913 1947 2050 2027 ejus
2075 1969 2094 2022 3

535 2041 684 2102 satis
709 2040 878 2102 enim
908 2042 1024 2102 erit
1061 2041 1241 2119 quasi
1273 2041 1650 2102 abstractive
1701 2042 1993 2122 cognosci
2029 2041 2095 2102 in

531 2133 661 2209 illa,
690 2139 750 2195 et
776 2152 891 2213 per
921 2135 1112 2211 illam,
1147 2136 1342 2196 Deum
1369 2135 1598 2214 ipsum,
1635 2153 1776 2196 cum
1811 2137 1977 2196 Deus
1998 2153 2100 2197 so·-

533 2226 664 2287 lum
683 2226 764 2288 sit
781 2227 1085 2288 terminus
1111 2228 1290 2306 quasi
1315 2229 1712 2290 extrinsecus
1733 2230 1906 2290 illius
1926 2228 2103 2291 habi·

535 2318 792 2381 tudinis,

619 2417 680 2475 5.
729 2411 1582 2496 objectio.-Responsio.-
1609 2417 1829 2480 Dices:
1867 2417 1975 2478 illa
2011 2417 2104 2478 vi-

537 2507 628 2568 sio
661 2511 758 2568 est
788 2506 1126 2569 similitudo
1159 2509 1288 2582 Dei,
1317 2517 1382 2571 et
1423 2517 1829 2590 repraesentat
1873 2508 2049 2570 illum
2077 2525 2093 2582 ;

535 2617 714 2678 ergo,
745 2601 880 2661 visa
911 2601 1038 2676 illa,
1073 2603 1498 2663 necessarium
1533 2608 1625 2664 est
1652 2604 1715 2664 in
1747 2603 1853 2663 illa
1900 2602 2098 2663 videri

533 2691 754 2755 Deum.
776 2694 1211 2772 Respondetur
1235 2696 1528 2774 negando
1557 2696 2095 2775 consequentiam,

537 2786 688 2866 quia
717 2785 825 2846 illa
871 2787 1026 2847 visio
1055 2805 1185 2848 non
1230 2795 1326 2849 est
1373 2788 1712 2850 similitudo
1753 2789 2095 2870 objectiva,

535 2879 648 2940 sed
687 2879 891 2940 solum
943 2885 1038 2941 est
1067 2881 1228 2941 ratio
1271 2881 1719 2961 cognoscendi,
1751 2882 2099 2944 informans

533 2972 964 3049 intellectum3
995 2973 1188 3047 uude,
1219 2974 1366 3035 licet
1408 2975 1715 3052 objective
1757 2991 2097 3052 cognosca-

535 3070 659 3138 tur,
689 3065 744 3126 si
783 3072 994 3127 tamen
1028 3066 1162 3145 ipsa
1191 3085 1322 3129 non
1348 3067 1644 3129 informat
1683 3067 2093 3146 intellectum,

533 3177 658 3220 non
685 3160 1004 3222 constituit
1035 3161 1386 3234 videntem;
1421 3161 1588 3223 unde
1615 3179 1744 3224 non
1771 3167 1866 3224 est
1885 3181 2100 3225 neces-

534 3269 602 3313 se
621 3253 834 3314 videre
867 3253 1086 3327 Deum,
1119 3260 1304 3333 prout
1342 3255 1404 3315 in
1433 3272 1500 3316 se
1529 3259 1625 3315 est
1652 3273 1667 3328 ;
1699 3255 1860 3316 sicut
1890 3262 2100 3334 potest

535 3344 702 3406 clare
747 3345 948 3407 videri
971 3347 1182 3424 aliqua
1221 3347 1465 3426 species
1508 3347 1939 3428 intelligibilis,
1970 3368 2099 3410 non

535 3437 702 3498 clare
729 3437 861 3498 visa
897 3455 964 3500 re
992 3457 1185 3518 quam
1211 3446 1658 3520 repraesentat3
1685 3442 1782 3503 vel
1808 3443 1970 3503 sicut
2000 3460 2098 3504 ac-

534 3535 635 3590 tus
659 3530 1300 3611 charitatiS,quamvis
1311 3533 1528 3594 tendat
1545 3535 1604 3594 in
1625 3535 1842 3610 Deum,
1857 3541 1926 3597 ut
1947 3536 2012 3596 in
2030 3553 2097 3597 se

533 3630 651 3698 est,
682 3624 876 3686 videri
911 3632 1126 3686 tamen
1161 3631 1389 3704 potest,
1421 3645 1551 3688 non
1579 3629 1710 3689 viso
1737 3630 1862 3690 Deo
1886 3650 1903 3706 3
1925 3629 2097 3692 idem

534 3717 758 3796 majori
775 3716 1018 3778 ratione
1045 3716 1379 3779 dicendum
1409 3725 1504 3781 est
1519 3719 1598 3781 de
1619 3721 1862 3797 babitu,
1890 3722 1989 3782 vel
2016 3723 2095 3783 de

534 3809 672 3889 ipso
697 3808 933 3872 lumine
960 3809 1194 3890 gloriae,
1225 3812 1394 3889 quod
1419 3831 1546 3874 non
1571 3819 1700 3874 tam
1730 3816 2011 3894 proxime
2034 3823 2097 3876 et

537 3903 860 3965 actualiter
883 3903 1132 3983 respicit
1161 3905 1386 3978 Deum,
1421 3906 1581 3968 sicut
1611 3907 1744 3986 ipsa
1771 3907 1954 3968 visio.

597 3998 658 4057 6.
675 3995 987 4071 Secunde,
1003 3996 1214 4074 quoad
1227 3998 1544 4078 propriam
1555 3999 1859 4061 visionem
1873 4000 2099 4078 ipsius·-

535 4093 663 4148 met
704 4089 928 4149 animae
955 4088 1202 4165 Christi,
1235 4091 1570 4153 dicendum
1611 4102 1706 4152 est
1741 4110 1870 4153 non
1911 4093 2097 4155 fuisse

537 4182 959 4242 necessarium
982 4181 1174 4242 alium
1202 4189 1434 4258 actum,
1455 4183 1566 4245 sed
1595 4203 1710 4264 per
1736 4187 2096 4264 ipsummet,

534 4272 710 4333 illum
735 4272 902 4334 clare
931 4291 1312 4353 cognoscere
1333 4282 1398 4338 et
1419 4277 1672 4351 intueri,
1703 4279 1850 4356 quia
1875 4279 1979 4339 ille
2001 4298 2105 4340 ac·-

543 4373 644 4428 tus
667 4372 762 4428 est
789 4366 1298 4445 perfectissimus,
1331 4374 1394 4428 et
1423 4369 1696 4430 maxime
1729 4371 2105 4434 immateria-

534 4459 632 4533 lis,
663 4467 726 4521 et
753 4460 819 4520 in
851 4460 1138 4538 seipsum
1158 4461 1494 4523 reflectitur
1520 4484 1539 4536 3
1571 4462 1731 4524 sicut
1756 4465 1945 4526 etiam
1974 4484 2103 4527 non

535 4554 782 4616 videtur
813 4553 921 4615 ille
947 4559 1124 4615 actus
1147 4573 1260 4633 per
1283 4556 1558 4634 speciem
1584 4557 2045 4638 intelligibilem
2063 4577 2101 4621 a

535 4667 604 4710 se
653 4648 1032 4720 distinctam,
1065 4648 1179 4709 sed
1213 4665 1280 4709 se
1309 4649 1471 4728 ipso.
1500 4651 1838 4712 Possumus
1885 4659 2101 4714 tamen

533 4741 918 4822 distinguere
965 4741 1145 4802 illum
1199 4748 1408 4804 actum
1431 4789 1446 4816 ,
1496 4744 1596 4806 vel
1649 4749 1961 4824 quatenus
2004 4748 2099 4808 di-

533 4842 701 4897 recte
746 4835 1112 4896 terminatur
1155 4835 1237 4896 ad
1282 4837 1582 4912 Verbum,
1632 4839 1740 4900 vel·
1782 4847 2095 4918 quatenus

534 4929 1228 5008 quasiconcomitanter
1269 4935 1364 4990 est
1385 4929 1540 4990 visio
1555 4935 1652 4992 sui
1681 4931 1914 5009 ipsius;
1947 4953 2096 4995 nam

534 5022 792 5084 subhac
815 5020 1093 5082 secunda
1121 5022 1366 5084 ratione
1399 5030 1496 5085 est
1525 5024 1798 5103 cognitio
1827 5028 1946 5103 sui,
1968 5046 2097 5088 non

533 5114 599 5175 in
630 5115 859 5190 Verbo,
889 5113 1006 5175 sed
1051 5113 1117 5173 in
1149 5131 1218 5175 se
1239 5115 1418 5193 ipso;
1443 5120 1508 5177 et
1547 5117 1666 5177 sub
1705 5116 1827 5178 hac
1851 5121 2097 5182 ratione

531 5208 656 5268 dici
672 5214 876 5287 potest
901 5207 1178 5284 quodam
1210 5207 1398 5268 modo
1435 5209 1589 5270 visio
1613 5211 1708 5271 sui
1748 5213 1810 5273 in
1841 5215 2097 5294 proprio

533 5321 787 5384 genere.
824 5303 1002 5364 Unde
1025 5309 1120 5366 est
1163 5303 1351 5364 etiam
1379 5305 1728 5384 probabile,
1771 5325 1888 5388 per
1929 5309 2097 5371 illam

529 5398 832 5458 visionem
887 5415 1070 5476 posse
1121 5397 1204 5458 ad
1247 5397 1541 5460 eumdem
1591 5400 1848 5463 modum
1899 5402 2101 5465 videri

532 5491 806 5552 visiones
845 5491 1106 5551 aliorum
1147 5491 1524 5565 beatornm3
1568 5495 1712 5570 quia
1755 5501 1818 5558 et
1863 5495 2099 5558 habent

1799 348 2031 413 QUAEST.
2068 347 2151 398 xl.
2188 347 2387 400 An‘rlc.
2424 347 2464 400 l.

2174 445 2341 508 inter
2366 463 2435 508 se
2460 464 2759 527 magnam
2788 449 3288 524 similitudinem,
3316 455 3381 511 et
3422 449 3533 511 illa
3568 449 3753 525 visio,

2177 556 2321 599 cum
2364 541 2445 602 sit
2468 541 2707 604 altioris
2731 543 2990 620 ordinis,
3026 543 3275 606 videtur
3316 543 3557 605 habere
3600 544 3756 619 vim,

2178 637 2245 694 ut
2273 651 2388 712 per
2440 634 2607 695 idem
2656 636 3032 716 principium
3082 642 3423 716 cognoscat
3454 644 3518 699 et
3546 655 3623 699 se
3668 638 3760 718 ip-

2178 744 2338 802 sam,
2364 735 2426 789 et
2444 730 2753 791 rationem
2777 748 2958 792 suam
2990 731 3374 810 specificam,
3408 737 3474 793 et
3501 731 3759 811 reliqua

2174 819 2495 882 individua
2524 823 2643 884 sub
2694 823 2801 886 illa
2852 828 3172 887 contenta.
3210 824 3611 886 Probabilior
3666 830 3763 886 ta·

2174 929 2322 973 men
2348 913 2591 978 videtur
2608 916 2780 995 prior
2800 915 3049 994 modus,
3070 924 3133 980 et
3158 917 3243 980 ad
3264 917 3761 998 intelligendum

2172 1003 2435 1068 facilior.

2257 1103 2323 1159 ’1.
2366 1099 2751 1164 Dubium.-—
2768 1102 3117 1184 Responsio.
3147 1137 3226 1150 --
3252 1103 3465 1165 Tertio
3494 1103 3761 1167 tandem

2176 1197 2419 1272 quaeret
2446 1192 2673 1272 aliquis
2701 1193 2781 1258 de
2812 1197 3117 1275 mysterio
3160 1197 3645 1271 incarnationiS,
3668 1215 3760 1258 nn

2178 1283 2360 1347 cadat
2406 1285 2598 1347 etiam
2626 1285 2745 1348 sub
2773 1289 3089 1369 objectum
3118 1289 3308 1369 hujus
3354 1290 3670 1366 scientim,
3702 1295 3763 1350 ct

2178 1377 2374 1457 possit
2396 1396 2510 1457 per
2534 1378 2705 1441 illam
2728 1382 3046 1461 cognosci.
3070 1384 3145 1444 Et
3164 1383 3445 1462 quidem,
3460 1382 3513 1444 si
3536 1383 3760 1462 loqua—

2176 1488 2319 1532 mur
2344 1471 2423 1532 de
2456 1475 2782 1552 mysterio,
2810 1482 2881 1535 ut
2908 1475 3171 1538 includit
3193 1483 3395 1539 totum
3424 1478 3757 1556 integrum

2150 1567 2518 1628 'terminum
2574 1585 2783 1646 suum,
2812 1570 2901 1630 sic
2939 1575 3181 1632 certum
3234 1578 3331 1634 est
3374 1589 3511 1634 non
3568 1590 3759 1652 posse

2178 1658 2343 1720 clare
2372 1659 2571 1721 videri
2595 1668 2705 1723 aut
2734 1663 2875 1723 sciri
2911 1681 3023 1743 per
3038 1664 3202 1725 hanc
3224 1665 3581 1736 scientiam,
3606 1681 3757 1724 nam

2179 1741 2671 1834 includit'ipsam
2702 1773 3035 1835 personam
3058 1757 3273 1829 Verbi,
3308 1777 3447 1838 quai
3476 1776 3615 1818 non
3640 1758 3758 1818 nisi

2180 1864 2294 1925 per
2316 1845 2622 1908 visionem
2646 1847 2895 1909 beatam
2926 1849 3126 1912 videri
3150 1857 3376 1930 potest.
3410 1851 3761 1912 Difficultas

2180 1958 2333 2024 ergo
2356 1941 2559 2001 solum
2592 1947 2801 2022 potest
2824 1961 2964 2004 esse
2992 1944 3075 2008 de
3106 1944 3295 2006 modo
3331 1945 3614 2020 unioniS,
3654 1944 3757 2022 qui

2180 2041 2276 2097 est
2310 2035 2372 2096 in
2404 2036 2821 2112 humanitate,
2856 2055 2939 2097 an
2968 2038 3167 2118 possit
3194 2057 3309 2119 per
3348 2038 3518 2099 banc
3552 2038 3761 2099 scien-

2180 2128 2331 2189 tiam
2344 2129 2511 2190 clare
2526 2128 2746 2203 videri3
2778 2129 3025 2191 videtur
3038 2131 3204 2192 enim
3233 2131 3359 2192 non
3381 2149 3597 2211 posse,
3624 2137 3759 2192 tum

2181 2222 2330 2304 quia
2357 2227 2453 2284 est
2486 2223 2668 2300 quasi
2696 2224 2959 2285 actualis
2980 2225 3398 2301 inexistentia,
3434 2232 3499 2286 et
3535 2225 3760 2286 adhae-

2184 2319 2277 2378 sio
2319 2316 2727 2378 humanitatis
2755 2317 2839 2378 ad
2860 2317 3133 2378 Verbum
3163 2336 3325 2394 ;non
3356 2335 3509 2398 ergo
3544 2318 3755 2379 videri

2182 2416 2391 2490 potest
2416 2409 2534 2470 nisi
2578 2409 2643 2470 in
2674 2409 2881 2471 Verbo
2894 2426 2915 2488 3
2954 2417 3086 2472 tum
3131 2413 3323 2474 etiam
3342 2413 3489 2489 quia
3528 2419 3633 2472 est
3664 2431 3763 2472 su·

2181 2503 2444 2582 perieris
2458 2501 2693 2566 ordinis
2704 2521 2895 2582 quam
2922 2503 3123 2584 gratia
3147 2505 3247 2565 vel
3258 2521 3480 2566 omnes
3493 2521 3603 2565 res
3621 2505 3761 2566 aliae

2182 2596 2713 2676 supernaturales.
2736 2597 3151 2657 Nihilominus
3174 2596 3564 2677 probabilius
3580 2597 3763 2659 vide·

2180 2696 2303 2765 tur,
2328 2691 2518 2752 etiam
2542 2691 2707 2751 hunc
2731 2691 2988 2751 modum
3011 2691 3323 2752 contineri
3344 2689 3469 2752 ‘sub
3497 2689 3758 2770 objecto

2180 2781 2263 2842 hu
2262 2783 2368 2862 jus
2390 2782 2667 2844 scientiae
2678 2784 2861 2864 ,squia
2876 2783 3249 2862 simpliciter
3264 2790 3360 2845 est
3390 2801 3495 2845 res
3508 2789 3757 2860 creata3

2180 2881 2243 2937 et
2284 2875 2429 2938 ideo
2452 2894 2583 2938 non
2612 2881 2923 2954 repugnat
2952 2877 3246 2957 cognosci
3276 2895 3390 2957 per
3416 2877 3761 2938 scientiam

2178 2968 2243 3029 in
2273 2969 2524 3049 proprio
2551 2987 2807 3049 genere.
2832 2969 3093 3046 Deinde,
3124 2971 3271 3050 quia
3298 2971 3457 3032 sicut
3486 2969 3591 3032 hic
3622 2989 3761 3032 mo-

2178 3061 2300 3122 dus
2354 3066 2449 3123 est
2490 3063 2751 3124 actualis
2806 3064 3165 3143 conjunctio
3214 3081 3359 3125 cum
3400 3064 3633 3137 verbe,
3672 3066 3761 3126 ita

2179 3155 2339 3216 visio
2368 3161 2461 3216 est
2484 3156 2747 3217 actualis
2762 3157 3119 3236 conjunctio
3136 3157 3201 3217 in
3222 3175 3335 3218 suo
3356 3156 3581 3218 ordine
3606 3177 3761 3218 cum

2180 3248 2343 3322 Deo;
2373 3255 2435 3310 et
2465 3256 2755 3329 respectu
2782 3250 3106 3329 utriusque
3136 3249 3407 3312 Verbum
3436 3267 3555 3312 seu
3587 3253 3763 3312 Deus

2180 3359 2249 3402 se
2290 3341 2483 3403 habet
2519 3348 2591 3404 ut
2642 3343 2949 3404 terminus
2993 3343 3321 3422 cujusdam
3360 3341 3762 3403 habitudinis

2179 3435 2769 3510 transcendentalis;
2826 3455 2977 3518 ergo
3026 3443 3123 3499 est
3170 3437 3392 3499 eadem
3442 3437 3604 3498 ratio
3674 3437 3761 3498 de
3861 3431 3862 3442 ’

2180 3537 2469 3611 utroque.
2512 3532 2794 3613 Denique
2836 3547 2965 3591 non
3002 3531 3249 3593 videtur
3284 3549 3649 3610 repugnare
3690 3537 3763 3590 nt
3861 3581 3862 3586 ,

2178 3624 2470 3686 videatur
2504 3625 2670 3685 clare
2692 3623 2949 3704 aliquod
2978 3625 3290 3699 accidenS‚
3314 3631 3379 3686 et
3400 3624 3631 3686 modus
3662 3625 3763 3685 in·

2179 3719 2496 3782 haerentiae
2525 3721 2687 3798 ejuS,
2713 3737 2844 3780 non
2887 3719 3163 3780 videndo
3192 3719 3357 3781 clare
3388 3717 3761 3798 subiectum
3861 3729 3862 3814 ὲ

2180 3813 2278 3874 cui
2300 3813 2561 3874 inhaeret
2582 3829 2602 3889 3
2636 3813 2725 3874 sic
2744 3831 2897 3893 ergo
2918 3831 3059 3874 esse
3077 3818 3283 3893 potest
3300 3815 3365 3874 in
3394 3813 3754 3893 preposite.
3861 3843 3862 3854 κ

2178 3907 2411 3968 Verum
2447 3913 2542 3967 est
2569 3913 2777 3968 tamen
2806 3907 2941 3968 haee
2976 3907 3210 3982 omnia,
3241 3925 3379 3986 quae
3404 3905 3627 3967 dicunt
3653 3905 3761 3966 in·

2178 4001 2514 4061 trinsecam
2538 3999 2971 4061 habitudinem
3003 3999 3086 4061 ad
3114 4001 3339 4074 Deum,
3369 4005 3555 4080 prout
3580 3999 3651 4060 iu
3680 4016 3763 4060 se

2182 4101 2297 4168 est,
2328 4095 2557 4156 nonita
2584 4102 2799 4157 exacte
2821 4101 2882 4157 et
2909 4095 3182 4174 perfecte
3214 4095 3531 4174 cognosci,
3550 4111 3760 4174 quan-

2182 4195 2317 4250 tum
2340 4207 2414 4250 cx
2442 4196 2619 4269 parte
2652 4207 2766 4249 sua
2818 4190 3115 4268 cognosci
3146 4195 3431 4269 possunt,
3467 4195 3644 4248 extra
3658 4189 3759 4248 vi-

2186 4283 2427 4344 sionem
2462 4284 2692 4344 claram
2722 4283 2918 4363 ipsius
2946 4283 3091 4360 Dei3
3123 4283 3273 4362 quia
3313 4281 3617 4343 habitudo
3665 4281 3759 4342 ad

2184 4377 2457 4456 aliquem
2487 4378 2820 4438 terminum
2850 4381 3026 4438 tanto
3055 4375 3393 4457 perfectius
3414 4377 3760 4455 cognosci-

2180 4477 2303 4542 tur,
2334 4471 2569 4533 cseteris
2596 4471 2877 4551 paribus,
2910 4478 3147 4550 quanto
3176 4475 3239 4532 et
3270 4469 3403 4551 ipse
3436 4469 3755 4532 terminus

2182 4564 2519 4643 perfectius
2554 4565 2797 4626 videtur
2828 4583 2843 4638 ;
2880 4571 2942 4626 et
2988 4563 3154 4639 ide0,
3186 4563 3334 4626 licet
3370 4565 3502 4625 haec
3530 4564 3756 4624 omnia

2180 4657 2373 4718 videri
2420 4658 2682 4737 possint,
2730 4665 2792 4719 et
2846 4657 3251 4736 quidditative
3300 4653 3597 4738 cognosci
3630 4675 3759 4736 per

2178 4751 2342 4811 hanc
2392 4750 2736 4827 scientiam,
2768 4769 2897 4812 non
2936 4757 3149 4812 tamen
3202 4751 3751 4832 comprehensive.

2177 4845 2250 4903 Et
2283 4844 2347 4903 in
2388 4843 2504 4903 hoc
2559 4849 2765 4922 potest
2824 4843 3125 4905 constitui
3180 4843 3533 4904 differentia
3578 4843 3757 4905 inter

2180 4939 2348 4998 huuc
2406 4935 2657 4997 modum
2714 4937 2990 5010 unioniS,
3025 4947 3088 5000 et
3126 4939 3384 5000 modum
3436 4938 3751 5000 existendi

2179 5049 2371 5111 quem
2400 5030 2591 5093 babet
2618 5048 2843 5110 corpus
2862 5032 3165 5094 christiin
3184 5029 3572 5092 Eucharistia
3598 5049 3614 5102 ;
3644 5030 3754 5092 hic
3861 5051 3862 5054 ¹

2180 5124 2375 5200 enim,
2407 5141 2549 5185 cum
2590 5121 2667 5184 sit
2710 5123 2890 5202 quasi
2927 5123 3269 5201 absolutus,
3302 5131 3365 5186 et
3416 5139 3543 5184 non
3588 5139 3755 5201 pen·

2182 5218 2358 5290 dens,
2396 5235 2507 5295 per
2532 5236 2601 5278 se
2630 5217 2971 5296 loquendo,
3000 5219 3064 5279 in
3096 5237 3209 5278 suo
3227 5235 3389 5289 esse,
3420 5216 3518 5278 vel
3543 5215 3609 5275 in
3644 5235 3750 5275 co-

2183 5311 2483 5390 gnitione,
2514 5329 2555 5374 a
2586 5310 2801 5372 divina
2833 5328 3105 5391 persona
3141 5318 3442 5391 tanquam
3464 5326 3502 5370 a
3532 5310 3751 5369 termi-

2180 5419 2285 5478 ne,
2316 5411 2525 5484 potest
2547 5421 2663 5483 per
2696 5403 2860 5468 hanc
2888 5405 3235 5480 scientiam,
3264 5421 3391 5466 non
3416 5401 3618 5464 solum
3652 5403 3747 5462 vi-

2179 5496 2309 5560 deri
2340 5504 2523 5577 prout
2550 5499 2614 5560 in
2640 5515 2709 5561 se
2734 5505 2847 5576 est,
2878 5499 2989 5562 sed
3036 5498 3221 5562 etiam
3267 5493 3741 5576 comprehendi.
