3892 6167
1523 360 1711 417 mol-:x
1742 362 1974 421 Renum,

184 455 351 509 Facit
390 458 575 510 lamen
594 454 784 509 omnia
804 454 1323 515 convenientissime
1345 460 1414 513 ad
1438 458 1601 514 linem
1632 460 1713 515 in·

182 538 447 595 tentum,
473 534 596 592 (1.4,
620 546 664 587 s,
690 537 739 585 2.

3241 360 3361 426 693

1856 462 1971 516 Non
2005 472 2154 527 vero,
2198 460 2330 529 quia
2371 462 2510 516 Deus
2549 460 2723 516 voluit
2765 474 2983 517 carnem
3011 462 3210 519 Christi
3240 478 3360 523 esse

1858 537 2193 605 passibilem,
2225 538 2349 592 ideo
2382 545 2664 605 peccatum
2687 540 2950 605 permisit,
2977 540 3030 594 d.
3057 546 3102 604 5,
3125 556 3169 595 S.
3195 546 3241 595 3.

116 612 273 664 Deus
308 621 425 662 cur
458 614 639 662 noster
670 609 981 675 redemptor
1006 623 1122 665 esse
1144 611 1425 677 debuerit,
1464 612 1625 667 etiam
1666 614 1712 667 si
1793 617 1935 669 Deus
1959 628 2059 669 cur
2084 620 2138 668 et
2183 615 2461 679 quomodo
2489 625 2782 682 personam
2811 629 2966 670 suam
3005 622 3212 673 naturae
3252 620 3360 673 hu-

186 698 382 753 purus
410 686 579 739 horno
598 696 663 739 ex
682 684 775 739 Dei
803 687 1176 755 acceptatione
1198 700 1299 741 nos
1326 688 1593 743 redimere
1614 702 1714 757 po-

188 760 425 825 tuisset,
462 776 503 815 s.
528 766 573 815 ³.

120 840 237 892 Deo
274 838 483 892 nullus
512 849 615 905 pro
638 838 923 892 beneficiis
948 840 1182 907 acceptis
1212 842 1547 909 aequivalens
1587 844 1715 897 red-

189 914 334 966 dere
374 920 573 981 potest,
596 915 691 968 sed
720 928 955 983 persona
976 916 1215 973 increata
1246 916 1583 984 Christus,et
1615 932 1717 986 pro

190 989 503 1043 beneflciis
526 991 760 1057 acceptis
780 992 1083 1057 condignas
1102 992 1319 1059 graiiaS,
1342 1000 1395 1047 et
1415 1006 1513 1061 pro
1535 994 1715 1047 homi-

190 1079 341 1117 num
368 1066 601 1120 offensis
630 1068 1116 1123 sanctificationem
1155 1069 1485 1137 condignam
1524 1069 1716 1125 offerre

192 1141 414 1207 potuit,
444 1157 488 1195 S.
514 1146 562 1195 k.

122 1220 277 1271 Deus
322 1224 511 1285 potest
540 1220 826 1286 praemiarc
872 1226 1043 1274 totum
1078 1222 1229 1290 quod
1255 1222 1499 1276 Christus
1541 1223 1719 1291 potuit

190 1296 441 1361 mereri,
464 1296 541 1348 ib.

124 1370 275 1423 Deus
296 1372 375 1425 de
402 1372 647 1440 potentia
665 1373 910 1427 absoluta
931 1374 1107 1440 potuit
1128 1385 1238 1428 non
1264 1380 1541 1443 acceptare
1558 1376 1720 1429 satis-

196 1439 756 1513 factionem’christi,
777 1464 821 1502 s.
848 1456 897 1503 5.

134 1525 279 1577 neus
312 1523 504 1590 posita
534 1525 899 1591 promissione
920 1530 974 1579 et
1004 1526 1385 1593 pacto.debuit
1412 1540 1474 1579 ex
1495 1526 1718 1593 justitiae

198 1600 557 1665 obligatione
575 1606 853 1667 acceptare
878 1602 1075 1655 Christi
1109 1603 1558 1665 satisfactionem,
1580 1604 1655 1658 ih.

128 1678 279 1729 Deus
312 1676 603 1743 obligatur
634 1690 699 1729 ex
723 1677 931 1745 justitia
969 1678 1039 1731 ad
1074 1677 1396 1732 solvendum
1426 1681 1716 1746 praemium

194 1753 433 1806 meritis
447 1754 736 1819 justorum,
756 1754 829 1807 ib.

194 1829 505 1891 Quomodo
537 1831 707 1897 possit
730 1842 848 1884 esse
881 1828 1099 1885 debitor
1126 1844 1192 1883 ex
1225 1831 1607 1898 promissione,
1640 1832 1715 1885 ib.

129 1905 281 1957 Deus
304 1906 541 1972 proprie
564 1912 618 1961 et
639 1920 763 1960 vere
782 1912 995 1960 exercet
1011 1912 1191 1959 actum
1211 1907 1433 1972 judicii,
1454 1920 1577 1961 cum
1616 1908 1717 1963 bo-

200 1981 299 2035 nis
324 1981 627 2049 praemium
648 1980 843 2037 tribuit
864 1995 963 2050 pro
990 1984 1219 2046 meritiS,
1246 1983 1319 2036 ib.

131 2064 286 2114 Deus
316 2059 491 2113 solvit
516 2059 696 2113 debita
717 2072 784 2112 ex
805 2060 1015 2125 justitia
1039 2060 1402 2124 distributiva,
1435 2060 1510 2113 ib.

134 2140 287 2190 Deus
313 2140 383 2190 ut
408 2136 549 2189 Deus
576 2148 688 2189 non
711 2143 792 2190 ast
814 2136 1147 2203 principium
1174 2136 1377 2191 valoris
1396 2137 1721 2191 satisfactio-

204 2214 305 2266 nis
339 2212 540 2267 Christi
562 2254 575 2278 ,
616 2214 713 2267 sed
739 2216 879 2267 Deus
906 2218 1172 2280 quatenus
1208 2212 1445 2268 alienam
1474 2220 1721 2267 naturam

202 2290 539 2349 substentat.
571 2304 616 2343 s.
644 2295 691 2343 6.

136 2370 285 2419 Deos
320 2365 512 2431 plures
536 2364 837 2431 intelligere
864 2378 973 2432 qua
1005 2366 1239 2419 maxime
1266 2365 1476 2419 ratione
1499 2366 1571 2419 sit
1610 2365 1717 2417 im-

208 2440 499 2509 possibile,
534 2440 608 2494 ib.

138 2522 288 2573 Deus
308 2523 493 2585 posset
519 2518 589 2571 de
622 2516 862 2584 potentia
886 2518 1131 2571 absoluta
1158 2518 1479 2571 consertare
1502 2516 1718 2572 habitus

205 2594 469 2663 physicos
494 2594 681 2660 gratiae
703 2598 756 2647 et
794 2594 1070 2647 charitatis
1107 2594 1164 2647 in
1203 2595 1424 2649 homine
1459 2600 1717 2661 peccante

206 2670 537 2734 mortaliter,
568 2683 613 2723 s.
640 2674 669 2721 8
870 2666 873 2669 ’
1226 2732 1239 2749 ·

207 2748 330 2800 imo
359 2752 412 2800 et
441 2745 709 2814 peccatori
750 2746 931 2799 denuo
961 2744 1255 2800 infundere
1286 2743 1575 2813 praedictos
1616 2746 1717 2799 ha-

210 2822 382 2881 bitus,
404 2816 466 2876 ἐ.
501 2826 551 2875 a.

146 2899 327 2951 Deum
346 2910 459 2951 non
493 2898 761 2964 denegare
780 2897 1009 2964 gratiam
1037 2897 1259 2951 facienti
1288 2898 1438 2965 quod
1458 2897 1516 2950 in
1542 2910 1599 2950 se
1620 2903 1721 2963 est,

216 2974 497 3041 quomodo
518 2974 590 3027 sit
622 2971 1058 3039 intelligendum,
1088 2972 1164 3029 ib.

152 3050 289 3112 Quae
322 3064 389 3102 ex
418 3050 509 3105 Dei
538 3050 813 3105 voluntate
838 3048 1169 3118 proveniunt
1186 3063 1350 3117 super
1373 3062 1535 3104 omne
1560 3049 1719 3104 debi-

226 3124 405 3178 bitum
456 3129 705 3181 creaturae
728 3170 742 3194 ,
787 3127 903 3181 sola
957 3126 1286 3180 revelatione
1330 3126 1715 3193 innotescunt,

230 3214 275 3253 s.
310 3206 389 3253 12.

160 3278 306 3331 Deus
326 3289 396 3329 an
427 3277 575 3345 prius
594 3278 832 3333 voluerit
848 3292 935 3333 res
948 3290 1064 3333 esse
1080 3279 1139 3331 in
1162 3290 1279 3332 esse
1303 3283 1528 3342 naturae,
1552 3291 1716 3344 quam

228 3354 285 3405 in
318 3366 434 3407 esse
454 3355 639 3419 gratiae
661 3360 715 3407 et
739 3354 946 3421 gloriae,
979 3355 1033 3407 d.
1059 3360 1247 3419 5,S.1.

154 3432 301 3483 Deus
330 3442 471 3497 saepe
491 3431 707 3484 ordinat
731 3443 817 3483 res
851 3430 907 3482 in
927 3430 1258 3485 extrinsecos
1282 3428 1438 3495 ssneS,
1468 3428 1541 3482 ib.

226 3506 479 3572 Nihilque
504 3506 563 3558 in
583 3505 663 3559 eis
680 3506 987 3559 necessario
1020 3504 1303 3575 imprimit,
1340 3506 1415 3558 ib.

152 3582 297 3635 Deus
329 3581 716 3635 denominatur
736 3582 1000 3635 ordinans
1020 3586 1113 3637 aut
1130 3582 1323 3636 volens
1340 3579 1553 3647 aliquid
1574 3585 1719 3632 extra

218 3670 297 3722 se,
333 3670 445 3712 non
478 3657 551 3711 ob
582 3658 941 3711 extrinsecam
975 3658 1331 3711 mutationem
1364 3670 1487 3723 quae
1519 3655 1577 3708 in
1618 3655 1720 3707 ob-

212 3734 359 3799 jecto
386 3734 497 3799 ilat,
534 3732 633 3787 sed
672 3734 743 3787 ab
776 3734 1077 3789 intrinseca
1103 3733 1329 3787 notione
1357 3745 1481 3800 quae
1523 3730 1581 3783 in
1610 3732 1721 3786 Deo

218 3816 303 3862 est
334 3809 409 3862 ib.

216 3886 502 3949 Quomodo
524 3888 641 3941 haec
671 3884 1046 3942 denominatio
1077 3884 1306 3951 intelligi
1330 3884 1501 3952 possit
1528 3881 1586 3937 in
1609 3882 1720 3937 Deo

215 3961 428 4027 absque
460 3963 593 4015 reali
631 3962 913 4017 additione
948 3961 1262 4027 intrinseca,
1307 3972 1480 4014 unum
1528 3965 1610 4012 est
1654 3971 1719 4011 ex

218 4036 429 4091 divinis
455 4038 743 4105 mysteriis,
774 4039 922 4105 quod
947 4039 1189 4092 humana
1214 4038 1425 4092 ratione
1453 4034 1716 4089 declarari

222 4114 435 4181 nequit,
461 4115 536 4168 ib.

148 4190 299 4243 Deus
326 4191 519 4244 eodem
542 4196 666 4244 actu
684 4188 987 4244 secundum
1022 4200 1137 4242 rem
1165 4188 1284 4241 vult
1315 4186 1481 4240 finem
1500 4192 1559 4240 ut
1592 4199 1719 4239 exe-

221 4267 503 4331 quendum
526 4280 622 4335 per
646 4266 739 4320 illa
772 4265 1133 4320 determinata
1154 4262 1354 4329 media,
1384 4274 1482 4331 per
1499 4274 1621 4329 quae
1660 4262 1717 4316 in

223 4352 283 4394 re
303 4342 419 4409 ipsa
438 4342 594 4399 illum
614 4342 911 4409 exiquitur,
934 4341 1008 4394 ib.

150 4419 301 4470 Deus
336 4432 452 4471 rem
489 4423 549 4472 ut
576 4419 815 4473 futuram
856 4428 969 4471 non
1013 4420 1186 4483 potest
1218 4426 1563 4482 cognoscere,
1609 4412 1715 4467 nisi

220 4493 376 4559 prius
423 4493 603 4548 videat
646 4506 801 4547 suam
848 4493 1181 4547 voluntatem
1214 4503 1336 4544 eam
1369 4490 1716 4544 ordinantem

222 4575 318 4624 aut
346 4571 765 4638 permittentem,
798 4583 841 4622 s.
877 4574 926 4620 2.

153 4646 301 4699 Deus
334 4646 390 4699 in
424 4647 603 4713 primo
622 4646 799 4713 signe,
822 4650 877 4698 et
896 4640 953 4697 in
983 4644 1163 4713 prima
1184 4643 1460 4698 voluntate
1480 4652 1590 4709 qua
1620 4654 1718 4694 vo·

223 4722 327 4775 luit
358 4724 621 4776 unionem
650 4721 1053 4789 hypostaticam,
1088 4719 1262 4773 voluit
1294 4718 1443 4771 illam
1462 4715 1715 4771 determi-

225 4810 357 4850 nare
388 4797 445 4851 in
474 4798 567 4851 tali
592 4809 826 4865 persona
858 4800 911 4849 et
944 4796 1002 4847 in
1032 4801 1247 4859 natura,
1270 4794 1346 4847 ib.

158 4875 301 4928 Deus
320 4886 434 4928 non
458 4875 611 4942 prius
642 4874 787 4927 circa
816 4871 1158 4927 universales
1188 4870 1428 4927 rationes
1457 4876 1718 4934 versatur,

224 4954 278 5002 et
305 4949 507 5004 deinde
532 4950 677 5003 circa
700 4949 1073 5017 particulareS,
1097 4947 1172 5000 ib.

157 5027 301 5079 Deus
346 5038 457 5080 non
492 5026 647 5094 prius
676 5025 979 5079 secundum
1027 5024 1293 5077 rationem
1337 5020 1612 5076 ordinavit
1648 5022 1717 5075 ad

222 5102 453 5169 gloriam
469 5103 723 5157 homines
745 5102 804 5155 in
824 5102 1123 5162 communi,
1138 5104 1191 5153 et
1210 5104 1394 5166 postea
1412 5099 1511 5151 hos
1528 5098 1586 5150 in
1600 5110 1720 5164 par-

224 5178 459 5244 ticulari,
490 5178 567 5233 ib.

162 5255 299 5308 Deus
328 5268 439 5308 non
472 5255 629 5322 prius
656 5252 833 5308 voluit
862 5252 1136 5306 Christum
1167 5250 1357 5304 venire
1402 5247 1717 5316 passibilem

224 5336 277 5383 et
308 5330 609 5395 mortalem,
633 5342 799 5397 quam
832 5327 1066 5383 voluerit
1092 5324 1401 5395 permittere
1418 5330 1717 5393 peccatum,

227 5421 272 5461 S.
309 5410 355 5457 8.

160 5486 319 5547 DeuS,
341 5480 473 5550 quia
506 5482 756 5551 praevidit
781 5484 1062 5551 peccatum
1096 5480 1343 5535 futurum
1363 5518 1376 5540 .
1402 5478 1526 5533 ideo
1549 5477 1725 5533 voluit

224 5572 444 5615 carnem
477 5558 675 5613 Christi
705 5571 822 5613 esse
848 5556 1187 5627 passibilem,
1224 5554 1302 5611 ib.

1859 704 2036 746 manae
2059 692 2462 746 communicare
2491 691 2808 754 decreverit,
2835 706 2878 745 S.
2914 698 2962 744 5.

1796 771 1855 822 ln
1888 768 2058 822 Deum
2083 768 2224 820 nihil
2249 772 2424 835 potest
2443 768 2684 821 converti
2714 781 2812 835 per
2833 769 3209 823 omnimodam
3233 782 3359 825 mu-

1862 846 2120 898 tationem
2140 858 2236 897 seu
2255 844 2785 909 substantiationem,
2810 844 2864 898 d.
2890 850 2939 907 6,
2966 859 3010 899 s.
3032 850 3081 898 Ξ.

1797 922 1976 975 Deitas
2004 932 2114 972 non
2153 923 2327 987 potest
2361 932 2478 973 esse
2512 919 2690 973 forma
2721 920 2994 989 corporis,
3033 934 3212 988 neque
3246 923 3362 991 spi-

1861 994 2016 1058 ritus,
2039 995 2114 1048 ib.
3035 997 3048 1017 ·

1798 1072 1937 1125 Deus
1958 1077 2039 1124 est
2069 1082 2169 1123 ens
2197 1070 2684 1139 simplicissimum,
2719 1072 3012 1139 pluresque
3043 1072 3099 1124 in
3123 1086 3181 1126 se
3203 1072 3364 1126 habet

1862 1148 2046 1201 unitas
2087 1147 2482 1213 perfectioneS,
2515 1159 2638 1215 quae
2684 1147 2742 1199 in
2777 1144 2942 1202 nobis
2969 1148 3161 1202 divisae
3201 1155 3360 1214 sunt,

1863 1224 1939 1276 ib.

1798 1300 1891 1356 Dei
1927 1314 2128 1355 nomen
2171 1301 2433 1369 supponit
2464 1313 2563 1369 pro
2590 1300 2826 1355 essentia
2853 1299 2961 1355 nisi
3000 1313 3067 1353 ex
3098 1302 3359 1367 adjuncto

1862 1376 2254 1430 determinetur
2278 1419 2290 1441 ,
2339 1381 2400 1429 ut
2437 1382 2709 1444 supponat
2739 1387 2840 1443 pro
2884 1387 3135 1443 persona,
3169 1377 3225 1443 d(
3278 1382 3361 1442 11,

1862 1466 1907 1505 s.
1939 1458 1987 1505 3.

1796 1528 1939 1581 Deus
1961 1533 2022 1582 ut
2046 1528 2370 1595 praedleatur
2393 1529 2461 1583 de
2489 1530 2665 1582 tribus
2681 1529 2958 1598 personis,
2976 1535 3055 1581 est
3076 1530 3210 1595 quid
3227 1530 3360 1583 sub-

1862 1605 2059 1657 sistens
2086 1617 2376 1658 commune
2399 1604 2530 1667 illis,
2556 1605 2630 1659 ib.

1797 1682 1857 1733 In
1891 1680 2000 1733 Deo
2036 1680 2177 1733 nihil
2199 1686 2280 1733 est
2309 1680 2616 1734 absolutum
2647 1685 2700 1733 et
2735 1680 3045 1747 essentiale,
3083 1680 3230 1749 quod
3266 1694 3364 1748 per

1864 1770 2134 1811 summam
2168 1756 2504 1811 identitatem
2526 1768 2639 1811 non
2667 1757 2738 1810 sit
2769 1758 3225 1813 communicabile
3260 1759 3364 1811 tri-

1864 1832 1968 1887 bus
1999 1834 2267 1901 personiS,
2305 1832 2380 1887 ib.

1800 1909 1941 1963 Deus
1981 1922 2047 1962 ex
2078 1910 2132 1963 vi
2175 1921 2288 1963 suae
2322 1908 2582 1963 absolutae
2628 1909 2926 1963 existentiae
2953 1910 3117 1963 habet
3155 1908 3364 1963 subsis-

1864 1990 1996 2049 tere,
2035 1984 2106 2037 ib.

1802 2062 1864 2113 ln
1902 2063 2012 2115 Deo
2043 2060 2316 2127 quidquid
2340 2060 2628 2115 essentiale
2656 2067 2754 2126 est,
2775 2068 2855 2115 est
2883 2062 3029 2116 idem
3055 2074 3284 2118 numero
3305 2063 3364 2115 in

1865 2136 2040 2191 tribus
2057 2138 2326 2205 personis,
2351 2138 2427 2191 ib.

1802 2213 1983 2267 Deitas
2009 2226 2075 2267 ex
2095 2213 2150 2267 vi
2174 2225 2286 2268 suae
2313 2213 2572 2269 absolutae
2605 2214 2969 2269 subsistentiae
3003 2226 3113 2269 non
3140 2220 3218 2268 est
3237 2226 3366 2282 per-

1865 2301 2020 2351 sona,
2056 2288 2131 2343 ib.

1865 2366 1929 2419 Et
1957 2379 2073 2431 cur,
2095 2380 2141 2420 s.
2165 2373 2213 2419 5.

1798 2440 1896 2493 llic
1926 2444 2068 2495 Deus
2099 2456 2165 2495 ex
2191 2444 2246 2496 vi
2279 2442 2452 2496 solius
2488 2442 2762 2496 individui
2798 2448 3092 2511 conceptus
3129 2454 3241 2497 non
3277 2456 3366 2497 re-

1861 2516 2034 2583 quirit
2069 2518 2478 2571 subsistentiam
2505 2529 2854 2572 communem
2887 2518 3208 2583 absolutam,
3231 2532 3275 2571 s.
3311 2522 3359 2572 4.

1798 2591 1895 2646 llic
1926 2593 2066 2647 Deus
2101 2594 2244 2647 sicut
2279 2593 2533 2659 existens,
2565 2594 2640 2648 ita
2683 2599 2738 2647 et
2776 2594 3074 2647 subsistens
3099 2593 3366 2663 inteiligi-

1860 2672 1973 2721 turt
2003 2669 2286 2723 abstractis
2318 2682 2416 2737 per
2436 2669 2770 2724 intellectum
2791 2668 3157 2724 subsistentiis
3181 2670 3366 2725 relati-

1860 2744 1964 2809 viS,
1995 2759 2040 2797 s,
2071 2751 2118 2797 5.

1798 2821 1857 2873 ln
1894 2821 1998 2875 hoc
2027 2824 2136 2876 Deo
2167 2828 2400 2889 possunt
2431 2821 2780 2890 proeintelligi
2823 2828 2980 2877 actus
3007 2824 3326 2877 essentiales
3352 2867 3364 2888 ,

1862 2897 2324 2963 nonnotionales,
2356 2898 2433 2951 ib.

1799 2972 1940 3026 Deus
1967 2977 2048 3025 est
2069 2974 2294 3039 speciali
2336 2974 2518 3040 modo,
2539 2973 2634 3027 ubi
2669 2972 2978 3041 specialiter
3009 2978 3286 3041 operatur,
3308 2973 3364 3027 d.

1864 3054 1945 3113 12,
1979 3053 2094 3102 s.1.

1800 3126 1943 3178 Deus
1973 3138 2072 3192 per
2104 3126 2512 3182 subsistentiam
2545 3125 2848 3180 absolutam
2881 3130 3054 3193 potest
3094 3138 3368 3179 assumere

1865 3204 2115 3253 naturam
2139 3208 2396 3258 creatam.
2421 3203 2476 3256 d.
2505 3206 2585 3265 18,
2616 3215 2659 3253 S.
2689 3204 2736 3253 1.

1798 3274 1853 3326 Si
1886 3272 1981 3327 hic
2002 3277 2145 3328 Deus
2173 3282 2424 3330 naturam
2467 3258 2764 3329 humanam
2796 3276 3192 3341 assumpsisset,
3223 3286 3366 3343 quo-

1862 3352 2028 3404 modo
2057 3350 2148 3402 hic
2169 3351 2332 3404 homo
2365 3356 2508 3405 esset
2531 3362 2784 3417 persona,
2815 3350 2890 3405 ib.

1799 3425 1941 3479 Deus
1974 3426 2116 3479 intra
2142 3438 2200 3479 se
2235 3426 2398 3481 habet
2427 3438 2650 3480 omnem
2683 3424 3074 3493 perfectionem
3091 3424 3194 3477 sibi
3226 3436 3364 3479 con-

1862 3502 2168 3556 naturalem
2191 3546 2204 3570 ,
2259 3508 2314 3557 et
2354 3502 2626 3556 infinitam
2673 3502 2785 3555 vim
2819 3502 3265 3556 communicandi
3305 3516 3366 3555 se

1862 3578 2145 3644 creaturis,
2166 3593 2210 3633 s.
2243 3586 2290 3633 3.

1801 3656 1943 3707 Deus
1965 3660 2100 3721 quot
2131 3661 2184 3707 et
2212 3660 2417 3722 quanta
2439 3654 2611 3724 possit
2644 3655 2820 3709 faeere
2853 3666 3017 3721 supra
3049 3660 3256 3708 naturae
3273 3665 3365 3708 or-

1864 3731 2072 3795 dinem,
2107 3744 2150 3784 s.
2187 3735 2236 3785 4.

1799 3807 1940 3860 Deus
1974 3817 2086 3860 non
2121 3808 2414 3876 assumpsit
2442 3808 2739 3873 hominem,
2768 3807 2840 3860 ib.

1798 3883 1970 3937 Deum
2003 3895 2119 3937 esse
2162 3884 2775 3951 incomprehensibilem
2822 3886 3002 3936 creata
3032 3879 3362 3948 cognitione,

1863 3958 1932 4011 de
1961 3958 2070 4013 fide
2101 3964 2310 4013 certum
2337 3965 2438 4021 est,
2471 3959 2526 4013 d.
2557 3964 2639 4025 29,
2669 3972 2713 4012 s,
2748 3964 2797 4010 2.

1799 4036 1941 4088 Deus
1973 4048 2084 4101 qua
2101 4036 2315 4089 ratione
2344 4034 2890 4099 dicaturinvisibilis,
2925 4048 2969 4087 s.
2993 4038 3042 4085 8.

1800 4112 1941 4164 Deus
1953 4110 2196 4165 videndo
2218 4112 2480 4179 seipsum,
2499 4110 2649 4165 videt
2665 4111 2852 4165 omnia
2871 4121 2995 4177 quoe
3014 4108 3072 4162 ln
3089 4108 3206 4176 ipso
3217 4112 3362 4171 sunt,

1862 4192 1916 4239 et
1935 4192 2112 4253 potest
2139 4186 2612 4254 participationem
2644 4186 2794 4241 illius
2827 4185 3072 4242 seientite
3103 4188 3365 4239 creaturae

1863 4262 2288 4327 communicare,
2321 4263 2396 4318 ib.

1798 4338 1941 4393 neus
1974 4344 2028 4393 et
2073 4342 2335 4394 creaturae
2368 4339 2646 4407 quomodo
2683 4338 2877 4394 eodem
2920 4343 3042 4393 actu
3087 4337 3364 4403 videntur,

1864 4415 1938 4469 ib.

1799 4493 1941 4545 Deus
1963 4492 2209 4546 continet
2227 4496 2502 4547 creaturas
2521 4492 2828 4546 eminenter
2845 4496 3106 4559 tanquam
3129 4488 3365 4559 perfecta

1862 4581 2026 4622 causa
2049 4580 2258 4633 earum,
2289 4569 2365 4621 ib.

1802 4644 1941 4698 Deus
1969 4656 2036 4697 eo
2053 4644 2345 4711 perfectius
2359 4644 2594 4708 videtur,
2618 4657 2730 4711 quo
2757 4644 2940 4712 plures
2966 4644 3188 4698 effectus
3213 4640 3272 4693 in
3298 4651 3363 4695 eo

1864 4720 2138 4784 videntur,
2174 4721 2384 4774 caeteris
2411 4721 2654 4787 paribuS,
2679 4723 2755 4775 ib.

1801 4797 1940 4849 Deus
1972 4796 2246 4862 quomodo
2275 4796 2545 4861 loquatur,
2569 4797 2624 4850 d.
2653 4802 2736 4861 2⁷,
2764 4810 2806 4849 s.
2832 4800 2879 4848 2.

1801 4872 1960 4936 Deus,
1990 4883 2114 4925 cum
2138 4872 2399 4937 loquitur,
2432 4872 2710 4938 quomodo
2744 4870 2912 4938 possit
2929 4867 3216 4923 ostendere
3243 4866 3366 4921 evi-

1864 4946 2058 5001 denter
2088 4959 2147 5000 se
2189 4959 2306 5001 esse
2350 4948 2447 5013 qui
2481 4946 2724 5013 loquitur
2747 4988 2760 5013 ,
2810 4956 2922 5000 non
2962 4942 3368 4998 manifestando

1864 5023 2007 5076 clare
2039 5035 2097 5076 se
2129 5024 2327 5090 ipsum,
2368 5023 2448 5076 ib.

1800 5100 1941 5152 Deus
1972 5098 2123 5153 solus
2155 5104 2238 5152 est
2262 5112 2426 5152 causa
2454 5095 2777 5165 principalis
2805 5095 3010 5163 gratiae,
3036 5096 3090 5149 d.
3127 5098 3206 5158 ⁸1,
3243 5108 3288 5146 s.
3317 5099 3368 5147 4.

1798 5174 1892 5229 Dei
1922 5173 2294 5228 substantialis
2323 5172 2498 5227 virtus
2533 5186 2630 5225 seu
2659 5184 2769 5239 qua
2808 5172 2866 5224 in
2895 5172 3003 5224 Deo
3043 5170 3222 5223 existit
3253 5180 3366 5222 non

1862 5252 2214 5319 conjungitur
2243 5262 2342 5317 per
2367 5263 2426 5303 se
2454 5250 2629 5317 ipsam
2653 5248 2972 5311 formaliter,
2999 5252 3054 5300 et
3072 5247 3367 5300 intrinsece

1866 5326 2228 5380 instrumento
2262 5338 2360 5379 suo
2383 5325 2442 5377 in
2468 5325 2664 5378 ordine
2688 5325 2759 5377 ad
2787 5323 3180 5391 operationem,
3208 5334 3251 5375 s.
3283 5326 3333 5372 o.

1800 5403 1894 5456 Dei
1925 5402 2219 5470 imperium
2253 5398 2352 5453 etsi
2387 5400 2822 5454 efficacissimum
2857 5400 2963 5465 sit,
2993 5398 3254 5466 supponit
3281 5402 3368 5449 ta-

1866 5488 1993 5531 men
2019 5476 2105 5531 rel
2126 5474 2338 5530 confert
2369 5480 2629 5531 ereaturae
2658 5474 2954 5545 potentiam
2985 5470 3277 5543 praestandi
3309 5470 3366 5527 id

1867 5554 2017 5624 quod
2041 5554 2355 5623 imperatur,
2395 5552 2471 5610 ib.
