3892 6167
1442 300 1761 360 msrtJTAT.
1798 304 1920 359 LIV.
1956 304 2124 360 SECT.
2161 308 2223 359 V.

206 408 787 473 hethabitudinem
810 408 891 469 ad
907 404 1267 468 distinctum
1294 406 1642 489 objectum3
1674 406 1787 471 sed

206 504 287 565 hi
330 510 505 567 actus
560 503 795 565 habent
828 501 1073 580 objecta
1131 500 1409 574 diversa;
1442 520 1589 563 nam
1622 518 1785 562 unus

206 598 525 679 primario
555 596 755 660 tendit
782 596 849 657 in
888 593 1230 674 exemplar,
1258 598 1331 658 ut
1375 596 1439 656 in
1468 596 1786 673 obiectum

206 694 421 775 quod,
452 694 517 754 in
547 690 894 770 imaginem
928 706 1079 749 vero
1128 688 1623 751 concomitanter
1647 695 1784 750 tan-

210 806 421 869 quam
452 788 522 849 in
548 793 791 868 partem
821 782 1069 863 objecti,
1101 782 1200 846 vel
1251 784 1487 863 aliquid
1545 782 1779 857 simile:

208 882 387 943 alius
414 900 563 943 vero
598 886 777 943 actus
804 894 933 939 non
958 874 1159 938 tendit
1186 875 1423 939 directe
1467 878 1535 938 in
1574 893 1787 938 exem-

206 975 365 1055 plar
393 980 692 1055 tanquam
728 974 795 1035 in
851 970 1169 1053 objectum
1214 971 1409 1051 quod,
1436 969 1548 1033 sed
1581 969 1782 1032 solum

204 1069 284 1129 in
330 1069 707 1149 imaginem;
740 1065 1061 1146 exemplar
1102 1082 1247 1126 vero
1294 1064 1498 1127 solum
1534 1062 1785 1144 oblique

206 1163 499 1243 attingit,
528 1167 599 1224 ut
645 1160 965 1241 obiectum
1021 1175 1181 1238 qu03
1214 1176 1363 1239 ergo
1412 1166 1555 1221 sunt
1606 1165 1786 1220 actus

206 1256 499 1319 distincti
527 1254 692 1318 inter
711 1272 813 1316 se:
837 1259 930 1316 est
954 1258 1167 1315 autem
1196 1270 1402 1315 sermo
1430 1252 1509 1314 de
1540 1251 1785 1313 actibus

202 1350 505 1427 internis,
527 1367 678 1410 nam
708 1348 1084 1410 exteriorem
1106 1350 1315 1409 actum
1332 1348 1578 1409 constat
1599 1363 1783 1425 posse

206 1463 357 1507 esse
413 1462 638 1519 unum,
670 1442 781 1523 qui
819 1459 897 1503 ex
938 1442 1071 1504 sola
1126 1441 1372 1503 diversa
1420 1438 1777 1501 intentione

202 1540 431 1619 potest
454 1538 769 1599 diversam
792 1536 1105 1598 rationem
1126 1533 1511 1597 adorationis
1536 1530 1785 1613 partici-

204 1650 396 1713 pare.
431 1632 508 1693 Et
536 1630 945 1693 confirmatur
970 1630 1194 1711 primo,
1222 1645 1370 1689 nam
1416 1632 1594 1689 actus
1637 1626 1785 1688 ado·

206 1725 484 1789 rationis
509 1773 525 1799 ,
568 1726 676 1805 qui
736 1724 821 1786 ita
866 1724 1069 1786 tendit
1107 1724 1172 1784 in
1232 1724 1564 1798 Christum,
1608 1723 1781 1785 verbi

211 1820 454 1901 gratia,
484 1825 554 1882 ut
601 1819 775 1880 nullo
808 1818 997 1880 modo
1029 1822 1313 1880 versetur
1360 1818 1523 1879 circa
1561 1816 1781 1897 imagi-

204 1932 371 1977 nem
402 1912 561 1993 ejus,
602 1912 927 1974 distinctus
970 1918 1064 1975 est
1094 1911 1174 1972 ab
1204 1928 1279 1972 eo
1323 1928 1448 1991 quo
1484 1911 1782 1973 adoratur

206 2007 502 2070 Christus
530 2006 597 2068 in
627 2025 743 2068 sua
770 2006 1067 2087 imagine,
1102 2008 1166 2067 et
1194 2006 1329 2086 ipsa
1350 2006 1561 2085 imago
1595 2004 1781 2066 simul

208 2100 624 2175 coadoratur,
656 2104 725 2160 ut
768 2100 835 2161 in
882 2099 1309 2179 superioribus
1359 2096 1616 2162 dictum'
1648 2106 1777 2175 est3

208 2213 374 2275 ergo
401 2193 626 2273 majori
648 2194 891 2255 ratione
922 2192 1023 2253 alii
1056 2198 1252 2267 actua,
1282 2192 1363 2253 de
1394 2192 1623 2274 quibus
1652 2192 1781 2272 agi·

208 2307 389 2365 muS,
441 2286 707 2349 distincti
768 2292 937 2347 sunt.
995 2286 1412 2347 Confirmatur
1472 2286 1776 2360 secundo,

210 2400 372 2443 nam
400 2380 503 2444 ille
529 2384 727 2457 actua,
753 2397 878 2459 quo
906 2379 1141 2441 directe
1166 2396 1240 2441 ac
1264 2380 1611 2442 formaliter
1634 2378 1783 2440 ado-

214 2480 399 2534 ratur
417 2473 695 2535 Christus
723 2473 787 2534 in
808 2472 1104 2552 imagine,
1136 2478 1233 2533 est
1254 2490 1404 2534 vera
1425 2487 1487 2534 et
1508 2470 1782 2552 perfecta

214 2566 438 2639 latria;
472 2566 632 2627 alius
659 2583 811 2627 vero
850 2572 1049 2643 actua,
1082 2582 1206 2645 quo
1258 2564 1391 2626 sola
1440 2566 1651 2645 imago
1682 2565 1782 2626 di-

212 2664 415 2736 recte,
448 2666 509 2723 et
548 2666 617 2722 ut
653 2666 784 2723 tota
818 2660 1083 2724 materia
1116 2660 1499 2723 adorationis
1530 2660 1777 2737 colitur,

210 2752 501 2817 Christus
548 2772 701 2816 vero
754 2752 959 2816 solum
1016 2752 1343 2831 indirecte,
1398 2759 1462 2815 et
1508 2756 1581 2815 ut
1618 2754 1779 2815 ratio

212 2846 550 2921 adorandi,
568 2852 697 2909 non
715 2852 810 2909 est
832 2847 1037 2924 latria,
1060 2846 1421 2927 simpliciter
1436 2846 1777 2927 loquendo,

207 2940 336 3003 sed
365 2940 622 3003 inferior
651 2939 938 3021 quaedam
970 2942 1314 3016 veneratiO,
1333 2949 1404 3004 ut
1432 2961 1511 3005 ex
1538 2942 1645 3003 VII
1668 2944 1780 3021 Sy-

207 3034 391 3097 nodo
440 3032 854 3109 ostendimuS,
895 3039 959 3096 et
1010 3041 1107 3098 est
1152 3034 1589 3109 certissimum,
1631 3035 1780 3115 quia

210 3126 494 3209 perfecta
512 3126 696 3189 latria
736 3144 866 3189 non
894 3132 1103 3208 potest
1127 3128 1578 3191 communicari
1606 3146 1779 3191 crea·

212 3230 404 3283 turae.
430 3226 498 3282 ut
521 3221 611 3283 rei
638 3238 754 3302 per
775 3238 842 3283 se
867 3220 1069 3302 primo
1099 3220 1398 3297 adoratae,
1414 3222 1485 3282 ut
1506 3238 1582 3282 ex
1598 3222 1778 3283 dictis

214 3316 287 3375 in
314 3314 742 3395 superioribus
778 3320 1057 3391 constat;
1089 3320 1236 3376 sunt
1262 3332 1413 3393 ergo
1460 3314 1547 3375 illi
1601 3318 1779 3375 actus

210 3408 517 3471 distincti.

300 3504 401 3565 22.
456 3504 749 3569 Adoratio
793 3504 1084 3589 imaqinis
1123 3509 1195 3569 ut
1230 3504 1529 3586 partialis
1574 3502 1785 3587 objecti

211 3615 352 3660 cum
390 3603 714 3683 prototypo
740 3645 756 3675 ,
801 3606 860 3663 ot
907 3600 1182 3666 adoratio
1244 3600 1539 3681 imaqinis
1587 3598 1783 3664 solius

202 3698 464 3775 propter
488 3700 897 3777 prototypum,
924 3694 1115 3779 specie
1141 3694 1605 3758 divorsa—Au
1629 3711 1779 3755 vero

210 3784 287 3844 hi
314 3792 488 3847 actus
510 3786 636 3848 sint
659 3788 865 3867 specie
892 3787 1139 3857 diversi,
1168 3787 1269 3849 vel
1290 3794 1536 3849 tantum
1559 3806 1780 3851 nume-

212 3896 291 3939 ro
317 3924 333 3953 ,
379 3879 530 3941 item
561 3898 643 3941 an
672 3879 919 3943 dicendi
952 3880 1073 3945 sint
1101 3881 1376 3945 distincti
1415 3888 1659 3944 tantum
1714 3882 1778 3942 in

216 3990 364 4033 esse
402 3979 683 4050 naturae,
730 3974 833 4036 vel
875 3976 1065 4037 etiam
1109 3975 1175 4037 in
1210 3994 1349 4037 esse
1396 3976 1610 4051 moriS,
1647 3993 1777 4038 nou

213 4066 489 4129 multum
516 4068 596 4130 ad
619 4086 890 4149 praesens
912 4070 1263 4133 institutum
1288 4069 1499 4146 refert,
1525 4088 1675 4133 nam
1696 4069 1778 4132 ad

216 4162 659 4242 explicandum
698 4164 960 4226 modum
979 4162 1167 4245 hujus
1198 4163 1603 4241 adorationis,
1629 4167 1777 4227 satis

214 4258 405 4318 nobis
435 4262 567 4332 est,
616 4257 734 4319 hos
774 4263 949 4320 actus
980 4276 1119 4321 esse
1156 4276 1225 4319 re
1265 4258 1405 4337 ipsa
1433 4258 1783 4337 distinctOS,

218 4357 283 4413 et
311 4350 602 4413 distincto
632 4349 818 4412 modo
846 4353 1158 4432 respicere
1189 4350 1396 4433 ipsum
1426 4354 1780 4435 exemplar,

214 4444 349 4505 sive
378 4442 481 4506 hic
508 4444 735 4506 modus
758 4444 1025 4507 sufficiat
1052 4443 1133 4508 ad
1159 4444 1624 4509 distinctionem
1644 4464 1783 4528 spe-

218 4540 485 4616 cificam,
529 4541 658 4602 sive
687 4560 837 4603 non.
882 4540 1267 4614 Quibusdam
1297 4549 1509 4605 autem
1536 4541 1781 4606 videtur

215 4652 351 4695 non
371 4632 658 4696 sufficere
678 4634 761 4696 ad
782 4634 1137 4715 specificam
1157 4634 1605 4711 diversitatem,
1633 4636 1781 4715 quia

218 4730 326 4791 illa
348 4728 675 4791 diversitas
693 4729 756 4791 in
777 4730 1022 4809 objecto
1042 4738 1129 4791 est
1152 4736 1393 4793 tautum
1415 4732 1779 4809 materialiS,

216 4840 369 4884 nam
398 4821 676 4885 formalis
698 4824 855 4886 ratio
880 4825 1229 4904 attingendi
1254 4824 1321 4885 in
1348 4828 1614 4907 utroque
1636 4830 1780 4887 actu

218 4923 315 4979 est
360 4915 615 4994 eadem,
666 4917 901 4981 scilicet
944 4916 1251 4995 dignitas,
1303 4924 1367 4979 et
1414 4918 1784 4980 excellentia

220 5010 629 5091 exemplaris;
680 5013 839 5073 sicut
886 5012 1073 5073 etiam
1124 5017 1301 5074 actus
1326 5058 1343 5086 ,
1397 5028 1522 5093 quo
1579 5011 1785 5074 solum

219 5104 545 5185 exemplar
580 5105 647 5167 in
676 5124 745 5167 se
775 5104 996 5167 colitur
1019 5151 1036 5182 ,
1081 5104 1319 5187 absque
1363 5106 1677 5187 imagine,
1724 5110 1785 5168 et

216 5216 347 5277 quo
386 5198 607 5261 colitur
643 5198 711 5261 in
751 5197 1024 5281 imagine
1074 5205 1137 5261 et
1175 5217 1320 5261 cum
1367 5198 1670 5279 imagine,
1715 5216 1783 5260 re

218 5292 358 5372 ipsa
390 5298 453 5355 et
474 5290 539 5353 in
562 5292 887 5356 individuo
915 5292 1241 5356 distinctus
1271 5298 1386 5370 est,
1420 5296 1785 5355 nontamen

220 5386 289 5446 in
319 5384 549 5465 speeie.
600 5384 753 5448 Aliis
782 5388 991 5448 autem
1026 5386 1273 5450 videtur
1299 5386 1405 5449 illa
1434 5386 1785 5449 differentia

224 5478 545 5541 sufficiens
564 5480 647 5543 ad
666 5478 1021 5563 specificam
1048 5480 1493 5559 diversitatem,
1516 5480 1686 5562 quia,
1714 5479 1786 5542 li-

3313 316 3430 377 635

1868 414 1968 470 cet
2009 410 2380 472 excellentia
2431 414 2768 493 prototypi,
2813 414 2878 476 in
2925 432 3048 495 qua
3091 415 3436 483 formaliter

1866 502 2084 565 nititur
2127 510 2396 585 utraque
2440 504 2745 583 adoratio,
2797 508 2880 570 sit
2923 508 3172 586 eadem,
3219 518 3434 577 tamen

1866 596 2050 659 aliter
2077 600 2255 660 estin
2283 616 2552 679 persona
2576 607 3042 680 repraesentata,
3074 604 3254 667 aliter
3280 624 3430 670 vero

1866 692 2277 772 participatur
2303 692 2370 754 in
2397 695 2707 775 imagine3
2739 696 2806 757 in
2829 696 2938 757 illa
2965 698 3134 759 enim
3161 705 3259 762 est
3283 718 3430 765 vere

1866 802 1941 847 ac
1972 784 2337 864 formaliter,
2372 790 2436 849 in
2467 790 2586 851 hac
2618 806 2765 853 vero
2793 796 3038 853 tantum
3062 790 3432 859 habitudine

1866 879 2141 957 quadam
2167 900 2182 953 3
2213 882 2385 945 unde
2408 883 2579 944 illam
2607 883 2814 945 reddit
2841 885 3208 965 simpliciter
3233 890 3431 951 excel·

1865 970 2099 1035 lentem
2117 1018 2138 1049 ,
2178 978 2241 1036 et
2265 974 2523 1056 dignam
2554 978 2834 1057 perfecta
2863 983 2926 1039 at
2951 978 3237 1040 absoluta
3279 981 3430 1042 ado-

1866 1066 2110 1128 ratione
2132 1068 2197 1128 in
2218 1068 2326 1129 tali
2351 1068 2593 1143 ordine,
2623 1069 2791 1131 hanc
2809 1088 2960 1132 vero
2983 1071 3185 1133 solum
3207 1090 3430 1135 secun-

1866 1158 2016 1219 dum
2043 1159 2193 1239 quid
2213 1160 2418 1223 reddit
2441 1163 2879 1239 excellentem,
2911 1169 2974 1227 et
2995 1164 3253 1245 dignam
3276 1167 3430 1229 ado-

1864 1251 2106 1313 ratione
2135 1255 2516 1333 respectiva3
2554 1272 2704 1334 ergo
2733 1258 2854 1318 boc
2881 1258 3031 1320 satis
3061 1267 3156 1322 est
3177 1259 3260 1320 ad
3289 1277 3428 1341 spe-

1862 1344 2104 1407 cificam
2125 1352 2378 1409 actuum
2404 1348 2849 1412 diversitatem.
2875 1352 3080 1431 Atque
3097 1354 3216 1414 hoc
3237 1353 3426 1416 etiam

1865 1438 2199 1501 confirmat
2225 1442 2313 1519 id,
2347 1440 2518 1520 quod
2542 1459 2620 1503 ex
2638 1444 2743 1504 vn
2769 1444 3005 1524 Synod.
3033 1444 3422 1521 dicebamus,

1864 1552 2060 1595 unam
2085 1552 2160 1596 ex
2189 1536 2282 1597 his
2311 1534 2784 1597 adorationibus
2807 1554 2948 1599 esse
2971 1536 3314 1617 perfectam
3335 1540 3428 1601 la-

1862 1628 2075 1705 triam,
2107 1629 2370 1691 alteram
2407 1646 2558 1692 vero
2588 1630 2869 1707 minime,
2892 1632 3010 1694 sed
3037 1632 3420 1696 inferiorem.

1864 1722 2044 1786 Unde
2085 1726 2372 1785 Damaso.
2401 1770 2422 1801 ,
2469 1730 2626 1785 orat.
2662 1728 2693 1787 1
2729 1725 2808 1786 de
2835 1726 3030 1806 Imag.
3067 1742 3085 1787 z
3129 1725 3426 1791 Aaou-atio

1866 1818 2112 1901 (inquit)
2142 1826 2231 1884 ost
2256 1818 2678 1883 submissionis
2706 1826 2762 1882 ot
2785 1819 3028 1883 honoris
3047 1825 3214 1893 nota,
3249 1827 3428 1902 atquo

1862 1912 2049 1991 hujus
2077 1912 2295 1995 duplam
2331 1918 2424 1976 est
2453 1913 2662 1977 ratio:
2709 1914 2906 1977 altera
2945 1914 3101 1976 onim
3129 1919 3218 1977 est
3245 1932 3426 1995 quam

1860 2006 2007 2081 Deo,
2037 2006 2144 2087 qut
2164 2011 2393 2070 natura
2415 2006 2580 2069 solva
2605 2006 2952 2069 adorandus
2974 2010 3087 2083 est,
3117 2007 3426 2089 latriaque

1862 2100 2092 2166 dicitur
2108 2126 2134 2174 ;
2166 2101 2387 2178 altera,
2412 2118 2589 2182 quam
2609 2104 2858 2183 propter
2875 2102 3077 2181 ipsum
3103 2101 3296 2163 Deum
3323 2116 3424 2164 m-

1864 2194 2165 2271 hibemus,
2193 2194 2290 2258 vel
2315 2194 2530 2259 amicis
2561 2198 2618 2257 et
2642 2195 2836 2258 servis
2861 2194 3031 2274 ejus,
3057 2193 3154 2257 vel
3177 2192 3422 2273 quibus-

1863 2284 2006 2350 libet
2029 2286 2147 2349 Dei
2169 2286 2340 2360 locis,
2370 2286 2464 2351 vel
2483 2287 2726 2369 templis
2741 2288 2892 2368 ejus,
2925 2287 3018 2350 vel
3037 2286 3423 2369 principibus

1862 2396 1901 2443 a
1922 2380 2044 2442 Deo
2066 2380 2432 2445 constitutis.
2459 2381 2591 2454 Quo
2615 2380 2756 2441 loco
2769 2380 3017 2442 videtur
3039 2385 3256 2460 aperte
3275 2398 3424 2441 con-

1864 2473 2127 2535 stituere
2153 2473 2511 2553 specificam
2539 2474 2964 2535 diversitatem
2999 2474 3165 2534 inter
3197 2473 3424 2535 adora-

1863 2568 2102 2630 tionem
2131 2568 2238 2629 Dei
2275 2574 2336 2630 et
2363 2586 2575 2629 rerum
2605 2586 2926 2630 sacrarum
2950 2613 2965 2641 ‚
3001 2584 3140 2647 quae
3169 2568 3298 2628 Deo
3323 2566 3424 2629 di-

1864 2665 2019 2722 catae
2043 2667 2210 2735 sunt,
2243 2662 2408 2725 inter
2427 2680 2608 2743 quas,
2638 2668 2710 2723 ut
2731 2662 3022 2737 diximus,
3054 2666 3426 2741 computan-

1860 2760 1968 2815 tur
2000 2756 2305 2836 imagines
2335 2774 2354 2828 ;
2394 2756 2587 2817 verba
2616 2756 2784 2818 enim
2825 2755 2972 2817 illa:
3003 2754 3199 2836 Atque
3239 2754 3424 2835 Mus

1864 2848 2270 2927 (adorationis
2303 2850 2562 2927 scilicet)
2603 2850 2821 2932 duplex
2845 2854 2936 2915 est
2961 2850 3146 2924 racto,
3183 2848 3426 2927 specifi-

1862 2960 2002 3003 cam
2022 2942 2329 3004 rationem
2349 2943 2646 3016 indicant;
2681 2943 2826 3006 etin
2851 2942 2989 3005 aliis
3010 2942 3200 3005 etiam
3221 2958 3428 3003 exem·

1860 3034 2004 3115 plia,
2037 3052 2178 3114 quae
2205 3036 2492 3112 adhibet,
2523 3036 2860 3098 manifesta
2888 3042 2984 3097 est
3011 3032 3300 3115 specifica
3329 3034 3424 3096 di-

1859 3129 2146 3191 versitas.
2182 3130 2388 3209 Atque
2419 3146 2495 3191 ex
2519 3128 2642 3191 hoc
2671 3130 2862 3191 etiam
2891 3128 3030 3191 loco
3058 3127 3423 3190 Damasceni

1858 3222 2006 3284 licet
2025 3223 2227 3285 obiter
2245 3223 2554 3302 colligere,
2577 3223 2742 3285 hanc
2761 3222 3192 3285 adorationem
3211 3212 3426 3283 retum

1861 3334 2206 3391 sacrarum,
2237 3322 2308 3377 ut
2335 3317 2577 3397 templi,
2611 3323 2675 3379 et
2699 3316 2934 3391 calicis,
2969 3323 3117 3392 etc.,
3147 3332 3278 3376 non
3297 3320 3425 3377 ter·-

1860 3411 2090 3474 minari
2125 3412 2359 3473 directe
2387 3410 2466 3471 ad
2493 3412 2692 3471 Deum
2711 3454 2734 3487 ,
2769 3415 2840 3471 ut
2870 3410 3182 3489 objectum
3209 3426 3325 3487 per
3351 3426 3422 3470 se

1865 3506 2069 3585 primo
2117 3503 2492 3579 adoratum3
2531 3504 2810 3581 alioquin
2845 3518 2974 3563 non
3012 3501 3424 3580 distingueret

1863 3599 2036 3664 illam
2075 3616 2114 3659 a
2154 3597 2412 3678 propria
2453 3597 2638 3657 latria
2675 3640 2694 3671 ‚
2755 3610 2881 3675 qua
2931 3594 3232 3656 adoratur
3285 3595 3422 3673 ipse

1860 3698 2052 3759 Deus.
2103 3691 2281 3756 Unde
2323 3708 2452 3751 non
2491 3696 2587 3751 est
2623 3688 2849 3751 eadem
2873 3687 3032 3749 ratio
3058 3686 3139 3748 de
3169 3686 3424 3747 distinc-

1860 3791 2030 3853 tione
2061 3784 2446 3849 adorationis
2495 3784 2746 3845 directae
2782 3783 2980 3863 ipsius
3020 3780 3417 3859 exemplaris,

1858 3882 1959 3945 vel
1991 3881 2208 3948 solius,
2255 3878 2358 3941 vel
2385 3894 2532 3940 cum
2557 3878 2858 3957 imagine,
2906 3875 3053 3955 quia
3079 3876 3214 3937 haec
3240 3873 3423 3936 diffe-

1860 3977 2067 4038 rentia
2095 3975 2282 4055 plane
2315 3978 2411 4034 est
2440 3970 2896 4046 accidentaria,
2938 3970 3094 4030 etin
3121 3968 3258 4031 8010
3288 3984 3423 4029 ma-

1858 4068 2064 4133 teriali
2107 4068 2352 4149 objecto
2408 4064 2834 4143 secundari03
2877 4082 3026 4127 nam
3052 4060 3423 4144 primarium

1859 4164 2028 4226 idem
2071 4168 2166 4224 est
2197 4180 2342 4224 cnm
2387 4162 2612 4224 eadem
2647 4158 3016 4222 excellentia
3055 4156 3304 4238 proprie
3346 4172 3420 4217 ac

1866 4258 2200 4321 intrinsece
2228 4276 2244 4330 ;
2291 4261 2357 4318 at
2383 4272 2532 4318 vero
2561 4254 2626 4317 in
2653 4254 2792 4317 aliis
2820 4253 3062 4314 actibus
3091 4258 3184 4313 est
3205 4250 3421 4313 discri-

1863 4368 2014 4413 men
2046 4350 2110 4412 in
2139 4350 2384 4431 objecto
2413 4348 2674 4423 directo,
2719 4352 2782 4410 et
2809 4364 2924 4429 per
2949 4363 3017 4409 se
3042 4346 3242 4428 primo
3271 4344 3422 4407 ado-

1862 4453 2025 4521 rate,
2081 4450 2142 4508 et
2182 4445 2248 4506 in
2287 4444 2478 4507 modo
2516 4441 2812 4519 habendi,
2862 4460 2978 4505 seu
3007 4438 3423 4523 participandi

1864 4540 2296 4602 excellentiam
2319 4543 2576 4619 propter
2597 4554 2790 4619 quam
2813 4534 3132 4608 adoratur,
3161 4534 3267 4614 qui
3287 4551 3424 4595 mo-

1862 4634 1982 4695 dus
2004 4632 2358 4695 refunditur
2377 4632 2442 4695 in
2466 4632 2779 4713 obiectum
2803 4629 3065 4692 formale
3084 4627 3302 4690 talium
3326 4646 3421 4689 ac-

1860 4730 2061 4791 tuum.
2091 4726 2484 4806 Quapropter
2529 4724 3096 4804 probabilissimum
3124 4726 3220 4785 est
3245 4738 3424 4802 repe-

1863 4820 1970 4882 riri
2003 4818 2358 4899 specificam
2390 4818 2808 4880 diversitatem
2847 4817 3012 4877 inter
3038 4814 3156 4876 hos
3183 4821 3379 4878 actus.

1943 4916 2046 4976 23.
2064 4917 2262 4993 Atque
2279 4910 2426 4974 hinc
2438 4912 2628 4973 etiam
2645 4914 2888 4973 constat
2901 4910 3018 4971 hos
3028 4915 3205 4972 actus
3219 4908 3425 4971 differ-

1862 5027 1931 5071 re
1954 5008 2019 5070 iu
2036 5026 2176 5070 esse
2196 5012 2455 5080 naturae,
2483 5006 2633 5085 quia
2651 5022 2784 5067 esse
2801 5003 3162 5085 specificum
3177 5011 3423 5066 estesse

1866 5101 2152 5165 naturale
2162 5101 2380 5163 talium
2391 5105 2667 5175 actuum,
2685 5097 2751 5160 id
2764 5106 2881 5173 est,
2901 5116 3026 5177 quo
3039 5098 3425 5160 constituun-

1866 5194 2048 5259 turin
2065 5214 2180 5257 sua
2194 5194 2454 5276 physica
2469 5193 2748 5266 entitate‚
2769 5198 2832 5253 et
2847 5192 3016 5255 idem
3033 5208 3170 5253 0880
3187 5196 3282 5253 est
3295 5207 3422 5271 quo

1864 5290 2205 5369 respiciunt
2233 5289 2480 5368 objecta
2513 5304 2648 5349 sua.
2704 5285 2880 5363 Quod
2912 5304 3061 5347 vero
3093 5284 3426 5367 petebatur

1866 5386 1945 5447 de
1973 5384 2364 5448 distinctione
2395 5383 2460 5447 in
2487 5400 2624 5446 esse
2651 5382 2866 5457 moris,
2897 5374 3106 5463 potest
3134 5398 3272 5442 esse
3295 5398 3424 5443 am-

1865 5479 2128 5561 biguum
2177 5496 2254 5542 ex
2303 5478 2474 5541 vocis
2525 5475 3016 5559 aequivocatione
3043 5494 3060 5551 3
3117 5490 3264 5538 nam
3307 5491 3425 5554 per
