3892 6167
1302 356 1625 413 msw'rm.
1650 354 1829 411 XXII.
1863 356 2033 411 SBGT.
2069 360 2128 415 V.

100 464 595 541 permanentem
612 458 683 521 in
707 456 817 535 ’ilia
840 472 861 537 3
890 456 1005 521 sed
1032 472 1173 523 esse
1194 456 1539 539 quemdam
1574 472 1675 521 ar·

96 552 443 617 tificiosum
462 558 733 629 matum,
758 570 953 633 quem
972 553 1139 615 Deus
1146 551 1549 634 imprimebat
1568 568 1673 613 ac-

92 647 381 709 tionibus
430 647 603 709 illius
636 646 1070 721 humanitatis,
1118 664 1235 727 per
1286 664 1479 726 quem
1526 646 1671 708 illas

90 740 389 803 elevabat
424 741 513 804 ad
542 740 1049 823 supernaturales
1080 739 1341 803 effeetus
1364 758 1381 815 ;
1408 745 1471 801 et
1496 740 1669 802 hunc

86 838 337 895 motum
362 838 605 897 vocant
628 834 1201 897 instrumentarius
1228 834 1545 895 virtutem.
1576 832 1671 893 Ita

86 924 278 987 docet
300 928 565 1002 scetus,
590 934 653 991 et
674 928 857 989 multi
900 944 983 989 ex
1026 926 1387 1003 Thomistis,
1416 925 1671 989 adducti

82 1019 301 1081 verbis
328 1021 417 1083 Ι).
452 1020 711 1083 Thomu
750 1019 907 1082 locis
950 1019 1157 1083 citatis
1172 1064 1189 1094 ,
1224 1018 1335 1099 qui
1354 1018 1671 1081 interdum

76 1108 167 1171 ita
206 1111 405 1191 loqui
434 1113 729 1189 videtum
756 1113 823 1173 hi
874 1128 1027 1175 vero
1052 1118 1343 1175 auctores
1370 1130 1498 1175 non
1526 1128 1673 1193 pro·

64 1199 237 1265 hant
270 1223 476 1267 suam
518 1207 913 1281 sententiam,
940 1205 1057 1269 sed
1092 1206 1407 1287 explicant
1454 1222 1669 1269 exem·-

66 1297 177 1376 plo
242 1301 831 1364 instrumentorum
884 1301 1035 1363 artis
1052 1347 1071 1377 ,
1110 1318 1255 1382 quie
1306 1302 1389 1363 ab
1432 1301 1671 1363 artifice

70 1392 385 1456 humano
414 1396 745 1459 elevantur
762 1412 877 1477 per
894 1402 1137 1459 motum
1162 1395 1567 1459 artificiosum
1590 1394 1675 1458 ad

66 1488 437 1565 proprium
464 1490 759 1552 effectum
790 1488 1281 1570 perficiendum3
1318 1506 1450 1551 non
1486 1506 1675 1569 repu-

62 1586 231 1655 gnat
268 1589 507 1644 autem
531 1585 729 1645 Deum
752 1582 935 1646 simili
962 1584 1151 1646 modo
1194 1584 1463 1663 operari.

136 1677 215 1733 5.
276 1676 427 1737 Sed
452 1676 585 1739 hnc
612 1677 1033 1739 sententiavel
1060 1692 1197 1739 rem
1214 1694 1349 1739 uon
1378 1676 1673 1757 explicat,

61 1766 167 1825 rel
202 1767 399 1831 falsa
428 1776 545 1844 est,
576 1770 913 1851 minusque
948 1770 1211 1851 intelligi
1256 1775 1461 1850 potest
1481 1786 1677 1852 quam

60 1862 479 1937 praecedens
502 1885 525 1939 ;
554 1880 711 1944 nego
740 1864 913 1927 enim
936 1863 1091 1945 quid
1112 1863 1193 1925 sit
1220 1863 1319 1925 hic
1340 1869 1551 1927 motus
1572 1880 1677 1925 ar-

60 1952 437 2019 tificiosus.
462 1958 533 2019 si
559 1958 731 2019 enim
754 1957 915 2021 nihil
940 1957 1113 2019 reale
1132 1963 1229 2020 est
1254 1964 1579 2037 receptum
1606 1958 1675 2019 in

60 2046 509 2113 humanitate
534 2050 777 2127 Christi,
814 2058 925 2113 aut
949 2050 1167 2125 verbo,
1190 2050 1293 2113 vel
1312 2056 1485 2113 tactu
1506 2051 1669 2131 ejus,

60 2140 258 2217 quod
292 2143 385 2203 sit
418 2144 615 2207 veluti
638 2144 1019 2225 principium
1048 2144 1315 2207 actionis
1338 2144 1677 2207 miraculo·

60 2250 179 2306 sae,
218 2235 353 2297 sed
382 2237 597 2301 solum
620 2239 703 2301 sit
726 2238 1223 2318 supernaturalis
1248 2238 1582 2300 efficientia
1611 2243 1676 2300 et

60 2344 459 2391 concursus
484 2332 627 2403 Dei,
652 2332 773 2395 hoc
800 2332 1015 2403 mode,
1064 2348 1273 2411 neque
1300 2330 1669 2411 explicatur,

63 2436 205 2481 nee
224 2422 513 2487 solvitur
534 2424 739 2505 posita
766 2425 1120 2495 difficultas,
1152 2425 1301 2505 quia
1349 2442 1467 2505 per
1493 2424 1675 2485 illum

69 2522 345 2577 motum
368 2516 567 2579 modo
586 2519 1239 2599 explicatumintelligi
1256 2524 1461 2599 potest
1472 2520 1675 2581 Deum

76 2608 349 2671 efficere
386 2612 709 2685 effectum,
734 2618 1037 2691 tanquam
1072 2630 1189 2693 per
1212 2612 1549 2689 actionem,
1573 2610 1675 2673 vel

76 2720 489 2767 concursum
516 2724 727 2783 suum,
754 2724 885 2769 non
918 2714 1133 2771 tamen
1178 2712 1385 2785 potest
1411 2705 1673 2784 intelligi

74 2798 253 2876 quid
294 2818 423 2879 per
466 2800 645 2863 illum
698 2801 927 2864 efficiat
968 2801 1355 2877 humanitas,
1390 2798 1675 2879 quando-

76 2891 367 2969 quidem
398 2911 609 2974 neque
632 2901 731 2957 est
750 2896 939 2969 aetio,
964 2912 1175 2975 neque
1211 2892 1449 2974 aliquid
1472 2892 1669 2955 aliud.

76 2984 147 3047 Si
176 2992 421 3047 autem
444 3005 563 3067 per
606 2994 854 3050 motum
904 2987 1313 3050 artificiosum
1362 2985 1674 3066 intelligat

77 3076 225 3140 hoec
256 3080 489 3159 opinio
514 3080 753 3161 aliquid
776 3082 1177 3163 impressum,
1210 3080 1527 3143 inherens
1554 3078 1676 3141 hu·-

78 3174 419 3249 manitati‚
448 3175 540 3235 sic
562 3181 659 3237 est
690 3174 872 3253 falsa,
918 3182 983 3239 et
1007 3177 1219 3239 minus
1268 3174 1531 3255 intelligi
1559 3190 1675 3253 po-

77 3270 219 3329 test
248 3286 265 3339 ;
301 3268 459 3347 qnia
495 3268 639 3331 talis
670 3275 879 3331 motus
902 3269 1005 3333 vel
1058 3274 1229 3333 esset
1268 3267 1581 3343 alteratio,
1612 3272 1677 3329 et

78 3360 217 3421 hoe
268 3378 433 3438 non,
468 3364 621 3443 quia
656 3368 973 3443 oporteret
1020 3380 1133 3441 per
1172 3362 1351 3424 illum
1396 3361 1673 3441 aliquam

86 3454 479 3533 qualitatem
504 3456 791 3536 produci,
816 3456 987 3536 quod
1005 3457 1139 3535 jam
1172 3455 1499 3536 explosum
1526 3460 1623 3517 est
1652 3472 1669 3529 ;

84 3548 201 3609 vel
232 3552 407 3611 esset
430 3556 639 3611 motus
664 3549 910 3627 localiS,
928 3556 991 3612 et
1012 3548 1137 3611 hoc
1174 3549 1365 3613 etiam
1392 3547 1519 3611 dici
1547 3564 1675 3609 non

92 3648 323 3722 potest
350 3687 373 3718 ,
405 3648 539 3705 tum
565 3642 715 3723 quia
742 3660 915 3723 saepe
940 3644 1189 3723 operari
1216 3646 1423 3723 potest
1464 3640 1677 3703 anima

100 3734 339 3797 Christi
362 3736 655 3799 effectum
678 3736 1127 3801 miraculosum
1152 3754 1269 3818 per
1286 3736 1676 3799 voluntatem

104 3846 295 3889 suam
325 3828 567 3909 absque
594 3836 773 3893 motu
795 3830 1003 3904 locali,
1026 3836 1139 3892 eut
1156 3846 1271 3911 per
1294 3846 1515 3891 vocem
1534 3826 1675 3891 abs·

98 3938 233 4000 que
259 3920 393 3985 alio
416 3922 751 3987 artificioso
777 3930 979 3999 motu,
998 3930 1230 4005 praeter
1254 3924 1433 3989 illum
1456 3922 1569 4000 qui
1594 3938 1674 3983 ex

96 4022 341 4078 natura
364 4016 461 4079 rei
486 4018 881 4080 necessarius
902 4023 999 4081 est
1032 4017 1117 4079 ad
1141 4017 1539 4079 formandam
1570 4032 1675 4077 vo·

94 4128 269 4185 cem,
308 4112 379 4171 in
410 4128 539 4191 quo
568 4112 813 4173 nullum
850 4118 947 4175 est
980 4111 1313 4175 artificium
1354 4111 1421 4173 in
1454 4110 1675 4173 ordine

91 4208 179 4267 ad
210 4206 761 4285 supernaturalem
802 4207 1095 4269 effectum
1144 4204 1619 4287 producendum
1650 4222 1667 4277 ;

90 4306 317 4361 motus
346 4316 501 4380 ergo
525 4300 633 4362 ille
659 4318 788 4362 non
812 4308 1019 4381 potest
1058 4316 1199 4363 esse
1224 4299 1420 4361 virtus
1446 4300 1673 4362 instru-

88 4391 813 4467 mentali331umetiam
840 4394 991 4474 quia
1026 4391 1333 4473 quidquid
1372 4410 1513 4456 esse
1553 4394 1675 4455 fln-

90 4494 291 4565 gator
351 4486 717 4567 hujusmodi
743 4489 977 4563 motus,
1026 4493 1123 4549 est
1162 4484 1315 4565 quid
1347 4485 1672 4567 imperfec-

86 4583 219 4643 tius
278 4600 483 4662 quam
539 4582 833 4663 quaslibet
872 4581 1143 4662 qualitas
1173 4599 1189 4655 ;
1238 4598 1391 4662 ergo
1446 4587 1671 4643 natura

89 4694 207 4737 sua
240 4694 381 4738 non
430 4682 641 4757 potest
688 4694 823 4737 esse
864 4676 1063 4739 virtus
1090 4675 1175 4737 ad
1218 4674 1537 4755 agendum
1566 4692 1671 4735 su·-

88 4771 577 4849 pernaturalem
612 4771 905 4833 effectum
938 4788 955 4844 ς
990 4786 1141 4849 ergo
1176 4786 1296 4831 nec
1342 4784 1457 4848 per
1480 4768 1669 4829 illum

88 4864 325 4926 elevari
360 4870 572 4945 potest
617 4864 971 4927 humanitas
1008 4862 1091 4924 ad
1114 4862 1233 4925 hos
1280 4862 1541 4925 effectus
1565 4878 1669 4923 su·

86 4958 544 5038 pernaturales
596 4956 981 5019 efficiendos.
1036 4956 1409 5037 Exemplum
1454 4962 1667 5017 autem

88 5050 245 5113 illud
276 5056 611 5131 sumptum
663 5066 743 5113 ex
767 5050 1195 5113 instrumentis
1237 5066 1452 5111 rerum
1480 5048 1667 5109 artifi-

89 5146 352 5207 cialium
382 5142 545 5206 nihil
562 5142 648 5205 ad
670 5160 807 5205 rem
826 5142 991 5206 hanc
1002 5142 1437 5223 explicandam
1460 5142 1663 5220 juvat,

87 5241 231 5317 quia
266 5240 413 5300 haec
442 5236 863 5299 instrumenta
905 5235 1058 5298 artis
1100 5239 1275 5297 mota
1316 5235 1401 5296 ab
1426 5232 1667 5296 artifice

84 5350 314 5397 revera
334 5330 509 5393 nihil
542 5330 823 5394 efficiunt
850 5328 1100 5411 proprie
1144 5334 1207 5391 et
1234 5346 1345 5411 per
1376 5346 1465 5403 se,
1494 5328 1667 5407 quod

83 5428 349 5489 illorum
380 5424 625 5487 formas
652 5430 717 5487 et
742 5424 1031 5487 virtutem
1060 5430 1335 5503 superet.
1368 5422 1525 5495 Quia
1551 5441 1667 5503 per

80 5540 139 5583 se
199 5520 421 5603 primo
450 5534 569 5598 per
606 5518 972 5599 hujusmodi
1016 5520 1429 5583 iustrumenta
1458 5516 1662 5581 solum

3194 354 3310 417 105

1753 456 1825 521 fit
1850 459 2186 541 applicatio
2211 459 2314 523 vel
2337 455 2620 539 expulsio
2639 456 2906 539 eliquus
2931 458 3212 541 corporis
3231 458 3316 522 ab

1752 552 1875 615 hoc
1894 553 1992 615 vel
2016 553 2125 617 illo
2153 553 2334 627 loco;
2367 559 2432 616 et
2457 556 2668 615 motus
2687 551 3088 615 instrumenti
3115 552 3320 617 direc-

1750 650 1855 708 tus
1884 662 1996 709 seu
2027 646 2414 728 gubernatus
2431 646 2514 709 ab
2538 652 2698 723 arte,
2729 646 2930 709 solum
2961 645 3044 708 ad
3071 647 3192 709 hoc
3209 646 3318 711 de-

1752 740 1966 815 servit,
1997 746 2068 803 ut
2097 742 2228 803 hoec
2255 738 2634 803 introductio
2661 739 2760 801 vel
2789 739 3072 823 expulsio
3101 756 3317 821 corpo·

1750 833 1841 897 ris
1866 834 1933 897 in
1959 833 2102 897 loco
2121 834 2410 898 ordinate
2429 833 2564 908 fiat,
2595 838 2666 894 ut
2697 832 2844 895 inde
2870 832 3178 895 resultent
3197 900 3202 907 ,
3223 832 3318 894 di-

1751 944 1947 989 versa
1969 928 2214 1009 figuras,
2251 946 2366 1010 per
2393 944 2554 1009 quas
2580 945 2684 989 res
2711 925 3062 989 artificioso
3089 926 3317 988 consti-

1753 1025 2042 1083 tuuntur.
2089 1021 2268 1085 Unde
2310 1020 2382 1085 fit
2411 1028 2482 1083 ut
2513 1020 2614 1083 hic
2647 1025 2858 1082 motus
2903 1036 3036 1081 non
3065 1020 3146 1081 sit
3169 1036 3320 1099 pro-

1751 1114 1887 1194 prie
1912 1115 2076 1177 ratio
2101 1120 2165 1177 et
2197 1114 2572 1195 principium
2611 1112 2844 1195 agendi
2858 1159 2875 1188 ‚
2917 1110 3033 1175 sed
3069 1116 3316 1175 tantum

1752 1208 2090 1289 applicatio
2123 1214 2188 1271 et
2212 1206 2488 1271 conditio
2513 1206 2840 1288 requisita,
2865 1212 2938 1268 ut
2961 1205 3184 1285 possit,
3205 1222 3319 1285 per

1752 1300 2264 1376 instrumentum,
2295 1300 2468 1365 aliud
2507 1318 2738 1383 corpus
2763 1300 2886 1363 hoc
2918 1298 3022 1363 vel
3047 1298 3154 1361 illo
3181 1314 3320 1361 mo-

1753 1395 1837 1459 do
1864 1412 2162 1477 movere3
2191 1402 2256 1459 et
2283 1397 2426 1459 ideo
2483 1414 2562 1459 ex
2601 1393 2704 1457 his
2741 1392 3196 1470 instrumentis,
3259 1397 3321 1455 et

1753 1507 1831 1551 ex
1856 1488 2048 1552 modo
2077 1506 2322 1565 eorum,
2355 1508 2486 1553 non
2523 1495 2732 1570 potest
2775 1488 2942 1551 sumi
2977 1502 3320 1567 argumen-

1752 1588 1891 1645 tum
1916 1582 2002 1645 ad
2037 1584 2450 1649 instrumente
2489 1580 3018 1665 supernaturalia,
3071 1597 3194 1643 nec
3237 1579 3322 1643 ad

1756 1676 2052 1741 virtutem
2083 1694 2308 1739 eorum
2337 1674 2798 1759 explicandam,
2815 1674 2884 1737 in
2909 1690 3036 1755 qua
3056 1670 3318 1735 difficul-

1757 1776 1885 1833 tate
1908 1787 2082 1835 nunc
2105 1788 2456 1834 versamur.

1838 1864 1901 1927 6.
1944 1866 2160 1928 Tertio
2181 1864 2372 1927 modo
2399 1864 2700 1946 explicari
2721 1862 2882 1927 solet
2896 1863 3035 1925 hoec
3059 1860 3322 1924 difficul-

1756 1964 1853 2021 tas
1885 1976 1962 2021 ex
1993 1960 2292 2041 cajetano
2321 1966 2386 2023 et
2413 1960 2658 2023 Ferrar.
2705 1976 2918 2042 supra,
2969 1957 3322 2023 humanita-

1755 2060 1905 2129 tem,
1932 2055 2090 2117 etin
2141 2055 2508 2117 universum
2555 2070 2811 2117 omnem
2859 2070 2996 2117 rem
3049 2056 3322 2116 creatam

1756 2148 1991 2209 elevari
2013 2146 2096 2209 ad
2123 2147 2524 2210 efficiendum
2546 2147 2810 2229 aliquid,
2841 2154 2914 2211 ut
2939 2148 3322 2209 instrumen-

1752 2244 1889 2303 tum
1920 2240 2052 2317 Dei,
2082 2258 2213 2303 non
2241 2258 2354 2322 per
2403 2240 2681 2323 aliquam
2727 2258 2888 2316 rem,
2919 2242 3022 2303 vel
3061 2240 3323 2321 qualita-

1755 2338 1905 2408 tem,
1943 2333 2048 2395 vel
2073 2334 2402 2415 physicum
2427 2340 2672 2397 motum
2698 2336 2808 2413 qui
2827 2332 3205 2397 humanitati
3220 2333 3323 2395 vel

1755 2423 2178 2489 instrumento
2219 2428 2722 2509 superaddatur-3
2773 2427 2888 2491 sed
2916 2428 3122 2489 solum
3169 2426 3322 2507 quia

1752 2519 1843 2581 ita
1868 2518 2319 2582 subordinatur
2331 2520 2560 2583 divinas
2583 2522 2914 2599 voluntati,
2926 2526 2998 2583 ut
3025 2538 3140 2601 per
3159 2520 3324 2601 seip-

1756 2630 1917 2691 sam,
1941 2612 2044 2675 vel
2071 2630 2188 2694 per
2211 2631 2392 2677 suam
2417 2615 2732 2678 actionem
2757 2614 3006 2679 intimet
3037 2612 3320 2677 divinum

1756 2706 2114 2787 imperium,
2153 2725 2270 2789 per
2321 2708 2494 2787 quod
2533 2726 2640 2771 res
2674 2709 2878 2771 omnis
2913 2708 3012 2771 vel
3058 2705 3324 2769 effectus

1752 2797 1890 2863 fieri
1934 2804 2162 2879 potest.
2201 2798 2328 2863 Sed
2355 2801 2488 2863 hoec
2527 2800 2838 2865 sententia
2881 2800 2982 2865 vel
3025 2818 3160 2863 rem
3190 2814 3321 2861 non

1756 2892 2045 2973 explicat,
2073 2894 2174 2955 vel
2193 2894 2356 2956 tollit
2377 2912 2592 2957 veram
2621 2902 2686 2959 et
2705 2895 3023 2976 propriam
3048 2892 3322 2955 efficien-

1754 2987 1905 3051 tiam
1922 2988 2186 3051 istorum
2209 2988 2792 3053 instrumentorum.
2809 2990 3134 3067 Interrogo
3149 2985 3320 3049 enim

1754 3080 1907 3161 quid
1931 3081 2012 3145 sit
2031 3082 2322 3145 intimare
2344 3081 2627 3144 divinum
2667 3082 3022 3163 imperium,
3054 3096 3322 3162 proeser-

1754 3175 1867 3237 tim
1904 3174 2072 3236 circa
2093 3192 2200 3237 res
2227 3192 2368 3257 qnoe
2391 3176 2746 3257 cognitione
2757 3182 2998 3255 carent,
3025 3176 3128 3238 vel
3155 3176 3320 3238 circa

1756 3267 2018 3330 effectus
2037 3268 2247 3331 denuo
2281 3270 2740 3351 producendae.
2783 3270 2891 3333 Vel
2917 3270 3087 3331 enim
3115 3268 3318 3332 solum

1756 3366 1853 3423 est
1881 3361 1966 3422 ad
1988 3363 2384 3441 praeentiam
2413 3362 2552 3425 talis
2577 3364 2693 3437 rei,
2716 3364 2817 3425 vel
2843 3362 3108 3425 actionis
3135 3367 3322 3424 natu-

1756 3454 1929 3531 ralis,
1960 3457 2162 3517 Deum
2181 3456 2448 3537 imperio
2479 3476 2595 3519 suo
2623 3474 2758 3519 rem
2773 3457 3048 3533 efficere,
3073 3462 3135 3519 et
3149 3456 3319 3519 hunc

1757 3566 1893 3611 esse
1922 3548 2212 3611 ordinem
2269 3550 2657 3613 infallibilem
2695 3568 2776 3613 ex
2801 3551 2916 3614 Dei
2963 3556 3172 3633 pacto,
3219 3549 3318 3613 vel

1756 3642 2195 3723 promissione,
2219 3649 2283 3706 et
2313 3644 2432 3707 hoc
2453 3644 2642 3707 modo
2669 3651 2938 3726 negatur
2965 3644 3064 3707 his
3089 3644 3322 3706 instru-

1754 3738 2164 3801 mentisvera
2193 3738 2354 3799 actio
2383 3743 2445 3799 et
2463 3738 2822 3815 efficientia,
2847 3745 2910 3801 et
2927 3738 3226 3800 inciditur
3251 3738 3318 3799 in

1756 3832 2118 3913 opinionem
2149 3840 2530 3895 asserentem
2565 3850 2705 3897 esse
2751 3833 3144 3895 conditiones
3178 3832 3316 3893 sine

1755 3926 1984 4005 quibus
2003 3944 2134 3987 non
2153 3926 2226 3988 fit
2243 3926 2528 4003 effectus,
2559 3933 2622 3990 et
2647 3926 2730 3989 ad
2759 3944 3026 4008 quarum
3049 3940 3318 4008 praesen·

1757 4018 1907 4081 tiam
1926 4020 2136 4081 statim
2163 4018 2257 4096 fit,
2279 4020 2412 4083 Deo
2430 4020 2516 4082 ita
2544 4019 2916 4100 disponente
2937 4024 3002 4081 et
3028 4017 3318 4081 ordinan-

1755 4118 1851 4191 te3
1882 4112 2054 4192 quod
2075 4113 2334 4176 tandem
2361 4112 2672 4177 concessit
2699 4112 2969 4187 Ferrar„
3000 4114 3040 4175 3
3096 4117 3316 4174 contra

1754 4206 1964 4282 Gent.,
2001 4224 2136 4287 cap.
2164 4208 2304 4269 102.
2334 4206 2450 4269 Vel
2485 4206 2780 4270 intimare
2823 4206 3187 4287 imperium,
3219 4211 3317 4268 est

1754 4318 1903 4362 vere
1916 4301 2142 4381 exequi
2157 4306 2221 4363 et
2235 4300 2484 4363 efficere
2511 4301 2988 4383 supernaturale
3006 4316 3166 4380 opus
3171 4299 3316 4379 jux-

1751 4398 1819 4455 ta
1864 4394 2146 4456 divinum
2195 4395 2551 4476 imperium,
2582 4402 2645 4459 et
2673 4396 2737 4457 in
2796 4397 2915 4457 hoc
2946 4411 3140 4457 sensu
3185 4408 3314 4455 non

1754 4490 2098 4570 explicatur
2109 4508 2232 4567 res,
2253 4490 2364 4552 sed
2379 4494 2612 4571 petitur
2623 4490 3000 4571 principium
3011 4506 3128 4569 per
3143 4487 3185 4548 h
3195 4504 3314 4549 unc

1752 4583 2001 4645 dicendi
2029 4582 2289 4645 modum
2314 4600 2332 4657 ;
2374 4585 2494 4646 hoc
2523 4584 2694 4645 enim
2723 4588 2816 4646 est
2841 4580 3014 4661 quod
3055 4581 3316 4661 inquiri·

1750 4694 1917 4753 mus,
1969 4676 2288 4759 quomodo
2333 4677 2606 4739 efficiant
2642 4677 2882 4757 absque
2911 4674 3312 4756 superaddita

1750 4770 2000 4835 virtute.

1830 4868 1891 4927 ’1.
1953 4864 2462 4931 lustramentum
2509 4864 2714 4929 virtue
2761 4860 3194 4927 miraculorum
3244 4860 3314 4925 in

1751 4956 1991 5023 Christi
2013 4958 2392 5022 humanitate
2413 4956 2562 5039 quid
2583 4958 2697 5021 rit.
2727 4986 2808 5003 -
2832 4954 3178 5018 Dicendum
3207 4970 3312 5015 er-

1746 5070 1831 5132 go
1856 5052 2105 5115 videtur
2132 5052 2297 5113 hanc
2339 5052 2638 5114 virtutem
2671 5050 3214 5113 instrumentalem
3244 5048 3308 5108 in

1746 5146 1972 5209 Christi
2003 5146 2392 5208 humanitate
2445 5162 2576 5207 non
2617 5160 2754 5205 esse
2783 5161 2921 5205 rem
2959 5141 3062 5204 vel
3091 5140 3310 5203 entita-

1748 5246 1875 5303 tem
1907 5240 2338 5319 aliquam,aut
2359 5237 2771 5301 intrinsecum
2799 5234 3060 5297 modum
3089 5234 3312 5295 huma·

1746 5334 1925 5397 nitati
1961 5334 2269 5411 additum,
2299 5334 2518 5415 illique
2570 5333 3004 5405 inhaerentem,
3045 5334 3114 5389 ut
3143 5328 3308 5389 bene

1744 5426 2012 5509 probant
2033 5444 2174 5507 quae
2197 5434 2414 5489 centra
2439 5427 2708 5507 primam
2727 5423 3100 5487 sententiam
3127 5426 3191 5483 et
3213 5436 3307 5483 se·

1744 5520 2018 5587 cundem
2047 5520 2214 5584 dicta
2243 5526 2430 5597 sunt3
2461 5518 2574 5582 sed
2604 5534 2744 5581 esse
2787 5514 3130 5598 potentium
3159 5512 3302 5577 obc-
