3892 6167
583 486 866 550 dandum
893 484 1212 548 extensive
1241 487 1334 564 (ut
1361 487 1450 550 sic
1475 488 1726 567 dicam),
1755 489 1874 551 nisi
1905 509 1985 552 ea
2012 507 2150 569 quae

585 589 682 644 est
705 579 1155 652 connaturalis,
1179 585 1242 642 et
1267 580 1593 662 adaequata
1617 583 1734 664 ipsi
1753 585 1886 646 Deo
1915 584 1983 645 iu
2010 601 2150 663 per-

581 675 854 739 fectione
903 672 1238 750 intensiva,
1285 679 1356 738 ut
1403 675 1590 740 latius
1641 678 1864 740 dicturi
1904 695 2145 754 sumus,

583 776 732 834 sect.
767 773 825 834 3.

668 869 768 930 15.
803 863 1084 945 objectio.
1119 865 1468 942 -Satisfi‘c
1495 865 1824 948 objectioni.
1843 867 2143 957 —Dices,

583 977 754 1040 saepe
786 959 1060 1022 visiones
1109 979 1221 1023 seu
1267 961 1724 1026 intellectiones
1769 981 1957 1043 posse
2004 979 2147 1025 esse

583 1053 929 1131 inaequales
963 1053 1026 1114 in
1057 1055 1246 1116 modo
1269 1055 1616 1132 attingendi
1647 1057 1987 1136 objectum,
2018 1073 2146 1117 non

581 1146 732 1228 quia
773 1147 1000 1228 aliquis
1039 1148 1265 1211 modus
1307 1150 1532 1230 objecti
1561 1167 1674 1230 per
1708 1167 1902 1212 unam
1930 1149 2145 1212 videa-

579 1247 708 1316 tur,
741 1245 804 1303 et
839 1261 968 1304 non
1009 1259 1126 1324 per
1159 1243 1384 1320 aliam,
1441 1243 1554 1305 sed
1597 1243 1744 1324 quia
1783 1263 1914 1304 uno
1954 1243 2143 1305 modo

583 1331 756 1395 idem
787 1335 1080 1399 videatur
1126 1355 1242 1418 per
1269 1355 1468 1399 unum
1499 1343 1733 1415 actum,
1783 1345 1848 1400 et
1871 1357 2001 1398 non
2030 1355 2145 1417 per

580 1426 773 1494 alium
795 1446 811 1504 ;
837 1447 1011 1510 erge,
1033 1431 1258 1492 eadem
1280 1434 1546 1506 ratione,
1570 1437 1777 1511 potest
1797 1431 1953 1492 visio
1976 1431 2143 1492 adae-

581 1527 776 1602 quata
837 1521 1086 1603 objecto
1135 1524 1454 1586 extensive
1513 1543 1650 1587 esse
1701 1525 2035 1604 perfectior
2075 1527 2143 1585 in

579 1617 795 1693 modo,
825 1617 1112 1695 quamvis
1133 1617 1238 1680 ille
1265 1618 1492 1679 modus
1517 1635 1644 1679 non
1677 1618 1758 1679 sit
1801 1619 1864 1679 in
1895 1620 2143 1698 objecto

577 1708 751 1772 visus
767 1711 868 1772 vel
895 1729 1023 1772 non
1047 1711 1241 1773 visus.
1273 1711 1712 1791 Respondetur
1737 1712 2144 1774 concedendo

579 1809 805 1880 totum,
839 1804 930 1867 sic
961 1805 1130 1866 enim
1181 1805 1659 1886 comprehensio
1687 1805 1977 1886 ejusdem
2024 1808 2148 1867 An-

582 1897 707 1980 geli
741 1898 1052 1960 inferioris
1097 1899 1432 1980 perfectior
1459 1901 1645 1962 estin
1684 1917 1981 1979 supremo
2020 1905 2146 1962 An-

581 1991 726 2072 gelo
757 2009 952 2072 quam
979 1993 1044 2054 in
1075 1993 1196 2056 alio
1247 1993 1662 2069 intermedio,
1715 1995 1862 2057 licet
1905 1995 2147 2056 nullam

581 2085 914 2162 rationem,
946 2085 1204 2148 modum
1227 2133 1243 2162 ,
1291 2093 1404 2149 aut
1427 2087 1884 2162 habitudinem,
1933 2089 2145 2150 termi-

579 2197 814 2243 numve
841 2181 980 2262 ejus
1008 2177 1348 2262 cognoscat
1373 2201 1562 2256 unus,
1599 2201 1726 2244 non
1756 2201 1906 2246 vero
1956 2185 2142 2261 alius,

577 2273 644 2336 in
677 2275 1059 2354 particulari,
1095 2283 1158 2341 et
1187 2295 1334 2338 cum
1383 2277 1554 2340 omni
1582 2276 1979 2341 distinctione
2030 2297 2141 2341 seu

579 2367 1044 2450 specificatione
1073 2387 1150 2432 ex
1193 2375 1368 2452 parte
1405 2371 1657 2452 objecti.
1705 2371 1852 2434 Dico
1897 2379 2139 2449 tamen,

579 2463 834 2542 quando
879 2464 1268 2544 cognitiones
1297 2465 1612 2546 attingunt
1657 2465 1828 2528 hunc
1873 2467 2142 2546 gradum

576 2553 979 2636 perfectionis
1005 2575 1082 2619 ex
1112 2565 1290 2638 parte
1321 2558 1568 2638 objecti,
1599 2559 1778 2620 illum
1798 2559 1991 2621 alium
2016 2577 2144 2620 mo·

579 2649 755 2724 dum,
782 2649 846 2710 in
878 2667 1004 2730 quo
1029 2657 1126 2712 est
1153 2667 1469 2726 excessuS,
1507 2669 1636 2714 non
1665 2651 1914 2714 fundari
1939 2651 2004 2713 in
2032 2653 2143 2713 ob-

575 2741 766 2823 iecto,
811 2761 1021 2823 neque
1065 2751 1136 2806 ut
1179 2745 1580 2822 terminante,
1641 2763 1852 2824 neque
1891 2751 1963 2806 ut
2010 2746 2143 2808 effi-

578 2835 808 2910 ciente,
850 2836 952 2898 vel
979 2839 1160 2917 quasi
1189 2839 1501 2901 efficiente
1545 2839 1990 2918 cognitionem,
2030 2839 2141 2902 sed

575 2929 829 2991 fundari
856 2930 924 2991 in
965 2931 1099 2992 sola
1141 2932 1525 3014 perfectione
1574 2935 2029 3013 cognoscentiS‚
2080 2940 2143 2996 et

577 3021 720 3086 ideo
755 3023 1179 3088 dlversitatem
1218 3025 1390 3088 illam
1417 3027 1577 3089 nihil
1621 3027 1705 3089 ad
1733 3027 2142 3108 comprehen-

577 3116 822 3180 sionem
848 3117 1107 3181 referre.

663 3213 762 3273 16.
801 3210 1076 3291 Replioa.
1097 3243 1178 3262 —·
1216 3213 1583 3279 Resolvitur.
1609 3247 1690 3263 —
1717 3213 1842 3276 Sed
1887 3221 2136 3292 contra,

581 3304 751 3384 quia,
777 3303 922 3368 licet
961 3305 1026 3367 in
1059 3307 1574 3370 substantialibus
1603 3308 1862 3388 objectis
1892 3325 2141 3388 semper

579 3395 938 3460 inveniatur
965 3417 1114 3463 vera
1143 3403 1309 3463 dicta
1336 3403 1558 3484 regula
1582 3407 1644 3463 et
1669 3402 1978 3478 doctrina,
2014 3421 2142 3465 non

585 3497 790 3553 tamen
821 3493 886 3554 in
914 3493 1441 3570 accidentalibus;
1473 3515 1622 3558 nam
1662 3496 1942 3576 Angelus
1983 3497 2145 3558 infe·

586 3586 730 3660 rior,
763 3587 906 3649 licet
929 3607 1059 3650 non
1078 3591 1275 3670 possit
1299 3591 1836 3671 comprehendere
1865 3591 2145 3670 superio-

588 3695 720 3741 rem
773 3680 1083 3760 Angelum
1111 3727 1128 3756 ,
1183 3685 1413 3763 poterit
1455 3689 1669 3746 tamen
1725 3685 2143 3764 comprehen-

580 3773 756 3851 dere,
791 3775 1013 3836 saltem
1051 3777 1393 3852 extensive,
1427 3777 1701 3856 aliquem
1736 3785 1949 3839 actum
1980 3777 2137 3857 ejuS‚

581 3873 654 3930 ut
683 3887 874 3930 unam
905 3869 1419 3947 intellectionem,
1457 3872 1560 3933 vel
1605 3875 1813 3933 actum
1861 3871 2137 3944 amoris;

584 3968 647 4024 et
688 3967 903 4025 tamen
955 3963 1192 4027 illemet
1243 3971 1419 4027 actus
1468 3985 1544 4027 ex
1591 3984 1658 4028 se
1700 3965 2141 4044 perfectiorem

581 4057 865 4120 notitiam
886 4059 984 4119 sui
1013 4065 1274 4139 generat
1303 4060 1367 4121 in
1395 4060 1650 4140 proprio
1681 4059 1987 4139 subjecte,
2014 4059 2144 4120 sive

582 4149 650 4210 in
690 4151 929 4230 Angelo
959 4153 1138 4232 cujus
1170 4159 1285 4225 cst,
1321 4171 1512 4232 quam
1561 4153 1628 4214 in
1655 4152 1959 4214 inferiori.
2002 4155 2148 4214 Res·

577 4245 892 4323 pendetur
906 4245 1212 4323 imprimis
1225 4245 1342 4306 hoc
1359 4261 1494 4307 esse
1511 4245 1794 4318 dubium,
1813 4265 1986 4320 nam,
2002 4265 2148 4308 cum

584 4333 932 4397 accidentia
986 4337 1384 4399 essentialem
1451 4337 1662 4400 dicant
1715 4339 1997 4400 ordinem
2065 4339 2147 4400 ad

582 4429 930 4508 subjectum
951 4431 1384 4505 connaturale,
1417 4431 1570 4492 satis
1591 4431 1996 4511 probabiliter
2022 4433 2146 4494 dici

581 4527 791 4602 potest
817 4539 947 4584 non
975 4524 1428 4604 comprehendi
1465 4525 1582 4586 nisi
1610 4524 1690 4586 ab
1739 4543 1814 4587 eo
1846 4527 1953 4606 qui
1994 4527 2146 4588 sub-

575 4616 820 4698 jectum
847 4617 1346 4697 comprehendit,
1391 4625 1456 4682 et
1494 4619 1876 4682 intellectum
1919 4620 2145 4683 animae

585 4711 1030 4790 comprehendi
1085 4729 1214 4774 non
1263 4729 1485 4793 posse,
1524 4731 1656 4775 non
1687 4713 2144 4793 comprehensa

587 4805 822 4868 anima.
853 4803 1114 4880 Deinde,
1135 4805 1184 4866 si
1211 4813 1600 4886 assumptum
1627 4805 2013 4883 admittatur,
2037 4826 2146 4888 po-

583 4897 712 4960 tius
737 4897 884 4958 inde
921 4897 1164 4959 elicitur
1194 4901 1736 4962 accommodatum
1763 4901 2142 4981 exemplum,

588 4991 671 5053 ad
700 4989 1145 5053 declarandum
1168 4991 1486 5072 quomodo
1515 4993 1816 5072 perfectio
1840 4993 2148 5055 intensiva

587 5089 764 5146 actus
784 5083 1135 5146 necessaria
1154 5103 1282 5146 non
1312 5085 1390 5146 sit
1413 5085 1490 5146 ad
1519 5085 2149 5166 comprehensionem

586 5175 969 5258 simpliciter.
999 5177 1154 5240 Nam
1175 5185 1353 5241 actus
1369 5179 1708 5258 superioris
1731 5180 1953 5259 Angeli
1974 5197 2150 5240 com-

585 5267 1000 5352 prehenditur
1011 5269 1092 5332 ab
1107 5271 1384 5335 inferiori
1390 5272 1702 5352 ,quamvis
1719 5291 1843 5333 non
1861 5291 2003 5333 cum
2016 5279 2147 5334 tota

585 5363 973 5446 perfectione
998 5364 1303 5428 intensiva
1344 5372 1780 5446 cognoscatur,
1833 5383 1977 5426 cum
2020 5383 2146 5446 qua

585 5479 664 5527 ex
690 5477 758 5528 se
787 5465 852 5530 et
875 5467 1105 5525 natura
1134 5480 1249 5524 sua
1297 5467 1480 5544 aptus
1510 5467 1606 5524 est
1641 5462 1958 5546 cognosci.
1982 5463 2142 5524 Tan·

586 5551 731 5618 dem
773 5559 978 5635 potest
1007 5553 1074 5618 in
1118 5555 1239 5620 hoc
1268 5555 1574 5636 assignaii
1613 5555 1950 5619 discrimen
1978 5555 2143 5618 inter

1841 391 2077 456 QUAEST.
2110 392 2173 444 Χ.
2208 393 2410 447 Anne.
2444 395 2527 448 lv.

2229 491 2613 554 substantias
2642 497 2704 554 et
2730 493 3075 556 accidentia
3092 539 3113 568 ,
3162 491 3324 574 quia
3358 492 3680 557 accidentia
3703 515 3759 560 ex

2230 603 2299 648 se
2324 591 2469 648 sunt
2493 585 2557 646 in
2578 586 2857 650 inferiori
2880 587 3099 650 ordine
3122 587 3499 650 constituta.
3526 589 3687 651 Unde
3705 609 3761 654 ex
3817 666 3818 670 Ἰ

2230 696 2297 740 se
2314 679 2503 740 etiam
2520 680 2829 742 minorem
2857 681 3153 743 virtutem
3180 681 3523 761 requirunt
3544 689 3607 744 ut
3628 702 3761 746 com·
3817 673 3818 742 l

2227 772 2719 852 prehendantur.
2761 773 2938 848 Quod
2986 781 3209 836 autem
3256 793 3301 836 a
3351 776 3601 854 propria
3650 779 3762 838 sub·

2228 866 2455 928 stantia
2488 867 2891 929 intellectuali
2924 868 3159 930 clarius
3194 875 3266 930 et
3311 868 3643 948 perfectius
3684 889 3764 932 co·
3817 887 3818 890 ’

2227 967 2631 1039 gnoscantur‚
2666 979 2857 1040 quam
2884 962 2967 1024 ab
3006 961 3331 1037 inferiori,
3364 966 3461 1024 est
3510 980 3617 1041 per
3640 966 3765 1024 acci·

2228 1053 2407 1125 dem,
2438 1054 2587 1132 quia
2614 1054 2750 1132 ipsa
2778 1071 2907 1116 non
2936 1060 3083 1118 sunt
3116 1073 3241 1134 per
3272 1071 3347 1117 se
3378 1055 3579 1134 primo
3619 1055 3764 1118 intel·

2226 1147 2483 1226 ligibilia
2532 1168 2569 1209 a
2616 1148 2722 1210 tali
2756 1150 3137 1226 substantia,
3174 1151 3297 1214 sed
3356 1151 3547 1231 quasi
3588 1169 3763 1212 conse·

2226 1249 2493 1322 quenter
2516 1241 2601 1304 ad
2638 1243 3061 1324 cognitionem
3100 1245 3487 1306 substantiae
3536 1261 3669 1305 suae.
3698 1247 3761 1306 Ac

2224 1335 2499 1416 denique
2542 1336 2603 1396 id
2634 1339 2835 1416 magis
2864 1340 3151 1416 provenit
3180 1357 3271 1400 ex
3302 1345 3489 1418 parte
3540 1338 3761 1415 subjecti

2224 1447 2415 1508 quam
2442 1447 2520 1490 ex
2548 1437 2725 1509 parte
2754 1430 3035 1510 ipsorum
3058 1431 3521 1493 accidentium.
3552 1429 3629 1490 At
3651 1447 3761 1490 vero

2226 1524 2569 1586 substantia
2600 1543 2677 1586 ex
2726 1543 2795 1586 se
2826 1531 2921 1588 est
2970 1526 3039 1588 in
3088 1525 3413 1606 superiori
3446 1524 3676 1594 ordine,
3718 1533 3761 1584 et

2225 1618 2479 1699 quando
2514 1637 2593 1680 ex
2622 1637 2691 1680 se
2724 1625 2817 1682 est
2848 1626 2992 1682 actu
3042 1619 3491 1699 intelligibilis,
3530 1617 3759 1698 seipsam

2224 1713 2479 1792 respicit
2502 1719 2573 1774 ut
2596 1713 2915 1792 objectum
2942 1715 3121 1793 quasi
3152 1712 3693 1792 proportionatum
3717 1719 3761 1770 et

2228 1813 2805 1871 commensuratum
2830 1827 2956 1871 suoe.
2972 1808 3187 1871 virtuti
3210 1827 3229 1881 ;
3258 1813 3329 1869 et
3356 1807 3503 1868 ideo
3532 1805 3761 1884 seipsam

2226 1901 2763 1982 comprehendere
2788 1906 3017 1981 potest,
3048 1919 3176 1963 non
3209 1918 3372 1964 vero
3408 1899 3493 1962 ab
3526 1899 3761 1960 inferiori

2228 1996 2699 2076 comprehendi,
2730 1997 2895 2058 hene
2922 2003 3133 2058 tamen
3174 2015 3213 2058 a
3244 1994 3586 2075 superiori.

2848 2183 3065 2238 ssscno
3098 2185 3161 2238 11.

2232 2305 2419 2363 Urunt
2444 2303 2743 2364 secundum
2768 2305 2935 2376 fidem
2955 2309 3143 2364 anirna
3162 2306 3380 2364 Christi
3411 2321 3517 2362 non
3548 2319 3737 2376 compre

2583 2392 2787 2449 hendat
2810 2393 3058 2450 divinam
3096 2395 3425 2452 essentiam.

2307 2566 2363 2623 1.
2412 2563 2555 2623 Haec
2590 2559 2847 2639 quaestio
2886 2562 3239 2622 communis
3271 2567 3374 2624 est
3402 2559 3537 2622 aliis
3566 2558 3754 2630 beatis,

2224 2654 2397 2716 etita
2426 2655 2871 2716 tractaturaD.
2890 2655 3155 2726 Thema,
3181 2659 3211 2717 1
3237 2675 3335 2734 p.,
3362 2672 3425 2733 q.
3458 2657 3554 2726 12,
3582 2657 3683 2712 art.
3706 2652 3753 2718 7;

2220 2755 2459 2822 tamen,
2491 2749 2641 2826 quia
2668 2747 2853 2808 video
2908 2748 3248 2828 nonnullos
3300 2746 3651 2826 specialiter
3696 2743 3755 2802 de

2224 2841 2432 2902 anima
2452 2839 2677 2901 Christi
2690 2840 2999 2915 dubitare,
3014 2847 3272 2920 propter
3284 2839 3661 2919 singularem
3684 2835 3754 2894 di·

2224 2935 2529 3014 gnitatem
2555 2933 2716 3012 ejuS‚
2750 2940 2813 2994 et
2838 2934 3138 2996 unionem
3168 2935 3248 2996 ad
3306 2935 3610 3002 Verbum,
3640 2928 3754 2990 ideo

2223 3046 2416 3108 cogor
2448 3033 2664 3089 exacte
2696 3027 2795 3088 hic
2824 3027 3139 3107 inquirere
3170 3047 3367 3106 quam
3400 3027 3477 3089 sit
3524 3031 3750 3088 certum.

2222 3124 2423 3184 Deum
2454 3139 2591 3182 esse
2620 3121 3315 3199 incomprehensibilem
3350 3122 3435 3184 ab
3472 3118 3751 3182 intellectu
3821 3113 3822 3190 ᾖ

2224 3221 2455 3290 create,
2488 3222 2677 3294 atque
2710 3215 2869 3276 adeo
2900 3213 2982 3274 ab
3036 3215 3244 3276 anima
3284 3213 3533 3279 Christi.
3582 3211 3753 3282 Quan-

2226 3329 2415 3390 quam
2472 3309 2639 3370 enim
2662 3307 2739 3369 de
2776 3307 2901 3368 fide
2937 3313 3177 3369 certum
3222 3309 3345 3384 sit,
3378 3307 3685 3369 hominem
3706 3299 3755 3360 in
3821 3327 3822 3382 j

2226 3404 2343 3464 hac
2364 3403 2487 3463 vita
2502 3419 2631 3462 non
2656 3419 2839 3481 posse
2866 3401 3409 3480 comprehendere
3438 3401 3649 3468 Deum,
3670 3411 3757 3454 ne·
3821 3411 3822 3414 ¹

2226 3515 2350 3576 que
2376 3496 2439 3557 id
2468 3511 2647 3576 posse
2684 3495 3020 3574 Angelum,
3070 3500 3181 3555 aut
3224 3495 3573 3573 quemlibet
3606 3485 3757 3552 intel-

2224 3591 2453 3652 lectum
2487 3593 2793 3663 creatum,
2826 3588 2955 3648 suis
2980 3588 3377 3650 naturalibus
3404 3585 3663 3652 viribuS,
3690 3587 3756 3640 ta·

2226 3701 2399 3756 men,
2441 3679 2611 3761 quod
2634 3698 2842 3758 neque
2872 3697 2987 3759 per
3018 3681 3292 3743 divinam
3320 3683 3611 3743 virtutem
3640 3691 3757 3753 pos-

2224 3777 2306 3838 sit
2346 3774 2701 3836 intellectus
2756 3779 3003 3834 creatus
3051 3773 3135 3834 ita
3166 3775 3439 3851 elevari,
3492 3778 3557 3834 ut
3594 3763 3757 3848 possit

2222 3870 2426 3934 Deum
2468 3867 3029 3948 comprehendere,
3072 3887 3201 3930 non
3224 3869 3479 3932 videtur
3512 3865 3667 3927 unde
3696 3857 3757 3918 sit

2225 3968 2489 4036 certum,
2538 3963 2685 4040 quia
2732 3979 2941 4040 neque
2978 3981 3053 4024 ex
3082 3963 3427 4042 Scriptura,
3482 3975 3672 4036 neque
3698 3967 3757 4012 cx

2232 4057 2535 4130 Patribus,
2570 4055 2639 4116 id
2680 4055 2835 4116 satis
2884 4056 3141 4135 probari
3168 4063 3399 4135 potest.
3432 4053 3587 4116 Illud
3618 4047 3757 4109 enim

2226 4149 2655 4213 testimonium
2683 4151 2718 4212 J
2725 4167 2920 4211 erem
2953 4153 3054 4225 32,
3082 4169 3207 4230 qno
3229 4149 3545 4229 praecipue
3569 4143 3756 4206 soleta

2228 4245 2558 4325 Theologis
2585 4247 2703 4305 hoc
2750 4242 3047 4322 probari.
3099 4245 3368 4323 Maynus
3418 4239 3688 4308 consilio,
3717 4234 3759 4292 et

2226 4338 2845 4422 incomprehensibilis
2872 4339 3165 4419 coyitatu,
3196 4337 3353 4397 nihil
3386 4335 3651 4416 probare
3693 4323 3759 4382 vi-

2228 4433 2444 4508 detur,
2475 4439 2607 4494 tum
2638 4432 2785 4510 quia
2816 4437 2986 4493 recte
3010 4431 3238 4510 exponi
3267 4435 3471 4510 potest
3508 4427 3585 4488 de
3614 4415 3757 4498 cogi·

2226 4526 2460 4588 tatione
2484 4527 2787 4600 humana,
2822 4531 2885 4586 et
2910 4541 3289 4604 quacunque
3318 4521 3665 4604 cognitione
3687 4509 3758 4570 vi·

2224 4620 2399 4681 ribus
2428 4626 2667 4682 natura·
2694 4618 2945 4697 habita3
2968 4625 3103 4681 tum
3134 4619 3323 4680 etiam
3348 4619 3495 4698 quia
3529 4615 3757 4689 Septu'l·

2227 4715 2399 4794 ginta
2430 4714 2805 4794 interpretes
2835 4729 2963 4774 non
2996 4713 3083 4774 ita
3111 4711 3353 4792 legunt,
3382 4711 3489 4772 sed
3517 4705 3760 4782 Μαθητής

2226 4806 2499 4876 oonsilio,
2540 4811 2595 4868 et
2623 4812 2830 4886 potens
2848 4805 3111 4882 viribn33
3146 4804 3315 4867 etad
3341 4804 3508 4866 hunc
3526 4795 3757 4861 modum

2228 4901 2363 4962 fere
2404 4899 2633 4978 exponi
2668 4905 2929 4978 possunt
2956 4899 3199 4977 reliqua
3240 4895 3593 4960 testimonia
3620 4881 3757 4950 Scri·

2228 4997 2429 5072 pturoe
2455 5009 2668 5065 sacrae,
2722 4991 2831 5054 ubi
2871 4993 2949 5054 de
2980 4991 3095 5054 Dei
3148 4974 3758 5070 incomprehensibili·

2228 5091 2357 5147 tate
2386 5103 2593 5148 sermo
2620 5089 2737 5161 est,
2764 5091 2833 5147 ut
2862 5093 2957 5148 est
2978 5085 3131 5147 illud
3152 5085 3508 5148 Ecclesiast.
3536 5077 3649 5140 43:
3676 5067 3758 5132 Νθ

2230 5179 2534 5255 laboretur,
2559 5179 2849 5242 nonenim
2876 5181 3395 5260 comprehendetis,
3424 5175 3485 5239 id
3516 5177 3617 5245 cst,
3646 5175 3753 5226 1³⁰ss

2232 5271 2682 5352 defatigemini,
2710 5272 2945 5336 viribus
2974 5274 3143 5336 enim
3165 5273 3385 5334 vestris
3414 5270 3585 5332 illum
3612 5269 3755 5322 com·

2228 5367 2620 5448 prehendere
2650 5385 2774 5428 non
2806 5368 3121 5448 poteritis;
3152 5383 3511 5446 quanquam
3542 5357 3620 5420 ibi
3644 5365 3750 5412 12011

2228 5467 2354 5524 tam
2407 5461 2485 5524 de
2526 5464 2923 5544 cognitione,
2978 5479 3167 5547 quam
3216 5461 3297 5524 de
3353 5459 3616 5542 perfecta
3657 5438 3753 5510 Dei

2225 5555 2411 5619 laude
2456 5573 2661 5618 sermo
2698 5557 2795 5618 sit.
2823 5555 2900 5618 Et
2944 5561 3212 5637 augetur
3242 5555 3591 5622 difficultas,
3624 5553 3748 5620 ‘1¹¹¹a
