3892 6167
607 446 923 529 mysteriis
962 444 1208 519 Christi,
1239 445 1437 524 infra,
1485 461 1550 529 q.
1605 448 1705 521 48,
1742 452 1859 510 art.
1895 448 1957 520 6,
1994 450 2059 508 01
2102 462 2168 524 q.

609 544 711 614 50,
744 546 860 601 011.
895 543 956 615 6,
991 546 1054 601 01
1077 556 1138 620 q.
1175 543 1277 617 51,
1301 545 1508 613 011.“1,
1531 540 1612 603 ad
1645 545 1708 616 2,
1736 558 1798 622 q.
1825 543 1924 613 52,
1955 546 2071 601 art.
2109 542 2169 615 1,

609 636 691 699 ad
721 640 785 712 2,
817 654 880 716 q.
914 638 1016 708 56,
1049 640 1168 697 art.
1198 640 1258 711 1,
1287 655 1349 719 q.
1383 638 1485 713 57,
1517 642 1632 699 art.
1666 640 1728 710 6,
1759 638 1987 717 quibus
2016 635 2171 696 locis

609 733 720 806 ait,
747 732 1104 809 passionem
1125 730 1376 807 Christi,
1418 733 1968 808 resurrectionem,
2020 732 2137 791 etc.
2143 773 2166 806 ,

609 824 954 886 efficienter
993 840 1256 887 causare
1297 830 1578 887 nostram
1618 824 2129 904 justificationem
2150 866 2169 897 ,

607 918 1154 992 resurrectionem,
1179 922 1302 979 etc.
1337 919 1410 979 Et
1453 914 1536 979 ad
1577 916 1873 979 eumdem
1913 914 2171 977 modum

609 1012 890 1091 loquitur
929 1011 1112 1073 Alex.
1143 1012 1382 1087 Alens„
1416 1014 1451 1075 3
1475 1030 1564 1093 p.,
1600 1028 1663 1092 q.
1707 1012 1812 1087 20,
1861 1028 2054 1073 mem.
2087 1012 2167 1086 2,

611 1110 730 1167 art.
753 1108 814 1177 2,
847 1110 913 1167 01
945 1106 1010 1178 6,
1041 1123 1106 1185 q.
1139 1108 1241 1182 23,
1277 1123 1464 1168 mem.
1497 1108 1560 1181 7,
1581 1110 1698 1167 art.
1727 1108 1788 1168 2.
1823 1104 1900 1167 Et
1943 1102 2174 1165 conflr-

609 1198 770 1261 mari
800 1202 1026 1281 potest,
1059 1200 1284 1279 primo,
1305 1199 1452 1279 quia
1481 1198 1919 1261 resurrectioni
1945 1194 2169 1259 Christi

609 1292 678 1352 in
723 1292 1037 1371 Scriptura
1065 1291 1383 1367 tribuitur,
1412 1292 1582 1372 quod
1613 1293 1690 1354 sit
1729 1292 1919 1353 caiisa
1941 1296 2174 1353 nostrae

605 1385 1066 1467 justificationis
1095 1433 1109 1461 ‚
1157 1386 1238 1448 ad
1279 1390 1572 1461 Roman„
1607 1406 1662 1449 0.
1699 1390 1732 1449 4
1763 1406 1777 1447 :
1811 1384 2176 1451 Rerum-emit

605 1484 854 1562 propter
887 1482 1395 1561 justificationem
1439 1486 1733 1546 nostram.
1771 1480 1846 1542 Et
1897 1480 2070 1559 quod
2098 1480 2177 1541 sit

611 1590 799 1635 causa
811 1580 1040 1636 nostroe
1057 1574 1556 1649 resurrectionis,
1575 1572 1656 1636 ad
1675 1576 1900 1655 Ephes.
1919 1576 1994 1636 21
2024 1572 2176 1637 Gon-

611 1669 1008 1731 resuecitavic
1033 1683 1167 1739 nos,
1197 1674 1255 1732 et
1293 1668 1598 1732 consedere
1620 1660 1785 1745 fecit,
1814 1668 1918 1728 ubi
1975 1666 2175 1728 simile

613 1758 767 1838 quid
787 1758 1100 1823 indicatur
1127 1760 1204 1823 de
1237 1762 1626 1833 ascensione:
1655 1768 1716 1823 et
1749 1760 1828 1823 de
1855 1762 2176 1841 sepultura

613 1852 784 1915 idem
811 1853 1196 1934 significatur
1221 1855 1302 1916 ad
1343 1858 1520 1917 Rom.
1551 1854 1631 1917 6:
1667 1854 2017 1935 Consepulti
2064 1872 2174 1918 su·

613 1964 768 2022 mus,
797 1952 914 2009 etc.
949 1948 1072 2009 Sed
1117 1948 1514 2021 resurrectio,
1546 1950 1830 2010 ascensio
1874 1954 1934 2011 et
1965 1947 2177 2027 sepul-

613 2047 756 2102 tura
779 2058 910 2102 non
949 2046 1098 2103 sunt
1125 2058 1332 2104 causae
1375 2042 1710 2104 meritoriae
1738 2048 1967 2105 nostrae
1992 2041 2174 2122 justi-

615 2134 715 2195 tioe
742 2140 853 2197 aut
887 2136 1386 2213 resurrectioniS,
1417 2142 1486 2197 ut
1508 2136 1664 2197 infra
1714 2136 1987 2210 dicetur;
2022 2154 2173 2216 ergo

609 2226 813 2287 solum
839 2234 1046 2307 potest
1085 2230 1206 2290 hoc
1249 2230 1564 2310 pertinere
1616 2228 1698 2291 ad
1741 2230 2172 2292 causalitatem

609 2320 1007 2383 efficientem.
1047 2324 1122 2385 Et
1151 2323 1581 2398 confirmatur,
1613 2342 1760 2387 nam
1807 2322 2168 2385 humanitas

606 2430 723 2494 per
749 2415 1051 2477 unionem
1092 2416 1174 2477 ad
1205 2417 1482 2478 Verbum
1517 2418 1734 2479 sortita
1763 2424 1862 2479 est
1881 2416 2003 2477 vim
2036 2416 2169 2478 effi-

607 2506 814 2569 ciendi
840 2508 975 2569 11010
1003 2508 1214 2570 divina
1237 2526 1454 2589 opera.
1485 2512 1652 2591 Ergo
1681 2510 2169 2572 communicavit

591 2598 738 2662 'suis
779 2602 1127 2665 actionibus
1157 2609 1219 2666 et
1253 2604 1646 2684 passionibus
1681 2604 1848 2665 hanc
1875 2602 2169 2665 virtutem

605 2700 863 2773 propter
907 2697 1196 2758 eamdem
1240 2698 1562 2770 unionem,
1597 2696 1767 2775 quod
1799 2694 2169 2776 significavit

605 2786 894 2851 Ambros.
922 2804 1114 2867 super
1139 2790 1302 2851 Psal.
1335 2790 1434 2864 36,
1453 2797 1728 2852 tractans
1753 2789 1928 2850 illum
1956 2788 2167 2851 locum

606 2881 641 2942 J
647 2897 792 2943 oan.
821 2884 844 2942 1
871 2902 886 2941 :
911 2883 1079 2956 Quod
1099 2886 1334 2962 factum
1356 2890 1463 2957 est,
1481 2884 1549 2946 in
1567 2884 1701 2962 ipso
1719 2883 1851 2946 vita
1873 2886 2006 2946 erat
2018 2909 2043 2956 ;
2064 2882 2172 2943 ubi

607 2974 699 3037 sic
729 2976 978 3054 inquit:
1015 2976 1174 3041 Caro
1223 2980 1398 3054 facta
1443 2982 1552 3053 eet,
1585 2980 1656 3039 in
1691 2976 1823 3059 ipso
1855 2978 1986 3041 vita
2036 2980 2125 3040 eet
2146 3000 2173 3048 ,-

604 3085 768 3133 more
791 3073 968 3147 facta
1021 3076 1131 3143 eet,
1163 3070 1234 3132 in
1287 3070 1419 3154 ipso
1469 3069 1602 3155 vita
1647 3075 1770 3143 θεὴ·
1805 3072 2169 3133 resurrectio

613 3166 792 3240 sacta
819 3168 930 3238 est,
959 3164 1029 3225 in
1067 3166 1202 3243 ipso
1237 3164 1370 3228 vita
1397 3170 1504 3227 eet.
1555 3164 1632 3225 Et
1668 3164 1760 3225 sic
1789 3164 1870 3226 de
1909 3164 2066 3225 aliis.
2097 3164 2171 3226 Et

606 3254 865 3317 tandem
895 3256 1252 3319 concluditt
1300 3258 1441 3323 Vide
1467 3262 1696 3337 quanta
1739 3256 1805 3319 in
1833 3258 1965 3335 ipso
1998 3261 2169 3335 faeta

606 3352 772 3419 sunt,
798 3350 1012 3429 quibus
1039 3349 1184 3413 vitm·
1197 3354 1422 3413 nocem
1449 3350 1750 3413 conversio
1767 3352 1933 3425 facta
1962 3356 2073 3425 est,
2103 3354 2173 3411 ut

605 3458 740 3523 qvoe
761 3444 1036 3521 perierat
1077 3444 1442 3507 redderetur.
1486 3442 1810 3515 Quomodo
1839 3450 2051 3505 autem
2079 3442 2171 3504 in·

606 3535 943 3615 telligenda
963 3538 1044 3599 sit
1065 3536 1202 3599 haec
1223 3536 1578 3612 efficientia,
1605 3537 1890 3599 nonnulli
1911 3552 1987 3600 cx
2006 3538 2169 3598 Tho-

605 3629 806 3691 mistis
825 3628 1040 3692 dicunt
1066 3648 1203 3693 0000
1221 3630 1587 3711 mysterium
1608 3630 1949 3693 reconditae
1966 3631 2170 3692 Theo-

603 3722 808 3801 logioe,
839 3722 1008 3785 unde
1039 3724 1102 3784 in
1135 3739 1208 3785 eo
1241 3724 1610 3803 explicando
1649 3724 1801 3785 varii
1849 3730 2019 3798 sunt,
2050 3740 2169 3785 nec

601 3814 770 3876 inter
816 3834 886 3877 se
937 3816 1363 3879 consentiunt.
1399 3818 1532 3896 Ego
1567 3834 1715 3877 vero
1757 3815 2004 3877 nullum
2036 3815 2171 3878 fere

607 3908 974 3987 mysterium
1025 3910 1091 3971 111
1145 3910 1262 3973 hac
1313 3910 1677 3973 difficultate
1729 3910 2009 3985 invenio,
2058 3908 2171 3971 sed

608 4002 775 4064 clare
801 4008 864 4064 et
887 4003 1252 4083 simpliciter
1282 4004 1568 4067 existimo
1593 4002 1884 4083 explicari
1911 4002 2165 4077 debere,

607 4096 778 4157 nulla
803 4095 1099 4177 fingendo
1131 4098 1428 4177 mysteria
1452 4116 1592 4179 quoe
1622 4114 1740 4159 nec
1758 4094 2033 4170 tundari,
2054 4112 2170 4158 nec

608 4187 864 4268 intelligi
895 4195 1183 4267 possunt,
1213 4190 1268 4251 si
1297 4196 1510 4252 tamen
1555 4208 1659 4264 ea,
1692 4206 1830 4270 quae
1881 4188 2171 4269 impossi-

605 4278 756 4341 bilia
789 4285 958 4353 sunt,
991 4282 1288 4361 mysteria
1310 4282 1630 4363 >appellare
1653 4282 1820 4346 licet.

687 4372 748 4433 6.
791 4371 1074 4437 Christus
1114 4390 1228 4455 per
1278 4380 1539 4438 actiones
1585 4382 1642 4439 et
1682 4374 1993 4459 passiones
2027 4392 2172 4438 suae

605 4466 890 4547 quomodo
933 4472 1228 4547 operetur.
1253 4498 1334 4515 —-
1363 4467 1511 4529 Dico
1531 4484 1682 4547 ergo
1713 4469 2021 4531 Christum
2051 4468 2173 4529 Do-

515 4574 518 4579 ·
609 4556 852 4619 minum
875 4576 992 4639 per
1011 4578 1456 4640 quamcunque
1475 4562 1784 4624 actionem
1810 4561 1910 4623 vel
1938 4562 2171 4641 passio·

607 4668 755 4712 nem
787 4670 968 4714 suam
991 4670 1067 4715 eo
1097 4658 1386 4734 tempore
1414 4673 1540 4734 quo
1568 4655 1737 4717 illam
1784 4654 2166 4735 patiebatur,

609 4762 724 4806 seu
741 4762 865 4824 quo
883 4748 1044 4809 actio
1073 4747 1178 4808 illa
1205 4748 1529 4825 existebat,
1575 4748 1872 4829 potuisse,
1907 4748 2007 4810 vel
2033 4767 2171 4827 gra·

607 4836 783 4911 tiam,
815 4838 912 4900 vel
939 4840 1096 4901 alios
1127 4840 1388 4904 effectus
1419 4841 1934 4921 supernaturales
1964 4840 2171 4903 effice·

607 4946 716 5003 1ος
752 4930 912 4993 010111
963 4934 1131 4993 0111111
1177 4952 1292 5014 per
1343 4940 1699 4996 contactum
1753 4934 1961 4997 carnis
2012 4952 2170 5012 suae,

575 5040 751 5085 -cum
797 5030 946 5087 actu
997 5022 1210 5102 fiebat,
1257 5028 1356 5089 vel
1397 5044 1514 5109 per
1565 5046 1785 5090 vocem
1841 5028 2121 5108 aliquam
2150 5074 2171 5105 ,

607 5117 862 5196 quando
903 5119 1074 5180 illam
1127 5121 1474 5197 emittebat,
1525 5122 1800 5184 faciebat
1845 5122 2171 5194 miracula,

605 5211 692 5271 ita
725 5227 837 5289 per
863 5214 1150 5290 quamvis
1197 5214 1384 5276 aliam
1414 5216 1728 5278 actionem
1771 5215 1872 5278 vel
1927 5216 2169 5295 passio-

605 5320 752 5363 nem
775 5320 977 5378 suam,
1007 5324 1125 5366 suo·
1153 5312 1436 5387 tempore
1491 5308 1884 5382 existentem,
1921 5314 2169 5388 poterat

607 5395 777 5456 idem
807 5396 1078 5472 efficere,
1113 5400 1260 5480 quia
1299 5418 1428 5463 non
1461 5406 1570 5464 'est
1613 5403 1817 5483 major
1873 5401 2031 5463 ratio
2086 5401 2167 5463 de

606 5506 735 5551 una
761 5507 954 5570 quam
979 5491 1058 5554 de
1089 5493 1233 5555 alia.
1296 5496 1369 5557 At
1407 5512 1561 5557 vero
1589 5496 1752 5557 actio
1807 5494 1910 5557 vel
1958 5494 2167 5575 passio

2254 462 2395 524 quse
2413 448 2728 527 111-01101111,
2753 452 2821 510 ut
2834 464 3048 510 revera
3078 446 3197 510 fuit
3216 448 3465 514 mutatio
3478 456 3706 539 quadam,
3767 429 3779 488 Ξ

2252 541 2351 602 vel
2380 541 2695 621 quoddam
2734 540 2871 603 fieri
2904 540 3073 621 quod
3120 544 3484 622 pertransiit,
3516 568 3619 610 non
3638 572 3711 631 po-

2250 640 2373 697 test
2394 653 2564 698 nunc
2598 654 2737 698 esse
2758 636 3253 697 instrumentum
3284 634 3379 698 vel
3405 640 3544 701 actio
3567 642 3711 723 phygi.

2252 744 2327 789 ca
2360 746 2507 791 vere
2542 746 2617 790 ac
2645 728 2897 809 proprie
2938 728 3220 791 efficiens
3268 738 3711 810 supernaturalem

2253 821 2568 897 effectum,
2601 822 2708 903 qui
2736 840 2906 884 nunc
2932 821 3021 885 fit.
3048 824 3257 896 Quam
3291 826 3617 888 sententiam
3644 830 3711 893 be·
3767 819 3783 899 ἶς’

2253 933 2333 977 110
2362 916 2576 978 docuit
2598 916 2800 999 vega,
2828 916 2936 979 lib.
2968 922 3006 979 ’1
3042 917 3108 979 111
3131 916 3411 993 Τ11ᾱο11.,
3442 938 3491 981 0.
3522 922 3601 995 18,
3621 942 3713 987 cnm
3775 916 3782 959 ··³

2252 1010 2323 1071 D.
2353 1011 2616 1086 Bonam,
2648 1010 2715 1072 111
2737 1012 2799 1085 3,
2833 1010 2975 1073 dist.
3008 1014 3105 1085 19,
3156 1017 3277 1073 ait.
3312 1014 3369 1086 1,
3406 1030 3465 1092 q.
3502 1013 3525 1073 1
3552 1030 3568 1091 ·,
3593 1023 3638 1077 et
3660 1020 3715 1094 (ut
3775 1006 3783 1094 ff

2254 1104 2564 1183 existimo)
2606 1110 2701 1166 est
2728 1104 3037 1167 sententia
3058 1104 3361 1187 CaJetani,
3392 1123 3557 1183 quem
3573 1112 3714 1172 statim
3780 1100 3782 1137 l

2253 1197 2542 1259 referam.
2580 1198 2657 1259 Et
2684 1198 2987 1279 probatur
3010 1204 3231 1279 aperte
3270 1214 3347 1259 ex
3390 1216 3559 1278 supra
3578 1200 3712 1279 dictis,
3773 1191 3783 1231 '³

2256 1291 2405 1371 quia
2418 1308 2541 1367 res,
2569 1308 2711 1372 quse
2738 1310 2863 1353 11011
2896 1292 3125 1366 existit,
3153 1310 3283 1354 non
3302 1296 3494 1372 potest
3513 1312 3623 1356 esse
3640 1298 3715 1357 ins·
3775 1302 3782 1338 1¹

2254 1389 2639 1448 trumentum
2662 1386 2991 1468 physicum
3020 1386 3102 1447 ad
3130 1386 3372 1466 aliquid
3391 1386 3714 1465 efficiendum,
3780 1380 3782 1411 .

2255 1486 2325 1541 ut
2358 1480 2507 1541 satis
2532 1479 2869 1558 probatum
2902 1484 3016 1543 est.
3767 1467 3782 1532 ἐἶ

2338 1575 2396 1635 7.
2446 1571 2728 1651 objectio.
2758 1604 2841 1620 -
2870 1572 3063 1639 Nihil
3106 1574 3345 1651 confert
3370 1572 3451 1637 ed
3486 1574 3715 1651 0911111111,
3766 1567 3783 1651 {²

2258 1668 2413 1749 quod
2430 1682 2529 1730 res
2555 1666 2850 1731 extiterit.
2884 1698 2964 1717 ...
3000 1665 3410 1747 Respondent
3446 1666 3623 1746 aliqui,
3646 1669 3717 1730 hoe
3780 1659 3783 1697 ¹

2256 1776 2475 1822 verum
2502 1776 2641 1821 esse
2672 1758 2751 1821 de
2775 1777 2844 1822 re
2872 1778 3013 1842 quae
3040 1778 3375 1839 nunquam
3399 1760 3591 1831 extitit,
3607 1779 3719 1821 secus
3780 1752 3782 1791 ¹

2256 1871 2404 1917 vcro
2431 1872 2570 1916 esse
2596 1854 2677 1916 de
2697 1872 2765 1917 re
2792 1870 2931 1932 quae
2952 1854 3085 1935 jam
3108 1854 3311 1917 semel
3340 1852 3473 1925 fuit,
3498 1870 3609 1933 quae
3629 1874 3716 1915 cum
3781 1872 3782 1877 ¹

2249 1950 2383 2029 jam
2410 1948 2705 2010 habuerit
2732 1948 3077 2020 entitatem,
3108 1946 3422 2031 perillam
3442 1952 3615 2026 potest
3635 1966 3719 2008 esse
3771 1952 3783 2032 j

2256 2044 2764 2105 instrumentum.
2792 2040 2867 2103 Et
2891 2041 3133 2104 addunt
3160 2041 3292 2115 alii,
3320 2058 3449 2103 rem
3478 2058 3595 2119 quae
3635 2058 3717 2101 eae
3767 2035 3782 2096 1

2254 2135 2462 2207 desiit,
2490 2154 2605 2215 per
2624 2136 3070 2215 proprietatem
3100 2154 3232 2197 suae
3258 2142 3487 2195 naturis
3512 2152 3613 2194 non
3629 2152 3718 2212 pos-

2253 2246 2323 2293 se
2349 2228 2585 2309 aliquid
2610 2228 2882 2304 efficere,
2912 2235 3127 2290 tamen
3156 2246 3277 2309 per
3302 2228 3568 2289 virtutem
3586 2226 3717 2288 occul·
3780 2242 3782 2315 j

2250 2330 2379 2388 tam
2414 2338 2556 2403 quae
2584 2322 2649 2383 in
2677 2322 2783 2383 illa
2810 2322 3063 2395 mansit,
3111 2341 3193 2384 ex
3242 2322 3462 2383 merito
3494 2328 3547 2383 et
3578 2320 3717 2381 valore
3780 2320 3782 2365 5

2249 2432 2440 2496 quem
2492 2414 2710 2476 habuit
2764 2422 3019 2496 propter
3074 2414 3447 2497 dignitatern
3496 2430 3715 2493 persone,
3780 2482 3782 2485 Α

2248 2526 2432 2591 posse
2457 2526 2605 2570 vere
2635 2506 2904 2571 efficere.
2933 2508 3050 2570 Alii
3076 2526 3228 2570 vero
3266 2508 3517 2581 addunt,
3543 2506 3715 2584 quando

2250 2620 2449 2683 agens
2481 2602 2826 2682 principale
2854 2601 3060 2664 adhuc
3080 2602 3310 2675 existit,
3344 2618 3465 2663 non
3519 2614 3717 2661 necessa-

2250 2696 2345 2759 rio
2372 2696 2607 2776 requiri
2636 2700 2706 2757 ut
2734 2696 3222 2757 instrumentum
3266 2696 3450 2758 etiam
3478 2698 3596 2755 actu
3620 2691 3715 2752 exis·
3777 2718 3779 2761 ς

2251 2796 2378 2864 tat,
2414 2788 2573 2851 sicut
2618 2805 2810 2867 snpra
2856 2786 3261 2865 dicebamus,
3318 2790 3511 2849 Deum
3558 2784 3715 2861 ubique
3770 2814 3779 2851 .,

2254 2884 2625 2945 existentem
2653 2900 2837 2964 posse
2868 2884 2963 2945 uti
3012 2884 3438 2946 instrumento
3488 2880 3559 2941 ad
3598 2894 3716 2955 ager·-

2254 2976 2429 3051 dum,
2462 2976 2573 3037 ubi
2600 2977 2810 3056 ipsum
2866 2978 3353 3041 instrumentum
3394 2990 3513 3036 non
3564 2969 3713 3032 existit.

2251 3068 2376 3132 Sed
2433 3068 2571 3129 haec
2618 3086 2827 3149 neque
2874 3086 3013 3131 rem
3062 3068 3412 3151 explicant,
3460 3080 3633 3143 neque
3653 3060 3715 3121 ali·

2248 3162 2403 3243 quid
2450 3162 2905 3241 probabilitatis
2948 3162 3258 3235 afferunt‘;
3312 3178 3456 3222 nam
3504 3158 3716 3237 primum,

2254 3254 2405 3335 quid
2450 3255 2642 3317 refert
2689 3256 2770 3316 ad
2822 3254 3226 3317 efficientiam
3269 3252 3436 3335 quod
3462 3245 3717 3317 resinent,
3777 3286 3779 3289 ψ

2252 3350 2303 3411 si
2355 3350 2488 3429 jam
2538 3366 2665 3409 non
2720 3354 2833 3424 est,
2888 3366 3098 3428 neque
3134 3346 3375 3429 aliquid
3426 3344 3545 3405 vice
3574 3341 3719 3401 suite-

2250 3443 2432 3521 liquit
2455 3489 2471 3516 ‚
2529 3460 2645 3523 per
2700 3442 2871 3523 quod
2928 3442 3050 3505 dici
3114 3440 3317 3523 possit
3374 3440 3595 3503 efficere
3628 3436 3647 3494 i
3682 3428 3720 3492 Si

2250 3536 2369 3598 hoc
2398 3538 2563 3597 enim
2613 3534 2986 3615 reliquisset,
3032 3537 3166 3616 jam
3216 3554 3349 3599 non
3399 3538 3546 3596 esset
3566 3530 3722 3589 instru-

2248 3635 2530 3691 mentum
2552 3628 2615 3691 id
2639 3628 2809 3709 quod
2834 3630 3156 3709 praeteriit,
3184 3638 3261 3692 111
3288 3628 3397 3704 010,
3420 3624 3520 3688 sed
3546 3620 3597 3684 id
3611 3614 3722 3699 quod

2248 3728 2646 3804 perseverat,
2710 3723 2773 3784 in
2803 3740 2929 3803 quo
2970 3724 3138 3785 aliud
3183 3716 3619 3803 quodammodo
3654 3724 3723 3813 squ

2250 3820 2478 3878 virtute
2510 3822 2757 3888 manet:
2792 3816 2843 3876 si
2868 3822 3079 3879 autem
3118 3832 3242 3894 100,
3279 3831 3414 3896 quae
3440 3810 3563 3885 fuit,
3589 3818 3721 3867 omnl-

2251 3927 2335 3971 110
2354 3908 2488 3989 jam
2518 3927 2647 3970 non
2673 3912 2787 3985 est,
2819 3926 2948 3971 non
2974 3908 3178 3988 magis
3207 3918 3305 3972 est
3334 3914 3470 3988 apta
3504 3902 3575 3965 ad
3596 3911 3723 3995 agell·

2251 4003 2405 4064 dum
2458 4020 2649 4083 quam
2692 4001 2742 4063 si
2786 4019 3108 4082 nunquam
3160 4002 3406 4076 fuisset,
3455 3996 3583 4079 quia
3620 3983 3720 4051 mlul

2249 4114 2506 4177 prorsus
2532 4094 2807 4157 entitatis
2842 4096 3057 4168 habet,
3108 4094 3281 4159 undo
3328 4110 3443 4157 nec
3484 4096 3565 4152 est
3588 4094 3721 4159 capax

2248 4188 2496 4250 virtutis
2514 4188 2613 4248 vel
2636 4186 2935 4268 potentiae
2948 4187 3029 4251 ad
3052 4191 3365 4269 agendum
3386 4202 3407 4265 3
3436 4199 3585 4254 nam,
3607 4174 3723 4274 illan

2250 4299 2385 4343 rem
2406 4281 2627 4353 fuisse,
2654 4281 2858 4342 solum
2884 4288 2978 4344 est
3004 4281 3226 4345 relatio
3250 4280 3520 4352 rationis,
3540 4282 3718 4369 quoe'ffl·

2252 4375 2339 4435 hil
2366 4374 2446 4436 ad
2499 4373 2897 4437 efficientiam
2934 4374 3171 4436 realem
3219 4379 3423 4456 potest
3462 4368 3717 4431 deservire,

2253 4468 2411 4529 sicut
2438 4467 2627 4529 etiam
2656 4486 2792 4528 rem
2816 4484 2955 4529 esse
2994 4468 3296 4545 futuram,
3331 4470 3421 4529 est
3458 4456 3640 4524 relatio
3660 4464 3722 4508 ra·

2249 4561 2462 4634 tionis,
2502 4578 2641 4641 quoe
2669 4579 2797 4621 non
2846 4562 2999 4623 salis
3028 4568 3123 4623 est
3151 4574 3221 4623 ut
3260 4580 3364 4624 res
3402 4559 3585 4621 futura
3624 4544 3723 4646 agat

2250 4660 2589 4733 antequam
2622 4655 2865 4716 existat.
2894 4655 3076 4729 Quod
3102 4671 3254 4717 vero
3282 4652 3516 4717 additur
3549 4644 3613 4704 de
3642 4650 3721 4694 ur·

2250 4754 2382 4809 tute
2413 4747 2679 4823 occulta,
2702 4760 2843 4827 quae
2881 4748 3110 4810 mansit
3140 4766 3216 4810 ex
3256 4749 3363 4811 tali
3412 4740 3623 4806 actione
3657 4720 3721 4787 vel

1825 344 2063 412 ouffisr.
2098 343 2229 399 xm.
2262 338 2466 401 An'ric.
2500 343 2585 403 iv.

2226 4840 2545 4921 -passione
2574 4846 2831 4919 propter
2854 4840 3143 4903 meritum
3174 4842 3334 4922 ejus,
3367 4832 3509 4902 nihil
3535 4826 3601 4892 ad
3630 4832 3721 4884 rem

2255 4934 2691 5013 explicandam
2720 4932 2988 5013 confert,
3038 4936 3188 5017 quia
3224 4934 3329 4997 illa
3357 4934 3531 4996 virtus
3554 4918 3632 4982 vel
3661 4914 3723 4971 est

2254 5028 2464 5107 aliqua
2490 5044 2594 5088 res
2622 5044 2763 5106 quae
2792 5044 2940 5089 vere
2976 5034 3041 5089 et
3072 5028 3325 5091 realiter
3362 5024 3553 5088 manet
3576 5008 3720 5109 1111111·

2256 5120 2582 5193 munitate,
2611 5126 2679 5181 et
2706 5120 2827 5183 hoc
2854 5136 2982 5181 non
3018 5128 3111 5183 est
3140 5132 3356 5184 contra
3402 5116 3462 5179 id
3506 5100 3722 5191 quodm-

2256 5213 2617 5287 tendimus;
2666 5215 2815 5294 quia
2850 5214 2985 5293 jam
3018 5232 3146 5276 non
3176 5222 3273 5277 est
3324 5202 3719 5298 instrumentum
3780 5252 3782 5293 ³

2248 5308 2420 5388 quod
2444 5308 2820 5387 pertransiit,
2854 5314 2927 5369 ut
2954 5310 3063 5383 sic,
3082 5308 3194 5371 sed
3216 5309 3384 5389 quod
3408 5300 3607 5367 manet,
3628 5296 3718 5347 sive
3781 5308 3782 5339 1

2248 5401 2389 5463 talis
2420 5418 2519 5461 res
2556 5418 2821 5463 manens
2852 5418 3000 5463 vero
3039 5410 3149 5463 aut
3178 5400 3333 5465 falso
3380 5388 3714 5467 confingatur,
3781 5438 3782 5475 ἐ

2248 5494 2422 5573 quod
2442 5494 2599 5558 nihil
2624 5495 2817 5559 refert
2836 5494 2917 5559 ad
2942 5504 3322 5573 praesentem
3351 5482 3714 5559 difficultatem·
3781 5520 3782 5535 2
