3892 6167
1304 400 1540 466 QUAEST.
1569 398 1703 456 XVI.
1736 400 1940 455 Anne.
1978 402 2015 455 1.

147 532 258 587 mm,
303 508 686 596 praedicam·
710 504 782 569 de
819 504 968 581 Dee,
1001 504 1240 568 ratione
1265 502 1508 567 unionis
1546 501 1617 565 in

147 628 335 679 osona,
375 622 510 685 qua.-
534 601 774 683 qm‘dem
799 599 944 662 unio
992 598 1350 663 relationem
1379 598 1616 679 impor-

3146 400 3268 467 229

1697 516 1957 563 munem
1980 500 2238 563 modum
2260 500 2661 583 concipiendi
2690 510 2751 566 et
2780 505 3113 583 sentiendi,
3136 526 3266 573 non

1697 594 1900 657 solum
1927 594 2389 677 'theologorum
2415 644 2437 676 ,
2489 596 2600 659 sed
2649 596 2838 661 etiam
2889 602 3267 666 Christiano-

151 710 192 769 t.
221 701 459 765 Etideo
485 712 610 759 non
651 694 924 773 seqnitur
957 694 1238 775 req-ulam
1271 710 1472 756 eorwm
1499 710 1616 753 no·
1695 706 1838 750 rum
1869 691 2194 768 omnium3
2240 710 2317 754 ex
2365 711 2489 773 quo
2524 692 2911 775 colligimus,
2944 694 3011 756 iu
3042 694 3265 775 hujus-

148 804 312 869 inum,
359 810 490 876 qvae
531 788 804 855 absolute
835 790 1262 871 praelicenter
1287 790 1358 853 de
1388 786 1512 851 Deo
1540 788 1614 852 ab

147 899 306 957 ‘ea-ao.

513 1078 1142 1143 COMMENTARIUS.

165 1272 212 1328 i.
264 1260 538 1325 Affirmat
587 1260 661 1320 D.
707 1258 982 1319 Thomas
1027 1257 1198 1319 illam
1246 1257 1620 1339 propositio·

145 1380 219 1425 em
245 1372 374 1420 esse
399 1370 623 1417 veram
673 1358 737 1414 et
780 1352 1124 1432 propriam,
1157 1358 1290 1412 tam
1337 1368 1414 1411 ex
1444 1354 1620 1431 parte

145 1448 504 1524 memorum,
538 1464 738 1527 quam
757 1464 836 1509 ex
855 1450 1036 1525 parte
1065 1446 1304 1527 eopulae
1333 1462 1448 1506 seu
1467 1462 1623 1525 pree·

145 1544 403 1620 imtioniS,
421 1542 600 1623 quod
617 1539 770 1602 satis
787 1540 958 1601 elare
973 1539 1260 1618 explieat,
1279 1538 1622 1602 refellendo

145 1639 402 1704 >utrarios
431 1651 706 1710 erroreS,
727 1639 792 1695 et
813 1631 1246 1695 confirmando
1274 1630 1622 1695 doctrinam

145 1736 244 1809 dei,
271 1732 342 1795 de
369 1746 492 1809 qua
533 1727 755 1789 nullus
783 1726 1162 1805 relinquitur
1180 1724 1506 1787 dubitandi
1531 1726 1623 1787 lo·

145 1850 194 1891 ns
213 1848 227 1901 ;
249 1840 445 1903 neque
465 1828 566 1885 est
590 1821 768 1901 quod
792 1822 856 1882 in
881 1820 1050 1882 illius
1079 1818 1623 1883 confirmationem

145 1924 252 1985 lura
279 1917 554 1980 hocloco
587 1915 956 1990 afferamus,
978 1931 1120 1975 cum
1146 1920 1209 1975 et
1237 1932 1448 1993 supra,
1471 1931 1533 1993 q.
1555 1916 1618 1992 2,

145 2010 572 2092 tdisputatione
623 2006 1008 2088 praecedenti
1035 2052 1054 2082 ‚
1099 2006 1248 2068 satis
1291 2006 1489 2067 multa
1532 2007 1622 2068 al·

145 2114 205 2171 tta
225 2107 356 2169 sint.
383 2102 704 2166 Nonnulla
741 2120 894 2165 vero
919 2101 1158 2164 leviora
1186 2100 1376 2163 dubia
1421 2100 1622 2163 brevi-

143 2222 180 2265 ει·
205 2198 478 2280 expedire
503 2200 778 2281 oportet,
809 2202 880 2259 ut
913 2196 1117 2259 littera
1146 2196 1218 2257 D.
1248 2193 1363 2256 Th.
1393 2194 1622 2257 clarior

143 2302 185 2361 tt.

167 2394 216 2452 2.
253 2389 335 2451 De
362 2384 622 2466 ευϋίσσίο
655 2383 842 2461 mus
855 2382 1316 2466 propositionis,
1345 2381 1514 2445 Deru
1530 2386 1622 2445 est

144 2500 348 2547 omo.—
373 2480 650 2543 Primum
683 2476 944 2539 dubium
973 2480 1091 2550 est,
1124 2494 1206 2536 an
1249 2476 1313 2535 in
1357 2492 1434 2537 ea
1479 2492 1622 2555 pro-

147 2576 392 2650 osianna,
420 2574 592 2638 Deus
628 2576 946 2652 supponat
985 2568 1309 2631 indefinite
1345 2586 1459 2649 pro
1501 2569 1622 2629 hoe

143 2674 235 2746 teo,
261 2675 316 2731 et
339 2667 618 2749 quotibet
659 2668 800 2745 ejus
847 2663 1192 2744 supposita,
1240 2663 1339 2724 vel
1375 2666 1619 2725 tantum

143 2782 202 2823 *ro
231 2778 476 2841 persona
507 2758 728 2821 Verbi.
785 2758 860 2819 Et
907 2757 1068 2819 ratio
1098 2755 1270 2817 dubii
1305 2761 1432 2829 est,
1471 2754 1620 2833 quia

143 2872 296 2917 tomen
327 2854 506 2928 Deus,
537 2870 618 2915 ex
673 2870 744 2913 se
791 2850 984 2913 habet
1011 2850 1186 2910 illam
1229 2846 1620 2909 indefinitam

145 2948 586 3029 oppositionem3
621 2964 780 3027 ergo
815 2961 946 3007 non
975 2950 1073 3006 est
1098 2960 1214 3005 our
1239 2941 1524 3003 dieamus
1553 2940 1618 3001 in

141 3062 174 3105 *a
209 3042 604 3125 propositione
659 3040 922 3114 mutari,
978 3054 1122 3100 cum
1162 3037 1243 3098 ad
1287 3026 1616 3101 veritatem

141 3136 500 3216 impositionis
533 3136 662 3198 hoe
687 3133 1112 3195 necessarium
1138 3148 1270 3193 non
1295 3130 1414 3209 sit3
1469 3128 1617 3209 quia

141 3231 182 3291 td
207 3232 490 3291 veritatem
509 3226 962 3311 propositionis
989 3225 1328 3287 indefinitas
1355 3223 1502 3285 satis
1523 3228 1618 3284 est

141 3328 176 3385 nt
193 3324 556 3403 praedicatum
595 3340 750 3383 vere
781 3321 1110 3381 conveniat
1151 3318 1262 3379 uui
1294 3316 1616 3397 supposito

141 3416 356 3495 abjecti,
386 3418 673 3495 quamvis
703 3414 1052 3493 subjeetum
1094 3430 1210 3493 pro
1239 3410 1376 3471 aliis
1405 3409 1616 3472 multis

141 3518 411 3591 mpponat,
457 3516 528 3574 ut
580 3512 830 3573 constat
875 3508 942 3569 in
992 3507 1112 3568 liae
1158 3503 1610 3586 propositione,

141 3604 252 3667 tomo
275 3608 352 3667 est
378 3604 570 3681 albus,
609 3603 714 3664 vel
745 3604 912 3666 homo
939 3605 1030 3665 est
1055 3602 1238 3663 Deus.
1271 3600 1342 3660 ln
1369 3604 1616 3661 eontra·

141 3696 252 3759 rium
271 3714 400 3759 vero
429 3704 544 3772 est,
569 3695 724 3776 quia
764 3696 833 3757 D.
865 3695 1138 3757 Thomas
1162 3693 1286 3767 hie,
1335 3696 1399 3754 et
1439 3693 1502 3753 in
1533 3693 1616 3753 si·

141 3790 246 3863 mili,
269 3798 364 3854 art.
385 3796 697 3873 sequent„
719 3789 799 3851 ad
821 3792 884 3866 2,
915 3794 980 3851 et
1007 3791 1036 3850 i
1065 3806 1155 3869 p.,
1186 3804 1248 3867 q.
1276 3788 1379 3865 39,
1406 3790 1523 3849 art.
1545 3790 1610 3861 4,

143 3880 327 3962 indicat,
345 3884 490 3947 illud
515 3885 874 3965 subjectum
901 3880 1304 3944 determinari
1330 3898 1368 3941 a
1397 3878 1616 3961 proedi-

141 3980 326 4053 cato,ut
345 3984 577 4041 tantum
607 3980 923 4059 supponat
951 3992 1068 4057 pro
1095 3990 1366 4055 persona
1396 3973 1610 4051 Verbi,

142 4070 264 4147 quod
287 4072 453 4134 etiam
479 4072 714 4135 indicat
741 4071 1057 4142 Damaso„
1083 4066 1192 4129 lib.
1231 4068 1292 4143 3,
1341 4084 1398 4129 e.
1443 4069 1518 4141 ις
1553 4071 1618 4129 et

141 4160 306 4238 Nicet,
327 4165 422 4229 lib.
457 4167 494 4227 3
513 4166 735 4241 Thes„
757 4180 816 4226 o.
843 4166 940 4226 ⁴6.
968 4162 1044 4225 Et
1067 4160 1354 4240 quamvis
1391 4176 1616 4239 parum

142 4252 310 4317 referat
329 4258 436 4319 hoe
459 4259 557 4320 vel
581 4257 694 4320 illo
723 4256 912 4319 modo
941 4254 1140 4333 loqui,
1167 4254 1320 4332 quia
1341 4254 1408 4315 in
1445 4256 1617 4315 utro·

142 4362 229 4425 que
251 4350 464 4413 dicendi
497 4350 690 4415 modo
719 4354 966 4414 constat
989 4349 1070 4411 de
1097 4347 1359 4411 veritate
1389 4353 1452 4411 et
1477 4364 1620 4429 pro-

143 4442 343 4519 prietate
366 4447 818 4529 propositionis,
859 4440 1268 4506 nihilominus
1313 4442 1618 4521 posterior

145 4536 313 4598 modus
349 4540 628 4617 loquendi
664 4539 914 4601 videtur
943 4538 1148 4617 magis
1191 4534 1610 4616 usurpandus,

147 4630 272 4707 quia,
293 4631 339 4691 si
375 4634 432 4694 in
465 4632 567 4695 illa
593 4632 1018 4714 propositione
1047 4630 1401 4710 subjeetum
1433 4630 1612 4711 quasi

149 4719 398 4787 indefinite
441 4732 839 4809 supponeret,
863 4725 997 4805 pari
1039 4724 1288 4786 ratione
1325 4725 1516 4785 etiam
1547 4724 1614 4787 in

151 4810 238 4875 hae
253 4822 632 4898 propositione
663 4820 978 4902 negativa,
1013 4821 1176 4885 Deus
1219 4834 1340 4881 non
1382 4824 1474 4883 est
1512 4820 1616 4883 Ιιο·

155 4924 238 4981 ⁹²²⁰,
261 4912 482 4977 haberet
515 4914 808 4978 eumdem
847 4912 1107 4975 modum
1147 4911 1614 4993 suppositionis,

160 5002 266 5077 qnia
289 5006 399 5067 sola
423 5009 664 5090 negatio
694 5008 992 5089 adjuncta
1015 5006 1212 5069 verbo
1247 5022 1376 5066 non
1419 5006 1622 5067 variat

163 5101 560 5175 suppositionem
585 5109 1028 5165 extremorum.
1077 5102 1265 5162 Esset
1307 5116 1458 5179 ergo
1511 5098 1620 5160 illa

163 5194 422 5269 propositio
461 5197 768 5279 negativa,
797 5214 972 5272 vera,
1023 5194 1171 5275 quia
1213 5191 1620 5272 praedicatum

167 5296 270 5343 vem
283 5294 506 5368 negatur
524 5292 601 5355 de
625 5292 836 5371 aliquo
854 5288 1174 5371 supposito
1195 5304 1308 5369 pro
1327 5304 1454 5367 quo
1477 5284 1624 5348 sub-

168 5373 339 5452 iectum
361 5388 660 5466 supponit,
689 5385 946 5459 scilieet,
973 5384 1054 5445 de
1081 5384 1289 5460 Patre,
1319 5380 1490 5461 quod
1527 5398 1625 5442 sa-

173 5466 231 5527 tis
252 5480 322 5535 est
344 5476 408 5538 ad
433 5480 858 5561 propositionis
880 5476 1220 5541 indefinitas
1250 5475 1576 5539 veritatem
1603 5493 1619 5550 ;

177 5576 481 5653 consequens
504 5580 833 5649 antemest
853 5572 1106 5649 falsum,
1131 5574 1194 5635 et
1219 5576 1436 5637 eontra
1459 5586 1625 5639 com·

1700 782 1869 844 modi
1918 784 2337 848 locutionibus
2373 792 2435 849 et
2474 786 3006 869 propositionibus
3030 836 3047 865 ‚
3098 809 3265 853 eom·

1703 894 1967 939 munem
2000 896 2257 943 sensum
2312 900 2477 953 esse,
2524 881 2693 963 loqui
2730 882 2809 945 de
2844 884 2971 947 Deo
3020 882 3263 945 ratione

1702 969 1866 1032 illius
1894 990 2203 1052 personae,
2253 976 2317 1036 in
2365 994 2557 1056 quam
2605 980 2811 1057 potest
2858 976 3262 1056 praedicatum

1701 1066 2061 1142 convenire,
2096 1073 2161 1129 et
2190 1068 2306 1131 bae
2336 1068 2579 1131 ratione
2609 1068 3017 1132 determinari
3045 1070 3267 1151 praedi·

1702 1163 1910 1220 catum
1934 1177 1971 1220 a
1992 1160 2298 1240 subjecto,
2324 1169 2517 1245 utpro
2540 1162 2641 1224 illa
2663 1168 2903 1224 tantum
2926 1167 3259 1243 supponam

1701 1252 1860 1314 sicut
1889 1254 2079 1315 etiam
2114 1254 2375 1317 dicimus
2393 1254 2457 1316 in
2479 1256 2600 1318 hac
2624 1256 3073 1339 propositione,
3098 1256 3265 1319 Deus

1701 1353 1973 1427 ,penei-at,
2005 1348 2205 1409 Deum
2247 1366 2605 1433 supponere
2635 1368 2748 1429 pro
2780 1350 2998 1427 Patre;
3030 1355 3092 1411 et
3120 1349 3263 1410 ideo

1703 1442 2087 1521 negativam,
2117 1444 2280 1507 Deus
2308 1462 2423 1507 non
2450 1450 2715 1528 penerel,
2746 1443 2971 1505 falsam
3008 1462 3166 1505 esse.
3192 1444 3269 1507 Et

1705 1536 1862 1597 ratio
1883 1535 2029 1597 addi
2059 1541 2284 1616 potest,
2301 1536 2471 1617 quia,
2494 1556 2637 1599 eum
2662 1538 2826 1599 Deus
2858 1538 2935 1600 sit
2960 1537 3267 1600 terminus

1709 1628 2072 1711 singularis,
2102 1648 2353 1711 semper
2378 1633 2673 1713 supponit
2706 1650 2820 1715 pro
2856 1632 3269 1695 determinato

1705 1724 2031 1805 supposito
2055 1772 2071 1799 ,
2120 1726 2299 1804 juxta
2352 1726 2731 1805 exigentiam
2788 1724 3143 1806 praedicati,
3200 1732 3268 1787 et

1705 1836 2031 1897 nunquam
2062 1816 2256 1879 habet
2300 1816 2693 1881 indefinitam
2745 1818 3258 1899 suppositionem,

1705 1910 1816 1971 sed
1841 1910 2347 1987 determinatam,
2380 1914 2507 1975 sive
2532 1912 2637 1974 illa
2682 1912 2761 1975 sit
2807 1928 2921 1993 pro
2962 1928 3091 1973 una
3121 1918 3263 1973 tan-

1705 2008 1833 2064 tum
1868 2020 2163 2084 persona,
2190 2011 2261 2067 ut
2302 2005 2369 2067 in
2414 2004 2579 2069 dicta
2620 2004 3087 2087 propositione;
3134 2005 3263 2067 sive

1703 2114 1818 2176 pro
1873 2098 2196 2176 pluribuS,
2244 2104 2557 2179 quatenus
2592 2101 2657 2161 in
2698 2099 2920 2161 eadem
2962 2098 3267 2179 singulari

1699 2192 1903 2253 forma
1950 2210 2067 2271 per
2092 2192 2494 2273 praedicatum
2534 2192 2877 2257 formaliter
2914 2190 3263 2272 significata

1701 2286 2105 2364 conveniunt,
2144 2292 2217 2352 ut
2264 2286 2329 2350 in
2374 2286 2530 2352 hae:
2561 2288 2727 2353 Deus
2750 2292 2841 2351 est
2883 2288 3150 2371 sapiens,
3200 2292 3263 2348 et

1700 2378 2029 2442 similibus

1783 2476 1842 2537 3.
1889 2474 1985 2537 De
2001 2474 2355 2555 proedioato.
2377 2510 2459 2525 -
2482 2474 2841 2539 Secundum
2870 2474 3131 2537 dubium
3172 2478 3265 2534 est

1701 2568 1866 2630 eirca
1889 2566 2297 2648 praedicatum
2328 2568 2493 2631 illius
2521 2568 2988 2651 propositionis„
3020 2584 3103 2629 an
3146 2566 3263 2629 ho·

1700 2682 1804 2725 mo
1835 2662 2079 2726 dicatur
2111 2664 2375 2727 univoce
2428 2664 2507 2729 de
2541 2665 2780 2729 Christo
2822 2684 2935 2727 seu
2988 2666 3145 2737 Deo,
3199 2668 3263 2725 et

1699 2756 1917 2831 nohis3
1972 2756 2259 2820 nonnulli
2309 2760 2477 2821 enim
2530 2758 2867 2841 Theologi‚
2919 2758 3260 2839 praesertim

1701 2850 2085 2927 Nominales,
2102 2852 2165 2913 in
2182 2854 2243 2927 3,
2271 2850 2415 2915 dist.
2432 2856 2495 2927 4,
2521 2852 2656 2915 ausi
2682 2857 2827 2914 sunt
2846 2852 2967 2913 hoc
2995 2868 3256 2930 negare,

1701 2944 1927 3023 quibus
1954 2945 2570 3008 consentirevidetur
2588 2946 2802 3021 Mars„
2822 2962 2883 3025 q.
2910 2948 2972 3021 63
2988 2946 3225 3007 etScot.
3239 2992 3257 3017 ,

1701 3036 1763 3099 d.
1797 3041 1858 3111 7,
1883 3056 1942 3116 q.
1974 3040 2033 3115 1,
2066 3036 2215 3101 dicit
2240 3038 2411 3101 aliud
2441 3056 2579 3101 esse
2604 3038 3009 3121 praedicatum
3045 3040 3260 3101 univo-

1697 3148 1865 3203 cum,
1891 3131 2059 3193 aliud
2077 3132 2403 3212 praedicari
2426 3132 2843 3206 univoee;hoc
2868 3150 3017 3213 ergo
3036 3130 3263 3213 proedi-

1697 3230 1930 3296 catum‚
1962 3226 2153 3298 homo,
2182 3224 2416 3287 dictum
2436 3224 2514 3288 de
2534 3226 2681 3298 Deo,
2702 3230 2764 3287 et
2776 3225 2855 3287 de
2878 3224 3083 3300 nobis,
3113 3222 3262 3287 dicit

1698 3336 1832 3381 esse
1863 3317 2222 3392 univocum,
2257 3319 2403 3397 quia
2434 3326 2527 3381 est
2555 3318 2617 3379 in
2638 3336 2705 3380 se
2733 3336 2929 3381 unum
2956 3318 3017 3379 in
3050 3318 3258 3399 specle

1697 3418 1762 3475 et
1785 3412 1848 3473 in
1869 3418 2176 3493 conceptu
2199 3418 2261 3475 et
2277 3414 2517 3475 ratione
2539 3430 2687 3486 sua;
2714 3418 2905 3493 negat
2928 3430 3075 3473 vero
3100 3427 3259 3490 prae·

1695 3505 1889 3568 dicari
1921 3505 2211 3579 univoce,
2245 3504 2393 3585 quia
2444 3504 2522 3567 de
2566 3504 2697 3567 Deo
2744 3502 3122 3587 praedieatur
3148 3503 3260 3565 de-

1695 3598 2103 3676 nominative,
2144 3618 2288 3662 cum
2336 3606 2651 3682 supponat
2700 3600 3112 3681 suppositum,
3155 3598 3255 3661 cui

1695 3698 1900 3774 potest
1927 3692 2263 3755 convenire
2285 3700 2348 3755 et
2377 3712 2505 3757 non
2533 3692 2866 3755 convenire
2889 3708 3027 3755 esse
3050 3690 3257 3753 homi-

1696 3802 1881 3866 nem;
1913 3786 1992 3848 de
2033 3784 2171 3848 aliis
2196 3804 2345 3849 vero
2386 3784 2747 3849 hominihus
2782 3784 3009 3848 dicitur
3034 3782 3257 3847 intrin-

1697 3898 1838 3943 sece
1900 3886 1961 3942 et
2014 3880 2462 3958 essentialiter,
2525 3898 2651 3962 qua
2700 3880 2946 3942 ratione
2999 3884 3260 3941 utuntur

1697 3975 1889 4039 etiam
1917 3975 2298 4037 NominaleS.
2326 3974 2449 4037 Sed
2487 3991 2566 4037 ex
2590 3992 2666 4037 ea
2694 3973 2960 4037 ulterius
3007 3972 3262 4036 conclu-

1697 4068 1873 4144 dunt,
1910 4068 2099 4133 etiam
2124 4070 2333 4151 ipsum
2363 4068 2773 4150 praedicatum
2798 4084 2929 4130 non
2956 4084 3093 4129 esse
3122 4067 3264 4128 uni-

1695 4182 1946 4240 vocum,
1984 4162 2133 4243 quia
2153 4162 2346 4225 homo
2375 4180 2505 4224 non
2528 4166 2777 4225 tantum
2808 4159 3115 4241 signifieat
3149 4178 3261 4221 na-

1697 4264 1927 4332 turam,
1980 4256 2093 4319 sed
2142 4257 2333 4319 etiam
2362 4256 2793 4339 suppositum3
2826 4259 2891 4316 at
2911 4272 3061 4316 vero
3092 4252 3262 4317 Chri·

1698 4358 1831 4414 stus
1861 4356 1925 4413 et
1966 4348 2069 4412 alii
2096 4348 2386 4412 homines
2414 4368 2543 4415 non
2571 4348 2953 4412 conveniunt
2996 4348 3262 4409 univoce

1697 4446 1766 4509 in
1795 4446 2037 4508 ratione
2068 4444 2371 4527 suppositi
2404 4451 2465 4507 et
2492 4460 2806 4525 personae.

1775 4542 1840 4601 4.
1884 4538 2084 4603 Homo
2114 4540 2357 4602 univoce
2391 4535 2621 4603 dicitur
2656 4538 2726 4601 de
2768 4534 3039 4614 Christo,
3089 4538 3145 4600 et
3196 4534 3264 4599 do

1695 4634 1888 4697 nobie.
1909 4665 1993 4679 —
2018 4630 2364 4695 Dicendum
2386 4650 2535 4695 vero
2567 4637 2661 4712 est
2686 4631 2911 4713 primo,
2936 4628 3259 4691 hominem

1695 4727 1930 4791 dictum
1957 4724 2036 4789 de
2051 4724 2288 4791 Christo
2315 4744 2427 4791 seu
2447 4727 2601 4804 Deo,
2628 4732 2691 4790 et
2718 4723 2857 4787 aliis
2874 4722 3256 4799 hominihus,

1699 4838 1834 4885 esse
1880 4820 2031 4901 quid
2086 4820 2448 4883 univocum.
2492 4820 2585 4883 Ita
2637 4816 2849 4882 docuit
2876 4816 2947 4879 D.
2984 4814 3260 4877 Thomas
3310 4860 3315 4865 .

1700 4934 1912 4997 supra,
1945 4932 2011 4995 q.
2041 4920 2103 4991 2,
2131 4920 2249 4978 art.
2277 4918 2339 4994 5,
2372 4921 2435 4978 et
2461 4932 2588 4977 non
2630 4914 2877 4976 videtur
2914 4928 3101 4993 posse
3153 4928 3264 4972 ca-

1701 5008 1851 5071 dere
1879 5008 1944 5071 in
1967 5007 2231 5071 dubium
2260 5008 2429 5093 apud
2452 5008 2837 5083 Catholieos3
2870 5006 2935 5067 in
2963 5002 3262 5087 Symbola

1701 5102 1870 5165 enim
1925 5102 2251 5165 Athanasii
2318 5102 2544 5165 dicitur
2599 5100 2878 5165 Christus
2945 5096 3263 5178 perfectus

1701 5196 1888 5271 Deus,
1920 5201 1983 5259 et
2009 5194 2324 5277 perfectus
2343 5195 2536 5257 homo
2558 5214 2574 5268 ;
2604 5200 2667 5257 et
2693 5192 2757 5254 in
2784 5190 3068 5254 Consiliis
3093 5206 3261 5269 saepe

1703 5308 1892 5372 supra
1929 5290 2156 5368 citatis,
2180 5290 2283 5352 vel
2312 5288 2575 5365 eisdem,
2602 5288 2701 5349 vel
2744 5281 3263 5365 aequivalentibus

1703 5384 1932 5460 verbis,
1964 5402 2133 5465 soepe
2162 5384 2227 5446 id
2255 5384 2537 5456 docetur,
2567 5390 2641 5443 ut
2656 5372 3260 5461 patetexVSynod„

1705 5496 1846 5541 can.
1879 5479 1942 5553 8,
1986 5478 2093 5539 ubi
2122 5476 2399 5539 Christus
2445 5475 2672 5538 dieitur
2720 5466 3266 5535 consubstantialis

1707 5571 1876 5639 Patri
1923 5570 2267 5637 secundum
2313 5570 2728 5647 divinitatem,
2762 5572 2827 5633 et
2852 5560 3267 5631 consubstan-
