3892 6167
1295 337 1612 393 mst‘uu‘r.
1647 338 1771 398 uu.
1820 337 1993 395 SECT'·
2028 343 2113 396 ut.

131 442 300 502 etiam
351 440 432 502 ad
485 441 817 502 colendum
872 459 1059 504 omne
1113 441 1269 505 illud
1329 447 1498 523 quod
1549 463 1662 524 per

135 534 406 591 unionem
451 532 538 593 ad
581 535 854 595 Verbum
903 536 1347 606 sanctificatur,
1381 545 1448 598 ut
1475 539 1663 599 latius

131 627 186 686 in
227 625 624 702 sequentibus
666 629 1132 706 explicabimus.
1175 632 1353 694 Unde
1397 631 1516 692 sub
1544 632 1665 692 hac

131 719 350 780 ratione
370 725 576 796 potest
597 721 726 782 haec
745 720 1032 784 adoratio
1053 723 1230 784 latria
1253 725 1483 798 vocari,
1505 725 1665 786 sicut

133 811 324 890 opinio
345 829 534 890 supra
555 812 739 874 citata
761 812 1045 887 diceban
1069 817 1164 878 vel
1185 823 1354 880 certe
1381 819 1457 894 (si
1476 817 1664 880 modo

131 906 312 985 magis
330 905 554 968 usitato
575 906 957 984 loquendum
980 908 1092 988 est)
1113 911 1438 973 vocabitur
1456 913 1666 991 potius

133 997 515 1076 hyper-dulim
548 1003 645 1061 est
669 999 840 1062 enim
868 1002 999 1064 haeo
1046 1001 1326 1064 adoratio
1375 1005 1396 1081 (
1407 1010 1476 1065 ut
1513 1004 1668 1065 dixi-

129 1093 272 1169 mus)
293 1091 530 1153 ratione
553 1099 614 1154 et
631 1085 1012 1172 perfectione
1037 1093 1338 1156 differens
1358 1113 1394 1158 a
1417 1099 1666 1176 propria

125 1185 310 1258 latria,
339 1203 478 1264 quae
501 1185 637 1246 sola
667 1189 920 1250 nomine
947 1188 1146 1248 latriae
1176 1188 1460 1252 absolute
1489 1191 1668 1254 dictae

129 1279 442 1358 significari
491 1280 651 1341 solet
667 1295 688 1356 3
739 1297 974 1342 nomen
1017 1289 1230 1343 autem
1277 1283 1666 1364 hyperduliae

129 1373 390 1452 usurpari
423 1379 630 1452 potest
657 1372 740 1445 ad
775 1373 1248 1454 significandam
1279 1393 1532 1438 omnem
1559 1397 1666 1440 ex-

129 1465 432 1527 cellentem
482 1466 917 1529 adorationem
945 1485 983 1528 a
1030 1468 1307 1548 perfecta
1348 1471 1526 1534 latria
1572 1471 1664 1534 di-

127 1575 376 1632 versam,
405 1558 624 1638 illique
649 1559 1030 1624 inferiorem.

195 1656 250 1716 9.
277 1654 418 1715 Dico
443 1653 634 1714 tertio
659 1671 676 1714 t
699 1654 998 1732 Christus,
1025 1657 1088 1718 in
1113 1665 1418 1738 quantum
1447 1661 1660 1736 bomo,

129 1747 348 1810 adorari
377 1751 582 1826 potest
621 1753 882 1828 propter
920 1751 1328 1814 excellentem
1375 1755 1661 1831 gratiam,

127 1849 184 1902 et
201 1841 586 1902 sanctitatem
605 1847 880 1903 creatam
905 1861 1038 1904 suoe
1069 1846 1438 1908 humanitati
1467 1847 1664 1908 inhae-

129 1941 374 2006 rentem;
403 1933 542 1995 hinc
569 1940 784 1996 tamen
827 1935 1110 1999 adoratio
1155 1938 1411 2001 inferior
1437 1947 1568 2015 est,
1600 1944 1666 2003 et

129 2027 352 2104 proprie
375 2026 752 2106 hyperdulia
782 2029 1029 2091 dicitur.
1057 2029 1386 2094 Conclusio
1411 2033 1542 2095 haec
1567 2040 1663 2096 est

129 2121 190 2180 D.
213 2121 421 2181 Thom.
455 2120 587 2191 hic,
619 2129 682 2184 et
709 2123 1016 2198 omnium,
1047 2129 1110 2186 et
1135 2127 1429 2205 explicari
1460 2131 1667 2205 potest

127 2213 266 2274 sicut
287 2215 674 2291 praecedens.
697 2217 908 2278 Sancti
937 2218 1104 2278 enim
1135 2227 1281 2282 sunt
1309 2221 1664 2286 adorabiles

125 2313 353 2385 propter
397 2309 674 2388 gratiam
723 2316 787 2371 et
835 2311 1101 2390 gloriam
1148 2320 1456 2391 creatam;
1509 2333 1662 2395 ergo

125 2400 296 2461 multo
333 2402 532 2480 magis
581 2401 880 2464 Christus.
928 2406 1164 2466 Rursus
1201 2407 1338 2468 haec
1375 2408 1660 2471 adoratio

121 2511 231 2553 non
273 2493 570 2556 fundatur
614 2497 678 2557 iu
726 2497 1096 2558 excellentia
1139 2500 1459 2578 increata;
1507 2521 1658 2584 ergo

123 2605 229 2648 non
255 2595 340 2649 est
363 2589 568 2652 latria.
586 2591 720 2651 Imo
748 2590 896 2653 hinc
917 2592 1165 2654 videtur
1193 2595 1476 2657 concludi
1497 2595 1660 2660 hauc

123 2681 520 2746 adorationem
565 2701 704 2746 esse
751 2685 1032 2764 ejusdem
1065 2687 1320 2749 rationis
1349 2691 1658 2769 specificae

123 2793 243 2835 cum
271 2776 456 2850 dulia,
480 2795 630 2858 quse
659 2777 846 2840 datur
863 2780 1128 2852 Sanctis,
1151 2783 1436 2858 quamvis
1462 2783 1526 2844 in
1551 2784 1655 2845 illa

123 2869 306 2946 specie
333 2887 650 2932 summam
671 2873 1029 2950 quamdam
1073 2873 1508 2936 excellentiam
1543 2877 1654 2938 ha-

127 2961 276 3034 heat;
303 2965 442 3043 quia
470 2964 674 3043 gratia
709 2971 773 3025 et
795 2965 992 3046 gloria
1017 2965 1238 3029 Christi
1281 2967 1366 3029 ita
1396 2985 1656 3048 compa-

125 3063 274 3117 ratur
295 3059 371 3118 ad
397 3059 774 3120 Sanctorum
799 3060 1062 3138 gratiam
1091 3067 1154 3122 et
1195 3062 1453 3141 gloriam
1467 3084 1485 3139 3
1509 3063 1660 3124 ado-

124 3151 372 3213 rationes
383 3160 603 3216 autem
623 3169 765 3213 eam
775 3155 1240 3232 proportionem
1263 3155 1426 3217 inter
1445 3173 1514 3218 se
1531 3175 1661 3218 ser·

126 3252 271 3314 vani,
300 3263 484 3321 quam
519 3245 906 3308 excellentias
937 3248 1001 3307 in
1036 3247 1264 3324 quibus
1285 3249 1654 3312 fundantur.

193 3339 280 3402 10.
307 3337 1338 3421 objectio.-Responeio.-Dices:
1371 3345 1657 3422 quamvis

125 3433 312 3508 gratita
353 3433 706 3496 secundum
746 3451 816 3494 se
857 3433 1292 3511 consideratae,
1327 3436 1450 3497 sint
1495 3437 1660 3516 ejus-

123 3522 246 3584 dem
272 3527 556 3602 rationis,
579 3534 790 3587 tamen
816 3528 1013 3607 gratia
1037 3528 1102 3589 in
1125 3527 1368 3591 Christo
1395 3535 1489 3590 est
1517 3547 1658 3609 pro·

123 3617 330 3694 pristas
371 3619 840 3696 connaturalis,
871 3637 1013 3701 quoe
1043 3624 1139 3683 est
1183 3623 1516 3702 singularis
1545 3641 1655 3685 ex-

123 3711 404 3776 cellentia.
439 3713 906 3793 Respondetur,
949 3715 1256 3795 imprimis
1301 3715 1424 3778 dici
1471 3735 1656 3796 posse

125 3803 272 3867 hunc
299 3814 660 3888 respectum
693 3825 818 3870 non
847 3816 977 3871 tam
1004 3809 1356 3889 significare
1386 3809 1658 3890 singula-

125 3913 241 3960 rem
285 3902 739 3978 excellentiam,
784 3919 976 3982 quam
1019 3907 1524 3982 conjunctionem
1575 3903 1659 3966 ad

125 3993 290 4056 aliam
320 3996 708 4077 superiorem
737 3997 1026 4076 gratiam,
1059 4013 1174 4059 seu
1205 3997 1658 4072 excellentiam,

123 4091 180 4146 et
197 4085 330 4150 ideo
358 4107 483 4151 nou
513 4095 806 4169 oportere
835 4096 905 4151 ut
931 4090 1017 4150 illi
1043 4089 1422 4169 respondeat
1451 4091 1662 4168 singu·

121 4179 250 4242 laris
279 4185 598 4260 adoratio,
631 4185 743 4246 sed
791 4190 862 4245 nt
901 4185 1172 4264 ipsamet
1202 4184 1482 4247 adoratio
1513 4203 1664 4264 pro-

122 4275 448 4352 portionata
477 4279 588 4339 tali
612 4280 828 4359 gratiae
855 4297 998 4339 cum
1025 4278 1146 4340 alia
1176 4277 1482 4357 superiori
1509 4279 1662 4340 ado·

121 4369 342 4431 ratione
383 4372 718 4450 conjuncta
761 4372 862 4444 sit,
895 4376 959 4432 et
990 4372 1071 4433 ab
1113 4372 1216 4433 illa
1246 4371 1441 4450 possit
1469 4373 1663 4452 impe-

121 4462 248 4522 rari.
298 4463 610 4537 Secundo,
657 4471 718 4525 et
761 4465 964 4544 mag-is
1011 4463 1090 4524 ad
1134 4481 1268 4526 rem
1313 4464 1562 4541 dicitur,
1607 4465 1662 4526 si

123 4556 304 4631 gratia
343 4564 555 4620 creata
601 4555 825 4620 Christi
875 4557 1306 4619 consideretur
1349 4564 1662 4638 quatenus

121 4663 222 4724 per
257 4651 762 4730 conjunctionem
803 4650 883 4710 ad
915 4651 1178 4730 gratiam
1221 4651 1492 4722 ιιηίοιιίε,
1527 4651 1663 4711 infl-

123 4739 301 4803 hitam
330 4743 664 4824 quamdam
695 4743 1062 4824 dignitatem
1093 4744 1306 4818 habet,
1329 4746 1448 4806 hac
1479 4746 1663 4806 ratio·

123 4851 194 4894 ne
242 4835 322 4897 illi
361 4838 746 4918 respondere
793 4837 1174 4916 singularem
1229 4838 1661 4900 adorationem

121 4927 194 4987 ad
244 4929 486 4993 latriam
541 4935 928 5010 spectantem
953 4973 969 5001 ,
1023 4935 1209 5008 prout
1266 4931 1330 4991 in
1383 4930 1662 4991 secunda

121 5024 504 5086 conclusione
528 5031 858 5086 tractatum
881 5030 996 5095 est,
1031 5024 1178 5102 quia
1209 5023 1350 5084 talis
1379 5021 1660 5083 adoratio

119 5127 234 5175 non
259 5115 556 5178 fundatur
581 5117 782 5178 solum
815 5117 880 5176 in
911 5115 1112 5195 gratia
1161 5121 1394 5190 creata,
1435 5115 1546 5176 sed
1593 5115 1658 5175 in

121 5209 306 5282 gratia
337 5211 606 5271 unionis.
637 5210 812 5272 Sicut
841 5225 1036 5288 opera
1079 5206 1326 5283 Christi,
1369 5208 1656 5286 quamvis

119 5303 444 5364 secundum
495 5323 564 5366 se
619 5304 895 5364 habeant
963 5301 1308 5363 honitatem
1371 5301 1658 5380 ejusdem

121 5395 362 5458 rationis
389 5417 532 5460 cum
559 5398 812 5472 nostrie,
859 5402 1138 5480 spectata
1179 5403 1392 5458 tamen
1423 5404 1491 5457 ut
1517 5411 1660 5475 spe-

128 5487 346 5552 cialiter
387 5491 765 5556 sanctificata
819 5509 936 5571 per
986 5489 1288 5554 unionem
1309 5533 1325 5564 ‚
1381 5487 1659 5569 singula-

434 5613 604 5660 xvm.

3182 343 3303 406 577

1743 463 1878 505 rem
1921 451 1985 504 et
2028 439 2536 504 excellentiorem
2594 443 2899 505 honorem
2950 455 3297 510 merentur.

1825 541 1923 599 ll.
1974 539 2049 596 Et
2090 536 2235 596 hinc
2265 534 2465 596 obiter
2504 535 2868 616 intelligitur
2908 555 3045 616 quar
3073 542 3302 602 adora-

1743 631 1832 691 tio
1869 629 2178 692 debeatur
2196 628 2436 690 Christo
2474 627 2735 704 homini,
2792 631 2969 692 titulo
3000 635 3305 713 Redemp-

1745 723 1919 783 toris.
1954 721 2395 784 Wiclefl'enim
2424 720 2599 788 dixit.
2632 721 2753 783 hoc
2792 724 2927 785 solo
2966 726 3145 787 titulo
3192 727 3305 788 de-

1743 816 1879 877 beri
1899 816 2143 876 Christo
2172 814 2603 876 adorationem
2629 815 2849 888 latrias,
2878 819 3067 880 etiam
3098 821 3145 880 si
3172 837 3303 880 nou

1747 915 1912 970 esset
1939 911 2127 980 bene,
2156 909 2303 986 quia
2334 924 2449 968 nos
2476 908 2843 970 redimendo
2880 911 3033 972 emit
3064 929 3199 984 uos,
3221 913 3305 974 si-

1745 1001 1936 1079 bique
1952 1019 2165 1064 servos
2178 1003 2403 1063 effecit.
2432 1001 2935 1081 Quodimprobat
2954 1005 3271 1067 Waldcns.
3282 1055 3299 1078 ,

1747 1094 1856 1155 lib.
1892 1098 1919 1156 l
1950 1093 2280 1156 Doctrinal.
2316 1095 2449 1156 Fid.
2485 1096 2707 1175 antiq..
2742 1115 2799 1158 c.
2830 1099 2933 1169 24,
2967 1103 3028 1160 et
3056 1101 3301 1173 meritc,

1747 1188 1798 1248 si
1829 1187 1907 1248 de
1932 1187 2211 1268 perfecta
2240 1191 2301 1250 et
2317 1188 2599 1249 absoluta
2612 1189 2790 1251 latria
2821 1191 3133 1269 loquatur,
3159 1193 3306 1272 quia

1749 1280 1840 1358 (ut
1876 1281 2037 1342 bene
2066 1281 2263 1356 Scot.,
2295 1281 2356 1342 in
2390 1285 2451 1352 3,
2488 1282 2551 1342 d.
2606 1285 2695 1356 9‚-
2722 1283 2977 1364 notavit)
3028 1287 3309 1349 Christus

1745 1391 1875 1434 non
1905 1381 1998 1436 est
2020 1374 2399 1453 Redemptor
2426 1381 2495 1437 ut
2544 1376 2747 1459 prima
2778 1375 2969 1439 causa
3008 1379 3309 1458 simplici·

1744 1473 1863 1542 ter,
1893 1467 2009 1529 sed
2030 1467 2235 1529 solum
2278 1475 2345 1528 ut
2380 1468 2582 1548 prima
2618 1469 2681 1530 iu
2713 1487 2947 1549 genere
2988 1473 3193 1534 meriti
3240 1479 3304 1536 et

1747 1561 2211 1629 satisfactionis,
2228 1559 2379 1640 quae'
2394 1562 2597 1623 solum
2615 1570 2708 1624 est
2730 1564 2929 1644 prima
2959 1566 3307 1628 secundum

1745 1654 1921 1734 quid,
1958 1661 2021 1716 et
2044 1655 2224 1716 alteri
2263 1656 2569 1734 superiori
2592 1675 2799 1720 causae
2849 1659 3303 1733 subordinata;

1745 1753 1810 1810 at
1835 1765 1991 1810 vero
2010 1749 2284 1828 perfecta
2313 1748 2492 1810 latria
2530 1751 2735 1813 solum
2780 1751 3047 1813 debetur
3088 1753 3304 1832 primae

1745 1859 1953 1903 causae
1985 1843 2363 1920 simpliciter.
2399 1843 2677 1924 Denique
2706 1845 2975 1922 dignitas
3000 1846 3308 1927 Redemp-

1745 1936 1920 2008 tor-ie,
1954 1942 2143 2014 prout
2166 1937 2458 1998 convenit
2486 1937 2728 1998 Christo
2758 1944 2828 1998 ut
2854 1938 3117 2010 homini,
3142 1939 3309 2001 infe-

1745 2029 1874 2090 rior
1901 2037 1995 2090 est
2016 2029 2317 2108 dignitate
2348 2030 2457 2090 Dei
2491 2031 2841 2093 secundum
2885 2049 2952 2092 se
2970 2045 2991 2109 3
3024 2049 3150 2092 non
3192 2049 3307 2112 po·

1745 2130 1862 2185 test
1892 2141 2043 2202 ergo
2073 2141 2213 2186 esse
2240 2123 2401 2184 ratic·
2436 2123 2699 2201 aequalis
2720 2123 3119 2186 adorationis.

1827 2220 1924 2278 12.
1970 2218 2259 2280 Dubium.
2298 2249 2381 2264 -
2410 2214 2765 2296 Reponeio.
2798 2249 2879 2266 —
2902 2218 3095 2297 CuJus
3148 2237 3301 2300 ergo

1745 2309 2125 2371 adorationis
2148 2327 2334 2371 causa
2388 2311 2561 2371 erit?
2600 2327 2803 2388 neque
2849 2313 3018 2372 enim
3064 2329 3302 2392 negare

1743 2419 2078 2481 possumus
2110 2404 2275 2463 hunc
2294 2403 2539 2463 titulum
2576 2401 2989 2465 sufficientem
3022 2423 3163 2466 csse
3190 2405 3305 2468 ali-

1742 2495 1921 2575 cujus
1950 2495 2333 2558 adorationis
2361 2511 2651 2572 causam3
2678 2506 2775 2558 est
2810 2499 2977 2559 enim
3008 2499 3142 2559 sinc
3186 2499 3304 2561 du·

1740 2589 1844 2650 hio
1865 2607 2095 2667 magna
2124 2589 2489 2652 excellentia
2520 2590 2975 2671 Redemptum,
2998 2597 3061 2652 et
3090 2593 3304 2672 singu-

1739 2685 1892 2745 laria
1931 2683 2175 2746 virtutis
2207 2703 2399 2764 opera
2426 2703 2499 2746 ac
2515 2684 2813 2764 specialia
2842 2685 3151 2750 beneficia
3188 2686 3305 2750 ho·

1735 2777 2013 2839 minibus
2055 2778 2223 2838 facta
2264 2778 2552 2850 includit,
2600 2785 2856 2856 propter
2904 2795 3043 2856 quae
3093 2780 3304 2842 omnia

1738 2872 1961 2951 aliquis
1986 2872 2323 2950 singularis
2348 2872 2551 2933 bonor
2576 2871 2819 2933 Christo
2840 2871 3129 2934 debetur.
3155 2876 3303 2935 Res·

1739 2964 2056 3044 pendetur
2093 2965 2180 3026 ita
2234 2964 2491 3044 quidem
2546 2983 2708 3038 esse,
2756 2972 2818 3026 et
2872 2965 3303 3028 adorationem

1742 3059 1928 3132 hanc,
1958 3058 2106 3119 licet
2139 3057 2417 3137 perfecta
2446 3057 2629 3118 latria
2682 3075 2809 3118 non
2842 3059 2945 3132 sit,
2990 3058 3073 3120 ad
3130 3059 3301 3120 illam

1738 3157 1951 3212 tamen
1982 3150 2229 3211 latriam
2268 3151 2572 3222 revocari,
2602 3168 2741 3230 quse
2760 3157 3009 3231 propter
3034 3153 3303 3232 gratiam

1737 3246 1990 3305 unionis
2023 3245 2229 3306 dehita
2254 3251 2373 3318 est,
2405 3245 2549 3322 quia
2572 3251 2702 3306 tota
2726 3244 3167 3324 Redemptoris
3210 3245 3306 3306 di·

1739 3337 1944 3416 gnitas
1972 3355 2049 3399 ex
2088 3338 2195 3397 illo
2226 3337 2529 3416 principio
2560 3338 2882 3400 manavit.-
2905 3337 3105 3409 Unde,
3140 3339 3304 3402 sicut

1737 3429 1906 3491 idem
1951 3431 2333 3492 adorationis
2378 3447 2490 3491 seu
2530 3429 2717 3490 duliae
2762 3429 2987 3491 modus
3036 3429 3302 3493 debetur

1738 3524 1922 3585 alicui
1953 3530 2207 3603 propter
2226 3524 2617 3584 sanctitatem
2650 3529 3027 3596 creatam‚et
3046 3530 3301 3602 propter

1736 3619 1981 3680 virtutis
2006 3633 2198 3696 opera
2224 3617 2307 3677 ab
2326 3616 2435 3677 illa
2466 3616 2895 3696 procedentia,
2945 3617 3031 3677 ita
3072 3617 3299 3678 eadem

1738 3713 2021 3774 adoratio
2075 3711 2343 3774 debetur
2380 3713 2623 3774 Christo
2672 3720 2741 3774 ut
2784 3712 3060 3789 homini,
3112 3713 3300 3774 ratio·

1737 3825 1818 3868 nc
1867 3807 2137 3877 unionis,
2166 3813 2229 3868 et
2265 3807 2553 3886 perfectae
2592 3805 3043 3885 redemptionis
3088 3823 3165 3868 ex
3219 3807 3301 3867 ri·

1738 3915 1888 3979 gore
1928 3899 2203 3978 justitiae.
2245 3899 2589 3972 Quocirca,
2638 3899 2692 3959 si
2732 3898 3012 3960 Christus
3078 3899 3300 3962 fuisset

1745 4011 1938 4071 purus
1981 3994 2195 4064 homo,
2236 3997 2303 4054 et
2345 3993 2705 4072 imperfecte
2743 4011 2859 4054 nos
2902 3992 3297 4064 redemisset,

1741 4103 1870 4148 non
1901 4086 2239 4149 deberetur
2266 4085 2355 4146 illi
2386 4103 2463 4146 ea
2492 4084 2796 4159 adoratio,
2831 4101 2971 4163 quse
3006 4084 3185 4146 titulo
3206 4103 3304 4148 re·

1742 4179 2127 4259 demptionis
2168 4197 2337 4240 nunc
2361 4176 2571 4240 debita
2602 4184 2718 4250 est,
2754 4177 2867 4239 sed
2898 4177 3021 4239 alia
3050 4177 3307 4239 inferio-

1741 4274 1828 4335 ris
1865 4273 2124 4347 ordinis,
2148 4289 2285 4352 quae
2310 4271 2679 4352 dignitatem
2710 4271 2923 4350 gratim
2942 4277 3186 4347 creatae,
3238 4275 3302 4334 et

1743 4366 2178 4428 efficacitatem
2208 4366 2343 4445 ejus
2360 4381 2489 4425 non
2518 4365 3013 4427 transcenderet.

1825 4463 1924 4522 13.
1959 4462 2095 4524 Una
2122 4477 2273 4521 vero
2292 4463 2580 4538 superest
2594 4459 2949 4534 difficultas,
2977 4460 3123 4539 quia
3144 4458 3300 4523 Con-

1743 4554 1885 4615 cilia
1912 4553 2222 4615 definiunt
2257 4551 2568 4614 Christum
2616 4569 2739 4613 una
2788 4559 3031 4615 tantum
3078 4554 3301 4616 adora·

1743 4647 1914 4708 tione
1954 4665 2094 4708 esse
2144 4645 2580 4721 adorandum3
2613 4663 2730 4706 nos
2773 4653 2989 4708 autem
3037 4663 3181 4708 cum
3224 4647 3292 4708 D.

1741 4741 1981 4802 Tboma
2006 4739 2217 4819 plures
2242 4738 2465 4799 modos
2490 4736 2794 4800 adorandi
2818 4738 3127 4802 Christum
3154 4757 3299 4818 pos-

1745 4834 1956 4895 sibiles
1986 4833 2329 4913 posuimus.
2371 4833 2803 4911 Respondetur
2828 4833 3119 4911 primum,
3141 4833 3300 4893 Con-

1743 4927 1886 4988 cilia
1923 4943 2051 4987 non
2092 4926 2319 4987 docere
2364 4923 2677 4986 Christum
2698 4966 2720 4999 ,
2774 4941 3155 5004 quacunque
3204 4941 3303 4985 ra·

1741 5021 1914 5082 tione
1944 5025 2317 5099 spectatum,
2356 5035 2485 5078 una
2537 5023 2780 5078 tantum
2828 5019 3039 5098 specie
3094 5018 3299 5080 cultus

1741 5112 2158 5184 adorabilem3
2188 5111 2339 5190 quin
2364 5109 2569 5188 potius
2599 5111 2815 5188 quinta
2838 5110 3150 5190 Synodus,
3176 5109 3303 5171 col-

1738 5207 1848 5268 lat.
1883 5210 1943 5277 8,
1968 5223 2195 5266 canon.
2238 5205 2301 5276 9,
2358 5203 2521 5262 sicut
2574 5201 2789 5264 definit
2842 5221 3031 5265 unam
3078 5202 3302 5264 Christi

1740 5299 2171 5361 adorationem
2204 5295 2445 5356 ratione
2462 5294 2647 5356 unius
2672 5313 2978 5374 personae,
3002 5297 3090 5356 ita
3113 5303 3301 5374 negat

1740 5394 1985 5456 ratione
2034 5393 2293 5461 naturae,
2329 5387 2478 5466 quia
2524 5387 2645 5449 hoc
2700 5399 2865 5450 esset
2909 5387 3301 5450 confundere

1739 5493 2019 5550 naturas,
2050 5479 2502 5559 Quandoergo
2530 5481 2785 5543 tradunt
2830 5497 3025 5544 unam
3072 5481 3301 5544 adora-

2900 5589 2976 5648 37
