3892 6167
1302 306 1621 363 ntsrurar.
1656 304 1873 361 XXXVI.
1908 308 2078 363 SECT.
2114 310 2154 363 l.

162 418 207 479 ic
232 416 386 476 inter
412 428 485 473 se
506 410 852 489 distinctis;
878 412 1049 475 unde
1074 412 1263 493 plane
1294 409 1671 491 significant,

162 512 269 573 icut
287 508 577 569 divinitas
606 526 728 568 seu
754 508 1025 570 Verbum
1047 508 1235 569 habet
1254 524 1435 568 suam
1462 512 1674 567 actua·

162 622 239 665 em
266 602 619 673 entitatem,
650 602 729 662 in
768 603 945 681 cujus
988 602 1323 664 intrinseco
1366 605 1675 679 conceptu

162 716 243 761 ion
264 694 600 755 includitur
626 694 1015 771 humanitas,
1054 696 1138 757 ita
1164 699 1229 757 et
1267 712 1301 757 e
1342 712 1669 770 converso,

163 790 563 853 inmanitatem
610 790 848 852 habere
890 791 1079 852 etiam
1120 808 1302 853 suam
1351 790 1673 852 entitatem

163 882 443 955 ‚ctualem,
492 882 563 942 iu
612 900 747 961 qua
792 884 1125 949 intrinsece
1164 902 1295 945 non
1334 884 1675 946 includitur

163 978 401 1047 terbum,
440 994 659 1055 neque
704 978 939 1059 aliquid
980 978 1371 1055 increatum3
1408 996 1671 1039 necesse

163 1080 213 1133 st
250 1088 391 1149 ergo
432 1076 505 1131 ut
544 1068 637 1131 ibi
680 1070 1039 1163 includatur
1077 1071 1402 1133 existentia
1433 1078 1666 1135 creata.

161 1170 195 1227 it
218 1182 421 1227 revera
444 1182 566 1243 per
590 1182 663 1225 se
696 1164 1057 1229 incredibile
1078 1172 1172 1229 est
1190 1168 1669 1243 humanitatem,

162 1277 271 1339 [ure.
314 1262 373 1316 ut
403 1264 497 1317 est
526 1258 805 1319 actualis
850 1261 1110 1335 entitaS,
1137 1268 1266 1323 tota
1295 1268 1390 1323 est
1432 1266 1665 1334 creata,

162 1350 445 1413 annaliter
472 1352 779 1413 constitui
808 1354 871 1413 in
911 1370 1047 1415 esse
1074 1355 1217 1416 talis
1255 1356 1527 1417 entitatis
1554 1372 1671 1433 per

160 1444 505 1514 firmitatem,
530 1462 655 1505 seu
680 1447 959 1508 Verbum
988 1449 1360 1522 increatum,
1378 1448 1549 1531 quod
1570 1468 1670 1509 ar-

160 1544 466 1615 fnmentnm
489 1536 661 1598 infra
688 1540 959 1619 amplius
988 1542 1377 1621 urgebimus.

198 1634 250 1690 7.
289 1630 573 1690 Secundo
620 1632 751 1693 hoc
787 1632 1175 1707 declaratur,
1206 1654 1355 1697 nam
1392 1636 1667 1716 Angelus

160 1742 309 1785 >onus
338 1721 433 1783 vel
470 1722 689 1785 malus
720 1725 949 1789 virtute
974 1728 1246 1789 naturali
1271 1730 1555 1791 intuitive
1578 1730 1669 1793 vi·

160 1818 221 1877 let
252 1815 706 1877 humanitatem
736 1816 994 1895 Christi,
1032 1826 1317 1883 ettotam
1356 1822 1667 1885 actualem

160 1910 419 1973 tntitatem
456 1910 596 1989 ejus
612 1926 635 1987 3
662 1930 817 1991 ergo
848 1914 1019 1977 videt
1046 1914 1129 1989 id,
1157 1934 1285 1996 quo
1312 1914 1419 1977 illa
1448 1917 1667 1978 huma-

160 2004 268 2065 titas
312 2004 649 2065 intrinsece
693 2010 759 2067 et
784 2006 1131 2071 formaliter
1159 2011 1555 2072 constituitur
1599 2012 1665 2073 in

160 2116 245 2159 isse
286 2096 415 2156 talis
458 2098 744 2161 entitatis
775 2100 1059 2164 actualis.
1108 2102 1269 2163 Fieri
1314 2104 1485 2165 enim
1535 2122 1665 2166 non

160 2198 326 2259 totest,
354 2208 563 2269 neque
592 2192 887 2275 intelligi,
921 2202 989 2257 ut
1019 2196 1239 2275 aliquis
1268 2197 1549 2261 intuitive
1578 2200 1665 2261 vi-

160 2284 255 2345 leat
274 2282 469 2346 album
489 2292 561 2347 ut
580 2284 825 2361 album,
852 2292 915 2349 et
932 2306 1059 2349 non
1079 2290 1289 2351 videat
1306 2290 1663 2354 albedinem

161 2396 328 2457 psam3
358 2379 468 2439 sed
494 2378 787 2459 Angelus
825 2382 1051 2444 virtute
1093 2384 1363 2446 naturali
1392 2404 1519 2447 non
1552 2406 1665 2466 po·-

161 2478 272 2533 :erat
294 2472 512 2533 intueri
540 2474 847 2552 Verbum,
876 2477 975 2539 vel
1004 2477 1395 2541 divinitatem
1421 2482 1661 2543 unitam

160 2564 504 2636 inmanitati:
538 2584 697 2646 ergo
730 2571 977 2648 signum
1008 2570 1263 2633 evidens
1292 2578 1406 2650 est,
1440 2574 1665 2638 huma-

160 2658 357 2719 titatem
382 2678 509 2719 non
538 2661 839 2725 constitui
868 2664 931 2723 in
978 2682 1117 2727 esse
1146 2668 1409 2729 actualis
1440 2672 1664 2732 entita-

161 2752 205 2809 is
224 2770 314 2829 pet
340 2754 497 2813 hanc
518 2756 847 2832 unionem,
864 2772 985 2819 nec
1004 2774 1118 2837 per
1140 2764 1278 2821 rem'
1294 2762 1658 2840 increatam,

160 2843 233 2905 ted
270 2862 372 2923 per
414 2848 817 2911 existentiam
862 2852 1185 2931 propriam
1237 2863 1300 2916 et
1346 2863 1659 2932 creatam,

158 2952 295 3015 quam
326 2940 596 3017 Angelus
622 2944 856 3004 intueri
878 2952 1095 3023 potest.
1128 2947 1305 3021 Quod
1329 2966 1405 3010 ex
1437 2950 1663 3025 codem

158 3032 394 3109 mysterio
422 3034 503 3094 ita
537 3036 971 3110 confirmatur,
1012 3056 1159 3101 nam
1194 3042 1340 3119 quia
1371 3044 1663 3104 humani-

158 3130 221 3185 tas
244 3123 439 3185 Christi
466 3124 527 3186 in
560 3129 809 3189 ratione
840 3131 1236 3194 subsistentis
1266 3136 1661 3198 constituitur

158 3234 237 3295 per
270 3218 451 3295 ipsam
502 3220 981 3284 subsistentiam
1030 3226 1373 3288 increatam
1400 3274 1417 3301 ,
1466 3248 1659 3309 quam

158 3310 347 3371 tlaemon
372 3312 595 3375 intueri
618 3334 746 3377 non
773 3322 997 3396 potest,
1024 3320 1097 3381 fit
1114 3326 1185 3382 ut
1207 3322 1337 3401 lpse
1364 3340 1489 3383 non
1518 3342 1659 3403 pos-

158 3402 209 3463 sit
248 3404 395 3466 illam
426 3407 659 3470 intueri
712 3416 775 3472 et
820 3411 989 3474 clare
1039 3414 1255 3475 videre
1304 3416 1369 3475 in
1416 3418 1659 3479 ratione

158 3495 519 3579 subsistentis;
543 3520 723 3584 erge,
748 3504 799 3566 si
820 3524 935 3585 per
959 3508 1353 3569 existentiam
1380 3510 1657 3571 divinam

158 3594 575 3657 constitueretur
612 3599 681 3658 in
724 3616 859 3661 esse
892 3602 1153 3663 actualis
1188 3604 1497 3674 entitatis,
1526 3622 1655 3665 non

160 3692 317 3761 posset
354 3688 518 3751 illam
562 3692 685 3752 sub
733 3692 853 3753 hac
902 3695 1147 3756 ratione
1182 3695 1349 3757 clare
1398 3696 1650 3771 intueri,

160 3792 251 3835 non
270 3778 385 3839 visa
411 3782 539 3861 ipsa
568 3784 902 3848 existentia
932 3786 1162 3864 divina,
1198 3789 1371 3869 quod
1406 3796 1503 3853 est
1526 3791 1655 3853 evi-

164 3866 331 3931 denter
350 3874 587 3939 falsum.

218 3966 263 4024 8.
284 3967 489 4043 Tertio,
516 3972 877 4035 humanitas
910 3980 977 4037 ut
1006 3976 1267 4037 actualis
1296 3978 1523 4041 entitas
1554 3998 1653 4041 or-

166 4054 273 4118 dine
312 4068 527 4126 naturas
576 4069 950 4146 supponitur
995 4070 1445 4150 assumptioni:
1498 4092 1651 4153 ergo

164 4164 260 4209 non
284 4158 643 4221 constituitur
668 4160 737 4221 in
770 4178 909 4223 esse
932 4164 1194 4225 actualis
1236 4165 1513 4227 entitatis
1536 4184 1651 4247 per

170 4236 321 4318 ipsam
357 4254 867 4331 assumptionem,
908 4262 969 4317 et
1022 4264 1483 4335 consequenter
1531 4278 1649 4323 nec

172 4350 251 4409 per
268 4338 619 4406 existentiam
654 4346 1017 4424 increatam,
1040 4366 1187 4411 nam
1212 4352 1519 4413 terminus
1548 4372 1649 4413 as-

172 4433 469 4509 sumptionis
508 4456 633 4500 non
680 4446 887 4519 potest
933 4442 1016 4502 illi
1064 4445 1352 4523 supponi.
1386 4448 1649 4509 Antece-

172 4514 287 4579 dens
316 4527 558 4601 primum
588 4536 683 4591 est:
720 4534 792 4592 D.
832 4534 1055 4595 Thom.
1088 4552 1300 4615 supra,
1329 4554 1392 4617 q.
1424 4541 1485 4613 4,
1528 4546 1642 4601 art.

176 4608 203 4667 9.
230 4618 276 4672 et
304 4617 353 4687 3,
380 4620 475 4681 ubi
504 4624 730 4703 inquit,
763 4626 939 4705 quod
980 4630 1321 4691 assumitur
1352 4648 1477 4691 non
1510 4652 1649 4695 esse

178 4704 441 4772 terminum
482 4719 953 4797 assumptionis,
984 4722 1093 4783 sed
1124 4724 1520 4801 praeintelligi
1549 4744 1648 4787 as-

182 4802 470 4875 sumptioniz
492 4812 618 4871 vult
638 4818 851 4873 autem
876 4814 1271 4893 praeintelligi
1296 4818 1646 4880 secundum

180 4898 275 4987 esse
307 4896 605 4963 existentiae
632 4904 917 4978 actualis,
946 4924 1095 4967 nam
1126 4908 1473 4969 secundum
1506 4928 1644 4972 esse

182 4994 227 5035 ¹¹¹
248 4991 495 5066 Potentia,
520 4998 703 5057 etiam
724 4999 895 5077 quod
924 5007 1193 5069 creatur,
1220 5003 1647 5082 praeintelligi-

184 5072 253 5129 tur
284 5083 556 5160 creationi,
600 5098 663 5151 et
704 5092 1003 5153 terminus
1036 5096 1347 5156 resultans
1386 5112 1501 5173 per
1542 5114 1643 5157 as·

184 5172 511 5261 sumptionem
552 5184 1045 5263 praeintelligitur
1082 5193 1153 5247 ut
1194 5189 1537 5266 possibilis3
1580 5196 1642 5251 et

188 5255 285 5363 aleo
308 5272 541 5342 apertius
572 5294 635 5354 q.
662 5280 723 5353 6,
750 5284 865 5339 art.
894 5282 956 5351 4,
984 5280 1067 5340 ed
1096 5284 1157 5353 3,
1186 5281 1358 5351 dicit,
1386 5298 1641 5343 carnem

186 5344 347 5413 Christi
373 5376 479 5425 non
520 5368 685 5447 prius
710 5376 933 5433 natura
964 5390 1103 5435 esse
1132 5390 1247 5434 ens
1276 5390 1467 5452 qnam
1494 5376 1575 5436 sit
1600 5394 1639 5435 ι

192 5434 339 5503 Verbo
368 5453 577 5533 effecta,
610 5463 783 5541 prius
828 5470 1039 5527 autem
1080 5470 1303 5527 natura
1354 5484 1492 5528 esse
1524 5484 1639 5529 ens

1756 424 1949 488 quam
1996 410 2074 473 sit
2113 406 2318 473 Verbo
2363 406 2776 488 personaliter
2824 408 3020 471 unita.
3053 408 3318 477 Ratione

1754 520 1903 565 vero
1932 504 2238 583 probatur
2275 502 2516 581 primo,
2545 501 2694 581 quia
2739 500 2912 583 quod
2957 503 3315 583 assumitur,

1756 602 2004 675 oportet
2032 604 2101 661 ut
2129 598 2205 659 sit
2239 595 2494 673 aliquod
2523 612 2638 657 ens
2669 595 2736 657 in
2767 602 2908 657 actu
2931 639 2950 670 ,
2979 595 3128 675 quia
3165 598 3320 661 Ver-

1752 688 1907 751 bum
1964 708 2092 754 non
2158 689 2418 752 assumit
2469 690 2806 750 essentiam
2861 688 3272 753 humanitatis
3295 735 3313 765 ,

1752 791 1939 863 prout
1979 784 2346 863 intelligitur
2385 800 2522 845 esse
2567 782 2632 843 in
2673 782 2954 863 potentia
2981 784 3312 862 ohJectiva,

1754 879 1863 939 sed
1890 886 2076 961 prout
2119 878 2484 957 intelligitur
2521 894 2662 939 esse
2692 876 2760 938 iu
2787 880 2954 938 actu.
2987 876 3313 955 Secundo,

1754 973 1901 1051 quia
1926 990 2090 1049 esse,
2115 972 2334 1036 ordine
2359 979 2622 1044 naturae,
2647 971 2820 1051 prius
2837 977 2938 1033 est
2959 988 3152 1051 quam
3180 972 3318 1035 uui-

1752 1067 1829 1143 ri,
1878 1067 2050 1146 quia,
2081 1067 2252 1147 quod
2283 1066 2624 1127 assumitur
2665 1066 2730 1127 in
2765 1066 2886 1127 hac
2929 1066 3190 1141 unione,
3221 1071 3318 1129 est

1752 1164 2110 1243 subjectum
2137 1163 2411 1239 unionis,
2439 1166 2502 1223 et
2523 1160 2668 1225 ideo
2701 1161 3076 1243 supponitur
3103 1160 3214 1237 illi,
3245 1164 3316 1223 ut

1753 1256 1996 1319 actuale
2033 1272 2168 1319 ens.

1832 1354 1892 1415 9.
1940 1349 2962 1432 objectio.-Respomio.-Dtces:
2995 1350 3310 1415 interdum

1751 1443 1987 1522 aliquid
2016 1462 2144 1505 non
2191 1444 2366 1525 prius
2414 1448 2637 1507 natura
2684 1443 2756 1507 fit
2793 1462 2988 1523 quam
3033 1445 3306 1520 uniatur,

1749 1539 1921 1617 quia,
1955 1539 2005 1599 si
2041 1538 2110 1600 fit
2156 1537 2221 1599 in
2268 1538 2390 1599 alio
2441 1543 2510 1600 ut
2551 1538 2865 1613 accidens,
2899 1538 3084 1599 simul
3127 1538 3199 1601 fit
3246 1543 3309 1603 et

1748 1632 1986 1705 unitur,
2017 1633 2168 1713 quia
2215 1631 2280 1693 in
2326 1632 2462 1712 ipso
2489 1632 2772 1713 subjecto
2813 1632 2906 1705 fit,
2939 1632 3108 1695 unde
3147 1632 3312 1695 acci-

1750 1726 1908 1787 dens
1936 1746 2068 1789 non
2111 1726 2288 1805 prius
2329 1732 2555 1787 natura
2593 1732 2690 1787 est
2711 1742 2904 1805 qnam
2931 1726 3078 1787 insit
3091 1746 3110 1801 3
3141 1724 3310 1789 idem

1750 1838 1901 1899 ergo
1942 1820 2068 1883 dici
2092 1819 2324 1899 poterit
2347 1819 2428 1881 de
2454 1820 2844 1881 humanitate
2869 1818 3113 1891 Christi,
3145 1818 3310 1881 scili-

1748 1920 1870 1986 cet,
1894 1913 2036 1975 ficri
2065 1913 2128 1973 in
2159 1912 2296 1993 ipso
2321 1913 2643 1992 supposito
2671 1912 2885 1986 Verbi,
2917 1918 2982 1973 et
3005 1912 3147 1975 ideo
3175 1929 3306 1975 non

1746 2008 1921 2087 prius
1946 2013 2174 2069 natura
2207 2008 2476 2069 existere
2517 2024 2710 2085 quam
2737 2006 2924 2067 uniri.
2953 2006 3306 2087 Responde-

1744 2108 1849 2163 tur
1875 2118 2008 2162 non
2037 2118 2177 2163 esse
2217 2099 2418 2163 simile
2443 2099 2804 2179 exemplum
2827 2101 2997 2179 quod
3021 2102 3301 2175 affertur,

1744 2212 1893 2256 nam
1938 2194 2198 2274 quando
2223 2194 2426 2255 forma
2451 2195 2524 2255 fit
2550 2194 2616 2255 in
2644 2194 2928 2274 subjecto
2954 2214 3074 2275 per
3104 2202 3309 2259 muta·-

1744 2288 1978 2350 tionem
2001 2288 2191 2368 ipsius
2218 2287 2506 2367 subjecti,
2527 2294 2590 2350 et
2611 2306 2726 2370 per
2743 2289 3058 2352 actionem
3079 2290 3142 2351 in
3163 2290 3304 2369 ipso

1744 2386 2128 2461 susceptam,
2160 2388 2394 2445 etcum
2421 2399 2734 2445 concursu
2772 2384 3080 2447 materiali
3103 2384 3302 2463 ipsius

1744 2476 2010 2555 subjecti
2059 2494 2136 2537 ex
2181 2493 2308 2555 quo
2353 2475 2638 2537 educitur
2673 2476 2900 2554 forma,
2935 2482 3088 2539 tunc
3129 2482 3300 2539 recte

1742 2569 2128 2647 intelligitur,
2159 2569 2398 2633 illamct
2423 2570 2668 2633 actione
2718 2578 2784 2635 et
2821 2589 3130 2633 concursu
3173 2570 3299 2633 for-

1742 2682 1913 2725 mam
1944 2664 2086 2725 fieri
2123 2669 2186 2725 et
2213 2664 2381 2723 uniri
2407 2663 2710 2743 subjecto.
2743 2666 2824 2728 At
2845 2682 3022 2739 vero,
3049 2682 3196 2727 cum
3235 2666 3302 2727 iu

1742 2759 2036 2839 praesenti
2089 2757 2390 2838 mysterio
2439 2758 2600 2821 actio
2641 2759 2882 2821 unitiva
2929 2766 2996 2823 ct
3041 2760 3306 2823 mutatio

1742 2870 1871 2913 non
1896 2851 2238 2932 recipiatur
2261 2852 2324 2913 in
2355 2852 2674 2931 supposito
2701 2852 2887 2915 Verbi
2913 2858 3214 2933 tanquam
3241 2854 3306 2917 in

1744 2944 2048 3022 subjecto,
2075 2945 2187 3005 sed
2217 2945 2284 3005 in
2309 2944 2442 3024 ipsa
2474 2945 2888 3021 humanitate,
2921 2964 3182 3009 necesse
3211 2954 3308 3010 est

1744 3042 1813 3099 ut
1846 3037 2208 3099 humanitas
2254 3037 2389 3117 ipsa
2435 3046 2826 3119 supponatur
2851 3040 3112 3112 unioni,
3143 3042 3304 3103 sicut

1742 3130 2094 3209 subjectum
2125 3131 2284 3210 ejus;
2307 3148 2436 3191 non
2464 3138 2906 3211 potestantem
2933 3134 3203 3213 supponi
3232 3139 3304 3196 ut

1741 3224 2118 3302 subjectum,
2143 3223 2266 3285 nisi
2293 3231 2686 3303 supponatur
2721 3226 2786 3287 in
2811 3228 3056 3290 ratione
3085 3235 3299 3291 actua-

1738 3314 1817 3377 lis
1860 3317 2022 3377 entis
2039 3316 2172 3395 jam
2201 3318 2508 3396 producti.
2539 3318 2712 3391 Quod
2737 3320 2822 3381 ita
2865 3322 3296 3395 confirmatur,

1738 3428 1886 3471 nam
1916 3412 2144 3471 modus
2168 3412 2282 3487 rei,
2305 3414 2655 3492 praesertim
2685 3421 3044 3491 extraneus,
3067 3434 3300 3497 suppo·

1738 3504 1829 3565 nit
1854 3505 2074 3565 ordine
2101 3511 2342 3567 natum
2369 3524 2500 3567 rem
2529 3508 2710 3586 cujus
2739 3514 2834 3570 cst
2861 3508 3116 3581 modus;
3145 3508 3296 3571 unio

1737 3604 1950 3659 autem
1979 3598 2080 3659 vel
2109 3600 2452 3679 assumptio
2483 3606 2580 3661 est
2601 3601 2826 3663 modus
2847 3604 3046 3683 ipsius
3071 3603 3298 3665 huma-

1732 3692 1947 3753 nitatis
1973 3700 2150 3753 extra
2177 3698 2464 3754 naturam
2499 3694 2667 3772 ejus;
2693 3712 2846 3774 ergo
2875 3696 3094 3758 ordine
3115 3702 3298 3785 nutu-

1736 3800 1821 3845 ree
1856 3785 2150 3864 supponit
2175 3785 2437 3846 illumin
2462 3786 2706 3849 ratione
2746 3789 2906 3851 entis
2925 3789 3210 3861 actualis,
3233 3793 3297 3851 et

1734 3882 2200 3957 consequenter
2221 3896 2354 3939 non
2371 3878 2562 3943 habet
2578 3879 2960 3955 humanitas,
2989 3899 3104 3960 per
3129 3882 3294 3945 hanc

1732 3971 2032 4031 unionem
2051 4016 2068 4044 ,
2101 3972 2302 4051 ipsam
2333 3973 2644 4033 rationem
2675 3974 2940 4036 actualis
2971 3975 3168 4051 entis,
3199 3983 3292 4039 at-

1732 4080 1857 4142 que
1884 4064 2046 4125 adeo
2075 4084 2280 4145 neque
2307 4067 2706 4129 existentiam
2739 4068 2964 4149 ipsam.

1816 4161 1909 4220 10.
1944 4158 2122 4219 Unde
2143 4159 2426 4237 arguitur
2443 4167 2692 4240 quarto,
2722 4180 2868 4223 num
2895 4162 3127 4227 creatio
3157 4164 3289 4227 ani-

1731 4268 1849 4311 mae
1874 4252 2122 4326 Christi,
2141 4259 2206 4313 et
2225 4252 2374 4315 unio
2401 4253 2566 4315 illius
2591 4255 2676 4317 ad
2708 4256 3004 4332 Verbum,
3023 4265 3170 4320 sunt
3187 4276 3286 4321 ac·

1728 4344 1931 4406 tiones
1955 4346 2283 4422 distinctae,
2301 4364 2570 4425 quarum
2593 4349 2798 4428 prima
2827 4352 3120 4414 secundm
3143 4370 3286 4432 sup-

1730 4439 2002 4517 ponitur,
2029 4440 2188 4502 sicut
2207 4440 2442 4503 creatio
2468 4442 2756 4521 ejusdem
2785 4444 3008 4507 animm
3037 4444 3288 4509 distinc-

1730 4538 1793 4593 ta
1823 4538 1919 4593 cst
1944 4532 2026 4593 ab
2055 4532 2289 4595 unione
2309 4533 2390 4595 ad
2411 4552 2662 4614 corpus,
2689 4540 2752 4599 et
2771 4537 2856 4598 illi
2877 4538 3280 4617 supponitur-3

1730 4625 1845 4687 sed
1868 4643 1984 4704 per
2005 4626 2386 4689 creationem
2415 4629 2634 4709 recipit
2661 4630 2874 4691 anima
2905 4630 3162 4708 aliquod
3190 4648 3287 4694 es·

1730 4736 1838 4789 se;
1880 4736 2034 4797 ergo
2073 4720 2464 4783 existentiam
2507 4728 2805 4785 creatam.
2847 4724 3048 4803 Major
3095 4742 3285 4803 supra

1727 4814 1991 4893 probata
2021 4818 2139 4889 est,
2165 4812 2328 4893 disp.
2363 4819 2422 4889 t,
2457 4822 2606 4878 sect.
2647 4820 2710 4891 9,
2747 4822 2880 4879 tum
2908 4818 3282 4894 rationibus,

1726 4914 1857 4969 tum
1890 4908 2256 4971 auctoritate
2285 4911 2356 4970 D.
2395 4910 2652 4973 Thomte
2679 4912 3034 4975 stultorum
3079 4912 3284 4977 Theo-

1722 5000 2034 5079 logorum.
2065 5003 2117 5063 N
2124 5020 2244 5063 unc
2271 5003 2544 5065 breviter
2571 5004 2947 5076 declaratur,
2973 5012 3104 5067 tum
3131 5006 3284 5085 qnia

1722 5094 1960 5155 creatio
1999 5097 2228 5157 animm
2275 5103 2372 5157 est
2412 5098 2740 5175 productio
2771 5116 2848 5159 ex
2883 5100 3098 5169 nihilo,
3133 5098 3284 5163 unio

1722 5206 1869 5249 vero
1898 5194 1994 5249 est
2035 5190 2302 5251 mutatio
2339 5191 2440 5251 vel
2489 5192 2649 5253 actio
2697 5208 2774 5253 ex
2829 5192 3282 5272 praesupposito

1722 5280 2006 5359 subjecto
2055 5301 2072 5353 ;
2121 5276 2262 5343 {um
2317 5284 2508 5344 etiam
2570 5284 2720 5362 quia
2769 5286 3004 5347 creatio
3057 5284 3284 5349 anime

1718 5375 1950 5437 Christi
1975 5382 2072 5437 cst
2095 5376 2258 5439 actio
2295 5377 2602 5439 naturalis
2629 5377 2918 5457 ejusdcm
2950 5375 3186 5439 ordinis
3219 5382 3286 5441 et

1718 5468 1980 5531 rationis
2027 5488 2172 5543 cum
2221 5470 2542 5535 creatione
2601 5472 2858 5535 alterius
2903 5471 3176 5545 animn;
3210 5478 3282 5535 nt

3195 304 3316 367 263
3434 269 3441 275 ’
