3892 6167
556 343 675 403 «¹0⁴

556 448 706 530 quia
734 446 855 509 nisi
885 445 1019 509 hssc
1040 444 1460 509 instrumenta
1506 442 1941 507 connaturalia
1973 459 2123 523 agee

552 548 699 605 rent
724 540 960 620 aliquid
991 539 1339 620 proprium,
1364 556 1491 619 quo
1520 539 1907 619 attingerent
1930 538 2124 600 effec-

561 640 695 699 tum
724 634 1086 715 principalis
1106 632 1371 713 agentis,
1402 634 1575 697 nulla
1610 638 1777 697 esset
1816 632 1983 697 ratio
2019 648 2120 693 as-

557 728 845 808 signandi
888 726 1303 791 determinata
1342 728 1761 790 instrumenta
1788 726 1873 789 ad
1910 726 2124 787 deter-

557 822 833 887 minatas
861 822 1169 894 actione-33
1203 828 1446 883 atvero
1478 821 1549 883 in
1576 819 1937 901 hujusmodi
1968 836 2124 899 qua·

556 915 739 979 litate
766 933 897 975 nen
927 919 1133 994 potest
1158 914 1419 993 intelligi
1458 914 1603 977 talis
1626 914 1793 977 actio
1818 918 2126 977 connatu-

556 1008 709 1071 ralis
758 1026 899 1087 quse
941 1013 1169 1069 natura
1204 1026 1320 1071 sna
1347 1010 1591 1085 tendat,
1622 1014 1689 1069 et
1736 1008 1915 1087 quasi
1957 1006 2124 1069 viam

562 1108 877 1181 pras-paret
928 1101 1009 1163 ad
1066 1104 1383 1165 actionem
1432 1101 1797 1182 principalis
1850 1100 2120 1181 agentis·

556 1195 942 1275 Responderi
972 1202 1183 1275 petest·
1204 1213 1285 1257 ex
1316 1195 1643 1275 Capreelo,
1678 1200 1741 1258 et
1769 1194 1935 1270 aliia,
1957 1194 2124 1255 hanc

554 1289 921 1367 qualitatem
940 1288 1189 1352 efficere
1216 1288 1565 1369 quamdam
1588 1288 1891 1370 praeviam
1906 1287 2122 1368 dispo-

554 1382 867 1455 sitionem,
898 1400 1015 1461 per
1044 1400 1239 1463 quam
1268 1383 1521 1463 attingit
1544 1384 1843 1445 effectum
1878 1380 2122 1462 princi-

554 1476 713 1556 palis
731 1478 1001 1556 agentis,
1026 1477 1153 1540 Sed
1170 1477 1477 1558 imprimis
1494 1494 1615 1539 nec
1636 1477 1757 1557 ipsi
1780 1476 2116 1555 explicant,

554 1586 675 1633 nec
714 1569 878 1633 facili
930 1572 1171 1651 concipi
1220 1574 1448 1651 petest,
1478 1589 1621 1651 quoe
1665 1569 1986 1651 dispositio
2041 1570 2122 1631 sit

553 1665 697 1739 ista,
728 1682 871 1743 quas
899 1670 1083 1745 paret
1108 1665 1275 1726 viam
1316 1664 1401 1727 ad
1428 1664 1982 1739 consecrationem,
2019 1662 2122 1725 vel

553 1758 1017 1819 restitutionem
1041 1759 1231 1835 visus,
1260 1758 1360 1820 vel
1379 1757 1537 1821 alias
1558 1759 1797 1821 similes
1814 1758 2118 1821 actiones.

554 1850 632 1913 Et
658 1850 889 1913 deinde
912 1852 1258 1932 interrege,
1296 1870 1381 1913 an
1424 1851 1532 1915 illa
1556 1852 1881 1932 dispositio
1910 1852 1990 1913 sit
2015 1851 2122 1913 ali-

554 1960 683 2024 qua
708 1942 1015 2007 naturalis
1044 1944 1341 2024 qualitaS‚
1371 1945 1471 2007 vel
1506 1944 1999 2025 supernaturalis
2015 1961 2038 2023 3
2069 1946 2122 2007 si

554 2037 881 2113 naturalis,
914 2039 1325 2118 impertinens
1362 2044 1479 2112 est,
1524 2056 1733 2119 neque
1764 2057 1841 2100 ex
1890 2044 2122 2101 natura

556 2148 673 2191 sua
700 2130 1035 2211 disponere
1066 2138 1275 2211 petest
1304 2132 1387 2195 ad
1420 2133 1719 2209 effectum
1746 2138 2124 2213 supernatu-

553 2224 784 2299 ralem3
816 2225 869 2287 si
896 2226 1413 2305 supernaturalis„
1444 2226 1547 2289 illa
1578 2244 1707 2289 non
1740 2226 1968 2306 poterit
1985 2224 2122 2288 fieri

556 2318 639 2379 ab
674 2316 797 2381 alia
840 2318 1159 2399 qualitate,
1193 2327 1266 2381 ut
1306 2339 1347 2381 a
1392 2320 1701 2400 principie
1743 2320 2117 2401 principem

553 2408 663 2474 fiet
678 2429 830 2491 erge
855 2411 1447 2491 instrumentaliter;
1463 2431 1615 2495 ergo
1644 2413 1964 2494 oportebit
1983 2413 2120 2475 fieri

554 2503 677 2564 alia
702 2505 951 2567 actione
978 2506 1234 2585 praevia,
1270 2512 1335 2569 et
1372 2508 1461 2569 sic
1489 2507 1910 2587 procedemus
1934 2506 2000 2567 in
2033 2506 2122 2567 in-

553 2594 823 2667 finitum,
847 2597 945 2659 vel
966 2605 1411 2679 argumentum
1439 2617 1619 2663 suam
1646 2600 1771 2661 vim
1798 2598 2116 2661 retinebit.

556 2692 632 2751 Et
664 2690 1095 2765 confirmatur,
1124 2710 1275 2755 nam
1300 2692 1357 2755 si
1390 2692 1524 2755 haec
1551 2692 1823 2773 qualitas
1852 2693 2123 2755 miracu-

555 2782 760 2845 lorum
820 2782 1105 2845 effectrix
1153 2784 1419 2849 haberet
1472 2784 1796 2865 propriam
1844 2784 2124 2865 aliquam

558 2877 991 2955 operationem
1015 2878 1337 2957 praeviam,
1370 2878 1551 2957 cujus
1576 2880 1711 2959 ipsa
1738 2880 1898 2941 esset
1928 2877 2124 2940 veluti

556 2970 879 3049 preprium
930 2976 993 3033 et
1035 2972 1381 3052 principale
1428 2972 1807 3053 principium
1827 3016 1849 3047 ,
1892 2970 2124 3053 depen-

556 3059 737 3123 deret
764 3063 827 3125 in
876 3064 983 3125 illa
1038 3080 1075 3127 a
1106 3064 1403 3127 distantia
1441 3063 1595 3140 leci,
1646 3083 1685 3127 a
1714 3064 2124 3145 dispositione

560 3172 675 3217 seu
702 3156 1057 3219 resistentia
1104 3158 1297 3221 medii
1326 3176 1443 3221 seu
1490 3158 1779 3237 subjecti,
1810 3158 1984 3237 quod
2028 3166 2124 3223 est

559 3256 779 3314 contra
824 3250 1082 3313 medum
1122 3252 1428 3331 operandi
1472 3252 1615 3313 talis
1658 3252 1919 3315 virtutis.
1970 3252 2119 3325 Quae

554 3342 713 3403 ratio
740 3342 929 3403 etiam
958 3342 1180 3422 prebat
1202 3344 1519 3407 actionem
1548 3344 1713 3406 hanc
1742 3345 2126 3407 instrumen-

554 3434 749 3497 talem
780 3434 1050 3497 faciendi
1090 3436 1393 3499 miracula
1418 3456 1549 3499 non
1577 3456 1715 3501 esse
1746 3456 1825 3499 ex
1850 3438 2124 3503 naturali

556 3527 781 3589 virtute
825 3527 1092 3608 alicujus
1120 3529 1439 3608 qualitatis
1480 3528 1700 3609 finitae3
1740 3549 1889 3593 nam
1920 3532 2124 3595 omnis

553 3618 919 3701 hujusmodi
959 3622 1233 3700 qualitas
1274 3623 1509 3703 pendet
1540 3624 1607 3685 in
1655 3625 1827 3687 omni
1874 3626 2124 3689 actione

556 3732 673 3777 sua
698 3715 973 3777 naturali
992 3716 1427 3797 asupradictis
1454 3718 2126 3782 circumstantiis.Ter-

554 3809 665 3883 tio,
688 3824 849 3889 rogo
874 3828 959 3871 an
986 3810 1093 3873 illa
1120 3809 1391 3889 qualitas
1420 3812 1499 3875 sit
1522 3829 1851 3892 corporea,
1866 3812 1964 3875 vei
2001 3812 2127 3893 spi-

551 3900 817 3965 ritualis.
850 3902 1127 3965 Primum
1164 3904 1437 3967 affirmat
1482 3904 1815 3981 Paludan„
1846 3905 1962 3969 sed
1987 3922 2117 3969 nen

552 3992 803 4057 videtur
833 3995 1165 4059 verisimile
1198 4016 1218 4071 ;
1252 3998 1571 4077 quomedo
1602 3999 1773 4061 enim
1810 4016 2116 4079 corporea

555 4088 823 4167 qualitas
870 4096 1079 4169 petest
1121 4091 1349 4155 virtute
1398 4110 1512 4153 sua
1550 4092 1827 4155 naturali
1869 4094 2120 4157 efficere

552 4180 791 4243 formas
820 4183 1175 4261 spirituales
1202 4192 1269 4249 et
1289 4186 1829 4265 supernaturaleS,
1852 4192 1915 4249 et
1928 4187 2121 4249 mira-

554 4276 805 4337 culoses
818 4276 1114 4341 effeetus?
1128 4278 1492 4341 Secundum
1518 4278 1789 4342 affirmat
1800 4279 2116 4360 Capreol„

556 4368 673 4430 sed
702 4374 797 4431 est
824 4368 1075 4431 difficile
1104 4371 1185 4433 ad
1212 4372 1729 4453 intelligendum;
1780 4390 1931 4434 nam
1971 4390 2116 4435 caro

556 4460 781 4523 Christi
804 4469 941 4525 erat
960 4462 1245 4527 effectiva
1276 4465 1751 4540 miraculorum,
1784 4471 1847 4529 et
1865 4484 1982 4545 per
2011 4484 2122 4531 vo—

553 4571 695 4617 cem
733 4556 1123 4617 materialem
1164 4558 1553 4637 preduoebat
1584 4562 1857 4639 gratiam
1894 4559 1960 4619 in
1989 4560 2122 4621 nni·

552 4665 658 4711 ma
694 4668 709 4722 ;
742 4667 893 4729 ergo
920 4656 1241 4729 oporteret
1260 4652 1433 4713 illam
1464 4654 1835 4733 qualitatem
1866 4671 2004 4717 esse
2055 4654 2120 4715 in

552 4740 692 4819 ipsa
721 4758 935 4817 carne,
967 4743 1067 4805 vel
1100 4762 1255 4805 voce
1287 4743 1546 4819 Christi3
1584 4764 1715 4807 non
1766 4751 1976 4826 potest
2006 4764 2121 4809 au-

552 4836 681 4895 tem
714 4834 983 4913 qualitas
1010 4836 1351 4915 spiritualis
1378 4856 1519 4901 esse
1561 4840 1626 4901 in
1678 4838 1960 4917 subjecto
1990 4858 2121 4902 cor-

553 4943 772 5006 poree,
805 4946 953 4989 nam
979 4929 1081 4991 vel
1109 4936 1277 4991 esset
1309 4938 1591 5007 extensa,
1620 4933 1793 5010 quod
1834 4939 1929 4995 est
1973 4951 2120 4997 con·

550 5028 648 5083 tra
679 5023 993 5085 rationem
1022 5024 1187 5102 ejus,
1234 5023 1337 5085 vel
1370 5029 1503 5085 tota
1552 5032 1719 5089 esset
1749 5026 1813 5087 in
1860 5033 2014 5103 tote,
2059 5031 2121 5089 et

550 5119 681 5176 teta
710 5115 775 5175 in
802 5115 1067 5196 singulis
1106 5116 1411 5195 partibus,
1442 5117 1615 5201 quod
1647 5118 1895 5181 videtur
1932 5138 2118 5199 repu-

551 5224 749 5288 gnare
770 5210 985 5273 sormae
1007 5209 1392 5290 dependenti
1429 5230 1469 5275 a
1492 5211 1777 5291 subjecto
1799 5213 1863 5275 in
1890 5212 2032 5275 fieri
2053 5218 2118 5277 et

546 5300 616 5363 in
636 5319 800 5379 esse,
836 5301 1043 5381 qualis
1071 5310 1167 5365 est
1196 5306 1400 5366 omnis
1450 5306 1653 5369 ferma
1691 5306 2112 5373 accidentalis.

548 5394 626 5457 Et
652 5402 979 5475 praeterea,
1009 5396 1157 5475 quia
1186 5398 1455 5475 qualitas
1478 5399 1978 5479 spiritualisnen
2007 5402 2118 5463 ha·

550 5487 657 5551 bet
684 5490 1041 5561 naturalem
1078 5490 1514 5559 habitudinem
1566 5493 1651 5555 ad
1700 5512 1960 5576 corpuS,
1997 5512 2116 5559 nec

1792 343 2031 407 QUAEST.
2063 342 2195 397 xiii.-
2221 342 2420 397 surm.
2453 342 2538 397 Ν.

2202 442 2674 522 proportionem
2717 458 2862 509 cnm
2895 442 3002 507 illo
3023 460 3046 523 3
3081 458 3230 525 ergo
3271 460 3400 506 nen
3432 454 3684 527 potestis-
3790 480 3791 483 ¹

2201 534 2476 600 formare
2504 536 2684 615 illud,
2733 536 2884 618 quia
2927 538 3134 601 forma
3159 554 3292 599 non
3335 545 3525 619 potest
3543 544 3685 613 infor.
3790 574 3791 608 z

2201 646 2376 693 mare
2410 631 2787 711 subjectum,
2821 631 2942 693 nisi
2965 633 3046 695 sit
3063 650 3192 694 snm
3217 635 3458 695 naturus
3490 654 3686 719 propat.
3790 696 3791 701 ,

2201 723 2510 787 tienatum
2532 748 2552 801 3
2587 744 2740 807 ergo
2765 744 2888 789 nec
2915 732 3122 807 potest
3135 726 3334 807 recipi
3357 725 3428 787 in
3445 728 3564 803 ille,
3585 738 3688 812 quia
3790 762 3791 779 ἢ

2199 815 2402 879 forma
2427 824 2674 881 tantum
2725 819 3026 899 recipitur
3065 820 3134 881 in
3175 836 3252 881 eo
3281 818 3544 898 subjecte
3569 830 3690 903 quod

2199 910 2544 988 informem
2575 914 2770 989 unde,
2816 921 3076 995 propter
3107 912 3380 977 similem
3405 915 3688 1001 rationem,

2203 1022 2334 1067 non
2355 1010 2562 1083 potest
2587 1004 2748 1069 fides
2777 1007 2975 1087 recipi
2999 1007 3068 1067 in
3085 1006 3436 1081 voluntate,
3463 1024 3568 1070 nec
3589 1010 3692 1075 cha-

2201 1096 2354 1161 ritas
2389 1097 2456 1159 in
2492 1098 2836 1163 intellectu.
2875 1098 3056 1175 Quod
3079 1116 3231 1162 vero
3274 1099 3586 1180 Capreolus
3607 1106 3690 1169 dis·
3790 1128 3791 1161 l

2203 1190 2453 1271 tinguit,
2505 1190 2746 1269 dicens,
2793 1192 3184 1273 spiritualem
3221 1192 3574 1273 qualitatem
3603 1217 3690 1261 noa

2202 1302 2390 1365 pesse
2417 1286 2612 1366 recipi
2637 1286 2706 1349 in
2737 1306 3000 1369 corpore
3053 1293 3498 1368 permanenter
3515 1334 3534 1366 ‚
3557 1309 3690 1371 posse

2201 1383 2418 1441 tamen
2479 1385 2906 1458 transeunter,
2953 1382 3112 1445 nihil
3157 1382 3242 1443 ad
3281 1400 3424 1443 rem
3459 1385 3692 1462 pertinet,
3789 1458 3791 1467 γ

2203 1473 2348 1549 quia
2375 1472 2656 1537 rationes
2691 1475 2874 1539 factm
2909 1494 3088 1558 aeque
3123 1476 3208 1538 de
3257 1482 3520 1555 utroque
3561 1481 3692 1541 medo
3790 1496 3791 1535 1

2200 1565 2552 1645 precedunt
2584 1590 2604 1644 3
2639 1574 2704 1631 et
2731 1570 2826 1647 (ut
2856 1588 3050 1651 supra
3085 1569 3400 1647 dicebam)
3435 1569 3534 1630 illa
3573 1569 3695 1633 ditis·
3790 1590 3791 1631 z

2200 1658 2403 1721 rentia
2426 1660 2630 1723 solum
2657 1666 2865 1741 potest
2897 1664 3238 1726 consistere
3267 1662 3340 1723 in
3367 1662 3578 1741 majori
3593 1682 3694 1743 qua·

2202 1750 2352 1814 dam
2384 1752 2736 1828 duratione,
2769 1774 2909 1836 quoe
2948 1774 3173 1838 parum
3223 1762 3344 1818 aut
3379 1756 3528 1817 nihil
3563 1758 3696 1820 refert
3790 1779 3791 1805 1

2205 1844 2285 1907 ad
2301 1846 2710 1911 minuendam
2730 1850 2830 1911 vel
2853 1850 3205 1932 augendam
3222 1852 3395 1913 hane
3414 1867 3696 1931 repugnan-
3789 1870 3792 1911 1

2201 1938 2380 2002 tiam.
2417 1940 2648 2012 Quarto
2695 1949 3126 2023 argumentor,
3170 1943 3328 2023 qnia
3375 1943 3474 2004 vix
3519 1947 3693 2024 concipi
3789 1962 3792 2003 ὲ

2204 2038 2412 2111 potest
2432 2035 2751 2113 quomedo
2781 2036 2990 2117 aliqua
3019 2036 3302 2116 qualitas
3329 2036 3410 2099 sit
3441 2054 3514 2098 ex
3533 2042 3694 2098 natura
3789 2054 3792 2095 π

2205 2144 2321 2187 sua
2344 2134 2570 2205 potens
2611 2128 2692 2189 ad
2725 2129 3132 2209 expellendos
3174 2129 3517 2202 daemones,
3542 2136 3596 2191 et
3625 2148 3696 2189 cn·
3790 2146 3791 2187 ι

2201 2221 2436 2283 randes
2463 2239 2684 2285 omnes
2717 2225 2976 2287 morbos
3001 2243 3131 2287 une
3149 2230 3478 2287 momento
3505 2223 3614 2285 sine
3631 2242 3694 2287 re·
3790 2242 3791 2279 ³

2205 2312 2512 2392 sistentia,
2539 2322 2604 2379 et
2651 2334 2780 2379 non
2831 2336 2946 2398 per
2977 2318 3422 2381 alterationem
3465 2316 3693 2396 aliquam,
3790 2336 3791 2373 ι

2203 2409 2316 2472 sed
2342 2428 2457 2490 per
2498 2412 2762 2473 modum
2789 2413 3062 2494 imperii,
3115 2430 3330 2493 neque
3359 2411 3601 2475 naturali
3623 2428 3696 2473 ne-

2203 2505 2520 2580 cessitate,
2549 2506 2664 2569 sed
2687 2506 2769 2569 ad
2805 2514 3033 2571 nutum
3079 2509 3382 2571 humanas
3409 2507 3694 2568 veluntatis.
3790 2538 3791 2569 ;

2203 2598 2349 2661 Haec
2373 2600 2546 2661 enim
2587 2607 2654 2661 et
2683 2600 2932 2677 similia,
2973 2618 3120 2681 quse
3173 2618 3374 2681 supra
3415 2599 3494 2662 de
3531 2598 3696 2659 virtute

2203 2691 2531 2772 principali
2547 2692 2940 2771 dicebamus,
2959 2694 3187 2757 eodem
3205 2693 3407 2757 mede
3421 2690 3696 2774 procedunt

2206 2784 2288 2845 de
2311 2786 2800 2849 instrumentali.
2819 2788 2999 2851 Unde
3025 2787 3290 2851 fermari
3313 2790 3516 2867 potest
3539 2782 3694 2845 ultima

2203 2878 2390 2953 ratio,
2421 2880 2594 2959 quia,
2627 2881 2678 2941 si
2702 2880 2842 2959 haic
2869 2881 3138 2961 qualitas
3164 2878 3508 2943 inhaesebat
3538 2878 3592 2937 in
3611 2894 3696 2936 ear-

2203 2987 2288 3033 ne
2330 2970 2574 3049 Christi,
2606 2974 2770 3035 sicut
2787 2974 2872 3037 ab
2899 2974 3041 3036 aliis
3089 2972 3464 3053 cerporibus
3491 2966 3698 3049 expelle-

2204 3063 2320 3125 bat
2361 3080 2806 3148 quamcunque
2835 3066 3296 3147 aegritudinem,
3345 3066 3432 3127 ita
3467 3059 3696 3143 possetis

2205 3175 2468 3237 corpore
2499 3160 2724 3222 Christi
2751 3160 3060 3241 impedire
3087 3176 3346 3223 omnem
3395 3154 3700 3220 contrariam
3789 3232 3791 3237 .

2207 3249 2644 3313 alterationem
2667 3270 2782 3315 seu
2805 3252 3190 3333 passionem,
3219 3250 3392 3315 unde
3421 3249 3588 3313 fieret
3607 3263 3698 3307 car·

2205 3360 2354 3405 nem
2381 3342 2606 3407 Christi
2647 3364 2784 3409 esse
2811 3346 3150 3409 intrinsece
3172 3343 3618 3425 impassibilem.

2286 3440 2346 3499 3.
2371 3436 2492 3499 Nec
2513 3438 2854 3501 satisfaciet
2871 3439 2927 3501 si
2946 3439 3088 3519 quis
3103 3438 3271 3501 dicat
3301 3435 3564 3499 noluisse
3578 3430 3698 3493 Chri·

2205 3536 2372 3593 stum
2397 3531 2487 3593 uti
2516 3531 2620 3594 illa
2640 3531 2940 3611 qualitate
2965 3532 3046 3595 ad
3062 3532 3234 3595 hunc
3255 3523 3700 3603 effectumque,

2210 3625 2264 3686 si
2291 3624 2430 3687 talis
2452 3624 2714 3689 effectus
2744 3632 2839 3689 est
2867 3626 3296 3691 connaturalis
3343 3625 3436 3687 illi
3457 3615 3698 3703 qualitati,

2209 3735 2336 3779 non
2367 3724 2612 3797 poterat
2637 3718 2926 3800 impediri
2959 3737 3076 3801 per
3101 3718 3489 3781 veluntatem
3513 3710 3700 3779 Christi.

2207 3817 2278 3874 ut
2304 3818 2670 3891 operantem
2701 3830 2817 3893 per
2843 3830 2994 3875 suas
3043 3813 3212 3877 vires
3243 3808 3584 3883 naturales,
3623 3799 3700 3865 sed

2205 3910 2278 3966 ut
2297 3904 2782 3970 instrumentum
2805 3906 2993 3969 Verbi
3014 3922 3038 3985 ;
3070 3924 3244 3987 erge,
3267 3905 3374 3967 vel
3391 3903 3509 3965 hoc
3529 3896 3702 3963 efficis·

2198 3995 2309 4059 bat
2337 4016 2450 4077 per
2477 3998 2808 4079 ipsammet
2831 4000 3222 4079 qualitatem,
3253 3998 3426 4080 qnod
3451 3996 3616 4077 plane
3635 4004 3700 4051 rc-

2201 4098 2468 4171 pugnat‚
2495 4091 2596 4153 vel
2624 4094 2962 4171 quaerenda
3007 4094 3126 4157 erit
3151 4093 3278 4155 alia
3305 4092 3584 4173 qualitas,
3623 4099 3702 4163 pet

2203 4202 2397 4264 quam
2421 4184 2521 4246 hic
2550 4184 2805 4249 effectus
2833 4186 2966 4259 fiat,
3005 4186 3192 4266 qued·
3218 4186 3408 4249 etiam
3444 4176 3700 4260 improba·

2201 4278 2325 4341 bile
2347 4283 2462 4341 est.
2494 4278 2596 4341 Sic
2621 4278 2790 4341 enim
2827 4278 3013 4343 facile
3046 4280 3274 4360 poterit
3292 4274 3536 4360 procedi
3561 4273 3614 4335 in
3634 4269 3701 4331 in·

2200 4371 2471 4447 finitum,
2501 4378 2564 4435 et
2585 4371 2738 4434 iilud
2765 4371 3210 4437 inconveniens
3237 4385 3553 4450 nunquam
3595 4362 3700 4425 salis

2203 4464 2552 4545 expeditur,
2570 4466 2742 4545 quia,
2761 4466 2943 4544 juxta
2983 4466 3154 4529 hunc
3205 4464 3459 4529 modum
3473 4507 3494 4539 ,
3535 4472 3698 4521 neces·

2202 4560 2366 4621 sario
2421 4558 2672 4621 videtur
2731 4560 2911 4639 sequi
2977 4576 3233 4625 carnem
3271 4556 3522 4627 Christi,
3561 4552 3696 4630 juxta

2201 4652 2605 4717 intrinsecam
2647 4652 3123 4733 dispositionem
3169 4670 3376 4727 suam,
3403 4650 3578 4712 fuisse
3613 4644 3700 4705 im-

2199 4747 2562 4827 passibilem
2585 4792 2606 4825 ,
2655 4747 3030 4811 miracul-ese
3061 4752 3296 4819 autem,
3347 4749 3408 4809 et
3453 4738 3608 4821 quasi
3641 4748 3698 4795 ex

2202 4842 2410 4903 divina
2466 4842 2693 4905 virtute
2713 4886 2734 4917 ,
2792 4843 2922 4923 pati
2977 4842 3276 4921 potuisse.
3331 4839 3544 4901 Ultimo
3585 4838 3698 4893 tan·

2203 4935 2348 4999 dem
2379 4935 2660 4999 Christus
2715 4934 3036 4999 interdum
3083 4932 3454 5015 operabatur
3488 4927 3696 4991 mimen-

2198 5026 2258 5089 la
2309 5046 2424 5108 per
2460 5046 2703 5105 vocem,
2744 5027 3062 5093 interdum
3111 5033 3302 5100 tactu,
3347 5028 3547 5105 sputo,
3587 5032 3694 5079 une·

2197 5120 2365 5183 tiene
2391 5121 2502 5183 luti
2527 5140 2546 5194 ;
2575 5122 2894 5200 quomedo
2921 5139 3073 5201 ergo
3103 5120 3212 5185 illa
3239 5117 3500 5199 qualitas
3521 5114 3576 5175 in
3595 5109 3694 5171 112⁶

2201 5216 2410 5277 omni!
2441 5213 2951 5277 diffundebatur?
3637 5292 3646 5307 ι

2279 5309 2340 5369 4.
2387 5308 2717 5371 Secundus
2747 5307 2974 5371 modus
2999 5308 3248 5372 dicendi
3277 5312 3395 5381 est,
3429 5305 3572 5367 hanc
3607 5312 3690 5357 nr·

2197 5407 2397 5465 tutem
2425 5402 2874 5465 miraculorum
2921 5420 3051 5467 non
3097 5418 3234 5463 esse
3277 5417 3410 5463 rem
3447 5397 3682 5473 aliquam.

2199 5495 2298 5557 vel
2347 5495 2713 5576 qualitatem
2776 5496 3185 5559 inhaerentem
3249 5484 3605 5559 humanitati.
3645 5482 3686 5538 et
