3892 6167
495 467 891 542 Victorinus,
949 461 1118 529 citati
1167 465 1427 532 section.
1479 461 1750 547 proeced.
1773 507 1790 538 ,
1839 461 1926 524 illi
1981 461 2071 522 t'a·

499 567 668 625 vent.
701 559 884 638 Quod
921 577 1071 622 vero
1099 563 1342 641 spectat
1381 559 1466 624 ad
1499 557 1844 623 Concilium
1877 555 2069 618 Fran·

499 655 766 732 coford„
799 651 1057 734 quidam
1085 653 1441 718 concedunt
1477 669 1632 716 sane
1651 696 1672 729 ,
1704 651 1877 714 illam
1921 665 2068 731 pro-

499 749 880 834 positionem
918 749 984 810 in
1013 765 1091 812 eo
1129 765 1320 812 sensu
1367 766 1495 830 quo
1539 747 1623 810 ab
1667 742 2067 811 Scholasticis

501 845 878 926 disputatur,
905 851 968 907 et
993 859 1032 906 a
1062 843 1362 906 Durando
1399 841 1774 915 admittitur,
1809 839 2069 902 damna·-

499 945 632 1003 tam
667 955 806 1001 esse
837 938 906 1000 in
934 937 1089 1001 actis
1129 934 1294 1000 illius
1329 935 1620 1013 Concilii,
1661 939 1850 1016 prout
1897 945 2071 996 nunc

499 1031 848 1106 habentui-3
881 1033 1120 1112 negant
1137 1037 1353 1094 tamen
1383 1029 1449 1092 id
1475 1027 1764 1092 sufficere
1785 1033 1854 1089 ut
1873 1028 2071 1088 haire-

495 1125 621 1189 tica
651 1131 1004 1204 censeatur,
1033 1129 1291 1206 propter
1313 1122 1465 1186 duo.
1493 1122 1722 1197 Primo,
1755 1119 1906 1201 quia
1937 1129 2067 1182 non

501 1221 657 1282 satis
693 1225 956 1296 constat,
999 1217 1180 1297 illud,
1215 1219 1386 1300 quod
1413 1234 1533 1280 nos
1559 1217 1894 1290 habemnS,
1926 1228 2067 1276 esse

493 1333 716 1377 verum
773 1311 1119 1378 Concilium
1161 1309 1594 1388 Francot'ord.,
1641 1312 1815 1391 quia,
1873 1315 1946 1373 ut
1990 1311 2069 1374 sit

499 1415 738 1472 certum
761 1408 1022 1488 aliquod
1049 1425 1190 1473 esse
1219 1425 1441 1473 verum
1469 1404 1843 1483 Concilium,
1879 1403 2069 1468 debet

499 1503 682 1568 debet
705 1511 996 1568 constare
1030 1511 1140 1569 sut
1169 1502 1490 1568 Pontificia
1516 1501 1889 1564 auctoritate
1910 1545 1930 1577 ,
1958 1505 2071 1562 aut

498 1597 832 1661 sufficienti
870 1597 1162 1662 Ecclesiae
1206 1597 1574 1670 traditione3
1605 1595 1916 1658 hactenus
1960 1611 2071 1655 au-

497 1699 631 1754 tem
657 1689 871 1754 nullus
921 1691 1296 1754 Pontificum
1343 1689 1532 1752 nohis
1569 1685 1899 1770 proposuit
1947 1687 2071 1750 hoo

501 1783 872 1861 Concilium,
903 1783 1076 1864 quod
1101 1801 1220 1846 nos
1249 1782 1577 1859 habemus,
1608 1781 1934 1846 continere
1968 1797 2071 1842 ve⁴

533 1895 636 1940 am
670 1883 734 1942 ct
773 1879 1204 1960 incorruptam
1234 1877 1662 1942 definitionem
1686 1891 1826 1958 quse
1867 1875 1933 1937 in
1962 1873 2068 1937 illo

497 1971 774 2037 Concilio
807 1973 973 2037 facta
1009 1979 1129 2048 est,
1159 1971 1464 2036 anthane
1491 1971 1846 2053 epistolam,
1877 1985 2070 2049 qnam

500 2065 762 2129 nomine
814 2063 1072 2130 Adriani
1123 2065 1418 2148 legimns,
1471 2081 1612 2128 esse
1661 2063 1834 2127 illam
1875 2079 2069 2144 quam

496 2159 816 2224 Adrianus
859 2161 1027 2243 Papa
1055 2161 1372 2236 decrevit,
1403 2161 1718 2242 integram
1759 2165 1824 2221 et
1867 2156 2071 2221 incor-

497 2259 774 2335 ruptam.
803 2255 1082 2318 Traditio
1111 2255 1302 2319 etiam
1330 2255 1502 2317 nulla
1531 2260 1627 2316 est
1653 2251 2065 2327 insufficiens,

499 2347 650 2428 quia
674 2347 810 2412 hoec
827 2353 967 2412 acta
989 2347 1102 2413 diu
1125 2349 1468 2424 latuerunt,
1490 2352 1555 2411 et
1575 2361 1782 2428 nuper
1809 2345 2068 2408 inventa

500 2431 669 2516 s'unt,
695 2441 1014 2506 Laurentii
1063 2443 1226 2516 Sarii
1271 2441 1621 2524 diligentia,
1651 2437 1768 2502 viri
1809 2439 2068 2520 quidem

499 2533 588 2618 pii
619 2541 681 2600 et
715 2535 903 2613 docti,
930 2535 1040 2600 sed
1067 2537 1179 2618 qui
1207 2533 1335 2598 falli
1369 2537 1592 2615 potuit,
1618 2533 1965 2615 praebendo
1992 2533 2071 2597 ss·

501 2630 646 2693 dem
677 2629 866 2691 alicui
909 2629 1082 2693 falsae
1117 2637 1184 2693 et
1214 2627 1620 2709 supposititias
1647 2625 2063 2708 inscriptioni.

503 2723 710 2804 Auget
739 2727 949 2786 autem
984 2721 1514 2796 incertitudinem,
1549 2723 1698 2803 quia
1733 2721 1942 2802 (quod
1972 2741 2071 2784 sa·

499 2833 581 2878 ne
613 2817 842 2880 mirum
869 2819 1006 2898 est)
1031 2832 1162 2882 non
1193 2818 1380 2880 docet
1405 2815 1515 2878 ubi
1547 2817 1686 2878 haec
1715 2815 1946 2896 scripta
1972 2815 2073 2878 in-

500 2909 781 2988 venerit,
812 2918 922 2972 aut
949 2909 1182 2992 quibus
1211 2909 1400 2974 certis
1443 2909 1640 2992 signis
1665 2909 1782 2972 sibi
1811 2926 2073 2991 persua-

501 3005 686 3080 serit,
734 3005 981 3068 nnllum
1027 3006 1094 3069 in
1141 3023 1220 3068 eo
1269 3005 1522 3082 codice,
1567 3021 1758 3086 quem
1808 3005 2066 3082 invenit,

499 3093 692 3161 fuisse
743 3099 1150 3162 mendacium
1193 3107 1304 3162 aut
1344 3099 1666 3162 fictionem
1706 3097 2063 3163 admistam.

499 3189 827 3255 Accedunt
862 3193 1052 3255 etiam
1092 3193 1230 3256 aliae
1257 3193 1672 3274 conjecturae,
1705 3211 1864 3274 quas
1907 3193 2069 3256 infra

499 3285 813 3362 indicabo,
835 3287 920 3350 oh
941 3303 1100 3368 quas
1127 3287 1306 3350 multi
1335 3285 1453 3350 viri
1481 3287 1645 3350 docti
1667 3291 1730 3350 et
1747 3287 1834 3369 pii
1859 3289 2067 3352 adhuc

493 3378 841 3443 formidant
876 3379 957 3444 de
990 3379 1155 3443 illius
1183 3381 1419 3444 codicis
1447 3381 1805 3445 sinceritate
1847 3401 1922 3445 ac
1950 3401 2067 3464 pu·

494 3471 700 3537 ritate.
730 3475 1022 3538 Secundo
1047 3476 1250 3554 aiunt,
1273 3475 1520 3540 etiamsi
1549 3483 1720 3539 certo
1749 3483 2067 3543 constaret

491 3565 574 3628 de
599 3565 862 3631 veritate
889 3567 1092 3650 ipsius
1121 3567 1407 3649 Concilii,
1435 3584 1567 3632 non
1601 3569 1890 3634 sufficere
1925 3571 2066 3652 ejus

495 3661 927 3725 auctoritatem
957 3664 1040 3725 ad
1068 3669 1286 3727 notam
1313 3663 1599 3743 haeresis,
1619 3664 1763 3729 licet
1791 3664 2065 3728 sufficiat

494 3751 577 3817 ad
605 3759 820 3818 notam
853 3757 1143 3820 maximae
1172 3757 1562 3835 temeritatis,
1601 3757 1702 3822 vel
1731 3759 1920 3821 etiam
1961 3777 2063 3822 er-

492 3849 675 3926 roris,
703 3849 854 3931 quia
879 3867 1094 3932 neque
1122 3857 1218 3914 est
1239 3845 1583 3916 Concilium
1605 3849 1918 3933 generale,
1947 3852 2061 3915 sed

491 3943 591 4005 vel
624 3944 1037 4024 provinciale,
1068 3945 1171 4008 vel
1217 3954 1386 4009 certe
1433 3947 1754 4009 nationale
1781 3945 2056 4028 plurium

489 4037 976 4118 provinciarum,
999 4045 1256 4119 propter
1280 4039 1451 4120 quod
1469 4039 1733 4103 fortasse
1749 4039 2049 4104 Paludan.

491 4131 783 4210 generale
812 4129 966 4194 illud
1011 4139 1235 4210 vocat,
1265 4133 1376 4195 sed
1427 4133 1679 4214 proprie
1729 4149 1861 4196 non
1909 4131 2048 4212 tuit,

488 4221 638 4303 quia
666 4241 795 4286 non
823 4223 1081 4288 fuerunt
1123 4240 1204 4288 ex
1246 4227 1417 4288 omni
1455 4225 1729 4291 Ecclesia
1771 4226 1851 4289 ad
1897 4227 2054 4292 illud

489 4317 878 4398 congregati,
905 4333 1028 4384 nec
1056 4321 1380 4382 convocati
1409 4321 1721 4401 Episcopi,
1763 4321 1876 4384 sed
1911 4327 2055 4384 tan-

489 4412 624 4470 tum
655 4427 736 4471 ex
763 4409 986 4489 Gallia,
1017 4411 1354 4475 Germania
1384 4421 1448 4476 et
1473 4415 1670 4488 Italia,
1709 4421 1780 4476 ut
1807 4422 2054 4479 constat

489 4519 568 4562 ex
590 4501 862 4566 historiis
892 4521 1050 4585 quas
1071 4505 1232 4568 infra
1259 4507 1790 4570 commemorabo.
1817 4509 2052 4572 Rursus

482 4609 694 4677 neque
721 4603 966 4661 constat
995 4599 1118 4662 tale
1144 4599 1484 4664 Concilium
1514 4601 1705 4664 tuisse
1725 4619 1764 4663 a
1789 4601 2047 4666 Summo

483 4687 784 4752 Pontiflce
817 4689 1281 4771 confirmatum,
1304 4695 1438 4756 sine
1469 4711 1594 4774 qua
1623 4695 2048 4759 confirmatio·

482 4797 563 4844 ne
589 4785 972 4864 provinciale
1009 4783 1350 4852 Concilium
1385 4804 1514 4851 non
1543 4789 1770 4852 sufficit
1799 4789 1878 4852 ad
1905 4809 2047 4854 cer·-

481 4882 616 4938 tam
651 4875 844 4941 tidem
867 4877 1242 4946 faciendam.
1274 4881 1394 4946 Alii
1419 4901 1570 4946 vero
1585 4929 1607 4962 ,
1637 4883 1884 4946 etiamsi
1922 4883 2044 4948 hu·

473 4969 582 5048 jus
615 4966 875 5035 Concilli
920 4975 1358 5040 anctoritatem
1393 4973 1764 5055 admittant,
1807 4983 2046 5061 negant

479 5063 544 5126 id
574 5063 906 5130 damnasse
940 5065 1310 5150 praedictam
1352 5071 1846 5154 propositionem
1895 5085 2043 5136 cum

475 5155 583 5219 illa
612 5152 1159 5240 determinatione,
1197 5165 1266 5227 in
1295 5172 1372 5228 eo
1411 5180 1599 5229 sensu
1645 5166 1711 5228 in
1753 5180 1878 5247 quo
1919 5165 2045 5230 Du-

469 5249 654 5313 rand.
699 5257 765 5315 et
809 5253 1172 5320 scholastici
1199 5257 1393 5322 locuti
1443 5265 1612 5336 sunt,
1661 5257 1774 5323 sed
1805 5259 1872 5323 in
1917 5259 2041 5324 alio

471 5343 661 5428 longe
692 5345 964 5429 diverso,
991 5365 1183 5433 quem
1209 5351 1374 5416 infra
1399 5353 1704 5418 tractabo.

1725 361 1965 428 QUAEST.
1996 359 2151 416 xxu.
2178 361 2377 418 Alme.
2412 363 2496 417 Ν.

2150 459 2307 524 citer
2340 461 2693 542 prolatam:
2724 463 3003 528 Christus
3034 469 3133 528 est
3156 463 3323 529 tilius
3358 467 3715 548 adoptivus,

2149 555 2263 618 sed
2286 557 2478 619 etiam
2528 573 2674 618 cum
2716 557 3267 634 determinatione,
3306 559 3373 622 in
3406 569 3717 642 quantam

2148 647 2363 725 homo,
2390 649 2491 713 vel
2520 651 2867 716 secundum
2904 654 3393 732 humanitatem,
3424 673 3579 719 esse
3602 655 3719 718 hir·

2147 744 2431 824 reticem,
2446 751 2509 809 et
2518 749 2923 824 contrariam,
2942 747 3247 812 nimirum
3264 747 3589 814 christum
3608 751 3717 812 sub

2148 843 2418 919 utraque
2444 841 2697 904 ratione
2736 859 2877 906 esse
2904 841 3105 906 tilium
3134 841 3501 906 naturalem
3518 889 3543 920 ,
3590 861 3719 906 esse

2150 931 2233 996 de
2266 933 2391 996 tide
2442 938 2703 998 certain.
2750 935 3257 1000 Fundamentum
3304 944 3404 1000 est
3424 981 3443 1011 ,
3494 937 3719 1018 primo,

2150 1027 2299 1107 quia
2327 1027 2675 1092 Concilium
2718 1029 3123 1092 Francotord.
3166 1035 3519 1110 utramque
3552 1029 3721 1092 dam-

2148 1125 2279 1196 nat,
2304 1123 2374 1184 ut
2400 1121 2467 1184 in
2496 1123 2885 1202 argumentis
2926 1124 2993 1186 in
3032 1123 3343 1204 principio
3386 1125 3723 1204 propositis

2147 1214 2353 1276 visum
2376 1219 2475 1278 est
2493 1233 2509 1290 ς
2536 1222 2627 1280 est
2655 1221 2865 1278 autem
2889 1217 2959 1278 in
2984 1217 3089 1278 1110
3104 1215 3385 1282 Concilio
3402 1215 3725 1280 sufficiens

3824 754 3827 898 l

3826 1139 3829 1312 J

2149 1309 2487 1374 auctoritas
2502 1310 2584 1373 ad
2600 1316 2834 1374 certam
2848 1295 3045 1374 fldem*
3056 1307 3447 1384 faciendam,
3474 1312 3565 1372 oh
3588 1330 3725 1374 auc·

2150 1403 2464 1466 toritatem
2505 1405 2817 1468 pontificis
2838 1405 3093 1468 Adriani
3128 1405 3303 1468 idem
3330 1405 3721 1478 definientis,

2150 1515 2289 1578 quae
2318 1497 2403 1561 illi
2430 1497 2704 1562 Concilio
2742 1499 3037 1580 adjuncta
3062 1507 3180 1562 est.
3212 1499 3551 1576 Secundo,
3578 1500 3723 1579 quis

2148 1609 2275 1654 non
2306 1598 2401 1655 est
2428 1593 2632 1673 maior
2660 1595 2819 1656 ratio
2865 1593 2947 1656 de
2988 1611 3119 1656 una
3151 1591 3409 1657 illarum
3440 1595 3724 1674 proposi-

3828 1525 3831 1688 Ι

2150 1685 2393 1749 tionum
2422 1703 2615 1765 quam
2640 1687 2721 1751 de
2750 1687 2897 1765 alia,
2926 1693 3063 1750 tum
3090 1688 3238 1768 quia
3284 1689 3397 1750 illa
3422 1687 3725 1752 determi-
3829 1709 3830 1720 ¹

2150 1781 2323 1842 natio
2364 1779 2513 1843 huic
2559 1782 2967 1862 propositioni
2994 1783 3299 1862 adjuncta
3336 1799 3480 1844 non
3520 1787 3723 1862 potoet

2152 1891 2291 1936 esse
2314 1875 2591 1940 conditio
2618 1875 3001 1952 dIminuens,
3018 1877 3365 1958 designans
3384 1877 3599 1940 solam
3618 1877 3725 1938 hu·

2150 1967 2517 2032 manitatem
2535 2015 2557 2047 ,
2592 1969 2741 2050 quia
2782 1970 3001 2034 filiatio
3040 1987 3171 2034 non
3216 1977 3317 2034 est
3366 1973 3723 2052 proprietas

2149 2079 2289 2142 quas
2324 2062 2523 2143 possit
2546 2063 2923 2128 humanitati
2945 2065 3309 2142 convenire,
3342 2065 3466 2128 sed
3496 2083 3722 2146 suppo-

2150 2157 2267 2220 sito
2296 2161 2575 2234 tantum3
2600 2175 2751 2239 ergo
2780 2175 2893 2240 per
2920 2157 3094 2220 iiiam
3114 2159 3719 2222 determinationem

2150 2251 2354 2314 solnm
2409 2249 2775 2332 designatur
2818 2256 3077 2329 natura,
3131 2252 3201 2314 in
3244 2269 3379 2333 qun
3428 2257 3719 2318 convenit

2150 2345 2471 2426 supposito
2503 2343 2644 2409 talis
2684 2346 3068 2426 proprietas3
3097 2347 3457 2427 propositio
3486 2353 3715 2424 autem,
3833 2373 3834 2402 l

2148 2453 2289 2517 quae
2321 2443 2419 2502 est
2442 2453 2591 2502 vera
2614 2457 2759 2502 cum
2784 2439 3311 2502 determinatione
3358 2439 3491 2504 hoc
3534 2441 3717 2504 modo

2150 2538 2426 2614 sumpta,
2460 2533 2647 2596 etiam
2690 2533 2827 2597 sine
2868 2532 2977 2596 illa
3010 2535 3127 2596 erit
3148 2551 3325 2613 vera,
3352 2541 3432 2596 ut
3454 2543 3635 2616 patet
3657 2538 3715 2598 in

2148 2627 2270 2688 bac
2298 2643 2313 2688 τ
2340 2625 2642 2701 Christus,
2672 2625 2735 2690 in
2786 2633 3093 2706 quantum
3120 2627 3313 2690 homo
3339 2673 3356 2704 ‚
3414 2635 3517 2692 est
3562 2627 3747 2702 filius,

2154 2719 2460 2802 Virginis;
2479 2725 2645 2784 recte
2666 2721 2837 2784 enim
2860 2723 3167 2801 sequitur,
3186 2721 3571 2802 simpliciter
3588 2741 3715 2786 esse
3835 2797 3836 2802 ἵ

2151 2811 2351 2878 filium
2382 2813 2653 2897 Virginis
2674 2859 2697 2892 ,
2724 2813 2876 2895 qula
2913 2833 3045 2878 non
3082 2815 3155 2879 fit
3199 2823 3657 2895 argumentum
3682 2837 3715 2878 a

2152 2908 2501 2972 secundum
2529 2908 2686 2988 quid
2712 2909 2797 2971 ad
2824 2907 3210 2989 simpliciter,
3240 2910 3358 2973 sed
3384 2927 3427 2972 a
3448 2911 3719 2991 particu-

2152 3001 2269 3065 lari
2298 3001 2380 3066 ad
2398 2999 2817 3066 indefinitam.
2848 3001 3009 3066 'him
3036 3003 3229 3066 etiam
3248 3004 3427 3084 quin,
3468 3004 3523 3066 si
3554 3007 3719 3085 prior

2150 3096 2493 3178 propositio
2522 3097 2859 3160 damnatur
2872 3136 2894 3176 ,
2923 3103 3020 3162 est
3044 3099 3195 3179 quia
3222 3099 3451 3162 filiatio
3478 3100 3719 3181 adopti-

2149 3210 2229 3254 va
2260 3191 2523 3256 includit
2549 3209 2888 3273 personam
2918 3197 3287 3256 extraneam
3316 3199 3381 3258 et
3414 3194 3711 3256 alienam.

2150 3285 2354 3361 Unde,
2384 3305 2531 3349 cum
2556 3283 2799 3350 Christo
2826 3287 3117 3350 tribuitur
3142 3287 3363 3350 filiatio
3394 3288 3713 3369 adoptiva,

2148 3381 2538 3463 significatur
2564 3397 2701 3444 esse
2722 3395 2996 3462 persona
3023 3386 3273 3458 creata3
3304 3381 3425 3444 sed
3462 3401 3602 3444 non
3626 3393 3713 3446 est

2148 3475 2359 3538 minus
2384 3473 2751 3538 haereticum
2781 3473 3125 3538 attribuere
3146 3475 3385 3538 Christo
3416 3483 3490 3538 ut
3516 3479 3713 3540 homi·

2145 3571 2211 3633 ni
2236 3586 2574 3652 personam
2595 3577 2897 3647 creatam,
2920 3585 3113 3652 quam
3140 3569 3383 3634 Christo
3414 3571 3713 3653 simplici·

2146 3669 2241 3728 ter
2263 3685 2279 3740 ;
2326 3681 2500 3747 ergo,

2222 3760 2283 3822 6.
2330 3757 2543 3826 Tertia
2592 3759 2818 3843 opinio.
2844 3788 2926 3808 --·
2950 3759 3161 3824 Tertia
3202 3761 3525 3826 sententia
3572 3779 3709 3826 esse

2141 3861 2368 3934 potest,
2411 3861 2700 3918 neutram
2742 3871 2823 3918 ex
2849 3853 2971 3918 illis
3002 3855 3542 3936 propositionibus
3572 3875 3707 3920 essa

2142 3947 2505 4029 simpliciter
2530 3947 2913 4026 haereticam,
2956 3947 3101 4013 licet
3134 3950 3309 4012 falsoe
3338 3951 3469 4014 sint
3507 3957 3573 4014 et
3601 3953 3705 4014 im·

2136 4043 2519 4125 probabiles,
2540 4049 2713 4108 tanto
2740 4061 2893 4107 vero
2920 4043 3294 4120 evidentius,
3330 4051 3575 4126 quanto
3593 4047 3703 4108 hu-

2127 4137 2409 4218 jusmodi
2452 4139 2802 4220 proprietas
2850 4136 3057 4202 Verbo
3110 4145 3222 4204 aut
3264 4137 3517 4204 Christo
3564 4143 3699 4204 eine

2136 4231 2263 4294 ulla
2312 4229 2834 4296 determinatione
2876 4233 3255 4296 attribuitur.
3294 4233 3699 4298 Fundamen-

2134 4327 2269 4388 tum
2321 4325 2507 4406 hujus
2558 4327 2885 4390 sententiat
2916 4323 3297 4390 sumendum
3324 4333 3422 4392 est
3473 4331 3695 4410 partim

2136 4437 2213 4480 ex
2246 4422 2489 4484 ratione
2519 4421 2585 4483 in
2612 4421 2995 4485 contrarium
3023 4423 3090 4483 in
3133 4423 3446 4503 principio
3474 4441 3697 4506 propo·

2134 4515 2277 4592 sita,
2302 4519 2529 4597 partim
2560 4535 2639 4578 ex
2664 4515 3073 4579 fundamento
3098 4517 3317 4597 primm
3344 4521 3690 4592 sententiae,

2134 4615 2445 4686 quatenus
2472 4617 2662 4691 negat
2706 4611 2939 4674 Concil.
2972 4611 3378 4676 Francot'ord.
3430 4619 3545 4680 eut
3582 4615 3691 4676 1100

2126 4701 2485 4778 damnasse,
2534 4710 2642 4767 aut
2670 4705 2957 4769 sufficere
2984 4705 3065 4768 ad
3092 4711 3331 4768 sermm
3376 4707 3573 4772 fidem
3596 4709 3689 4772 ia·

2124 4795 2439 4874 ciendam,
2463 4795 2689 4878 partim
2708 4815 2787 4862 ex
2806 4797 3211 4862 fundamento
3242 4801 3541 4866 secundat
3560 4819 3689 4866 sen·-

2124 4891 2355 4969 tentiae,
2376 4895 2689 4974 quatenus
2716 4893 2945 4974 probat
2968 4905 3189 4975 parem
3210 4907 3353 4956 esse
3384 4897 3689 4960 rationem

2128 4986 2453 5068 utriusque
2473 4987 2823 5066 locutionis,
2848 4989 2985 5052 sine
3005 4987 3565 5068 determinatione,
3584 4997 3687 5054 aut

2124 5093 2271 5142 cum
2299 5079 2427 5144 illa.

2202 5177 2266 5238 ’1.
2296 5173 2395 5237 Ad
2422 5173 2805 5240 decisionem
2836 5175 3027 5258 hujus
3068 5175 3453 5257 quastionim
3486 5179 3681 5242 dicem

2122 5264 2297 5347 prius
2322 5265 2472 5348 qnid
2490 5269 2891 5331 sentiendum
2912 5282 3047 5334 esse
3072 5286 3373 5334 censeam
3396 5271 3483 5334 de
3502 5289 3681 5336 sensu

2122 5359 2354 5422 erroris
2377 5359 2689 5442 Elipandi.
2722 5362 2961 5427 Deinde
2987 5362 3067 5427 de
3092 5363 3375 5428 coneilio
3419 5364 3681 5430 Franco·

483 5527 492 5534 .
549 5441 612 5502 s.
662 5439 948 5508 Secunda
969 5443 1292 5528 apinam-
1311 5443 1604 5511 Secunda
1631 5447 1844 5531 opinio
1872 5449 2039 5512 affin-
2118 5450 2420 5516 fot-diensi
2444 5455 2657 5536 aliqua
2700 5455 3143 5537 pmmittendu
3193 5465 3404 5523 erunt.
3448 5459 3676 5524 Deinde

471 5535 622 5610 mat,
657 5547 786 5598 non
821 5535 1025 5601 solnm
1057 5537 1226 5604 illam
1275 5541 1764 5624 propositionem
1801 5543 2036 5626 simpli·
2118 5543 2197 5610 de
2226 5563 2294 5610 re
2322 5545 2641 5630 proposita
2670 5547 2934 5613 dicetur.
3016 5639 3027 5647 ·

3830 1911 3833 2110 Ι
