3892 6167
98 5956 265 6149 ''T-*·-
99 5304 113 5951 rxs-r--w———r———ffi
100 5157 107 5171 —
98 4388 107 5151 »τῇτῇ-ἡὴ-

596 352 717 415 556
1828 346 2065 409 QIJAEST.
2101 344 2251 398 XXV.
2285 346 2488 401 aava.
2525 348 2584 402 n.

597 457 711 519 sed
736 456 927 518 etiam
950 452 1312 532 sacrilegus
1358 453 1616 524 Rursus,
1652 448 1703 509 si
1756 450 1897 529 quis
1944 444 2160 508 eredat
2242 452 2309 508 ut
2339 464 2594 527 ea,quoe
2612 447 2690 509 de
2717 448 2842 509 Deo
2874 452 2934 509 et
2953 444 3315 507 hominibus
3339 446 3573 510 dicenda
3593 462 3719 527 sunt,

598 568 735 613 esse
750 549 943 611 alium
962 547 1455 626 omnipotentem
1470 550 1699 624 praeter
1716 560 1907 603 unum
1926 542 2152 616 Deum,

599 662 709 705 seu
738 644 1013 725 primum
1054 646 1373 703 auctorem
1414 638 1675 716 alicujus
1724 634 2012 699 beneficii
2035 678 2056 710 ,
2091 641 2158 697 et

599 756 675 801 ea
702 738 949 800 ratione
972 736 1063 798 illi
1088 735 1353 797 interius
1385 733 1615 814 gratias
1656 736 1828 811 agat,
1864 728 1966 792 vel
2011 747 2156 809 sup-

598 833 743 913 plex
770 832 1141 911 deprecetur
1178 834 1248 889 ut
1276 828 1771 907 omnipotentem
1797 824 1901 885 vel
1932 841 2156 905 supre-

598 944 774 989 mum
796 931 1140 1000 auctorem,
1170 921 1453 1003 peccabit
1480 919 1763 994 interius,
1790 934 1918 979 nou
1951 917 2156 979 solum

598 1026 815 1082 contra
854 1016 1067 1093 fidem,
1090 1016 1203 1078 sed
1228 1015 1413 1077 etiam
1441 1018 1661 1075 contra
1690 1012 1996 1073 honorem
2025 1010 2154 1071 Deo

600 1113 901 1189 debitum,
936 1110 1107 1191 quod
1133 1115 1487 1190 peccatum,
1516 1107 1659 1169 licet
1688 1105 1767 1167 ab
1790 1103 2158 1167 infidelitate

602 1206 791 1269 ducat
817 1206 1145 1286 originem,
1178 1203 1495 1265 diversum
1526 1206 1738 1264 tamen
1778 1199 1861 1261 ab
1899 1200 2008 1259 illu
2037 1200 2152 1259 est.

600 1300 771 1363 Idem
794 1299 1052 1380 reperiri
1077 1303 1283 1378 potest
1302 1298 1365 1359 in
1388 1296 1533 1357 odio
1560 1294 1671 1355 Dei
1690 1310 1712 1372 3
1733 1310 1906 1364 nam,
1934 1290 1988 1353 si
2015 1291 2157 1372 quis

598 1393 753 1455 illud
781 1398 1071 1455 exerceat
1098 1392 1313 1453 animo
1334 1388 1643 1452 inferendi
1672 1388 1801 1449 Deo
1832 1386 2150 1466 iujuriam,

597 1506 713 1549 seu
741 1484 1027 1568 privandi
1050 1486 1226 1546 illum
1261 1484 1503 1546 honore
1538 1482 1595 1543 ei
1634 1481 1871 1553 debito,
1926 1481 1990 1541 in
2047 1480 2152 1541 illo

596 1588 741 1643 actu
772 1586 997 1659 prteter
1022 1577 1327 1641 malitiam
1358 1577 1485 1637 odii
1514 1581 1608 1636 est
1630 1574 1867 1635 malitia
1899 1572 2152 1635 sacrile-

596 1673 679 1753 gii
724 1673 987 1735 interius
1036 1671 1475 1743 consummati,
1534 1674 1597 1730 et
1651 1668 1739 1729 sic
1774 1674 2040 1747 possunt
2083 1667 2149 1728 in

597 1766 737 1827 aliis
764 1764 1054 1845 exempla
1082 1763 1399 1835 adhiberi;
1430 1759 1820 1823 etinterdum
1850 1762 2151 1839 etiampo-

598 1864 719 1923 test
748 1858 1015 1939 intelligi
1042 1859 1179 1919 haee
1198 1856 1438 1918 malitia
1462 1854 1643 1936 quasi
1669 1872 1785 1933 per
1812 1854 2146 1927 defectum

597 1960 665 2015 ut
686 1954 737 2014 si
763 1954 907 2033 quis
946 1952 1105 2015 nolit
1131 1952 1383 2013 firmum
1418 1954 1482 2011 et
1526 1955 1767 2010 certum
1820 1966 2151 2011 assensum

587 2046 774 2109 rebus
796 2046 943 2107 fidei
960 2044 1281 2118 adhibere,
1305 2044 1417 2105 sed
1444 2042 1647 2104 solum
1672 2040 2147 2104 formidolosum

590 2158 665 2201 ac
690 2140 974 2216 dubium,
998 2145 1058 2201 et
1098 2139 1274 2199 illum
1308 2142 1519 2199 actum
1554 2135 1703 2197 velit
1755 2136 2050 2198 exhibere
2079 2140 2150 2197 ut

588 2234 1005 2294 sufficientem
1050 2238 1267 2294 notam
1314 2230 1569 2291 honoris
1609 2230 1736 2291 Deo
1784 2228 1999 2305 debiti,
2034 2228 2148 2291 erit

590 2343 719 2387 non
771 2325 976 2386 solum
1028 2324 1361 2385 haereticus
1387 2368 1408 2399 ,
1462 2322 1576 2384 sed
1643 2323 1835 2383 etiam
1900 2323 2146 2384 sacrile-

592 2436 731 2499 guS,
764 2419 913 2498 quia
943 2420 1139 2481 Deum
1172 2418 1319 2479 facit
1362 2415 1663 2479 creaturis
1686 2416 2014 2495 aequalem.
2059 2416 2148 2477 Ex

590 2514 819 2592 quibus
844 2518 907 2575 et
930 2512 1237 2573 similibus
1259 2512 1560 2592 exemplis
1584 2516 1789 2591 potest
1816 2528 2152 2589 argumen-

589 2613 723 2669 tum
768 2606 1006 2667 factum
1042 2605 1105 2667 in
1132 2605 1513 2667 contrarium
1567 2603 1920 2684 retorqueri
1951 2624 1967 2678 ;
2002 2622 2151 2665 uam

590 2700 643 2762 si
660 2700 885 2779 injuria
918 2705 983 2761 et
1007 2699 1403 2761 inhonoratio
1422 2698 1631 2760 divina
1657 2704 1863 2778 potest
1891 2698 2151 2761 interius

590 2792 1045 2867 consummari,
1076 2810 1185 2854 eur
1199 2809 1327 2852 non
1358 2792 1547 2853 etiam
1576 2793 1805 2873 poterit
1840 2790 2151 2854 adoratio?

590 2887 723 2948 Dixi
742 2892 954 2948 autem
974 2886 1407 2948 necessarium
1426 2902 1585 2961 esse,
1610 2884 1689 2947 ad
1706 2904 2151 2948 consumman-

590 2980 735 3044 dam
766 2982 1027 3043 interius
1054 2982 1218 3042 hanc
1248 2979 1576 3055 malitiam,
1610 2984 1677 3039 ut
1720 2979 1988 3041 intentio
2021 2978 2152 3043 cul-

590 3080 693 3136 tus
748 3074 1115 3149 intercedat,
1164 3074 1311 3155 quia
1359 3071 1568 3135 media
1618 3071 1731 3135 tali
1803 3072 2148 3134 intentione

590 3169 1111 3231 communicanda
1153 3174 1247 3229 est
1276 3166 1535 3241 malitia,
1558 3184 1633 3228 eo
1663 3166 1833 3245 quod
1864 3166 2147 3246 opposita

589 3262 835 3323 bonitas
862 3278 991 3323 non
1012 3262 1091 3323 sit
1116 3261 1453 3322 intrinseca
1475 3260 1664 3337 actui,
1694 3260 1807 3321 sed
1838 3278 1914 3321 ex
1951 3260 2144 3338 impe·

588 3356 683 3417 rio
712 3362 773 3417 et
807 3356 1107 3418 relatione
1147 3354 1499 3417 extrinseca
1528 3356 1901 3434 proveniens
1932 3374 1949 3425 ;
1998 3360 2147 3415 tunc

589 3448 759 3508 enim
782 3446 1016 3509 malitia
1044 3449 1352 3528 opposita,
1390 3464 1533 3509 cum
1561 3448 1780 3509 nonin
1806 3448 1937 3510 sola
1961 3447 2148 3509 omis·

590 3542 787 3617 sione,
820 3541 1017 3603 sedin
1040 3540 1475 3603 commissione
1506 3542 1823 3613 consistat,
1860 3558 1990 3602 non
2037 3559 2149 3620 po-

588 3640 732 3708 test,
760 3636 877 3697 nisi
890 3652 1005 3715 per
1030 3636 1410 3697 contrarium
1436 3635 1791 3714 imperium,
1814 3652 1925 3695 seu
1952 3634 2148 3695 inten-

590 3726 843 3802 tionem,
889 3729 1357 3804 communicari,
1400 3726 1569 3807 quod
1604 3744 1729 3789 non
1760 3726 1966 3789 solum
2002 3728 2149 3789 acti·

588 3820 707 3882 bus
750 3821 1030 3893 interniS,
1078 3820 1190 3883 sed
1246 3822 1434 3883 etiam
1494 3821 1765 3883 externis
1816 3839 2149 3885 commune

591 3921 707 3975 est.
740 3914 805 3974 Si
826 3915 993 3976 enim
1022 3932 1313 3977 exercere
1338 3920 1549 3975 actum
1590 3920 1919 3975 externum
1945 3915 2152 3975 humi-

590 4006 806 4084 litatis,
838 4024 953 4088 per
986 4025 1053 4068 se
1079 4025 1206 4069 non
1255 4008 1445 4069 habet
1471 4007 1861 4069 honestatem
1907 4008 2151 4088 religio-

590 4102 709 4175 ιιίε,
736 4107 942 4182 potest
964 4108 1174 4163 tamen
1205 4101 1371 4163 illam
1401 4100 1657 4175 habere,
1673 4101 1723 4161 si
1750 4118 1828 4162 ex
1850 4101 2146 4181 peculiari

589 4194 933 4257 intentione
962 4201 1026 4257 et
1066 4195 1327 4274 imperio
1369 4193 1499 4257 fiat.
1549 4193 1729 4257 Unde
1770 4212 1805 4255 e
1836 4196 2148 4258 contrario

592 4304 886 4349 exercere
910 4292 1236 4349 externum
1278 4291 1485 4349 actum
1538 4288 1847 4367 superbiae
1894 4286 1962 4348 in
2002 4308 2148 4367 pro-

590 4381 789 4460 priam
804 4382 1267 4457 exaltationem,
1282 4400 1474 4463 perse
1495 4400 1621 4443 non
1642 4381 1831 4445 habet
1848 4382 2148 4445 malitiam

591 4475 899 4555 sacrilegii
919 4475 1269 4537 adorationi
1294 4476 1402 4538 Dei
1420 4476 1794 4538 contrariam
1820 4493 1838 4545 ς
1858 4477 1906 4536 si
1936 4482 2148 4538 tamen

592 4568 762 4629 fieret
792 4568 1139 4631 intentione
1172 4568 1513 4649 usurpandi
1564 4568 1681 4631 sibi
1709 4568 1991 4631 divinum
2043 4570 2150 4631 ho·

589 4678 833 4738 norem,
876 4662 1135 4725 haberet
1156 4662 1327 4724 illam
1347 4680 1370 4742 ς,
1403 4670 1464 4725 et
1486 4664 1643 4725 ratio
1674 4664 1989 4744 generalis
2029 4674 2144 4741 est,

589 4756 735 4833 quia
767 4757 1079 4817 contraria
1106 4754 1351 4818 bonitas
1378 4774 1501 4817 non
1551 4761 1646 4818 est
1678 4755 1889 4818 debita
1920 4756 2009 4818 illi
2049 4778 2148 4819 ac·

590 4850 676 4910 tui
710 4849 1055 4911 secundum
1085 4867 1178 4925 se,
1226 4850 1340 4911 sed
1362 4855 1603 4935 tant-um
1643 4856 1713 4912 ut
1739 4850 1846 4913 tali
1876 4850 2144 4930 imperio

588 4942 690 5003 vel
724 4943 1053 5006 intentioni
1092 4942 1332 5005 subest.

1198 5128 1415 5184 SEGTto
1448 5127 1530 5181 ΙΙΙ.

994 5258 1302 5333 Quotuplex
1343 5260 1415 5314 sit
1446 5248 1735 5330 [adoratio.

669 5415 729 5474 1.
780 5412 1009 5475 Prteter
1046 5428 1449 5475 communem
1478 5421 1542 5477 et
1568 5390 1933 5494 generalem
1963 5414 2148 5478 ratio-

590 5525 737 5574 nem
766 5505 1145 5572 adorationis
1177 5526 1209 5573 a
1256 5508 1436 5572 nobis
1475 5508 1867 5593 explicatam,
1902 5516 2146 5595 oportet

2237 538 2502 622 intelligi
2531 542 2793 622 possint,
2836 539 3168 601 nonnullas
3199 534 3564 603 adorationis
3583 550 3722 623 parti-

2237 633 2440 697 tiones
2469 637 2868 717 praemittere,
2907 639 3125 697 ettam
3154 634 3530 714 singularum
3549 656 3720 702 voc-um

2236 730 2730 792 communiorem
2751 747 2937 789 usum
2954 732 3017 790 et
3039 726 3566 807 significationem,
3581 748 3720 808 quam

2236 824 2518 903 proprias
2528 824 2920 904 singularum
2937 840 3148 884 rerum
3157 823 3435 885 rationes
3459 822 3719 905 diligenter

2237 933 2572 995 exponere.
2593 920 2668 979 Et
2691 916 2995 997 imprimis
3015 916 3237 977 omitto
3260 916 3603 977 divisionem
3617 920 3722 979 adn·

2238 1010 2495 1072 rationis
2521 1012 2586 1073 iu
2629 1010 2840 1073 fictam
2869 1017 2932 1073 et
2955 1025 3200 1084 veram,
3227 1011 3377 1091 quia
3403 1012 3528 1071 haec
3563 1016 3721 1077 omnia

2233 1104 2366 1185 jam
2383 1125 2419 1166 a
2436 1106 2619 1167 nohis
2631 1124 2703 1167 ex
2711 1106 2935 1187 plicata
2959 1110 3195 1180 sunt,et
3207 1124 3380 1167 nunc
3393 1104 3604 1167 devera
3615 1108 3720 1169 ado-

2237 1200 2480 1262 ratione
2515 1201 2784 1281 agimuS,
2816 1200 2959 1261 ficta
2984 1201 3153 1263 enim
3181 1216 3394 1278 neque
3414 1199 3720 1265 adorationis

2237 1308 2471 1355 nomen
2503 1298 2805 1355 meretur.
2838 1292 3068 1354 Omitto
3107 1292 3305 1354 etiam
3333 1290 3657 1352 divisionem
3675 1295 3719 1354 in

2236 1387 2565 1449 honestam
2587 1393 2652 1451 et
2667 1386 3160 1468 superstitiosam
3176 1384 3605 1462 adorationem,
3615 1387 3720 1465 quia

2233 1479 2314 1541 de
2337 1478 2604 1543 honesta
2633 1486 2994 1553 tractamus,
3027 1478 3153 1559 qua
3184 1478 3508 1557 explicata,
3535 1487 3722 1539 consta-

2231 1572 2322 1634 hit
2347 1592 2635 1653 quaenam
2664 1572 3096 1654 superstitiosa
3155 1573 3260 1647 sit,
3295 1573 3358 1631 et
3403 1574 3600 1649 praeter
3639 1572 3718 1633 ob·

2227 1668 2378 1748 jecti
2405 1668 2795 1749 dignitatem.

2311 1767 2372 1823 2.
2417 1762 2465 1825 Α
2481 1762 2818 1827 durationis
2851 1762 3066 1826 divisio
3093 1764 3161 1823 in
3187 1758 3490 1823 internam
3507 1764 3556 1821 et
3581 1764 3720 1821 eeter-

2231 1871 2393 1917 nam.
2418 1886 2498 1902 —
2527 1856 2732 1917 Primo
2761 1872 2914 1935 ergo
2958 1852 3148 1915 dividi
3189 1852 3356 1913 solet
3395 1850 3640 1912 adoratio
3671 1854 3714 1915 in

2231 1948 2545 2009 internam
2593 1953 2656 2011 et
2683 1954 3031 2011 externam.
3065 1949 3134 2009 ln
3177 1964 3309 2026 qua
3339 1944 3612 2006 divisione
3633 1945 3718 2005 dis-

2229 2042 2430 2121 tingui
2457 2049 2664 2123 potest
2683 2048 2857 2104 actus
2875 2038 3498 2104 voluntatis'voleutis
3521 2040 3713 2109 cultum,

2231 2135 2310 2196 ab
2339 2136 2476 2216 ipso
2501 2136 2698 2211 cultu,
2726 2136 2836 2215 qni
2872 2154 2986 2217 per
3011 2134 3190 2197 illum
3223 2132 3562 2209 exhibetur,
3588 2132 3650 2195 ita
3673 2142 3712 2194 ut

2229 2229 2334 2291 ille
2363 2229 2603 2293 dicatur
2655 2230 2915 2291 interior
2957 2228 3285 2302 adoratio,
3327 2225 3426 2288 hic
3475 2226 3710 2295 exterior:

2227 2323 2294 2386 in
2339 2342 2462 2403 quo
2513 2344 2702 2387 sensu
2733 2324 3015 2387 adoratio
3046 2322 3323 2386 exterior
3368 2320 3602 2393 dicetur,
3627 2336 3711 2381 non

2230 2418 2431 2479 solum
2463 2436 2601 2499 quae
2629 2418 2700 2480 fit
2717 2436 2832 2499 per
2860 2416 3143 2479 membra
3175 2414 3476 2497 corporiS,
3504 2422 3558 2475 et
3578 2416 3712 2475 sensi-

2229 2512 2348 2575 bus
2369 2514 2551 2593 objici
2575 2518 2804 2593 potest,
2830 2510 2940 2574 sed
2979 2512 3171 2573 etiam
3201 2508 3468 2590 quilibet
3488 2516 3630 2570 actus
3647 2510 3707 2567 in-

2231 2608 2445 2679 terior,
2470 2606 2660 2668 etiam
2686 2606 2738 2665 si
2791 2606 2870 2666 sit
2905 2603 3297 2678 intellectae,
3338 2602 3434 2664 vel
3470 2602 3627 2679 ipsius
3645 2620 3710 2660 ro-

2231 2700 2512 2773 luntatiS,
2547 2704 2857 2778 quatenus
2889 2697 3007 2758 sub
3025 2696 3406 2778 praedictum
3451 2701 3623 2755 actum
3641 2710 3707 2753 ro·

2229 2792 2489 2855 luntatis
2525 2792 2714 2867 cadit,
2765 2799 2828 2854 et
2873 2792 2956 2852 ab
3004 2789 3110 2853 illo
3161 2790 3532 2869 imperatur;
3564 2786 3704 2848 cultus

2232 2887 2396 2951 enim
2447 2892 2510 2947 et
2551 2884 2834 2957 adoratio
2896 2904 3023 2947 non
3071 2884 3286 2947 solum
3339 2882 3600 2955 externis,
3637 2880 3710 2939 sed

2233 2982 2424 3043 etiam
2442 2981 2708 3043 internis
2741 2980 2981 3042 actibus
3003 2976 3296 3043 exhiheri
3324 2982 3535 3057 potest,
3556 2982 3607 3034 ut
3628 2981 3709 3032 sta·

2233 3075 2340 3137 tim
2369 3074 2792 3137 dicam.Unde
2819 3092 2950 3135 non
2987 3080 3082 3134 est
3105 3072 3212 3133 hic
3243 3070 3528 3151 proprius
3551 3074 3598 3129 et
3625 3068 3708 3127 usi-

2228 3174 2397 3231 tatus
2446 3187 2670 3230 sensus
2717 3168 2903 3247 hujus
2943 3164 3296 3240 divisioniS‚
3334 3163 3473 3243 quia
3506 3180 3610 3221 non
3641 3179 3708 3218 ve

2230 3262 2445 3323 luntas
2474 3260 2742 3331 colendi,
2767 3260 2882 3321 sed
2932 3260 3070 3339 ipse
3123 3258 3335 3321 cultus
3379 3253 3622 3316 adoratio
3641 3270 3708 3311 vo·

2228 3361 2425 3417 catur.
2473 3356 2548 3415 Et
2601 3355 2730 3415 haec
2778 3352 3186 3433 distinguitur
3248 3352 3313 3411 in
3365 3350 3630 3411 internam
3663 3352 3704 3405 et

2230 3454 2575 3511 externam.
2607 3450 2915 3511 Externus
2932 3448 3136 3509 cultus
3167 3444 3529 3523 dicitur,qui
3551 3458 3638 3521 per
3657 3440 3707 3499 si·

2228 3562 2352 3624 gna
2405 3552 2687 3619 externa,
2743 3550 2804 3606 et
2849 3542 3162 3606 sensibilia
3209 3542 3310 3619 fit,
3356 3542 3522 3619 cujus
3562 3538 3704 3598 varias

2233 3644 2446 3720 partes
2465 3644 2756 3701 numerat
2777 3636 3060 3714 Aristot.,
3093 3642 3122 3699 1
3156 3636 3495 3727 Rhetoric„
3527 3631 3701 3710 capsi:

2232 3734 2529 3805 Honoris,
2579 3732 2800 3811 inquit,
2829 3737 3039 3814 partes
3067 3737 3237 3806 sunt,
3269 3746 3468 3804 saera,
3495 3740 3705 3788 memora·

2231 3828 2443 3901 tiones,
2458 3826 2892 3890 decantationes
2917 3842 3082 3888 carm
3089 3826 3284 3899 inum,
3304 3826 3408 3884 aut
3422 3819 3601 3883 soluta·
3617 3833 3704 3877 ora-

2231 3918 2420 3983 tionis
2457 3920 2539 3983 ad
2579 3918 2810 3982 laude-m
2849 3917 3151 3991 recitatio,
3177 3915 3456 4000 praemia,
3505 3909 3702 3977 delubra,

2229 4013 2324 4075 vel
2357 4010 2555 4091 primi
2593 4028 2922 4087 consessus,
2962 4010 3306 4091 sepulchra,
3336 4004 3615 4085 imaqines,
3631 4020 3706 4083 ps·

2230 4106 2372 4169 mici
2401 4105 2582 4177 ritus,
2608 4102 2812 4167 adhoee
2863 4105 3044 4167 etiam
3073 4102 3359 4178 barbara,
3381 4106 3444 4163 ut
3462 4094 3702 4167 inclinari,

2229 4200 2350 4261 Ioco
2397 4198 2612 4269 cedere,
2651 4214 2903 4260 munera
2945 4214 3200 4279 quoque,
3225 4202 3369 4271 ete„
3403 4211 3530 4275 qnae
3551 4187 3705 4251 omnia

2230 4292 2430 4353 solum
2461 4290 2862 4352 materialiter
2899 4290 3154 4353 differre
3207 4294 3482 4371 possunt,
3510 4287 3553 4347 si
3591 4285 3703 4363 ejus-

2231 4384 2376 4445 dem
2425 4383 2806 4445 excellentiae
2858 4384 3212 4445 testimonia
3275 4382 3542 4451 existant,
3572 4384 3621 4437 et
3649 4372 3702 4433 ad

2233 4494 2372 4538 eam
2396 4476 2874 4556 significandam
2915 4476 3293 4537 referantur.
3328 4470 3602 4536 Interioris
3625 4486 3700 4527 au·

2231 4576 2359 4632 tem
2381 4571 2582 4632 cultus
2615 4568 2979 4632 Aristoteles
3021 4588 3148 4631 non
3181 4566 3477 4639 meminit,
3501 4564 3618 4643 quia
3647 4560 3698 4619 de

2231 4664 2401 4725 cultu
2427 4665 2752 4727 ethonore
2803 4662 2908 4745 qui
2928 4662 3092 4725 inter
3113 4662 3399 4724 homiues
3423 4657 3692 4723 exhibetur,

2230 4774 2588 4821 sermonem
2611 4757 2801 4831 facit;
2843 4776 2972 4819 non
3003 4758 3171 4820 enim
3211 4760 3462 4836 possunt
3485 4750 3696 4811 homines
3794 4750 3795 4825 ζ

2228 4871 2297 4914 se
2331 4858 2545 4913 mutuo
2575 4852 2781 4915 colere
2815 4851 2934 4912 nisi
2954 4858 3209 4914 externo
3239 4849 3424 4922 cultu,
3455 4845 3576 4926 quia
3609 4858 3694 4903 non

2231 4947 2554 5009 intuentur
2583 4964 2711 5022 cor,
2731 4964 2850 5007 nec
2879 4950 3262 5027 cognoscunt
3283 4944 3538 5004 internos
3552 4942 3695 5007 actus

2231 5039 2349 5100 nisi
2380 5058 2493 5121 per
2524 5040 2832 5101 exteriora
2863 5039 3078 5119 sigua;
3128 5036 3296 5099 unde
3325 5052 3458 5097 cum
3485 5026 3694 5093 adoratio

2231 5133 2310 5194 sit
2329 5132 2621 5211 quaedam
2653 5130 2998 5194 testificatio
3026 5136 3087 5193 et
3106 5128 3438 5209 recognitio
3465 5120 3700 5187 excellen-

2230 5227 2330 5288 tiae
2360 5228 2536 5289 alteri
2560 5226 2980 5294 manifestata.
3017 5243 3142 5287 non
3171 5228 3372 5305 potest
3392 5220 3474 5295 ‚ab
3507 5213 3693 5279 homine

2231 5322 2514 5383 exhiberi
2571 5320 2835 5399 homini,
2869 5321 2989 5382 nisi
3037 5338 3152 5401 per
3195 5318 3510 5379 exteriores
3546 5315 3688 5371 actus.

2228 5416 2490 5478 Interior
2517 5415 2710 5496 igitur
2740 5414 2942 5477 cultus
2973 5414 3219 5493 dicitur,
3241 5411 3346 5493 qui
3369 5428 3472 5491 per
3505 5402 3690 5467 interio-

2229 5529 2328 5573 res
2361 5516 2534 5575 actus
2558 5510 2808 5584 mentis,
2839 5508 3072 5572 seilicet
3099 5506 3433 5572 intellectus
3456 5508 3508 5565 et
3529 5496 3686 5561 volun-
