3892 6167
1275 317 1595 374 msruur.
1629 318 1794 374 XLVI.
1828 317 1998 374 SECT.
2034 319 2072 372 1.

146 447 311 514 ynam.
332 431 385 490 et
422 421 767 489 sacedotes.
825 417 1080 498 Proprie
1128 425 1343 484 tamen
1396 420 1635 484 sacriti-

146 525 277 586 cium
300 526 385 583 est
410 516 633 580 oblatio
678 512 947 576 exterior
976 517 1039 574 et
1087 532 1287 584 sacra,
1338 531 1477 593 quae
1506 517 1637 576 Deo

146 616 376 688 offertur,
398 610 491 672 vel
518 615 815 687 tanquam
857 623 1191 684 supremus
1217 606 1475 687 qnidam
1510 606 1637 668 cul·

146 718 223 772 tus
251 709 361 768 Deo
398 703 639 767 debitus
687 699 755 764 in
800 699 1301 779 recognitionem
1358 699 1636 781 supremi

144 800 349 864 dominii
372 798 523 878 ejus,
549 795 648 857 vel
680 794 743 854 in
772 793 1117 872 gratiarnm
1165 794 1507 869 actionem,
1536 794 1634 854 vel

146 898 196 956 iu
212 890 661 954 satisfactionem
684 904 797 966 pro
820 885 1117 968 peccatis,
1153 905 1497 966 eorumque
1530 905 1635 948 ex-

144 985 729 1068 piationem30portet
774 984 985 1043 autem
1034 977 1200 1041 hanc
1250 979 1635 1042 oblationem

146 1098 251 1142 esse
280 1092 523 1150 sacram,
545 1074 631 1135 ita
655 1078 721 1134 ut
741 1071 905 1135 circa
935 1072 1107 1132 illam
1132 1070 1368 1152 aliquid
1388 1089 1633 1134 sacrum

146 1175 470 1242 exerceatur,
502 1185 616 1246 per
668 1165 945 1245 aliquam
1000 1162 1503 1228 immutationem
1545 1166 1634 1228 rei

146 1266 417 1340 oblattae,ut
436 1278 545 1342 per
569 1259 693 1320 hoc
719 1257 1093 1320 sacrificium
1118 1277 1157 1320 a
1176 1259 1437 1338 simplici
1464 1257 1637 1320 obla·

145 1361 271 1422 tione
297 1354 720 1434 distinguatur,
756 1356 825 1413 ut
873 1351 1137 1432 Gregor.
1166 1351 1403 1423 docuit,
1436 1355 1497 1413 et
1538 1369 1638 1414 rc·-

146 1455 299 1516 fertur
319 1450 380 1510 in
403 1465 542 1526 cap.
568 1445 771 1518 Multi,
803 1447 864 1519 1,
887 1463 949 1525 q.
984 1449 1051 1524 13
1081 1452 1142 1508 et
1167 1446 1355 1508 latius
1373 1447 1445 1508 D.
1478 1445 1635 1508 Tho-

144 1563 267 1620 ωας,
298 1542 355 1604 in
380 1545 437 1604 2.
462 1543 525 1614 2,
556 1557 621 1618 q.
646 1541 749 1614 85,
776 1557 836 1600 a.
865 1542 941 1612 33
975 1545 1041 1600 et
1058 1537 1245 1616 infra,
1276 1538 1339 1601 in
1372 1537 1635 1601 materia

145 1637 203 1702 de
224 1631 575 1706 Eucharistia
600 1632 793 1694 latius
829 1633 1174 1697 trademus,
1212 1631 1495 1696 Advertit
1524 1651 1637 1694 au-

144 1739 240 1794 tem
270 1725 431 1790 tertio
452 1727 521 1788 D.
554 1725 829 1791 Thomas
874 1727 937 1788 in
984 1725 1172 1790 citato
1200 1726 1365 1802 loco,
1414 1725 1637 1806 hujus-

146 1823 272 1888 modi
299 1819 655 1884 sacrificium
684 1819 1001 1882 interdum
1032 1839 1169 1884 esse
1218 1838 1403 1900 posse
1432 1819 1634 1900 priva-

145 1925 261 1991 tum,
304 1913 459 1995 quod
488 1913 925 1993 unusquisque
974 1932 1089 1976 sua
1136 1919 1359 1994 sponte
1410 1913 1633 1974 offerre

146 2017 323 2092 potest,
339 2007 667 2072 dummodo
706 2014 769 2069 et
788 2008 1055 2088 positiva
1078 2007 1220 2088 lege
1248 2003 1631 2088 prohibitum

146 2124 241 2166 non
271 2104 359 2176 sit,
394 2106 451 2176 et
476 2101 873 2174 convenienti
912 2099 1099 2162 modo
1136 2100 1269 2162 fiat.
1304 2099 1488 2162 Aliud
1527 2117 1635 2161 ve·

148 2219 198 2260 ro
229 2203 306 2258 est
338 2194 645 2276 publicum
695 2201 761 2256 et
814 2211 1149 2258 commune
1214 2194 1589 2256 sacrificium
1616 2239 1632 2268 ,

146 2291 342 2372 publica
370 2295 428 2352 et
464 2287 787 2352 communi
832 2287 975 2369 lege
1016 2287 1395 2362 institutum,
1435 2294 1505 2349 ut
1528 2306 1637 2348 no·

148 2385 276 2447 mine
308 2384 478 2444 totius
512 2381 733 2464 populi
782 2384 915 2443 Deo
959 2381 1279 2458 offeratur,
1304 2387 1366 2442 et
1398 2381 1519 2442 hoc
1544 2387 1639 2442 est

148 2476 505 2558 propriissime
556 2473 968 2548 sacrificium,
1026 2473 1199 2556 quod
1246 2492 1468 2537 omnes
1520 2475 1638 2536 hac

152 2589 266 2632 voce
308 2567 625 2648 significari
649 2567 1012 2650 intelligunt
1032 2583 1053 2646 ;
1084 2567 1375 2630 sacerdos
1426 2569 1637 2629 autem

152 2671 217 2725 est
239 2663 495 2744 proprius
525 2661 718 2744 hujus
742 2657 1032 2724 sacrificii
1058 2662 1364 2736 minister,
1397 2665 1461 2721 et
1494 2659 1635 2721 ideo

150 2757 209 2819 ad
230 2757 376 2820 illum
395 2755 536 2818 dicit
560 2755 881 2837 propriam
903 2755 1355 2816 habitudinem.
1390 2755 1465 2816 Et
1495 2753 1637 2816 ideo

149 2851 261 2912 dixit
281 2850 483 2914 Paulus
536 2849 931 2912 sacerdotem
972 2867 1107 2910 esse
1150 2847 1381 2909 debere
1422 2865 1638 2930 perso-

150 2964 259 3008 nam
293 2943 545 3024 aliquam
594 2963 673 3005 ex
717 2941 1078 3010 hominibus
1128 2947 1537 3024 assumptam,
1569 2945 1639 3002 ut

150 3041 236 3098 hoc
257 3037 499 3120 publico,
526 3044 589 3098 et
634 3035 956 3098 communi
1010 3033 1215 3098 officio
1238 3035 1404 3096 inter
1440 3035 1635 3096 Deum

150 3137 193 3193 ct
210 3131 455 3192 homines
481 3129 801 3212 fungatur.
824 3129 913 3190 Ex
935 3129 1165 3210 quibus
1182 3128 1471 3189 omnibus
1488 3146 1638 3188 con-

152 3227 365 3288 cluditur
384 3225 536 3306 ratio
562 3224 831 3298 intenta,
860 3243 1009 3286 nam
1035 3221 1317 3287 Christus
1338 3223 1635 3284 Dominus

150 3339 273 3380 uuus
291 3339 362 3381 ex
374 3318 725 3381 hominihus
740 3324 1099 3398 assumptus
1124 3324 1239 3390 est,
1264 3335 1375 3378 seu
1400 3317 1635 3378 electus

149 3419 189 3478 et
210 3415 531 3476 constitutus
576 3431 615 3474 a
676 3413 831 3484 Deo,
864 3429 979 3492 pro
1031 3411 1391 3488 hominibus,
1445 3411 1512 3474 in
1548 3409 1633 3472 iis

149 3525 245 3588 quac
264 3511 389 3570 sunt
409 3507 485 3570 ad
508 3507 703 3570 Deum
719 3529 744 3578 ;
763 3503 827 3566 id
848 3510 963 3578 est,
993 3503 1074 3567 ad
1100 3501 1633 3566 reconciliandum

148 3601 378 3662 homines
420 3617 563 3662 cum
589 3599 751 3674 Deo,
782 3605 843 3662 et
897 3597 1416 3660 sanctificandum
1473 3595 1630 3672 illos,

150 3695 364 3774 selpsum
400 3699 457 3756 et
504 3691 699 3754 vitam
741 3710 921 3754 suam
962 3710 1077 3772 pro
1126 3691 1249 3752 illis
1307 3691 1435 3752 Deo
1484 3689 1635 3750 offe-

150 3787 315 3858 rendo,
340 3791 601 3858 sanctam
626 3785 985 3848 oblationem
1027 3790 1083 3848 et
1114 3785 1375 3846 hostiam
1406 3783 1475 3844 in
1502 3783 1638 3844 odo-

149 3898 237 3940 rem
258 3881 577 3942 suavitatis.
610 3876 792 3942 Unde
822 3877 889 3940 in
916 3885 1099 3939 nocte
1127 3895 1319 3938 coenoe
1359 3875 1635 3956 seipsum

150 3973 321 4036 obtulit
347 3975 463 4036 Deo
488 3973 678 4046 Patri,
706 3971 1115 4035 Eucharistiae
1150 3970 1525 4034 sacrificium
1556 3971 1637 4030 si-

147 4066 245 4124 mul
282 4073 335 4126 et
374 4067 659 4143 offerenS,
699 4072 761 4128 et
788 4065 1145 4141 instituens,
1176 4071 1248 4126 ut
1290 4062 1637 4126 Concilium

148 4156 509 4244 'tridentinum
538 4177 727 4240 supra
752 4158 986 4232 docuit,
1015 4157 1295 4238 illudque
1322 4163 1390 4218 ut
1419 4175 1640 4235 supre-

150 4269 252 4310 mus
280 4253 535 4318 Pontifex
558 4259 619 4316 et
646 4252 942 4316 sacerdos
972 4252 1249 4334 quotidie
1279 4253 1343 4312 in
1364 4249 1636 4312 Ecclesia

152 4345 287 4408 offert
307 4349 660 4426 sacerdotum
698 4347 1063 4422 ministeriO,
1112 4351 1182 4406 ut
1221 4343 1390 4406 idem
1420 4344 1636 4406 Conci·

151 4438 281 4514 lium,
310 4461 358 4502 c.
388 4447 444 4514 2,
475 4441 619 4504 dicit
670 4459 813 4503 cnm
851 4440 1229 4522 Augustino,
1274 4437 1384 4498 lib.
1437 4440 1513 4500 10
1557 4435 1636 4498 de

152 4529 301 4608 civit„
330 4556 378 4598 c.
408 4540 516 4612 203
552 4544 607 4600 et
640 4534 914 4617 Cypria„
935 4534 1097 4596 libro
1122 4533 1351 4613 primo,
1374 4532 1637 4612 epistola

150 4627 433 4706 331renae.,
454 4629 494 4691 l.
516 4635 554 4692 4
578 4636 795 4694 contra
818 4631 1067 4702 haereS„
1088 4647 1141 4690 c.
1171 4629 1273 4700 32,
1291 4630 1353 4688 et
1373 4645 1637 4706 sequen-

154 4718 291 4782 tibus.
332 4723 595 4804 Denique
624 4725 689 4784 in
717 4742 827 4784 ara
866 4721 1070 4784 crucis
1108 4721 1384 4802 seipsum
1416 4719 1638 4781 obtulit

153 4808 199 4868 in
230 4814 561 4878 sacrificium
608 4835 721 4896 pro
769 4815 1049 4877 humano
1095 4831 1360 4894 genere,
1398 4818 1466 4873 ut
1507 4818 1637 4873 tota

154 4906 359 4984 epistola
376 4909 452 4969 ad
468 4910 657 4972 Hebr.
686 4908 913 4971 Paulus
933 4913 1177 4979 tractat,
1203 4912 1263 4968 et
1283 4904 1455 4967 idem
1479 4902 1635 4967 Con·

153 4998 317 5060 cilium
338 5001 753 5066 Tridentinum
784 5019 970 5084 supra
1002 4999 1187 5062 docet
1220 5045 1235 5075 ‚
1282 5003 1343 5060 et
1370 4997 1443 5059 D.
1472 4997 1637 5059 Tho-

154 5108 255 5152 mas
270 5093 381 5170 hic,
404 5102 460 5174 et
478 5095 659 5168 infra,
691 5112 753 5175 q.
786 5095 888 5172 48,
921 5101 1038 5157 art.
1064 5093 1101 5156 3
1118 5115 1137 5170 ;
1168 5097 1230 5154 et
1254 5092 1487 5172 optime
1514 5093 1637 5152 Au-

156 5193 301 5262 gust„
334 5185 430 5250 lib.
461 5190 500 5250 4
528 5188 606 5251 de
632 5186 883 5264 Trinit.,
929 5205 984 5248 c.
1023 5187 1124 5262 14,
1163 5191 1224 5247 et
1257 5183 1367 5246 lib.
1401 5185 1431 5246 1
1468 5187 1633 5245 cont.

160 5278 425 5344 Adversar.
459 5283 601 5365 Leg.
641 5289 703 5346 et
742 5283 1061 5366 prophet„
1102 5300 1158 5342 c.
1197 5282 1309 5356 183
1363 5283 1425 5339 et
1464 5277 1528 5338 in
1572 5276 1641 5339 id

160 5373 338 5437 Psalm.
362 5377 435 5439 98
464 5397 477 5436 :
509 5377 747 5458 Moyses
777 5381 833 5439 et
874 5373 1089 5438 Aaron
1128 5373 1195 5436 in
1233 5369 1655 5448 sacerdotibus,

164 5467 259 5543 ejus
274 5491 292 5538 ;
319 5475 375 5531 et
394 5469 533 5531 inid
557 5469 783 5532 Psalm.
816 5467 928 5530 64:
961 5465 1393 5552 Impietatibus
1414 5461 1640 5528 uostris

412 5591 582 5638 xvut.

1722 424 1789 484 tu
1814 420 2266 502 propitiaberis,
2303 425 2394 496 tu,
2420 420 2648 498 inquit,
2679 423 2976 498 recordor,
3009 427 3079 486 tu
3105 426 3285 490 victi-

1719 532 1841 588 ma,
1879 520 1950 578 tu
1980 515 2232 588 oblator,
2268 521 2338 577 tu
2364 513 2602 576 oblatio.
2763 571 2768 578 .

1798 610 1859 669 2.
1906 608 2196 670 Dubium.
2223 642 2303 652 —-
2325 606 2680 687 Responsio.
2711 641 2794 656 —
2821 607 2945 674 Sed
2967 611 3134 674 circa
3163 613 3286 676 hoc

1719 701 2010 762 ultimum
2041 700 2289 782 rogabit
2334 701 2560 781 aliquis
2587 746 2604 773 ,
2645 702 2964 782 quomodo
3005 701 3284 770 Christus

1720 793 2162 858 sacrificaverit
2199 794 2478 874 seipsum
2509 801 2812 875 tanquam
2848 815 3036 859 verus
3077 817 3284 866 sacer·

1718 886 1857 964 doe,
1889 907 2034 949 cum
2065 906 2274 968 neque
2301 907 2369 950 se
2399 889 2608 969 ipsum
2635 889 3041 966 interfecerit,
3070 911 3282 972 neque

1718 981 1958 1060 aliquid
1981 999 2230 1044 sacrum
2258 982 2423 1048 circa
2448 999 2517 1044 se
2543 983 2608 1044 in
2627 1002 2738 1046 ara
2763 985 2962 1046 crucis
2988 1004 3284 1052 exercue-

1716 1075 1815 1136 rit.
1864 1075 2302 1154 Respondetur
2329 1120 2350 1150 ,
2394 1095 2542 1141 vere
2585 1082 2650 1138 et
2687 1078 2937 1158 proprie
2973 1077 3282 1143 Christum

1717 1165 2096 1230 sacrificasse
2154 1169 2432 1248 seipsum
2483 1169 2548 1232 in
2603 1189 2787 1242 cruce
2809 1215 2832 1246 ,
2893 1171 3054 1232 sicut
3107 1173 3279 1252 ipse,

1716 1263 1899 1324 Joan.
1931 1265 2030 1340 17,
2063 1268 2325 1326 testatus
2352 1269 2448 1326 est
2499 1281 2512 1323 ε
2561 1265 2690 1328 Pro
2721 1261 2807 1328 eis
2836 1282 2939 1344 090
2965 1268 3282 1345 sanctifico

1718 1355 2034 1435 meipsum,
2067 1355 2131 1416 id
2161 1361 2279 1431 est,
2309 1355 2374 1416 in
2404 1355 2772 1418 sacrificium
2804 1363 2867 1419 et
2895 1356 3164 1422 hostiam
3196 1361 3286 1422 of-

1717 1447 1893 1522 fero,
1936 1453 2005 1509 ut
2045 1447 2262 1528 Cyril„
2303 1450 2648 1529 chrysost„
2697 1453 2982 1530 Rupert.,
3023 1454 3085 1514 S.
3123 1453 3285 1514 Tho-

1720 1557 1879 1612 mas,
1910 1546 1974 1602 et
2001 1559 2221 1602 omnes
2251 1547 2610 1619 exponunt;
2651 1561 2781 1604 non
2809 1548 2906 1604 est
2932 1549 3144 1604 autem
3173 1563 3284 1607 ne-

1718 1649 1893 1694 cesse
1913 1632 2116 1710 ipsam
2145 1634 2360 1694 hostiae
2391 1635 2858 1712 mactationem,
2891 1643 2954 1698 et
2977 1636 3286 1718 quidquid

1717 1725 1878 1786 circa
1924 1725 2228 1806 illam‘fit,
2267 1727 2517 1807 propria
2547 1728 2804 1808 physica
2839 1729 3084 1790 actione
3113 1749 3152 1790 a
3185 1748 3284 1791 sa-

1716 1815 1970 1879 cerdote
2007 1818 2179 1896 fieri3
2223 1818 2334 1881 sed
2375 1821 2524 1882 satis
2557 1827 2648 1884 est
2689 1821 2862 1901 quod
2902 1819 3028 1895 sub,
3063 1823 3286 1884 morali

1716 1911 1927 1992 aliqua
1985 1911 2485 1976 consideratione
2535 1934 2572 1998 a
2624 1915 2950 1978 sacerdote
3003 1935 3286 1978 assuma-

1717 2012 1839 2080 tur,
1864 2008 2008 2068 etin
2027 2009 2399 2071 sacrificium
2429 2011 2748 2072 offeratur.
2778 2011 2877 2074 Sic
2904 2011 3094 2092 igitur
3113 2011 3285 2087 Chri-

1715 2107 1867 2176 stus,
1908 2100 2052 2162 licet
2089 2117 2214 2162 uon
2257 2121 2396 2164 sese
2439 2103 2759 2178 occiderit,
2800 2105 3148 2167 voluntarie
3194 2111 3288 2166 ta-

1716 2212 1865 2258 men
1893 2205 2162 2258 mortem
2195 2196 2492 2276 suscepit,
2530 2204 2593 2259 et
2620 2199 2792 2259 illam
2817 2199 2881 2259 in
2911 2199 3286 2280 sacrificium

1718 2289 1845 2351 Deo
1876 2287 2140 2366 obtulit,
2174 2307 2300 2370 quo
2332 2296 2393 2353 et
2415 2310 2528 2370 pro
2560 2291 2830 2370 peccatis
2857 2292 3086 2354 nostris
3110 2292 3288 2356 satis-

1717 2383 1990 2460 faceret,
2032 2389 2094 2445 et
2125 2384 2440 2445 internum
2471 2383 2764 2446 affectum
2793 2405 2978 2446 suum
3007 2385 3287 2447 devotio-

1718 2477 1817 2536 nis
1859 2483 1921 2536 et
1957 2478 2320 2541 reverentiae
2357 2478 2437 2538 ad
2477 2478 2674 2540 Deum
2721 2479 3180 2552 manifestaret,
3221 2485 3286 2542 et

1720 2570 1803 2630 ita
1834 2570 2125 2632 utebatur
2147 2570 2310 2632 bene
2340 2569 2576 2633 malitia
2603 2565 3021 2634 occidentium
3051 2573 3282 2652 ipsum,

1720 2668 1780 2724 et
1810 2680 1998 2740 quem
2029 2662 2118 2726 illi
2141 2664 2356 2742 inique
2383 2665 2844 2730 interficiebant
2863 2709 2879 2740 ,
2909 2666 3040 2744 ipse
3070 2666 3175 2746 pie
3207 2683 3284 2728 ac

1719 2755 2013 2836 religiose
2039 2757 2431 2819 immolabat.

1744 2847 1753 2854 '
1802 2849 1859 2910 3.
1908 2849 2191 2929 Objectio.
2219 2851 2671 2932 —Responsim
2693 2885 2774 2899 —
2795 2854 3165 2936 Differ-entia
3186 2853 3283 2918 in·

1719 2951 1812 3008 ter
1839 2943 2188 3008 oblationem
2216 2947 2432 3009 mortis
2461 2945 2696 3012 Christi
2721 2952 2778 3010 et
2806 2955 3172 3030 martyrum.
3200 2981 3282 2996 -

1716 3037 1933 3100 Dices:
1969 3056 2118 3117 ergo
2145 3057 2363 3100 omnes
2394 3047 2701 3120 martyres
2729 3041 2848 3104 dici
2881 3050 3150 3121 possunt
3178 3062 3284 3104 sa—

1718 3131 2026 3201 cerdotes,
2063 3137 2125 3192 et
2152 3131 2388 3210 seipsos
2423 3133 2488 3206 in
2519 3133 2888 3196 sacrificium
2918 3135 3276 3203 offerentes,

1718 3225 1983 3298 Quidam
2035 3225 2418 3304 respondent
2449 3275 2461 3296 ‚
2519 3226 2832 3290 Christum
2893 3247 3021 3290 non
3075 3229 3282 3293 solum

1714 3317 2072 3399 permisisse
2124 3323 2188 3379 et
2238 3319 2535 3382 obtulisse
2585 3325 2856 3384 mortem
2904 3340 3109 3397 suam,
3163 3321 3278 3384 sed

1716 3412 1905 3472 etiam
1947 3407 2147 3473 active
2187 3411 2385 3475 fuisse
2428 3429 2684 3473 causam
2718 3413 2910 3499 illius,
2941 3414 3015 3484 ‚ei
3056 3432 3280 3494 coope-

1714 3505 1914 3566 rando
1961 3522 2074 3583 per
2119 3505 2394 3565 animam
2440 3523 2619 3566 suam
2673 3509 2741 3567 ut
2783 3506 3278 3568 instrumentum

1718 3599 1925 3658 Verbi.
1956 3593 2078 3660 Sed
2101 3597 2220 3658 hoc
2241 3616 2384 3658 cum
2411 3616 2609 3678 grano
2634 3599 2781 3662 salis
2805 3600 3279 3678 suscipiendum

1719 3697 1851 3765 est,
1898 3695 1992 3752 est
2033 3687 2200 3756 enim
2247 3690 2306 3750 in
2347 3689 2554 3767 rigore
2599 3689 2863 3768 falsum;
2903 3691 3074 3752 nullo
3107 3692 3278 3754 enim

1718 3782 1907 3846 modo
1928 3781 2049 3844 dici
2071 3788 2298 3862 potest,
2317 3783 2628 3844 Christum
2651 3783 2930 3864 seipsum
2953 3784 3274 3855 occidisse;

1721 3875 2052 3939 occidisset
2100 3880 2337 3948 autem,
2384 3875 2435 3936 si
2487 3877 2686 3940 active
2739 3877 3157 3939 concurrisset
3199 3875 3282 3938 ad

1718 3975 1987 4031 mortem
2017 3987 2218 4030 suam.
2273 3969 2504 4030 Sensus
2538 3987 2690 4050 ergo
2721 3987 2907 4030 verus
2937 3976 3064 4047 est,
3093 3988 3282 4050 quem

1719 4063 2070 4142 Cajetanus‚
2116 4061 2438 4142 jentaculo
2498 4063 2680 4124 tertio
2729 4062 3044 4136 indicavit,
3074 4063 3282 4134 ⁶aliter
3308 4052 3324 4070 ‘

1720 4163 1984 4220 mortem
2035 4157 2224 4216 fuisse
2283 4156 2698 4218 voluntariam
2747 4155 3126 4236 martyribus
3151 4201 3166 4230 ,
3219 4159 3282 4216 et

1720 4249 1901 4312 aliter
1925 4249 2166 4312 Christo
2197 4268 2214 4320 ;
2249 4249 2369 4310 illis
2395 4250 2598 4311 solum
2626 4267 2742 4329 per
2771 4247 3280 4328 modumaccep·

1720 4341 1992 4416 tationis,
2021 4343 2263 4404 Christo
2287 4343 2473 4404 etiam
2500 4360 2614 4426 per
2633 4344 2892 4403 modum
2918 4341 3278 4417 oblationis,

1720 4437 1866 4516 quia
1894 4435 1980 4498 illi
2010 4455 2128 4496 nec
2159 4440 2445 4516 poterant
2479 4443 2780 4518 tyrannos
2821 4433 3124 4516 impedire
3146 4482 3165 4513 ,
3198 4454 3281 4497 ne

1718 4529 2045 4590 tormentis
2089 4546 2195 4590 eos
2240 4528 2605 4601 afficerent,
2654 4533 2860 4608 neque
2899 4533 3187 4610 poterant
3217 4527 3283 4588 iu

1718 4623 1871 4702 ipsis
1919 4622 2246 4684 tormentis
2286 4621 2475 4683 vitam
2519 4638 2701 4684 suam
2733 4621 2892 4683 tueri
2938 4626 2999 4682 et
3030 4637 3282 4682 conser-

1717 4733 1865 4777 vare
1889 4734 1904 4786 ;
1942 4715 2218 4777 Christus
2243 4721 2455 4776 autem
2479 4719 2818 4794 utrumqne
2843 4713 3065 4775 habuit
3089 4713 3152 4774 in
3173 4731 3280 4774 vo-

1717 4809 1955 4870 luntate
1983 4829 2094 4869 sua
2122 4815 2184 4869 et
2209 4814 2554 4887 potestate,
2599 4807 2802 4888 potuit
2828 4807 2996 4868 enim
3019 4806 3276 4884 Judaeo-

1718 4919 1858 4962 rum
1880 4901 2042 4964 vires
2069 4901 2438 4982 infringere,
2467 4905 2535 4962 ut
2566 4899 2714 4962 satis
2740 4901 2925 4962 Joan.
2948 4901 3046 4971 18,
3071 4905 3282 4962 osten·-

1718 4994 1839 5068 djt,
1887 5011 2028 5056 cum
2070 4995 2151 5056 ad
2177 4995 2440 5056 verbum
2469 4996 2605 5074 ejus
2634 5011 2854 5054 omnes
2882 4993 3159 5056 abierunt
3188 5011 3282 5055 re-

1719 5094 1985 5151 trorsum
2014 5133 2029 5160 ‚
2085 5091 2140 5151 et
2195 5087 2528 5151 ceciderunt
2584 5086 2652 5148 in
2710 5090 2958 5149 terram.
3028 5085 3281 5149 Poterat

1719 5181 1904 5256 etiam
1931 5165 2164 5254 fa'cere,
2202 5184 2272 5241 ut
2301 5179 2786 5241 instrumentum
2801 5177 3014 5251 Verbi,
3041 5198 3121 5242 ne
3153 5177 3283 5239 ulla

1718 5275 2026 5354 passionis
2075 5275 2486 5336 instrumenta
2537 5279 2788 5351 possent
2829 5289 3057 5356 corpus
3096 5289 3282 5333 suum

1718 5367 1971 5431 loedere.
2011 5371 2094 5429 Ac
2121 5367 2395 5447 denique
2426 5372 2668 5446 poterat
2699 5365 2891 5428 vitam
2919 5382 3100 5426 suam
3135 5365 3284 5426 reti-

1720 5481 1873 5526 nere
1902 5470 1966 5526 et
1993 5453 2391 5539 conservare,
2420 5467 2486 5523 ut
2513 5479 2725 5540 supra,
2759 5459 2988 5539 disput.
3026 5461 3124 5536 32,
3156 5459 3283 5522 late

2883 5568 2963 5630 29
