<?xml version="1.0" encoding="UTF-8"?>
<!DOCTYPE html PUBLIC "-//W3C//DTD XHTML 1.0 Transitional//EN"
    "http://www.w3.org/TR/xhtml1/DTD/xhtml1-transitional.dtd">
<html xmlns="http://www.w3.org/1999/xhtml" xml:lang="en" lang="en">
 <head>
  <title>
</title>
<meta http-equiv="Content-Type" content="text/html;charset=utf-8" />
  <meta name='ocr-system' content='tesseract 3.04.00' />
  <meta name='ocr-capabilities' content='ocr_page ocr_carea ocr_par ocr_line ocrx_word'/>
</head>
<body>
  <div class='ocr_page' id='page_1' title='image "./rpfranciscisuar00unkngoog_0707.png"; bbox 0 0 3892 6167; ppageno 0'>
   <div class='ocr_carea' id='block_1_1' title="bbox 1480 276 1930 361">
    <p class='ocr_par' dir='ltr' id='par_1_1' title="bbox 1480 276 1930 361">
     <span class='ocr_line' id='line_1_1' title="bbox 1480 276 1930 361; baseline -0.009 0"><span class='ocrx_word' id='word_1_1' title='bbox 1480 304 1671 361; x_wconf 66' lang='lat' dir='ltr'><strong>tucax</strong></span> <span class='ocrx_word' id='word_1_2' title='bbox 1702 276 1930 359; x_wconf 57' lang='lat' dir='ltr'><strong>incauti.</strong></span> 
     </span>
    </p>
   </div>
   <div class='ocr_carea' id='block_1_2' title="bbox 120 398 1698 3586">
    <p class='ocr_par' dir='ltr' id='par_1_2' title="bbox 128 398 1555 468">
     <span class='ocr_line' id='line_1_2' title="bbox 128 398 1555 468; baseline -0.004 -9"><span class='ocrx_word' id='word_1_3' title='bbox 128 402 355 459; x_wconf 81' lang='lat' dir='ltr'><strong>cnr-istus</strong></span> <span class='ocrx_word' id='word_1_4' title='bbox 374 410 487 455; x_wconf 85' lang='lat' dir='ltr'><strong>non</strong></span> <span class='ocrx_word' id='word_1_5' title='bbox 506 404 681 468; x_wconf 79' lang='lat' dir='ltr'><strong>potest</strong></span> <span class='ocrx_word' id='word_1_6' title='bbox 704 398 815 457; x_wconf 80' lang='lat' dir='ltr'><strong>diet</strong></span> <span class='ocrx_word' id='word_1_7' title='bbox 844 400 987 455; x_wconf 82' lang='lat' dir='ltr'><strong>altus</strong></span> <span class='ocrx_word' id='word_1_8' title='bbox 1004 407 1059 454; x_wconf 93' lang='lat' dir='ltr'><strong>et</strong></span> <span class='ocrx_word' id='word_1_9' title='bbox 1076 399 1239 463; x_wconf 82' lang='lat' dir='ltr'><strong>attus,</strong></span> <span class='ocrx_word' id='word_1_10' title='bbox 1256 400 1311 455; x_wconf 86' lang='lat' dir='ltr'><strong>d.</strong></span> <span class='ocrx_word' id='word_1_11' title='bbox 1336 404 1417 459; x_wconf 67' lang='grc' dir='ltr'><strong>ευ.</strong></span> <span class='ocrx_word' id='word_1_12' title='bbox 1440 412 1483 454; x_wconf 81' lang='lat' dir='ltr'><strong>s.</strong></span> <span class='ocrx_word' id='word_1_13' title='bbox 1508 406 1555 453; x_wconf 78' lang='lat'><strong>⁴.</strong></span> 
     </span>
    </p>

    <p class='ocr_par' dir='ltr' id='par_1_3' title="bbox 128 476 1669 619">
     <span class='ocr_line' id='line_1_3' title="bbox 128 476 1669 543; baseline -0.002 -11"><span class='ocrx_word' id='word_1_14' title='bbox 128 482 183 533; x_wconf 87' lang='lat' dir='ltr'><strong>ln</strong></span> <span class='ocrx_word' id='word_1_15' title='bbox 204 479 422 542; x_wconf 85' lang='lat' dir='ltr'><strong>christo,</strong></span> <span class='ocrx_word' id='word_1_16' title='bbox 446 478 572 530; x_wconf 88' lang='lat' dir='ltr'><strong>licet</strong></span> <span class='ocrx_word' id='word_1_17' title='bbox 593 477 667 531; x_wconf 89' lang='lat' dir='ltr'><strong>sit</strong></span> <span class='ocrx_word' id='word_1_18' title='bbox 682 476 835 531; x_wconf 88' lang='lat' dir='ltr'><strong>aliud</strong></span> <span class='ocrx_word' id='word_1_19' title='bbox 872 481 927 529; x_wconf 85' lang='lat' dir='ltr'><strong>et</strong></span> <span class='ocrx_word' id='word_1_20' title='bbox 950 476 1121 540; x_wconf 88' lang='lat' dir='ltr'><strong>aliud,</strong></span> <span class='ocrx_word' id='word_1_21' title='bbox 1158 477 1455 543; x_wconf 84' lang='lat' dir='ltr'><strong>propositio</strong></span> <span class='ocrx_word' id='word_1_22' title='bbox 1488 482 1669 529; x_wconf 89' lang='lat' dir='ltr'><strong>tamen</strong></span> 
     </span>
     <span class='ocr_line' id='line_1_4' title="bbox 184 551 1419 619; baseline -0.002 -13"><span class='ocrx_word' id='word_1_23' title='bbox 184 554 409 606; x_wconf 71' lang='lat' dir='ltr'><strong>chr-istm</strong></span> <span class='ocrx_word' id='word_1_24' title='bbox 426 556 503 605; x_wconf 73' lang='lat' dir='ltr'><strong>est</strong></span> <span class='ocrx_word' id='word_1_25' title='bbox 522 551 670 605; x_wconf 75' lang='lat' dir='ltr'><strong>eliud</strong></span> <span class='ocrx_word' id='word_1_26' title='bbox 690 558 739 604; x_wconf 76' lang='lat' dir='ltr'><strong>ot</strong></span> <span class='ocrx_word' id='word_1_27' title='bbox 758 552 925 613; x_wconf 75' lang='lat' dir='ltr'><strong>atiud,</strong></span> <span class='ocrx_word' id='word_1_28' title='bbox 948 552 1199 619; x_wconf 81' lang='lat' dir='ltr'><strong>neganda</strong></span> <span class='ocrx_word' id='word_1_29' title='bbox 1220 558 1317 610; x_wconf 85' lang='lat' dir='ltr'><strong>est,</strong></span> <span class='ocrx_word' id='word_1_30' title='bbox 1344 552 1419 605; x_wconf 85' lang='lat' dir='ltr'><strong>ib.</strong></span> 
     </span>
    </p>

    <p class='ocr_par' dir='ltr' id='par_1_4' title="bbox 130 626 1673 841">
     <span class='ocr_line' id='line_1_5' title="bbox 130 626 1673 695; baseline -0.001 -14"><span class='ocrx_word' id='word_1_31' title='bbox 130 630 349 681; x_wconf 74' lang='lat' dir='ltr'><strong>Christus</strong></span> <span class='ocrx_word' id='word_1_32' title='bbox 369 633 444 679; x_wconf 77' lang='lat' dir='ltr'><strong>est</strong></span> <span class='ocrx_word' id='word_1_33' title='bbox 471 632 605 679; x_wconf 73' lang='lat' dir='ltr'><strong>totus</strong></span> <span class='ocrx_word' id='word_1_34' title='bbox 632 628 801 688; x_wconf 76' lang='lat' dir='ltr'><strong>homo,</strong></span> <span class='ocrx_word' id='word_1_35' title='bbox 831 633 881 679; x_wconf 78' lang='lat' dir='ltr'><strong>ct</strong></span> <span class='ocrx_word' id='word_1_36' title='bbox 906 628 1059 679; x_wconf 73' lang='lat' dir='ltr'><strong>Totus</strong></span> <span class='ocrx_word' id='word_1_37' title='bbox 1088 629 1239 689; x_wconf 68' lang='lat' dir='ltr'><strong>Deua,</strong></span> <span class='ocrx_word' id='word_1_38' title='bbox 1271 626 1673 695; x_wconf 84' lang='lat' dir='ltr'><strong>propositiones</strong></span> 
     </span>
     <span class='ocr_line' id='line_1_6' title="bbox 182 702 1671 766; baseline 0 -11"><span class='ocrx_word' id='word_1_39' title='bbox 182 716 317 757; x_wconf 76' lang='lat' dir='ltr'><strong>rerae</strong></span> <span class='ocrx_word' id='word_1_40' title='bbox 340 708 487 766; x_wconf 87' lang='lat' dir='ltr'><strong>sunt,</strong></span> <span class='ocrx_word' id='word_1_41' title='bbox 512 704 665 757; x_wconf 72' lang='grc' dir='ltr'>Τοιω</span> <span class='ocrx_word' id='word_1_42' title='bbox 688 702 927 757; x_wconf 71' lang='lat' dir='ltr'><strong>Christus</strong></span> <span class='ocrx_word' id='word_1_43' title='bbox 955 707 1033 755; x_wconf 76' lang='lat' dir='ltr'><strong>ost</strong></span> <span class='ocrx_word' id='word_1_44' title='bbox 1050 703 1219 765; x_wconf 69' lang='lat' dir='ltr'><strong>homo,</strong></span> <span class='ocrx_word' id='word_1_45' title='bbox 1246 708 1301 755; x_wconf 87' lang='lat' dir='ltr'><strong>et</strong></span> <span class='ocrx_word' id='word_1_46' title='bbox 1334 705 1489 756; x_wconf 70' lang='lat' dir='ltr'><strong>Totus</strong></span> <span class='ocrx_word' id='word_1_47' title='bbox 1512 703 1671 755; x_wconf 71' lang='lat' dir='ltr'><strong>chri-</strong></span> 
     </span>
     <span class='ocr_line' id='line_1_7' title="bbox 182 778 987 841; baseline -0.004 -8"><span class='ocrx_word' id='word_1_48' title='bbox 182 784 287 833; x_wconf 72' lang='lat' dir='ltr'><strong>stus</strong></span> <span class='ocrx_word' id='word_1_49' title='bbox 316 783 389 830; x_wconf 79' lang='lat' dir='ltr'><strong>est</strong></span> <span class='ocrx_word' id='word_1_50' title='bbox 408 780 561 841; x_wconf 69' lang='lat' dir='ltr'><strong>nem.</strong></span> <span class='ocrx_word' id='word_1_51' title='bbox 587 790 699 832; x_wconf 89' lang='lat' dir='ltr'><strong>non</strong></span> <span class='ocrx_word' id='word_1_52' title='bbox 730 778 878 840; x_wconf 86' lang='lat' dir='ltr'><strong>item,</strong></span> <span class='ocrx_word' id='word_1_53' title='bbox 912 778 987 831; x_wconf 88' lang='lat' dir='ltr'><strong>ib.</strong></span> 
     </span>
    </p>

    <p class='ocr_par' dir='ltr' id='par_1_5' title="bbox 128 854 1667 1063">
     <span class='ocr_line' id='line_1_8' title="bbox 128 854 1667 922; baseline -0.001 -13"><span class='ocrx_word' id='word_1_54' title='bbox 128 858 258 909; x_wconf 87' lang='lat' dir='ltr'><strong>luter</strong></span> <span class='ocrx_word' id='word_1_55' title='bbox 278 854 545 908; x_wconf 82' lang='lat' dir='ltr'>Christum</span> <span class='ocrx_word' id='word_1_56' title='bbox 572 860 626 908; x_wconf 89' lang='lat' dir='ltr'><strong>et</strong></span> <span class='ocrx_word' id='word_1_57' title='bbox 640 854 987 909; x_wconf 82' lang='lat' dir='ltr'><strong>confirmatos</strong></span> <span class='ocrx_word' id='word_1_58' title='bbox 1008 854 1067 907; x_wconf 90' lang='lat' dir='ltr'><strong>in</strong></span> <span class='ocrx_word' id='word_1_59' title='bbox 1090 855 1283 921; x_wconf 81' lang='lat' dir='ltr'><strong>gratia,</strong></span> <span class='ocrx_word' id='word_1_60' title='bbox 1310 868 1432 922; x_wconf 80' lang='lat' dir='ltr'><strong>quae</strong></span> <span class='ocrx_word' id='word_1_61' title='bbox 1458 854 1531 909; x_wconf 87' lang='lat' dir='ltr'><strong>sit</strong></span> <span class='ocrx_word' id='word_1_62' title='bbox 1556 855 1667 909; x_wconf 83' lang='lat' dir='ltr'><strong>dif-</strong></span> 
     </span>
     <span class='ocr_line' id='line_1_9' title="bbox 184 930 1667 998; baseline 0 -16"><span class='ocrx_word' id='word_1_63' title='bbox 184 930 405 984; x_wconf 87' lang='lat' dir='ltr'><strong>serentia</strong></span> <span class='ocrx_word' id='word_1_64' title='bbox 450 931 511 983; x_wconf 86' lang='lat' dir='ltr'><strong>in</strong></span> <span class='ocrx_word' id='word_1_65' title='bbox 560 930 755 984; x_wconf 88' lang='lat' dir='ltr'><strong>ordine</strong></span> <span class='ocrx_word' id='word_1_66' title='bbox 798 931 869 983; x_wconf 88' lang='lat' dir='ltr'><strong>ad</strong></span> <span class='ocrx_word' id='word_1_67' title='bbox 906 930 1411 998; x_wconf 75' lang='lat' dir='ltr'><strong>impeccabilitmem</strong></span> <span class='ocrx_word' id='word_1_68' title='bbox 1433 974 1445 995; x_wconf 96' lang='lat'><strong>,</strong></span> <span class='ocrx_word' id='word_1_69' title='bbox 1487 932 1543 985; x_wconf 91' lang='lat' dir='ltr'><strong>d.</strong></span> <span class='ocrx_word' id='word_1_70' title='bbox 1588 936 1667 996; x_wconf 79' lang='grc'><strong>37,</strong></span> 
     </span>
     <span class='ocr_line' id='line_1_10' title="bbox 182 1012 961 1063; baseline 0.004 -3"><span class='ocrx_word' id='word_1_71' title='bbox 182 1022 221 1060; x_wconf 82' lang='lat' dir='ltr'><strong>s,</strong></span> <span class='ocrx_word' id='word_1_72' title='bbox 247 1012 293 1058; x_wconf 79' lang='grc'><strong>3.</strong></span> <span class='ocrx_word' id='word_1_73' title='bbox 952 1054 961 1063; x_wconf 93' lang='grc'><strong>.</strong></span> 
     </span>
    </p>

    <p class='ocr_par' dir='ltr' id='par_1_6' title="bbox 125 1081 1671 1225">
     <span class='ocr_line' id='line_1_11' title="bbox 125 1081 1671 1152; baseline 0.001 -17"><span class='ocrx_word' id='word_1_74' title='bbox 125 1083 349 1136; x_wconf 89' lang='lat' dir='ltr'><strong>christus</strong></span> <span class='ocrx_word' id='word_1_75' title='bbox 366 1082 540 1137; x_wconf 85' lang='lat' dir='ltr'><strong>voluit</strong></span> <span class='ocrx_word' id='word_1_76' title='bbox 556 1081 842 1137; x_wconf 82' lang='lat' dir='ltr'><strong>efficaciter</strong></span> <span class='ocrx_word' id='word_1_77' title='bbox 856 1083 1127 1152; x_wconf 85' lang='lat' dir='ltr'><strong>quidquid</strong></span> <span class='ocrx_word' id='word_1_78' title='bbox 1140 1085 1281 1137; x_wconf 80' lang='lat' dir='ltr'><strong>Deus</strong></span> <span class='ocrx_word' id='word_1_79' title='bbox 1296 1083 1471 1137; x_wconf 88' lang='lat' dir='ltr'><strong>voluit</strong></span> <span class='ocrx_word' id='word_1_80' title='bbox 1494 1084 1671 1151; x_wconf 86' lang='lat' dir='ltr'><strong>ipsum</strong></span> 
     </span>
     <span class='ocr_line' id='line_1_12' title="bbox 178 1158 1318 1225; baseline 0.001 -16"><span class='ocrx_word' id='word_1_81' title='bbox 178 1158 327 1221; x_wconf 83' lang='lat' dir='ltr'><strong>velle,</strong></span> <span class='ocrx_word' id='word_1_82' title='bbox 356 1163 411 1210; x_wconf 90' lang='lat' dir='ltr'><strong>et</strong></span> <span class='ocrx_word' id='word_1_83' title='bbox 430 1164 595 1225; x_wconf 87' lang='lat' dir='ltr'><strong>prout</strong></span> <span class='ocrx_word' id='word_1_84' title='bbox 620 1160 761 1212; x_wconf 80' lang='lat' dir='ltr'><strong>Deus</strong></span> <span class='ocrx_word' id='word_1_85' title='bbox 780 1159 971 1225; x_wconf 82' lang='lat' dir='ltr'><strong>voluit,</strong></span> <span class='ocrx_word' id='word_1_86' title='bbox 1006 1160 1061 1212; x_wconf 88' lang='lat' dir='ltr'><strong>d.</strong></span> <span class='ocrx_word' id='word_1_87' title='bbox 1090 1164 1171 1223; x_wconf 74' lang='lat'><strong>88,</strong></span> <span class='ocrx_word' id='word_1_88' title='bbox 1199 1174 1243 1213; x_wconf 92' lang='lat' dir='ltr'><strong>s.</strong></span> <span class='ocrx_word' id='word_1_89' title='bbox 1271 1164 1318 1211; x_wconf 79' lang='lat' dir='ltr'><strong>tl.</strong></span> 
     </span>
    </p>

    <p class='ocr_par' dir='ltr' id='par_1_7' title="bbox 122 1234 1671 1379">
     <span class='ocr_line' id='line_1_13' title="bbox 122 1234 1671 1294; baseline 0.001 -6"><span class='ocrx_word' id='word_1_90' title='bbox 122 1234 375 1288; x_wconf 85' lang='lat' dir='ltr'><strong>christum</strong></span> <span class='ocrx_word' id='word_1_91' title='bbox 397 1234 655 1288; x_wconf 85' lang='lat' dir='ltr'><strong>habuisse</strong></span> <span class='ocrx_word' id='word_1_92' title='bbox 675 1241 855 1290; x_wconf 89' lang='lat' dir='ltr'><strong>actum</strong></span> <span class='ocrx_word' id='word_1_93' title='bbox 877 1236 1213 1294; x_wconf 78' lang='lat' dir='ltr'><strong>eontrarium</strong></span> <span class='ocrx_word' id='word_1_94' title='bbox 1233 1236 1497 1291; x_wconf 88' lang='lat' dir='ltr'><strong>voluntati</strong></span> <span class='ocrx_word' id='word_1_95' title='bbox 1524 1237 1671 1290; x_wconf 83' lang='lat' dir='ltr'><strong>divi-</strong></span> 
     </span>
     <span class='ocr_line' id='line_1_14' title="bbox 176 1310 1513 1379; baseline 0.002 -17"><span class='ocrx_word' id='word_1_96' title='bbox 176 1322 253 1364; x_wconf 65' lang='grc' dir='ltr'><strong>οε</strong></span> <span class='ocrx_word' id='word_1_97' title='bbox 278 1310 635 1377; x_wconf 84' lang='lat' dir='ltr'><strong>impossibile,</strong></span> <span class='ocrx_word' id='word_1_98' title='bbox 668 1311 948 1379; x_wconf 85' lang='lat' dir='ltr'><strong>supposita</strong></span> <span class='ocrx_word' id='word_1_99' title='bbox 974 1314 1095 1378; x_wconf 78' lang='lat' dir='ltr'><strong>ejus</strong></span> <span class='ocrx_word' id='word_1_100' title='bbox 1121 1311 1369 1379; x_wconf 88' lang='lat' dir='ltr'><strong>scientia,</strong></span> <span class='ocrx_word' id='word_1_101' title='bbox 1399 1327 1443 1365; x_wconf 92' lang='lat' dir='ltr'><strong>s.</strong></span> <span class='ocrx_word' id='word_1_102' title='bbox 1466 1317 1513 1365; x_wconf 99' lang='lat'><strong>⁴.</strong></span> 
     </span>
    </p>

    <p class='ocr_par' dir='ltr' id='par_1_8' title="bbox 120 1384 1675 1605">
     <span class='ocr_line' id='line_1_15' title="bbox 120 1384 1671 1455; baseline 0.002 -16"><span class='ocrx_word' id='word_1_103' title='bbox 120 1384 343 1439; x_wconf 86' lang='lat' dir='ltr'><strong>christus</strong></span> <span class='ocrx_word' id='word_1_104' title='bbox 372 1385 429 1437; x_wconf 90' lang='lat' dir='ltr'><strong>in</strong></span> <span class='ocrx_word' id='word_1_105' title='bbox 470 1385 589 1453; x_wconf 85' lang='lat' dir='ltr'><strong>ipsa</strong></span> <span class='ocrx_word' id='word_1_106' title='bbox 616 1393 789 1440; x_wconf 89' lang='lat' dir='ltr'><strong>morte</strong></span> <span class='ocrx_word' id='word_1_107' title='bbox 825 1388 1069 1443; x_wconf 73' lang='lat' dir='ltr'><strong>obtinuit</strong></span> <span class='ocrx_word' id='word_1_108' title='bbox 1092 1388 1317 1455; x_wconf 86' lang='lat' dir='ltr'><strong>plenum</strong></span> <span class='ocrx_word' id='word_1_109' title='bbox 1342 1390 1435 1453; x_wconf 82' lang='lat' dir='ltr'><strong>jus</strong></span> <span class='ocrx_word' id='word_1_110' title='bbox 1462 1394 1516 1441; x_wconf 83' lang='lat' dir='ltr'><strong>et</strong></span> <span class='ocrx_word' id='word_1_111' title='bbox 1546 1401 1671 1455; x_wconf 88' lang='lat' dir='ltr'><strong>per-</strong></span> 
     </span>
     <span class='ocr_line' id='line_1_16' title="bbox 180 1460 1675 1530; baseline 0.002 -18"><span class='ocrx_word' id='word_1_112' title='bbox 180 1460 367 1513; x_wconf 85' lang='lat' dir='ltr'><strong>fectum</strong></span> <span class='ocrx_word' id='word_1_113' title='bbox 384 1462 461 1514; x_wconf 89' lang='lat' dir='ltr'><strong>ad</strong></span> <span class='ocrx_word' id='word_1_114' title='bbox 482 1462 673 1515; x_wconf 86' lang='lat' dir='ltr'><strong>omnia</strong></span> <span class='ocrx_word' id='word_1_115' title='bbox 686 1464 913 1529; x_wconf 68' lang='lat' dir='ltr'><strong>praemia</strong></span> <span class='ocrx_word' id='word_1_116' title='bbox 930 1476 1053 1530; x_wconf 81' lang='lat' dir='ltr'><strong>quae</strong></span> <span class='ocrx_word' id='word_1_117' title='bbox 1071 1463 1373 1519; x_wconf 84' lang='lat' dir='ltr'><strong>secundum</strong></span> <span class='ocrx_word' id='word_1_118' title='bbox 1390 1464 1563 1530; x_wconf 83' lang='lat' dir='ltr'><strong>legem</strong></span> <span class='ocrx_word' id='word_1_119' title='bbox 1590 1475 1675 1516; x_wconf 90' lang='lat' dir='ltr'><strong>or-</strong></span> 
     </span>
     <span class='ocr_line' id='line_1_17' title="bbox 182 1534 1267 1605; baseline 0.001 -16"><span class='ocrx_word' id='word_1_120' title='bbox 182 1534 441 1591; x_wconf 87' lang='lat' dir='ltr'><strong>dinariam</strong></span> <span class='ocrx_word' id='word_1_121' title='bbox 482 1538 679 1591; x_wconf 86' lang='lat' dir='ltr'><strong>mereri</strong></span> <span class='ocrx_word' id='word_1_122' title='bbox 700 1545 925 1605; x_wconf 84' lang='lat' dir='ltr'><strong>poterat,</strong></span> <span class='ocrx_word' id='word_1_123' title='bbox 960 1540 1014 1593; x_wconf 89' lang='lat' dir='ltr'><strong>d.</strong></span> <span class='ocrx_word' id='word_1_124' title='bbox 1042 1546 1122 1605; x_wconf 71' lang='lat' dir='ltr'><strong>aa,</strong></span> <span class='ocrx_word' id='word_1_125' title='bbox 1150 1554 1195 1593; x_wconf 89' lang='lat' dir='ltr'><strong>s.</strong></span> <span class='ocrx_word' id='word_1_126' title='bbox 1220 1547 1267 1591; x_wconf 77' lang='lat' dir='ltr'><strong>a.</strong></span> 
     </span>
    </p>

    <p class='ocr_par' dir='ltr' id='par_1_9' title="bbox 128 1610 1675 1766">
     <span class='ocr_line' id='line_1_18' title="bbox 128 1610 1675 1683; baseline 0.003 -18"><span class='ocrx_word' id='word_1_127' title='bbox 128 1610 353 1667; x_wconf 82' lang='lat' dir='ltr'><strong>christus</strong></span> <span class='ocrx_word' id='word_1_128' title='bbox 378 1612 559 1680; x_wconf 76' lang='lat' dir='ltr'><strong>magis</strong></span> <span class='ocrx_word' id='word_1_129' title='bbox 588 1615 707 1668; x_wconf 84' lang='lat' dir='ltr'><strong>vult</strong></span> <span class='ocrx_word' id='word_1_130' title='bbox 730 1620 785 1667; x_wconf 89' lang='lat' dir='ltr'><strong>et</strong></span> <span class='ocrx_word' id='word_1_131' title='bbox 824 1623 971 1669; x_wconf 86' lang='lat' dir='ltr'><strong>amat</strong></span> <span class='ocrx_word' id='word_1_132' title='bbox 1010 1616 1241 1681; x_wconf 76' lang='lat' dir='ltr'><strong>gloriam</strong></span> <span class='ocrx_word' id='word_1_133' title='bbox 1282 1630 1457 1681; x_wconf 84' lang='lat' dir='ltr'><strong>suam,</strong></span> <span class='ocrx_word' id='word_1_134' title='bbox 1509 1630 1675 1683; x_wconf 85' lang='lat' dir='ltr'><strong>quam</strong></span> 
     </span>
     <span class='ocr_line' id='line_1_19' title="bbox 181 1690 1417 1766; baseline 0.003 -26"><span class='ocrx_word' id='word_1_135' title='bbox 181 1695 431 1755; x_wconf 87' lang='lat' dir='ltr'><strong>nostram,</strong></span> <span class='ocrx_word' id='word_1_136' title='bbox 466 1690 523 1743; x_wconf 91' lang='lat' dir='ltr'><strong>d.</strong></span> <span class='ocrx_word' id='word_1_137' title='bbox 547 1694 627 1756; x_wconf 84' lang='lat'><strong>⁴0,</strong></span> <span class='ocrx_word' id='word_1_138' title='bbox 648 1706 691 1745; x_wconf 89' lang='lat' dir='ltr'><strong>s.</strong></span> <span class='ocrx_word' id='word_1_139' title='bbox 714 1697 765 1743; x_wconf 79' lang='lat'><strong>2.</strong></span> <span class='ocrx_word' id='word_1_140' title='bbox 1407 1758 1417 1766; x_wconf 84' lang='lat'><strong>.</strong></span> 
     </span>
    </p>

    <p class='ocr_par' dir='ltr' id='par_1_10' title="bbox 124 1765 1670 1911">
     <span class='ocr_line' id='line_1_20' title="bbox 124 1765 1670 1836; baseline 0.004 -19"><span class='ocrx_word' id='word_1_141' title='bbox 124 1765 349 1820; x_wconf 87' lang='lat' dir='ltr'><strong>christus</strong></span> <span class='ocrx_word' id='word_1_142' title='bbox 374 1778 495 1819; x_wconf 85' lang='lat' dir='ltr'><strong>non</strong></span> <span class='ocrx_word' id='word_1_143' title='bbox 518 1772 601 1820; x_wconf 88' lang='lat' dir='ltr'><strong>est</strong></span> <span class='ocrx_word' id='word_1_144' title='bbox 630 1768 1019 1835; x_wconf 82' lang='lat' dir='ltr'><strong>intelligendus</strong></span> <span class='ocrx_word' id='word_1_145' title='bbox 1043 1769 1101 1821; x_wconf 88' lang='lat' dir='ltr'><strong>in</strong></span> <span class='ocrx_word' id='word_1_146' title='bbox 1136 1768 1449 1836; x_wconf 79' lang='lat' dir='ltr'><strong>cognitione</strong></span> <span class='ocrx_word' id='word_1_147' title='bbox 1480 1782 1670 1835; x_wconf 86' lang='lat' dir='ltr'><strong>proce·-</strong></span> 
     </span>
     <span class='ocr_line' id='line_1_21' title="bbox 178 1842 1297 1911; baseline 0.004 -18"><span class='ocrx_word' id='word_1_148' title='bbox 178 1842 301 1894; x_wconf 87' lang='lat' dir='ltr'><strong>dere</strong></span> <span class='ocrx_word' id='word_1_149' title='bbox 322 1844 391 1895; x_wconf 89' lang='lat' dir='ltr'><strong>ab</strong></span> <span class='ocrx_word' id='word_1_150' title='bbox 420 1843 745 1909; x_wconf 80' lang='lat' dir='ltr'><strong>imperfecto</strong></span> <span class='ocrx_word' id='word_1_151' title='bbox 776 1844 846 1898; x_wconf 89' lang='lat' dir='ltr'><strong>ad</strong></span> <span class='ocrx_word' id='word_1_152' title='bbox 868 1844 1185 1911; x_wconf 84' lang='lat' dir='ltr'><strong>perfeetum,</strong></span> <span class='ocrx_word' id='word_1_153' title='bbox 1224 1845 1297 1898; x_wconf 91' lang='lat' dir='ltr'><strong>ib.</strong></span> 
     </span>
    </p>

    <p class='ocr_par' dir='ltr' id='par_1_11' title="bbox 123 1916 1675 2063">
     <span class='ocr_line' id='line_1_22' title="bbox 123 1916 1675 1987; baseline 0.004 -18"><span class='ocrx_word' id='word_1_154' title='bbox 123 1916 347 1971; x_wconf 86' lang='lat' dir='ltr'><strong>christus</strong></span> <span class='ocrx_word' id='word_1_155' title='bbox 368 1928 491 1971; x_wconf 86' lang='lat' dir='ltr'><strong>nou</strong></span> <span class='ocrx_word' id='word_1_156' title='bbox 514 1920 693 1973; x_wconf 88' lang='lat' dir='ltr'><strong>solum</strong></span> <span class='ocrx_word' id='word_1_157' title='bbox 724 1925 787 1973; x_wconf 88' lang='lat' dir='ltr'><strong>nt</strong></span> <span class='ocrx_word' id='word_1_158' title='bbox 819 1925 983 1987; x_wconf 90' lang='lat' dir='ltr'><strong>caput</strong></span> <span class='ocrx_word' id='word_1_159' title='bbox 1008 1920 1067 1973; x_wconf 90' lang='lat' dir='ltr'><strong>in</strong></span> <span class='ocrx_word' id='word_1_160' title='bbox 1100 1921 1345 1975; x_wconf 87' lang='lat' dir='ltr'><strong>membra</strong></span> <span class='ocrx_word' id='word_1_161' title='bbox 1382 1923 1675 1987; x_wconf 75' lang='lat' dir='ltr'><strong>conjuncta</strong></span> 
     </span>
     <span class='ocr_line' id='line_1_23' title="bbox 181 1993 1675 2063; baseline 0.002 -18"><span class='ocrx_word' id='word_1_162' title='bbox 181 1993 445 2047; x_wconf 85' lang='lat' dir='ltr'><strong>intluxum</strong></span> <span class='ocrx_word' id='word_1_163' title='bbox 474 1994 655 2060; x_wconf 84' lang='lat' dir='ltr'><strong>habet,</strong></span> <span class='ocrx_word' id='word_1_164' title='bbox 688 1996 785 2050; x_wconf 84' lang='lat' dir='ltr'><strong>sed</strong></span> <span class='ocrx_word' id='word_1_165' title='bbox 809 1996 973 2049; x_wconf 86' lang='lat' dir='ltr'><strong>etiam</strong></span> <span class='ocrx_word' id='word_1_166' title='bbox 998 1996 1055 2049; x_wconf 90' lang='lat' dir='ltr'><strong>in</strong></span> <span class='ocrx_word' id='word_1_167' title='bbox 1076 2002 1339 2063; x_wconf 86' lang='lat' dir='ltr'><strong>separata,</strong></span> <span class='ocrx_word' id='word_1_168' title='bbox 1370 1997 1424 2050; x_wconf 90' lang='lat' dir='ltr'><strong>d.</strong></span> <span class='ocrx_word' id='word_1_169' title='bbox 1454 2002 1533 2059; x_wconf 80' lang='lat'><strong>⁴1,</strong></span> <span class='ocrx_word' id='word_1_170' title='bbox 1556 2012 1601 2050; x_wconf 90' lang='lat' dir='ltr'><strong>s.</strong></span> <span class='ocrx_word' id='word_1_171' title='bbox 1624 2002 1675 2048; x_wconf 76' lang='lat'><strong>2.</strong></span> 
     </span>
    </p>

    <p class='ocr_par' dir='ltr' id='par_1_12' title="bbox 124 2070 1675 2275">
     <span class='ocr_line' id='line_1_24' title="bbox 124 2070 1675 2140; baseline 0.003 -18"><span class='ocrx_word' id='word_1_172' title='bbox 124 2070 347 2124; x_wconf 89' lang='lat' dir='ltr'><strong>christus</strong></span> <span class='ocrx_word' id='word_1_173' title='bbox 376 2071 747 2125; x_wconf 79' lang='lat' dir='ltr'><strong>sanctificator</strong></span> <span class='ocrx_word' id='word_1_174' title='bbox 770 2073 1119 2139; x_wconf 77' lang='lat' dir='ltr'>Angelorum,</span> <span class='ocrx_word' id='word_1_175' title='bbox 1146 2072 1470 2138; x_wconf 76' lang='lat' dir='ltr'><strong>justificator</strong></span> <span class='ocrx_word' id='word_1_176' title='bbox 1486 2079 1541 2126; x_wconf 89' lang='lat' dir='ltr'><strong>et</strong></span> <span class='ocrx_word' id='word_1_177' title='bbox 1556 2074 1675 2140; x_wconf 80' lang='lat' dir='ltr'><strong>glo-</strong></span> 
     </span>
     <span class='ocr_line' id='line_1_25' title="bbox 178 2144 1673 2214; baseline 0.002 -18"><span class='ocrx_word' id='word_1_178' title='bbox 178 2144 405 2200; x_wconf 81' lang='lat' dir='ltr'><strong>rificator</strong></span> <span class='ocrx_word' id='word_1_179' title='bbox 432 2152 577 2200; x_wconf 84' lang='lat' dir='ltr'><strong>recte</strong></span> <span class='ocrx_word' id='word_1_180' title='bbox 594 2146 815 2212; x_wconf 88' lang='lat' dir='ltr'><strong>dicitur,</strong></span> <span class='ocrx_word' id='word_1_181' title='bbox 834 2160 945 2201; x_wconf 90' lang='lat' dir='ltr'><strong>non</strong></span> <span class='ocrx_word' id='word_1_182' title='bbox 970 2154 1151 2202; x_wconf 84' lang='lat' dir='ltr'><strong>autem</strong></span> <span class='ocrx_word' id='word_1_183' title='bbox 1173 2148 1501 2214; x_wconf 79' lang='lat' dir='ltr'>redemptor,</span> <span class='ocrx_word' id='word_1_184' title='bbox 1516 2149 1571 2201; x_wconf 90' lang='lat' dir='ltr'><strong>d.</strong></span> <span class='ocrx_word' id='word_1_185' title='bbox 1597 2152 1673 2211; x_wconf 75' lang='lat'><strong>⁴2,</strong></span> 
     </span>
     <span class='ocr_line' id='line_1_26' title="bbox 180 2228 289 2275; baseline 0.018 -2"><span class='ocrx_word' id='word_1_186' title='bbox 180 2236 219 2273; x_wconf 82' lang='lat' dir='ltr'><strong>S.</strong></span> <span class='ocrx_word' id='word_1_187' title='bbox 244 2228 289 2275; x_wconf 78' lang='lat'><strong>2.</strong></span> 
     </span>
    </p>

    <p class='ocr_par' dir='ltr' id='par_1_13' title="bbox 126 2298 1683 2517">
     <span class='ocr_line' id='line_1_27' title="bbox 126 2298 1677 2369; baseline 0.004 -20"><span class='ocrx_word' id='word_1_188' title='bbox 126 2298 191 2350; x_wconf 87' lang='lat' dir='ltr'><strong>De</strong></span> <span class='ocrx_word' id='word_1_189' title='bbox 216 2298 423 2354; x_wconf 89' lang='lat' dir='ltr'><strong>christo</strong></span> <span class='ocrx_word' id='word_1_190' title='bbox 446 2300 617 2354; x_wconf 82' lang='lat' dir='ltr'><strong>multa</strong></span> <span class='ocrx_word' id='word_1_191' title='bbox 648 2314 775 2355; x_wconf 87' lang='lat' dir='ltr'><strong>cum</strong></span> <span class='ocrx_word' id='word_1_192' title='bbox 800 2302 905 2355; x_wconf 91' lang='lat' dir='ltr'><strong>hoc</strong></span> <span class='ocrx_word' id='word_1_193' title='bbox 924 2302 1113 2356; x_wconf 85' lang='lat' dir='ltr'><strong>addito</strong></span> <span class='ocrx_word' id='word_1_194' title='bbox 1136 2316 1193 2368; x_wconf 77' lang='lat' dir='ltr'><strong>m</strong></span> <span class='ocrx_word' id='word_1_195' title='bbox 1218 2305 1476 2369; x_wconf 77' lang='lat' dir='ltr'><strong>quantum</strong></span> <span class='ocrx_word' id='word_1_196' title='bbox 1509 2300 1677 2365; x_wconf 75' lang='lat' dir='ltr'><strong>homo,</strong></span> 
     </span>
     <span class='ocr_line' id='line_1_28' title="bbox 184 2374 1683 2445; baseline 0.001 -16"><span class='ocrx_word' id='word_1_197' title='bbox 184 2374 563 2441; x_wconf 70' lang='lat' dir='ltr'><strong>praedicantur,</strong></span> <span class='ocrx_word' id='word_1_198' title='bbox 586 2390 711 2443; x_wconf 65' lang='lat' dir='ltr'><strong>quae</strong></span> <span class='ocrx_word' id='word_1_199' title='bbox 724 2376 1047 2445; x_wconf 87' lang='lat' dir='ltr'><strong>simpliciter</strong></span> <span class='ocrx_word' id='word_1_200' title='bbox 1062 2378 1133 2431; x_wconf 89' lang='lat' dir='ltr'><strong>de</strong></span> <span class='ocrx_word' id='word_1_201' title='bbox 1158 2378 1276 2445; x_wconf 85' lang='lat' dir='ltr'><strong>ipso</strong></span> <span class='ocrx_word' id='word_1_202' title='bbox 1292 2377 1403 2432; x_wconf 89' lang='lat' dir='ltr'><strong>dici</strong></span> <span class='ocrx_word' id='word_1_203' title='bbox 1430 2390 1541 2432; x_wconf 92' lang='lat' dir='ltr'><strong>non</strong></span> <span class='ocrx_word' id='word_1_204' title='bbox 1562 2390 1683 2445; x_wconf 80' lang='lat' dir='ltr'><strong>pos·</strong></span> 
     </span>
     <span class='ocr_line' id='line_1_29' title="bbox 187 2452 651 2517; baseline 0.006 -15"><span class='ocrx_word' id='word_1_205' title='bbox 187 2458 323 2515; x_wconf 87' lang='lat' dir='ltr'><strong>sunt,</strong></span> <span class='ocrx_word' id='word_1_206' title='bbox 346 2452 404 2506; x_wconf 90' lang='lat' dir='ltr'><strong>d.</strong></span> <span class='ocrx_word' id='word_1_207' title='bbox 430 2456 511 2517; x_wconf 96' lang='lat'><strong>⁴⁴,</strong></span> <span class='ocrx_word' id='word_1_208' title='bbox 535 2466 581 2505; x_wconf 88' lang='lat' dir='ltr'><strong>s.</strong></span> <span class='ocrx_word' id='word_1_209' title='bbox 602 2459 651 2506; x_wconf 73' lang='lat'><strong>2.</strong></span> 
     </span>
    </p>

    <p class='ocr_par' dir='ltr' id='par_1_14' title="bbox 133 2527 1681 2670">
     <span class='ocr_line' id='line_1_30' title="bbox 133 2527 1681 2597; baseline 0.003 -18"><span class='ocrx_word' id='word_1_210' title='bbox 133 2527 358 2583; x_wconf 88' lang='lat' dir='ltr'><strong>christus</strong></span> <span class='ocrx_word' id='word_1_211' title='bbox 382 2542 501 2583; x_wconf 88' lang='lat' dir='ltr'><strong>non</strong></span> <span class='ocrx_word' id='word_1_212' title='bbox 522 2528 705 2597; x_wconf 88' lang='lat' dir='ltr'><strong>potius</strong></span> <span class='ocrx_word' id='word_1_213' title='bbox 724 2535 919 2585; x_wconf 85' lang='lat' dir='ltr'><strong>natura</strong></span> <span class='ocrx_word' id='word_1_214' title='bbox 947 2534 1027 2583; x_wconf 88' lang='lat' dir='ltr'><strong>est</strong></span> <span class='ocrx_word' id='word_1_215' title='bbox 1054 2532 1217 2583; x_wconf 90' lang='lat' dir='ltr'><strong>homo</strong></span> <span class='ocrx_word' id='word_1_216' title='bbox 1254 2529 1337 2582; x_wconf 86' lang='lat' dir='ltr'><strong>vel</strong></span> <span class='ocrx_word' id='word_1_217' title='bbox 1377 2529 1469 2583; x_wconf 89' lang='lat' dir='ltr'><strong>hic</strong></span> <span class='ocrx_word' id='word_1_218' title='bbox 1500 2530 1681 2591; x_wconf 86' lang='lat' dir='ltr'><strong>homo,</strong></span> 
     </span>
     <span class='ocr_line' id='line_1_31' title="bbox 188 2606 995 2670; baseline 0.002 -13"><span class='ocrx_word' id='word_1_219' title='bbox 188 2618 345 2670; x_wconf 87' lang='lat' dir='ltr'><strong>quam</strong></span> <span class='ocrx_word' id='word_1_220' title='bbox 370 2606 521 2659; x_wconf 85' lang='lat' dir='ltr'><strong>tilius</strong></span> <span class='ocrx_word' id='word_1_221' title='bbox 543 2606 655 2669; x_wconf 76' lang='lat' dir='ltr'><strong>Dei,</strong></span> <span class='ocrx_word' id='word_1_222' title='bbox 690 2606 744 2660; x_wconf 91' lang='lat' dir='ltr'><strong>d.</strong></span> <span class='ocrx_word' id='word_1_223' title='bbox 770 2610 849 2668; x_wconf 79' lang='lat'><strong>⁴9,</strong></span> <span class='ocrx_word' id='word_1_224' title='bbox 872 2620 917 2659; x_wconf 87' lang='lat' dir='ltr'><strong>s.</strong></span> <span class='ocrx_word' id='word_1_225' title='bbox 947 2613 995 2659; x_wconf 73' lang='lat'><strong>2.</strong></span> 
     </span>
    </p>

    <p class='ocr_par' dir='ltr' id='par_1_15' title="bbox 134 2680 1689 2899">
     <span class='ocr_line' id='line_1_32' title="bbox 134 2680 1685 2749; baseline 0.002 -19"><span class='ocrx_word' id='word_1_226' title='bbox 134 2680 377 2745; x_wconf 87' lang='lat' dir='ltr'><strong>christus,</strong></span> <span class='ocrx_word' id='word_1_227' title='bbox 398 2687 463 2734; x_wconf 90' lang='lat' dir='ltr'><strong>ut</strong></span> <span class='ocrx_word' id='word_1_228' title='bbox 472 2682 655 2745; x_wconf 90' lang='lat' dir='ltr'><strong>homo,</strong></span> <span class='ocrx_word' id='word_1_229' title='bbox 680 2681 725 2734; x_wconf 91' lang='lat' dir='ltr'><strong>si</strong></span> <span class='ocrx_word' id='word_1_230' title='bbox 746 2686 887 2735; x_wconf 86' lang='lat' dir='ltr'><strong>esset</strong></span> <span class='ocrx_word' id='word_1_231' title='bbox 905 2694 1139 2749; x_wconf 86' lang='lat' dir='ltr'><strong>persona</strong></span> <span class='ocrx_word' id='word_1_232' title='bbox 1166 2688 1421 2733; x_wconf 85' lang='lat' dir='ltr'><strong>extranea</strong></span> <span class='ocrx_word' id='word_1_233' title='bbox 1440 2685 1685 2747; x_wconf 85' lang='lat' dir='ltr'><strong>respectu</strong></span> 
     </span>
     <span class='ocr_line' id='line_1_33' title="bbox 187 2757 1689 2824; baseline 0.001 -16"><span class='ocrx_word' id='word_1_234' title='bbox 187 2760 394 2810; x_wconf 76' lang='lat' dir='ltr'><strong>aeternoe</strong></span> <span class='ocrx_word' id='word_1_235' title='bbox 418 2757 766 2822; x_wconf 77' lang='lat' dir='ltr'><strong>haereditatis,</strong></span> <span class='ocrx_word' id='word_1_236' title='bbox 784 2762 963 2824; x_wconf 86' lang='lat' dir='ltr'><strong>posset</strong></span> <span class='ocrx_word' id='word_1_237' title='bbox 976 2758 1046 2811; x_wconf 88' lang='lat' dir='ltr'><strong>ad</strong></span> <span class='ocrx_word' id='word_1_238' title='bbox 1069 2758 1219 2817; x_wconf 78' lang='lat' dir='ltr'><strong>illam</strong></span> <span class='ocrx_word' id='word_1_239' title='bbox 1234 2758 1500 2824; x_wconf 84' lang='lat' dir='ltr'><strong>adoptari,</strong></span> <span class='ocrx_word' id='word_1_240' title='bbox 1514 2770 1689 2823; x_wconf 84' lang='lat' dir='ltr'><strong>quan-</strong></span> 
     </span>
     <span class='ocr_line' id='line_1_34' title="bbox 189 2832 1423 2899; baseline 0 -15"><span class='ocrx_word' id='word_1_241' title='bbox 189 2832 385 2886; x_wconf 75' lang='lat' dir='ltr'><strong>tumvis</strong></span> <span class='ocrx_word' id='word_1_242' title='bbox 406 2834 524 2899; x_wconf 81' lang='lat' dir='ltr'><strong>ejus</strong></span> <span class='ocrx_word' id='word_1_243' title='bbox 555 2838 749 2887; x_wconf 85' lang='lat' dir='ltr'><strong>natura</strong></span> <span class='ocrx_word' id='word_1_244' title='bbox 776 2840 915 2887; x_wconf 87' lang='lat' dir='ltr'><strong>esset</strong></span> <span class='ocrx_word' id='word_1_245' title='bbox 940 2834 1095 2887; x_wconf 86' lang='lat' dir='ltr'><strong>unita</strong></span> <span class='ocrx_word' id='word_1_246' title='bbox 1120 2834 1315 2895; x_wconf 80' lang='lat' dir='ltr'><strong>Verbo,</strong></span> <span class='ocrx_word' id='word_1_247' title='bbox 1348 2832 1423 2886; x_wconf 86' lang='lat' dir='ltr'><strong>ib.</strong></span> 
     </span>
    </p>

    <p class='ocr_par' dir='ltr' id='par_1_16' title="bbox 130 2904 1697 3427">
     <span class='ocr_line' id='line_1_35' title="bbox 130 2904 1687 2976; baseline 0.003 -17"><span class='ocrx_word' id='word_1_248' title='bbox 130 2904 380 2971; x_wconf 83' lang='lat' dir='ltr'><strong>christus,</strong></span> <span class='ocrx_word' id='word_1_249' title='bbox 410 2916 468 2964; x_wconf 93' lang='lat' dir='ltr'><strong>ut</strong></span> <span class='ocrx_word' id='word_1_250' title='bbox 510 2912 701 2973; x_wconf 90' lang='lat' dir='ltr'><strong>homo,</strong></span> <span class='ocrx_word' id='word_1_251' title='bbox 732 2914 813 2963; x_wconf 88' lang='lat' dir='ltr'><strong>est</strong></span> <span class='ocrx_word' id='word_1_252' title='bbox 837 2909 983 2965; x_wconf 82' lang='lat' dir='ltr'><strong>illius</strong></span> <span class='ocrx_word' id='word_1_253' title='bbox 1020 2910 1148 2976; x_wconf 80' lang='lat' dir='ltr'><strong>Dei,</strong></span> <span class='ocrx_word' id='word_1_254' title='bbox 1179 2908 1445 2964; x_wconf 80' lang='lat' dir='ltr'><strong>filiatione</strong></span> <span class='ocrx_word' id='word_1_255' title='bbox 1490 2922 1687 2963; x_wconf 90' lang='lat' dir='ltr'><strong>conse—</strong></span> 
     </span>
     <span class='ocr_line' id='line_1_36' title="bbox 194 2986 1687 3053; baseline 0.001 -15"><span class='ocrx_word' id='word_1_256' title='bbox 194 2990 391 3050; x_wconf 86' lang='lat' dir='ltr'><strong>quente</strong></span> <span class='ocrx_word' id='word_1_257' title='bbox 417 2986 642 3053; x_wconf 77' lang='lat' dir='ltr'><strong>gratiam</strong></span> <span class='ocrx_word' id='word_1_258' title='bbox 672 2986 923 3051; x_wconf 76' lang='lat' dir='ltr'><strong>unioniS,</strong></span> <span class='ocrx_word' id='word_1_259' title='bbox 957 2998 1081 3053; x_wconf 81' lang='lat' dir='ltr'><strong>quae</strong></span> <span class='ocrx_word' id='word_1_260' title='bbox 1120 3000 1231 3041; x_wconf 85' lang='lat' dir='ltr'><strong>non</strong></span> <span class='ocrx_word' id='word_1_261' title='bbox 1262 2992 1343 3041; x_wconf 84' lang='lat' dir='ltr'><strong>est</strong></span> <span class='ocrx_word' id='word_1_262' title='bbox 1380 2990 1591 3041; x_wconf 89' lang='lat' dir='ltr'><strong>tantum</strong></span> <span class='ocrx_word' id='word_1_263' title='bbox 1618 2986 1687 3039; x_wconf 92' lang='lat' dir='ltr'><strong>ad</strong></span> 
     </span>
     <span class='ocr_line' id='line_1_37' title="bbox 198 3061 1691 3130; baseline 0.001 -19"><span class='ocrx_word' id='word_1_264' title='bbox 198 3061 391 3113; x_wconf 86' lang='lat' dir='ltr'><strong>rimam</strong></span> <span class='ocrx_word' id='word_1_265' title='bbox 414 3062 689 3117; x_wconf 72' lang='lat' dir='ltr'><strong>Trinitatis</strong></span> <span class='ocrx_word' id='word_1_266' title='bbox 709 3074 1017 3130; x_wconf 86' lang='lat' dir='ltr'><strong>personam,</strong></span> <span class='ocrx_word' id='word_1_267' title='bbox 1038 3062 1135 3116; x_wconf 91' lang='lat' dir='ltr'><strong>sed</strong></span> <span class='ocrx_word' id='word_1_268' title='bbox 1152 3063 1222 3115; x_wconf 89' lang='lat' dir='ltr'><strong>ad</strong></span> <span class='ocrx_word' id='word_1_269' title='bbox 1244 3074 1455 3127; x_wconf 87' lang='lat' dir='ltr'><strong>omnes,</strong></span> <span class='ocrx_word' id='word_1_270' title='bbox 1484 3066 1547 3115; x_wconf 89' lang='lat' dir='ltr'><strong>ut</strong></span> <span class='ocrx_word' id='word_1_271' title='bbox 1562 3066 1691 3113; x_wconf 87' lang='lat' dir='ltr'><strong>sunt</strong></span> 
     </span>
     <span class='ocr_line' id='line_1_38' title="bbox 206 3138 625 3201; baseline 0.005 -13"><span class='ocrx_word' id='word_1_272' title='bbox 206 3150 345 3189; x_wconf 87' lang='lat' dir='ltr'><strong>unus</strong></span> <span class='ocrx_word' id='word_1_273' title='bbox 368 3138 528 3201; x_wconf 88' lang='lat' dir='ltr'><strong>Deus,</strong></span> <span class='ocrx_word' id='word_1_274' title='bbox 554 3138 625 3192; x_wconf 82' lang='lat' dir='ltr'><strong>il).</strong></span> 
     </span>
     <span class='ocr_line' id='line_1_39' title="bbox 204 3210 1691 3281; baseline 0.002 -19"><span class='ocrx_word' id='word_1_275' title='bbox 204 3210 263 3263; x_wconf 86' lang='lat' dir='ltr'><strong>ln</strong></span> <span class='ocrx_word' id='word_1_276' title='bbox 300 3212 461 3267; x_wconf 88' lang='lat' dir='ltr'><strong>modo</strong></span> <span class='ocrx_word' id='word_1_277' title='bbox 486 3220 663 3268; x_wconf 89' lang='lat' dir='ltr'><strong>tamen</strong></span> <span class='ocrx_word' id='word_1_278' title='bbox 694 3214 975 3281; x_wconf 86' lang='lat' dir='ltr'><strong>loquendi,</strong></span> <span class='ocrx_word' id='word_1_279' title='bbox 1006 3226 1118 3267; x_wconf 90' lang='lat' dir='ltr'><strong>non</strong></span> <span class='ocrx_word' id='word_1_280' title='bbox 1158 3218 1331 3281; x_wconf 81' lang='lat' dir='ltr'><strong>potest</strong></span> <span class='ocrx_word' id='word_1_281' title='bbox 1370 3213 1691 3279; x_wconf 86' lang='lat' dir='ltr'><strong>simpliciter</strong></span> 
     </span>
     <span class='ocr_line' id='line_1_40' title="bbox 202 3287 1697 3357; baseline 0.002 -19"><span class='ocrx_word' id='word_1_282' title='bbox 202 3287 306 3340; x_wconf 89' lang='lat' dir='ltr'><strong>dici</strong></span> <span class='ocrx_word' id='word_1_283' title='bbox 328 3288 471 3343; x_wconf 86' lang='lat' dir='ltr'><strong>filius</strong></span> <span class='ocrx_word' id='word_1_284' title='bbox 496 3304 647 3357; x_wconf 88' lang='lat' dir='ltr'><strong>suus,</strong></span> <span class='ocrx_word' id='word_1_285' title='bbox 675 3305 771 3345; x_wconf 90' lang='lat' dir='ltr'><strong>seu</strong></span> <span class='ocrx_word' id='word_1_286' title='bbox 794 3290 967 3356; x_wconf 86' lang='lat' dir='ltr'><strong>verbi,</strong></span> <span class='ocrx_word' id='word_1_287' title='bbox 996 3302 1097 3343; x_wconf 87' lang='lat' dir='ltr'><strong>nec</strong></span> <span class='ocrx_word' id='word_1_288' title='bbox 1116 3289 1351 3357; x_wconf 90' lang='lat' dir='ltr'><strong>Spiritus</strong></span> <span class='ocrx_word' id='word_1_289' title='bbox 1369 3289 1572 3355; x_wconf 88' lang='lat' dir='ltr'><strong>Sancti,</strong></span> <span class='ocrx_word' id='word_1_290' title='bbox 1592 3302 1697 3341; x_wconf 90' lang='lat' dir='ltr'><strong>nec</strong></span> 
     </span>
     <span class='ocr_line' id='line_1_41' title="bbox 200 3360 594 3427; baseline 0.01 -14"><span class='ocrx_word' id='word_1_291' title='bbox 200 3360 488 3427; x_wconf 77' lang='lat' dir='ltr'><strong>Trinitatis,</strong></span> <span class='ocrx_word' id='word_1_292' title='bbox 518 3366 594 3419; x_wconf 89' lang='lat' dir='ltr'><strong>ib.</strong></span> 
     </span>
    </p>

    <p class='ocr_par' dir='ltr' id='par_1_17' title="bbox 137 3438 1698 3586">
     <span class='ocr_line' id='line_1_42' title="bbox 137 3438 1698 3509; baseline 0.002 -20"><span class='ocrx_word' id='word_1_293' title='bbox 137 3438 369 3493; x_wconf 82' lang='lat' dir='ltr'><strong>Christus</strong></span> <span class='ocrx_word' id='word_1_294' title='bbox 396 3446 499 3494; x_wconf 86' lang='lat' dir='ltr'><strong>toto</strong></span> <span class='ocrx_word' id='word_1_295' title='bbox 516 3444 621 3508; x_wconf 75' lang='lat' dir='ltr'><strong>[ere</strong></span> <span class='ocrx_word' id='word_1_296' title='bbox 640 3443 809 3497; x_wconf 75' lang='lat' dir='ltr'><strong>indice</strong></span> <span class='ocrx_word' id='word_1_297' title='bbox 820 3444 1130 3507; x_wconf 75' lang='lat' dir='ltr'><strong>continetur,</strong></span> <span class='ocrx_word' id='word_1_298' title='bbox 1157 3456 1325 3509; x_wconf 80' lang='lat' dir='ltr'><strong>quare</strong></span> <span class='ocrx_word' id='word_1_299' title='bbox 1342 3455 1461 3509; x_wconf 82' lang='lat' dir='ltr'><strong>quoe</strong></span> <span class='ocrx_word' id='word_1_300' title='bbox 1478 3441 1560 3493; x_wconf 73' lang='lat' dir='ltr'><strong>hic</strong></span> <span class='ocrx_word' id='word_1_301' title='bbox 1590 3452 1698 3493; x_wconf 75' lang='lat' dir='ltr'><strong>non</strong></span> 
     </span>
     <span class='ocr_line' id='line_1_43' title="bbox 192 3513 1693 3586; baseline 0.001 -20"><span class='ocrx_word' id='word_1_302' title='bbox 192 3513 457 3580; x_wconf 73' lang='lat' dir='ltr'><strong>habentur,</strong></span> <span class='ocrx_word' id='word_1_303' title='bbox 481 3518 541 3569; x_wconf 76' lang='lat' dir='ltr'><strong>in</strong></span> <span class='ocrx_word' id='word_1_304' title='bbox 566 3520 805 3586; x_wconf 70' lang='lat' dir='ltr'><strong>propriis</strong></span> <span class='ocrx_word' id='word_1_305' title='bbox 829 3520 1067 3585; x_wconf 66' lang='lat' dir='ltr'><strong>ipsorum</strong></span> <span class='ocrx_word' id='word_1_306' title='bbox 1098 3517 1223 3571; x_wconf 72' lang='lat' dir='ltr'><strong>Iocis</strong></span> <span class='ocrx_word' id='word_1_307' title='bbox 1246 3517 1529 3583; x_wconf 73' lang='lat' dir='ltr'><strong>quoermda</strong></span> <span class='ocrx_word' id='word_1_308' title='bbox 1553 3520 1693 3569; x_wconf 74' lang='lat' dir='ltr'><strong>sunt.</strong></span> 
     </span>
    </p>
   </div>
   <div class='ocr_carea' id='block_1_3' title="bbox 608 3648 1209 3689">
    <p class='ocr_par' dir='ltr' id='par_1_18' title="bbox 608 3648 1209 3689">
     <span class='ocr_line' id='line_1_44' title="bbox 608 3648 1209 3689; baseline 0.003 -2"><span class='ocrx_word' id='word_1_309' title='bbox 608 3648 854 3689; x_wconf 69' lang='lat' dir='ltr'><strong>COGMTIO»</strong></span> <span class='ocrx_word' id='word_1_310' title='bbox 880 3648 1209 3689; x_wconf 60' lang='lat' dir='ltr'><strong>noctescun-</strong></span> 
     </span>
    </p>
   </div>
   <div class='ocr_carea' id='block_1_4' title="bbox 84 3748 1703 4805">
    <p class='ocr_par' dir='ltr' id='par_1_19' title="bbox 131 3748 1695 3815">
     <span class='ocr_line' id='line_1_45' title="bbox 131 3748 1695 3815; baseline -0.001 -13"><span class='ocrx_word' id='word_1_311' title='bbox 131 3748 376 3815; x_wconf 81' lang='lat' dir='ltr'><strong>cognitio</strong></span> <span class='ocrx_word' id='word_1_312' title='bbox 418 3748 673 3803; x_wconf 87' lang='lat' dir='ltr'><strong>intuitiva</strong></span> <span class='ocrx_word' id='word_1_313' title='bbox 713 3754 769 3802; x_wconf 88' lang='lat' dir='ltr'><strong>et</strong></span> <span class='ocrx_word' id='word_1_314' title='bbox 804 3749 1154 3815; x_wconf 77' lang='lat' dir='ltr'><strong>abstractiva,</strong></span> <span class='ocrx_word' id='word_1_315' title='bbox 1200 3748 1477 3815; x_wconf 84' lang='lat' dir='ltr'><strong>quomodo</strong></span> <span class='ocrx_word' id='word_1_316' title='bbox 1524 3748 1695 3815; x_wconf 85' lang='lat' dir='ltr'><strong>possit</strong></span> 
     </span>
    </p>

    <p class='ocr_par' dir='ltr' id='par_1_20' title="bbox 84 3824 1691 3954">
     <span class='ocr_line' id='line_1_46' title="bbox 84 3824 1691 3891; baseline -0.001 -15"><span class='ocrx_word' id='word_1_317' title='bbox 84 3880 91 3887; x_wconf 61' lang='grc'><strong>,</strong></span> <span class='ocrx_word' id='word_1_318' title='bbox 190 3836 305 3877; x_wconf 88' lang='lat' dir='ltr'><strong>esse</strong></span> <span class='ocrx_word' id='word_1_319' title='bbox 336 3824 488 3877; x_wconf 79' lang='lat' dir='ltr'><strong>idem</strong></span> <span class='ocrx_word' id='word_1_320' title='bbox 516 3828 667 3877; x_wconf 88' lang='lat' dir='ltr'><strong>actus</strong></span> <span class='ocrx_word' id='word_1_321' title='bbox 684 3831 929 3891; x_wconf 89' lang='lat' dir='ltr'><strong>respectu</strong></span> <span class='ocrx_word' id='word_1_322' title='bbox 948 3824 1285 3879; x_wconf 78' lang='lat' dir='ltr'><strong>diversarum</strong></span> <span class='ocrx_word' id='word_1_323' title='bbox 1308 3838 1510 3889; x_wconf 87' lang='lat' dir='ltr'><strong>rerum,</strong></span> <span class='ocrx_word' id='word_1_324' title='bbox 1536 3824 1591 3878; x_wconf 91' lang='lat' dir='ltr'><strong>d.</strong></span> <span class='ocrx_word' id='word_1_325' title='bbox 1610 3828 1691 3889; x_wconf 78' lang='lat'><strong>28,</strong></span> 
     </span>
     <span class='ocr_line' id='line_1_47' title="bbox 194 3906 308 3954; baseline 0.009 -1"><span class='ocrx_word' id='word_1_326' title='bbox 194 3916 236 3953; x_wconf 77' lang='lat' dir='ltr'><strong>s,</strong></span> <span class='ocrx_word' id='word_1_327' title='bbox 258 3906 308 3954; x_wconf 76' lang='lat'><strong>2.</strong></span> 
     </span>
    </p>

    <p class='ocr_par' dir='ltr' id='par_1_21' title="bbox 134 3976 1692 4119">
     <span class='ocr_line' id='line_1_48' title="bbox 134 3976 1692 4044; baseline 0.001 -14"><span class='ocrx_word' id='word_1_328' title='bbox 134 3976 395 4044; x_wconf 76' lang='lat' dir='ltr'><strong>cognosci</strong></span> <span class='ocrx_word' id='word_1_329' title='bbox 424 3976 615 4031; x_wconf 84' lang='lat' dir='ltr'><strong>eadem</strong></span> <span class='ocrx_word' id='word_1_330' title='bbox 644 3990 730 4031; x_wconf 88' lang='lat' dir='ltr'><strong>res</strong></span> <span class='ocrx_word' id='word_1_331' title='bbox 756 3982 930 4043; x_wconf 87' lang='lat' dir='ltr'><strong>potest</strong></span> <span class='ocrx_word' id='word_1_332' title='bbox 949 3976 1135 4031; x_wconf 84' lang='lat' dir='ltr'><strong>altiori</strong></span> <span class='ocrx_word' id='word_1_333' title='bbox 1161 3985 1215 4032; x_wconf 88' lang='lat' dir='ltr'><strong>et</strong></span> <span class='ocrx_word' id='word_1_334' title='bbox 1236 3976 1484 4032; x_wconf 88' lang='lat' dir='ltr'><strong>inferiori</strong></span> <span class='ocrx_word' id='word_1_335' title='bbox 1510 3976 1692 4041; x_wconf 79' lang='lat' dir='ltr'><strong>modo,</strong></span> 
     </span>
     <span class='ocr_line' id='line_1_49' title="bbox 194 4052 1247 4119; baseline -0.002 -12"><span class='ocrx_word' id='word_1_336' title='bbox 194 4054 295 4107; x_wconf 82' lang='lat' dir='ltr'><strong>sub</strong></span> <span class='ocrx_word' id='word_1_337' title='bbox 330 4052 567 4107; x_wconf 83' lang='lat' dir='ltr'><strong>diversis</strong></span> <span class='ocrx_word' id='word_1_338' title='bbox 597 4052 919 4117; x_wconf 84' lang='lat' dir='ltr'><strong>luminibus,</strong></span> <span class='ocrx_word' id='word_1_339' title='bbox 945 4055 1000 4107; x_wconf 89' lang='lat' dir='ltr'><strong>d.</strong></span> <span class='ocrx_word' id='word_1_340' title='bbox 1020 4058 1103 4119; x_wconf 74' lang='lat'><strong>27,</strong></span> <span class='ocrx_word' id='word_1_341' title='bbox 1126 4068 1169 4106; x_wconf 91' lang='lat' dir='ltr'><strong>s.</strong></span> <span class='ocrx_word' id='word_1_342' title='bbox 1200 4058 1247 4106; x_wconf 78' lang='lat' dir='ltr'><strong>l.</strong></span> 
     </span>
    </p>

    <p class='ocr_par' dir='ltr' id='par_1_22' title="bbox 133 4126 1695 4271">
     <span class='ocr_line' id='line_1_50' title="bbox 133 4126 1695 4197; baseline -0.002 -14"><span class='ocrx_word' id='word_1_343' title='bbox 133 4129 385 4197; x_wconf 79' lang='lat' dir='ltr'><strong>cognitio</strong></span> <span class='ocrx_word' id='word_1_344' title='bbox 412 4126 773 4195; x_wconf 85' lang='lat' dir='ltr'><strong>quidditativa</strong></span> <span class='ocrx_word' id='word_1_345' title='bbox 794 4128 889 4183; x_wconf 82' lang='lat' dir='ltr'><strong>Dei</strong></span> <span class='ocrx_word' id='word_1_346' title='bbox 916 4142 1027 4183; x_wconf 90' lang='lat' dir='ltr'><strong>non</strong></span> <span class='ocrx_word' id='word_1_347' title='bbox 1048 4134 1363 4197; x_wconf 84' lang='lat' dir='ltr'><strong>potestesse</strong></span> <span class='ocrx_word' id='word_1_348' title='bbox 1387 4130 1491 4183; x_wconf 89' lang='lat' dir='ltr'><strong>nisi</strong></span> <span class='ocrx_word' id='word_1_349' title='bbox 1526 4128 1695 4183; x_wconf 86' lang='lat' dir='ltr'><strong>intui-</strong></span> 
     </span>
     <span class='ocr_line' id='line_1_51' title="bbox 195 4206 489 4271; baseline -0.007 -13"><span class='ocrx_word' id='word_1_350' title='bbox 195 4206 323 4271; x_wconf 88' lang='lat' dir='ltr'><strong>tiva‚</strong></span> <span class='ocrx_word' id='word_1_351' title='bbox 360 4219 404 4259; x_wconf 89' lang='lat' dir='ltr'><strong>s.</strong></span> <span class='ocrx_word' id='word_1_352' title='bbox 442 4212 489 4256; x_wconf 72' lang='grc'><strong>5.</strong></span> 
     </span>
    </p>

    <p class='ocr_par' dir='ltr' id='par_1_23' title="bbox 132 4278 1699 4498">
     <span class='ocr_line' id='line_1_52' title="bbox 132 4278 1697 4349; baseline 0 -16"><span class='ocrx_word' id='word_1_353' title='bbox 132 4282 467 4349; x_wconf 84' lang='lat' dir='ltr'><strong>cognoscere</strong></span> <span class='ocrx_word' id='word_1_354' title='bbox 494 4282 665 4335; x_wconf 87' lang='lat' dir='ltr'><strong>Deum</strong></span> <span class='ocrx_word' id='word_1_355' title='bbox 698 4278 882 4335; x_wconf 70' lang='lat' dir='ltr'><strong>mtura</strong></span> <span class='ocrx_word' id='word_1_356' title='bbox 908 4284 1122 4349; x_wconf 88' lang='lat' dir='ltr'><strong>peecata</strong></span> <span class='ocrx_word' id='word_1_357' title='bbox 1150 4280 1208 4333; x_wconf 88' lang='lat' dir='ltr'><strong>in</strong></span> <span class='ocrx_word' id='word_1_358' title='bbox 1242 4278 1697 4335; x_wconf 82' lang='lat' dir='ltr'><strong>determinatione</strong></span> 
     </span>
     <span class='ocr_line' id='line_1_53' title="bbox 194 4355 1699 4425; baseline -0.003 -14"><span class='ocrx_word' id='word_1_359' title='bbox 194 4371 308 4412; x_wconf 84' lang='lat' dir='ltr'><strong>suae</strong></span> <span class='ocrx_word' id='word_1_360' title='bbox 344 4356 551 4411; x_wconf 71' lang='lat' dir='ltr'><strong>divinae</strong></span> <span class='ocrx_word' id='word_1_361' title='bbox 582 4357 893 4422; x_wconf 78' lang='lat' dir='ltr'><strong>voluntatis,</strong></span> <span class='ocrx_word' id='word_1_362' title='bbox 928 4356 1321 4425; x_wconf 86' lang='lat' dir='ltr'><strong>improbabile,</strong></span> <span class='ocrx_word' id='word_1_363' title='bbox 1352 4361 1404 4410; x_wconf 91' lang='lat' dir='ltr'><strong>et</strong></span> <span class='ocrx_word' id='word_1_364' title='bbox 1435 4370 1467 4409; x_wconf 86' lang='lat' dir='ltr'><strong>a</strong></span> <span class='ocrx_word' id='word_1_365' title='bbox 1507 4355 1699 4409; x_wconf 82' lang='lat' dir='ltr'><strong>divina</strong></span> 
     </span>
     <span class='ocr_line' id='line_1_54' title="bbox 194 4433 978 4498; baseline -0.005 -11"><span class='ocrx_word' id='word_1_366' title='bbox 194 4433 442 4488; x_wconf 87' lang='lat' dir='ltr'><strong>bonitate</strong></span> <span class='ocrx_word' id='word_1_367' title='bbox 466 4433 707 4487; x_wconf 88' lang='lat' dir='ltr'><strong>alienum</strong></span> <span class='ocrx_word' id='word_1_368' title='bbox 736 4436 833 4498; x_wconf 73' lang='lat' dir='ltr'><strong>est,</strong></span> <span class='ocrx_word' id='word_1_369' title='bbox 857 4448 899 4487; x_wconf 91' lang='lat' dir='ltr'><strong>s.</strong></span> <span class='ocrx_word' id='word_1_370' title='bbox 930 4439 978 4485; x_wconf 77' lang='lat'><strong>2.</strong></span> 
     </span>
    </p>

    <p class='ocr_par' dir='ltr' id='par_1_24' title="bbox 133 4508 1696 4651">
     <span class='ocr_line' id='line_1_55' title="bbox 133 4508 1696 4575; baseline -0.003 -14"><span class='ocrx_word' id='word_1_371' title='bbox 133 4508 423 4575; x_wconf 85' lang='lat' dir='ltr'><strong>cognoscit</strong></span> <span class='ocrx_word' id='word_1_372' title='bbox 447 4508 588 4561; x_wconf 80' lang='lat' dir='ltr'><strong>Deus</strong></span> <span class='ocrx_word' id='word_1_373' title='bbox 622 4519 733 4561; x_wconf 90' lang='lat' dir='ltr'><strong>non</strong></span> <span class='ocrx_word' id='word_1_374' title='bbox 768 4510 983 4562; x_wconf 82' lang='lat' dir='ltr'><strong>tantum</strong></span> <span class='ocrx_word' id='word_1_375' title='bbox 1021 4510 1221 4575; x_wconf 87' lang='lat' dir='ltr'><strong>futura,</strong></span> <span class='ocrx_word' id='word_1_376' title='bbox 1266 4508 1361 4563; x_wconf 89' lang='lat' dir='ltr'><strong>sed</strong></span> <span class='ocrx_word' id='word_1_377' title='bbox 1392 4518 1516 4574; x_wconf 81' lang='lat' dir='ltr'><strong>quae</strong></span> <span class='ocrx_word' id='word_1_378' title='bbox 1548 4518 1696 4559; x_wconf 86' lang='lat' dir='ltr'><strong>nun·</strong></span> 
     </span>
     <span class='ocr_line' id='line_1_56' title="bbox 196 4583 687 4651; baseline -0.006 -12"><span class='ocrx_word' id='word_1_379' title='bbox 196 4597 369 4651; x_wconf 90' lang='lat' dir='ltr'><strong>quam</strong></span> <span class='ocrx_word' id='word_1_380' title='bbox 402 4590 583 4649; x_wconf 88' lang='lat' dir='ltr'><strong>erunt,</strong></span> <span class='ocrx_word' id='word_1_381' title='bbox 613 4583 687 4637; x_wconf 87' lang='lat' dir='ltr'><strong>ib.</strong></span> 
     </span>
    </p>

    <p class='ocr_par' dir='ltr' id='par_1_25' title="bbox 135 4658 1703 4805">
     <span class='ocr_line' id='line_1_57' title="bbox 135 4658 1703 4729; baseline -0.002 -16"><span class='ocrx_word' id='word_1_382' title='bbox 135 4660 472 4729; x_wconf 82' lang='lat' dir='ltr'><strong>cognoscere</strong></span> <span class='ocrx_word' id='word_1_383' title='bbox 496 4666 767 4715; x_wconf 88' lang='lat' dir='ltr'><strong>creaturas</strong></span> <span class='ocrx_word' id='word_1_384' title='bbox 784 4674 881 4728; x_wconf 88' lang='lat' dir='ltr'><strong>per</strong></span> <span class='ocrx_word' id='word_1_385' title='bbox 908 4661 1185 4728; x_wconf 82' lang='lat' dir='ltr'><strong>propriam</strong></span> <span class='ocrx_word' id='word_1_386' title='bbox 1220 4658 1597 4727; x_wconf 83' lang='lat' dir='ltr'><strong>cognoscentis</strong></span> <span class='ocrx_word' id='word_1_387' title='bbox 1616 4670 1703 4711; x_wconf 90' lang='lat' dir='ltr'><strong>es-</strong></span> 
     </span>
     <span class='ocr_line' id='line_1_58' title="bbox 200 4736 1142 4805; baseline -0.002 -14"><span class='ocrx_word' id='word_1_388' title='bbox 200 4736 457 4803; x_wconf 87' lang='lat' dir='ltr'><strong>sentiam,</strong></span> <span class='ocrx_word' id='word_1_389' title='bbox 480 4738 574 4791; x_wconf 82' lang='lat' dir='ltr'><strong>Dei</strong></span> <span class='ocrx_word' id='word_1_390' title='bbox 604 4738 888 4805; x_wconf 90' lang='lat' dir='ltr'><strong>proprium</strong></span> <span class='ocrx_word' id='word_1_391' title='bbox 912 4738 1008 4802; x_wconf 83' lang='lat' dir='ltr'><strong>est,</strong></span> <span class='ocrx_word' id='word_1_392' title='bbox 1025 4750 1070 4791; x_wconf 81' lang='lat' dir='ltr'><strong>s.</strong></span> <span class='ocrx_word' id='word_1_393' title='bbox 1094 4744 1142 4790; x_wconf 81' lang='lat'><strong>5.</strong></span> 
     </span>
    </p>
   </div>
   <div class='ocr_carea' id='block_1_5' title="bbox 136 4808 1711 4880">
    <p class='ocr_par' dir='ltr' id='par_1_26' title="bbox 136 4808 1711 4880">
     <span class='ocr_line' id='line_1_59' title="bbox 136 4808 1711 4880; baseline -0.004 -12"><span class='ocrx_word' id='word_1_394' title='bbox 136 4814 369 4878; x_wconf 79' lang='lat' dir='ltr'><strong>Quando</strong></span> <span class='ocrx_word' id='word_1_395' title='bbox 389 4814 731 4880; x_wconf 80' lang='lat' dir='ltr'><strong>cognoscitur</strong></span> <span class='ocrx_word' id='word_1_396' title='bbox 749 4816 889 4867; x_wconf 82' lang='lat' dir='ltr'><strong>Deus</strong></span> <span class='ocrx_word' id='word_1_397' title='bbox 918 4824 1015 4880; x_wconf 87' lang='lat' dir='ltr'><strong>per</strong></span> <span class='ocrx_word' id='word_1_398' title='bbox 1036 4808 1304 4874; x_wconf 73' lang='lat' dir='ltr'><strong>eflectum,</strong></span> <span class='ocrx_word' id='word_1_399' title='bbox 1332 4812 1443 4864; x_wconf 88' lang='lat' dir='ltr'><strong>duo</strong></span> <span class='ocrx_word' id='word_1_400' title='bbox 1471 4820 1711 4876; x_wconf 87' lang='lat' dir='ltr'><strong>concep-</strong></span> 
     </span>
    </p>
   </div>
   <div class='ocr_carea' id='block_1_6' title="bbox 203 4885 1453 5019">
    <p class='ocr_par' dir='ltr' id='par_1_27' title="bbox 203 4885 1453 5019">
     <span class='ocr_line' id='line_1_60' title="bbox 203 4885 1453 4955; baseline -0.002 -12"><span class='ocrx_word' id='word_1_401' title='bbox 203 4898 293 4944; x_wconf 88' lang='lat' dir='ltr'><strong>tus</strong></span> <span class='ocrx_word' id='word_1_402' title='bbox 316 4889 639 4955; x_wconf 78' lang='lat' dir='ltr'><strong>formantur,</strong></span> <span class='ocrx_word' id='word_1_403' title='bbox 656 4902 803 4942; x_wconf 91' lang='lat' dir='ltr'><strong>unus</strong></span> <span class='ocrx_word' id='word_1_404' title='bbox 816 4888 931 4953; x_wconf 84' lang='lat' dir='ltr'><strong>Dei,</strong></span> <span class='ocrx_word' id='word_1_405' title='bbox 955 4889 1088 4941; x_wconf 85' lang='lat' dir='ltr'><strong>alter</strong></span> <span class='ocrx_word' id='word_1_406' title='bbox 1110 4887 1352 4951; x_wconf 80' lang='lat' dir='ltr'><strong>effectus,</strong></span> <span class='ocrx_word' id='word_1_407' title='bbox 1377 4885 1453 4940; x_wconf 91' lang='lat' dir='ltr'><strong>ib.</strong></span> 
     </span>
     <span class='ocr_line' id='line_1_61' title="bbox 206 4966 623 5019; baseline 0 -1"><span class='ocrx_word' id='word_1_408' title='bbox 206 4966 345 5019; x_wconf 83' lang='lat' dir='ltr'><strong>Vide</strong></span> <span class='ocrx_word' id='word_1_409' title='bbox 378 4966 623 5019; x_wconf 86' lang='lat' dir='ltr'><strong>seientia.</strong></span> 
     </span>
    </p>
   </div>
   <div class='ocr_carea' id='block_1_7' title="bbox 380 5091 1473 5141">
    <p class='ocr_par' dir='ltr' id='par_1_28' title="bbox 380 5091 1473 5141">
     <span class='ocr_line' id='line_1_62' title="bbox 380 5091 1473 5141; baseline -0.008 0"><span class='ocrx_word' id='word_1_410' title='bbox 380 5100 765 5141; x_wconf 66' lang='lat' dir='ltr'><strong>conueniente.</strong></span> <span class='ocrx_word' id='word_1_411' title='bbox 794 5094 1161 5138; x_wconf 65' lang='lat' dir='ltr'><strong>connumcano</strong></span> <span class='ocrx_word' id='word_1_412' title='bbox 1182 5091 1473 5135; x_wconf 58' lang='lat' dir='ltr'><strong>imum.</strong></span> 
     </span>
    </p>
   </div>
   <div class='ocr_carea' id='block_1_8' title="bbox 143 5188 1710 5260">
    <p class='ocr_par' dir='ltr' id='par_1_29' title="bbox 143 5188 1710 5260">
     <span class='ocr_line' id='line_1_63' title="bbox 143 5188 1710 5260; baseline -0.007 -10"><span class='ocrx_word' id='word_1_413' title='bbox 143 5196 672 5251; x_wconf 81' lang='lat' dir='ltr'><strong>communicationis</strong></span> <span class='ocrx_word' id='word_1_414' title='bbox 694 5194 891 5249; x_wconf 91' lang='lat' dir='ltr'><strong>modus</strong></span> <span class='ocrx_word' id='word_1_415' title='bbox 912 5194 1039 5260; x_wconf 87' lang='lat' dir='ltr'><strong>quis</strong></span> <span class='ocrx_word' id='word_1_416' title='bbox 1054 5190 1314 5246; x_wconf 89' lang='lat' dir='ltr'><strong>omnibus</strong></span> <span class='ocrx_word' id='word_1_417' title='bbox 1332 5194 1563 5257; x_wconf 67' lang='lat' dir='ltr'><strong>praestet,</strong></span> <span class='ocrx_word' id='word_1_418' title='bbox 1584 5188 1639 5241; x_wconf 87' lang='lat' dir='ltr'><strong>d.</strong></span> <span class='ocrx_word' id='word_1_419' title='bbox 1660 5192 1710 5252; x_wconf 73' lang='lat'><strong>2,</strong></span> 
     </span>
    </p>
   </div>
   <div class='ocr_carea' id='block_1_9' title="bbox 148 5276 1603 5413">
    <p class='ocr_par' dir='ltr' id='par_1_30' title="bbox 148 5276 1603 5413">
     <span class='ocr_line' id='line_1_64' title="bbox 148 5276 1603 5413; baseline -0.008 -11"><span class='ocrx_word' id='word_1_420' title='bbox 148 5276 587 5402; x_wconf 53' lang='lat' dir='ltr'><strong>cgmmunieatio</strong></span> <span class='ocrx_word' id='word_1_421' title='bbox 615 5346 674 5399; x_wconf 90' lang='lat' dir='ltr'><strong>in</strong></span> <span class='ocrx_word' id='word_1_422' title='bbox 694 5344 901 5401; x_wconf 86' lang='lat' dir='ltr'><strong>divinis</strong></span> <span class='ocrx_word' id='word_1_423' title='bbox 928 5343 1176 5413; x_wconf 89' lang='lat' dir='ltr'><strong>personis</strong></span> <span class='ocrx_word' id='word_1_424' title='bbox 1209 5340 1506 5405; x_wconf 83' lang='lat' dir='ltr'><strong>invenitur,</strong></span> <span class='ocrx_word' id='word_1_425' title='bbox 1526 5336 1603 5393; x_wconf 83' lang='lat' dir='ltr'><strong>ib.</strong></span> 
     </span>
    </p>
   </div>
   <div class='ocr_carea' id='block_1_10' title="bbox 150 5416 1718 5485">
    <p class='ocr_par' dir='ltr' id='par_1_31' title="bbox 150 5416 1718 5485">
     <span class='ocr_line' id='line_1_65' title="bbox 150 5416 1718 5485; baseline -0.008 -7"><span class='ocrx_word' id='word_1_426' title='bbox 150 5422 589 5478; x_wconf 83' lang='lat' dir='ltr'><strong>communicatio</strong></span> <span class='ocrx_word' id='word_1_427' title='bbox 606 5422 841 5477; x_wconf 77' lang='lat' dir='ltr'><strong>maxima</strong></span> <span class='ocrx_word' id='word_1_428' title='bbox 856 5422 951 5477; x_wconf 83' lang='lat' dir='ltr'><strong>Dei</strong></span> <span class='ocrx_word' id='word_1_429' title='bbox 973 5418 1233 5476; x_wconf 82' lang='lat' dir='ltr'><strong>creaturis</strong></span> <span class='ocrx_word' id='word_1_430' title='bbox 1256 5416 1315 5471; x_wconf 84' lang='lat' dir='ltr'><strong>fit</strong></span> <span class='ocrx_word' id='word_1_431' title='bbox 1342 5430 1439 5485; x_wconf 85' lang='lat' dir='ltr'><strong>per</strong></span> <span class='ocrx_word' id='word_1_432' title='bbox 1458 5416 1718 5469; x_wconf 82' lang='lat' dir='ltr'><strong>incarna-</strong></span> 
     </span>
    </p>
   </div>
   <div class='ocr_carea' id='block_1_11' title="bbox 224 5500 654 5651">
    <p class='ocr_par' dir='ltr' id='par_1_32' title="bbox 224 5500 654 5651">
     <span class='ocr_line' id='line_1_66' title="bbox 224 5500 549 5566; baseline -0.003 -13"><span class='ocrx_word' id='word_1_433' title='bbox 224 5502 449 5566; x_wconf 83' lang='lat' dir='ltr'><strong>tionem,</strong></span> <span class='ocrx_word' id='word_1_434' title='bbox 474 5500 549 5553; x_wconf 90' lang='lat' dir='ltr'><strong>ib.</strong></span> 
     </span>
     <span class='ocr_line' id='line_1_67' title="bbox 484 5603 654 5651; baseline -0.012 0"><span class='ocrx_word' id='word_1_435' title='bbox 484 5603 654 5651; x_wconf 71' lang='lat' dir='ltr'><strong>xviii.</strong></span> 
     </span>
    </p>
   </div>
   <div class='ocr_carea' id='block_1_12' title="bbox 1748 395 3344 3416">
    <p class='ocr_par' dir='ltr' id='par_1_33' title="bbox 1748 395 3315 537">
     <span class='ocr_line' id='line_1_68' title="bbox 1748 395 3315 469; baseline 0.003 -16"><span class='ocrx_word' id='word_1_436' title='bbox 1748 397 2186 453; x_wconf 83' lang='lat' dir='ltr'><strong>communicatio</strong></span> <span class='ocrx_word' id='word_1_437' title='bbox 2199 398 2316 453; x_wconf 64' lang='lat' dir='ltr'><strong>hate</strong></span> <span class='ocrx_word' id='word_1_438' title='bbox 2334 396 2425 453; x_wconf 80' lang='lat' dir='ltr'><strong>bet</strong></span> <span class='ocrx_word' id='word_1_439' title='bbox 2449 395 2722 453; x_wconf 81' lang='lat' dir='ltr'><strong>tnflnttam</strong></span> <span class='ocrx_word' id='word_1_440' title='bbox 2743 401 3038 469; x_wconf 82' lang='lat' dir='ltr'><strong>potentiam</strong></span> <span class='ocrx_word' id='word_1_441' title='bbox 3059 404 3315 465; x_wconf 74' lang='lat' dir='ltr'><strong>ostendit,</strong></span> 
     </span>
     <span class='ocr_line' id='line_1_69' title="bbox 1812 474 2082 537; baseline 0 -10"><span class='ocrx_word' id='word_1_442' title='bbox 1812 474 1869 527; x_wconf 81' lang='lat' dir='ltr'><strong>d.</strong></span> <span class='ocrx_word' id='word_1_443' title='bbox 1892 479 1942 537; x_wconf 76' lang='lat'><strong>2,</strong></span> <span class='ocrx_word' id='word_1_444' title='bbox 1967 487 2012 525; x_wconf 81' lang='lat' dir='ltr'><strong>S.</strong></span> <span class='ocrx_word' id='word_1_445' title='bbox 2036 476 2082 527; x_wconf 78' lang='lat'><strong>⁴.</strong></span> 
     </span>
    </p>

    <p class='ocr_par' dir='ltr' id='par_1_34' title="bbox 1750 549 3313 689">
     <span class='ocr_line' id='line_1_70' title="bbox 1750 549 3313 618; baseline 0.003 -15"><span class='ocrx_word' id='word_1_446' title='bbox 1750 549 2184 604; x_wconf 87' lang='lat' dir='ltr'><strong>communicatio</strong></span> <span class='ocrx_word' id='word_1_447' title='bbox 2213 551 2326 603; x_wconf 85' lang='lat' dir='ltr'><strong>haec</strong></span> <span class='ocrx_word' id='word_1_448' title='bbox 2357 552 2465 603; x_wconf 83' lang='lat' dir='ltr'><strong>Deo</strong></span> <span class='ocrx_word' id='word_1_449' title='bbox 2508 550 2976 618; x_wconf 78' lang='lat' dir='ltr'><strong>imperfectionem</strong></span> <span class='ocrx_word' id='word_1_450' title='bbox 3015 564 3124 606; x_wconf 89' lang='lat' dir='ltr'><strong>non</strong></span> <span class='ocrx_word' id='word_1_451' title='bbox 3169 560 3313 607; x_wconf 78' lang='lat' dir='ltr'><strong>attu-</strong></span> 
     </span>
     <span class='ocr_line' id='line_1_71' title="bbox 1815 625 2010 689; baseline 0 -12"><span class='ocrx_word' id='word_1_452' title='bbox 1815 625 1895 689; x_wconf 91' lang='lat' dir='ltr'><strong>lit,</strong></span> <span class='ocrx_word' id='word_1_453' title='bbox 1932 626 2010 679; x_wconf 90' lang='lat' dir='ltr'><strong>ib.</strong></span> 
     </span>
    </p>

    <p class='ocr_par' dir='ltr' id='par_1_35' title="bbox 1750 701 3317 845">
     <span class='ocr_line' id='line_1_72' title="bbox 1750 701 3317 766; baseline 0.001 -11"><span class='ocrx_word' id='word_1_454' title='bbox 1750 702 2133 757; x_wconf 82' lang='lat' dir='ltr'><strong>communicat</strong></span> <span class='ocrx_word' id='word_1_455' title='bbox 2149 714 2208 755; x_wconf 89' lang='lat' dir='ltr'><strong>se</strong></span> <span class='ocrx_word' id='word_1_456' title='bbox 2229 701 2304 754; x_wconf 88' lang='lat' dir='ltr'><strong>ita</strong></span> <span class='ocrx_word' id='word_1_457' title='bbox 2324 702 2562 755; x_wconf 74' lang='lat' dir='ltr'><strong>Verbum</strong></span> <span class='ocrx_word' id='word_1_458' title='bbox 2583 704 2838 757; x_wconf 61' lang='lat' dir='ltr'><strong>humanat</strong></span> <span class='ocrx_word' id='word_1_459' title='bbox 2860 709 3085 766; x_wconf 73' lang='lat' dir='ltr'><strong>naturae,</strong></span> <span class='ocrx_word' id='word_1_460' title='bbox 3109 710 3169 757; x_wconf 88' lang='lat' dir='ltr'><strong>ut</strong></span> <span class='ocrx_word' id='word_1_461' title='bbox 3187 716 3317 758; x_wconf 80' lang='lat' dir='ltr'><strong>vere</strong></span> 
     </span>
     <span class='ocr_line' id='line_1_73' title="bbox 1814 776 2750 845; baseline -0.001 -12"><span class='ocrx_word' id='word_1_462' title='bbox 1814 784 1869 833; x_wconf 85' lang='lat' dir='ltr'><strong>et</strong></span> <span class='ocrx_word' id='word_1_463' title='bbox 1892 777 2317 833; x_wconf 82' lang='lat' dir='ltr'><strong>substantialiter</strong></span> <span class='ocrx_word' id='word_1_464' title='bbox 2347 776 2427 831; x_wconf 87' lang='lat' dir='ltr'><strong>illi</strong></span> <span class='ocrx_word' id='word_1_465' title='bbox 2450 779 2750 845; x_wconf 85' lang='lat' dir='ltr'><strong>copuletur.</strong></span> 
     </span>
    </p>

    <p class='ocr_par' dir='ltr' id='par_1_36' title="bbox 1750 854 3157 1073">
     <span class='ocr_line' id='line_1_74' title="bbox 1750 854 3157 921; baseline -0.001 -12"><span class='ocrx_word' id='word_1_466' title='bbox 1750 854 2282 909; x_wconf 82' lang='lat' dir='ltr'><strong>communicationis</strong></span> <span class='ocrx_word' id='word_1_467' title='bbox 2311 855 2506 908; x_wconf 90' lang='lat' dir='ltr'><strong>modus</strong></span> <span class='ocrx_word' id='word_1_468' title='bbox 2525 855 2826 921; x_wconf 81' lang='lat' dir='ltr'><strong>multiplex,</strong></span> <span class='ocrx_word' id='word_1_469' title='bbox 2849 857 2904 909; x_wconf 90' lang='lat' dir='ltr'><strong>d.</strong></span> <span class='ocrx_word' id='word_1_470' title='bbox 2937 861 3016 921; x_wconf 78' lang='lat' dir='ltr'><strong>lt,</strong></span> <span class='ocrx_word' id='word_1_471' title='bbox 3037 872 3078 908; x_wconf 79' lang='lat' dir='ltr'><strong>s.</strong></span> <span class='ocrx_word' id='word_1_472' title='bbox 3113 864 3157 908; x_wconf 79' lang='lat'><strong>3.</strong></span> 
     </span>
     <span class='ocr_line' id='line_1_75' title="bbox 1812 930 2983 998; baseline 0 -13"><span class='ocrx_word' id='word_1_473' title='bbox 1812 930 2408 985; x_wconf 81' lang='lat' dir='ltr'><strong>incommunicabilitas</strong></span> <span class='ocrx_word' id='word_1_474' title='bbox 2435 933 2570 998; x_wconf 86' lang='lat' dir='ltr'><strong>quid</strong></span> <span class='ocrx_word' id='word_1_475' title='bbox 2601 932 2690 998; x_wconf 88' lang='lat' dir='ltr'><strong>sit,</strong></span> <span class='ocrx_word' id='word_1_476' title='bbox 2715 933 2770 987; x_wconf 91' lang='lat' dir='ltr'><strong>d.</strong></span> <span class='ocrx_word' id='word_1_477' title='bbox 2799 936 2848 998; x_wconf 91' lang='lat'><strong>⁴,</strong></span> <span class='ocrx_word' id='word_1_478' title='bbox 2871 946 2913 985; x_wconf 87' lang='lat' dir='ltr'><strong>s.</strong></span> <span class='ocrx_word' id='word_1_479' title='bbox 2937 939 2983 985; x_wconf 76' lang='grc'><strong>3.</strong></span> 
     </span>
     <span class='ocr_line' id='line_1_76' title="bbox 1812 1008 2402 1073; baseline -0.005 -12"><span class='ocrx_word' id='word_1_480' title='bbox 1812 1008 1953 1061; x_wconf 64' lang='lat' dir='ltr'><strong>nodi</strong></span> <span class='ocrx_word' id='word_1_481' title='bbox 1977 1009 2115 1073; x_wconf 83' lang='lat' dir='ltr'><strong>ejus,</strong></span> <span class='ocrx_word' id='word_1_482' title='bbox 2137 1009 2191 1060; x_wconf 90' lang='lat' dir='ltr'><strong>d.</strong></span> <span class='ocrx_word' id='word_1_483' title='bbox 2216 1012 2266 1071; x_wconf 84' lang='lat'><strong>⁴,</strong></span> <span class='ocrx_word' id='word_1_484' title='bbox 2289 1020 2333 1059; x_wconf 88' lang='lat' dir='ltr'><strong>s.</strong></span> <span class='ocrx_word' id='word_1_485' title='bbox 2355 1013 2402 1059; x_wconf 79' lang='lat' dir='ltr'><strong>s.</strong></span> 
     </span>
    </p>

    <p class='ocr_par' dir='ltr' id='par_1_37' title="bbox 1752 1084 3318 1299">
     <span class='ocr_line' id='line_1_77' title="bbox 1752 1084 3318 1151; baseline -0.001 -12"><span class='ocrx_word' id='word_1_486' title='bbox 1752 1084 2186 1139; x_wconf 86' lang='lat' dir='ltr'><strong>communicatio</strong></span> <span class='ocrx_word' id='word_1_487' title='bbox 2207 1084 2528 1137; x_wconf 88' lang='lat' dir='ltr'><strong>idiomatum</strong></span> <span class='ocrx_word' id='word_1_488' title='bbox 2556 1085 2736 1151; x_wconf 84' lang='lat' dir='ltr'><strong>qualis</strong></span> <span class='ocrx_word' id='word_1_489' title='bbox 2755 1086 2939 1139; x_wconf 87' lang='lat' dir='ltr'><strong>futura</strong></span> <span class='ocrx_word' id='word_1_490' title='bbox 2959 1092 3112 1147; x_wconf 89' lang='lat' dir='ltr'><strong>esset,</strong></span> <span class='ocrx_word' id='word_1_491' title='bbox 3143 1085 3187 1137; x_wconf 89' lang='lat' dir='ltr'><strong>si</strong></span> <span class='ocrx_word' id='word_1_492' title='bbox 3213 1090 3318 1137; x_wconf 83' lang='lat' dir='ltr'><strong>tres</strong></span> 
     </span>
     <span class='ocr_line' id='line_1_78' title="bbox 1814 1160 3318 1227; baseline -0.001 -13"><span class='ocrx_word' id='word_1_493' title='bbox 1814 1172 2058 1227; x_wconf 67' lang='lat' dir='ltr'><strong>personae</strong></span> <span class='ocrx_word' id='word_1_494' title='bbox 2077 1160 2284 1214; x_wconf 82' lang='lat' dir='ltr'><strong>divinae</strong></span> <span class='ocrx_word' id='word_1_495' title='bbox 2315 1166 2655 1215; x_wconf 82' lang='lat' dir='ltr'><strong>assumerent</strong></span> <span class='ocrx_word' id='word_1_496' title='bbox 2693 1172 2863 1215; x_wconf 89' lang='lat' dir='ltr'><strong>unam</strong></span> <span class='ocrx_word' id='word_1_497' title='bbox 2909 1167 3159 1215; x_wconf 87' lang='lat' dir='ltr'><strong>naturam</strong></span> <span class='ocrx_word' id='word_1_498' title='bbox 3207 1162 3318 1213; x_wconf 89' lang='lat' dir='ltr'><strong>hu-</strong></span> 
     </span>
     <span class='ocr_line' id='line_1_79' title="bbox 1816 1237 2380 1299; baseline -0.004 -10"><span class='ocrx_word' id='word_1_499' title='bbox 1816 1250 2056 1296; x_wconf 87' lang='lat' dir='ltr'><strong>manam,</strong></span> <span class='ocrx_word' id='word_1_500' title='bbox 2080 1237 2135 1290; x_wconf 90' lang='lat' dir='ltr'><strong>d.</strong></span> <span class='ocrx_word' id='word_1_501' title='bbox 2159 1242 2238 1299; x_wconf 74' lang='lat'><strong>12,</strong></span> <span class='ocrx_word' id='word_1_502' title='bbox 2264 1251 2306 1289; x_wconf 91' lang='lat' dir='ltr'><strong>s.</strong></span> <span class='ocrx_word' id='word_1_503' title='bbox 2332 1242 2380 1287; x_wconf 75' lang='lat'><strong>2.</strong></span> 
     </span>
    </p>

    <p class='ocr_par' dir='ltr' id='par_1_38' title="bbox 1752 1312 3317 1455">
     <span class='ocr_line' id='line_1_80' title="bbox 1752 1312 3317 1367; baseline 0.001 -2"><span class='ocrx_word' id='word_1_504' title='bbox 1752 1313 2186 1367; x_wconf 81' lang='lat' dir='ltr'><strong>communicatio</strong></span> <span class='ocrx_word' id='word_1_505' title='bbox 2235 1312 2558 1367; x_wconf 85' lang='lat' dir='ltr'><strong>idiomatum</strong></span> <span class='ocrx_word' id='word_1_506' title='bbox 2608 1319 2746 1365; x_wconf 86' lang='lat' dir='ltr'><strong>esset</strong></span> <span class='ocrx_word' id='word_1_507' title='bbox 2785 1312 2927 1365; x_wconf 87' lang='lat' dir='ltr'><strong>inter</strong></span> <span class='ocrx_word' id='word_1_508' title='bbox 2967 1320 3187 1367; x_wconf 86' lang='lat' dir='ltr'><strong>naturas</strong></span> <span class='ocrx_word' id='word_1_509' title='bbox 3228 1328 3317 1366; x_wconf 83' lang='lat' dir='ltr'><strong>as·</strong></span> 
     </span>
     <span class='ocr_line' id='line_1_81' title="bbox 1817 1388 3158 1455; baseline 0 -14"><span class='ocrx_word' id='word_1_510' title='bbox 1817 1394 2074 1455; x_wconf 83' lang='lat' dir='ltr'><strong>sumptas,</strong></span> <span class='ocrx_word' id='word_1_511' title='bbox 2097 1388 2256 1441; x_wconf 82' lang='lat' dir='ltr'><strong>sicas</strong></span> <span class='ocrx_word' id='word_1_512' title='bbox 2273 1400 2506 1455; x_wconf 88' lang='lat' dir='ltr'><strong>persona</strong></span> <span class='ocrx_word' id='word_1_513' title='bbox 2529 1388 2720 1442; x_wconf 85' lang='lat' dir='ltr'><strong>divina</strong></span> <span class='ocrx_word' id='word_1_514' title='bbox 2741 1394 3056 1453; x_wconf 85' lang='lat' dir='ltr'><strong>assumeret,</strong></span> <span class='ocrx_word' id='word_1_515' title='bbox 3081 1389 3158 1441; x_wconf 86' lang='lat' dir='ltr'><strong>ib.</strong></span> 
     </span>
    </p>

    <p class='ocr_par' dir='ltr' id='par_1_39' title="bbox 1754 1463 3320 1605">
     <span class='ocr_line' id='line_1_82' title="bbox 1754 1463 3320 1533; baseline 0.001 -16"><span class='ocrx_word' id='word_1_516' title='bbox 1754 1464 2188 1517; x_wconf 85' lang='lat' dir='ltr'><strong>communicatio</strong></span> <span class='ocrx_word' id='word_1_517' title='bbox 2233 1463 2554 1517; x_wconf 88' lang='lat' dir='ltr'><strong>idiomatum</strong></span> <span class='ocrx_word' id='word_1_518' title='bbox 2587 1476 2700 1518; x_wconf 89' lang='lat' dir='ltr'><strong>non</strong></span> <span class='ocrx_word' id='word_1_519' title='bbox 2734 1468 2814 1518; x_wconf 85' lang='lat' dir='ltr'><strong>est</strong></span> <span class='ocrx_word' id='word_1_520' title='bbox 2861 1465 3004 1519; x_wconf 89' lang='lat' dir='ltr'><strong>inter</strong></span> <span class='ocrx_word' id='word_1_521' title='bbox 3043 1464 3320 1533; x_wconf 82' lang='lat' dir='ltr'><strong>supposita</strong></span> 
     </span>
     <span class='ocr_line' id='line_1_83' title="bbox 1818 1540 2653 1605; baseline 0.001 -14"><span class='ocrx_word' id='word_1_522' title='bbox 1818 1540 2062 1605; x_wconf 81' lang='lat' dir='ltr'><strong>ejusdem</strong></span> <span class='ocrx_word' id='word_1_523' title='bbox 2091 1546 2300 1594; x_wconf 71' lang='lat' dir='ltr'><strong>natura‘.</strong></span> <span class='ocrx_word' id='word_1_524' title='bbox 2333 1540 2389 1593; x_wconf 92' lang='lat' dir='ltr'><strong>d.</strong></span> <span class='ocrx_word' id='word_1_525' title='bbox 2429 1545 2506 1603; x_wconf 78' lang='grc'><strong>33,</strong></span> <span class='ocrx_word' id='word_1_526' title='bbox 2533 1554 2576 1593; x_wconf 91' lang='lat' dir='ltr'><strong>s.</strong></span> <span class='ocrx_word' id='word_1_527' title='bbox 2604 1546 2653 1592; x_wconf 73' lang='lat'><strong>2.</strong></span> 
     </span>
    </p>

    <p class='ocr_par' dir='ltr' id='par_1_40' title="bbox 1756 1611 3323 1759">
     <span class='ocr_line' id='line_1_84' title="bbox 1756 1611 3323 1683; baseline 0.001 -14"><span class='ocrx_word' id='word_1_528' title='bbox 1756 1616 2189 1669; x_wconf 83' lang='lat' dir='ltr'><strong>communicatio</strong></span> <span class='ocrx_word' id='word_1_529' title='bbox 2210 1611 2533 1670; x_wconf 76' lang='lat' dir='ltr'><strong>idiomatum</strong></span> <span class='ocrx_word' id='word_1_530' title='bbox 2563 1616 2782 1683; x_wconf 84' lang='lat' dir='ltr'><strong>proprie</strong></span> <span class='ocrx_word' id='word_1_531' title='bbox 2809 1624 2890 1670; x_wconf 88' lang='lat' dir='ltr'><strong>est</strong></span> <span class='ocrx_word' id='word_1_532' title='bbox 2911 1616 3158 1683; x_wconf 87' lang='lat' dir='ltr'><strong>ejusdem</strong></span> <span class='ocrx_word' id='word_1_533' title='bbox 3185 1631 3323 1682; x_wconf 89' lang='lat' dir='ltr'><strong>sup-</strong></span> 
     </span>
     <span class='ocr_line' id='line_1_85' title="bbox 1816 1690 3005 1759; baseline 0.002 -16"><span class='ocrx_word' id='word_1_534' title='bbox 1816 1691 1977 1758; x_wconf 87' lang='lat' dir='ltr'><strong>positi</strong></span> <span class='ocrx_word' id='word_1_535' title='bbox 2007 1692 2289 1746; x_wconf 85' lang='lat' dir='ltr'><strong>existentis</strong></span> <span class='ocrx_word' id='word_1_536' title='bbox 2319 1691 2380 1744; x_wconf 92' lang='lat' dir='ltr'><strong>in</strong></span> <span class='ocrx_word' id='word_1_537' title='bbox 2402 1690 2654 1759; x_wconf 84' lang='lat' dir='ltr'><strong>pluribus</strong></span> <span class='ocrx_word' id='word_1_538' title='bbox 2674 1693 2901 1757; x_wconf 88' lang='lat' dir='ltr'><strong>naturis,</strong></span> <span class='ocrx_word' id='word_1_539' title='bbox 2933 1692 3005 1745; x_wconf 88' lang='lat' dir='ltr'><strong>ib.</strong></span> 
     </span>
    </p>

    <p class='ocr_par' dir='ltr' id='par_1_41' title="bbox 1753 1766 3326 1985">
     <span class='ocr_line' id='line_1_86' title="bbox 1753 1766 3325 1835; baseline 0 -15"><span class='ocrx_word' id='word_1_540' title='bbox 1753 1766 2188 1821; x_wconf 88' lang='lat' dir='ltr'><strong>communicatio</strong></span> <span class='ocrx_word' id='word_1_541' title='bbox 2223 1767 2546 1821; x_wconf 89' lang='lat' dir='ltr'><strong>idiomatum</strong></span> <span class='ocrx_word' id='word_1_542' title='bbox 2565 1773 2646 1821; x_wconf 87' lang='lat' dir='ltr'><strong>est</strong></span> <span class='ocrx_word' id='word_1_543' title='bbox 2663 1769 3024 1835; x_wconf 88' lang='lat' dir='ltr'><strong>propietatum</strong></span> <span class='ocrx_word' id='word_1_544' title='bbox 3045 1783 3139 1822; x_wconf 89' lang='lat' dir='ltr'><strong>seu</strong></span> <span class='ocrx_word' id='word_1_545' title='bbox 3169 1766 3325 1821; x_wconf 78' lang='lat' dir='ltr'><strong>attri-</strong></span> 
     </span>
     <span class='ocr_line' id='line_1_87' title="bbox 1816 1844 3326 1911; baseline 0 -14"><span class='ocrx_word' id='word_1_546' title='bbox 1816 1845 2075 1897; x_wconf 85' lang='lat' dir='ltr'><strong>butorum</strong></span> <span class='ocrx_word' id='word_1_547' title='bbox 2109 1844 2256 1898; x_wconf 90' lang='lat' dir='ltr'><strong>inter</strong></span> <span class='ocrx_word' id='word_1_548' title='bbox 2291 1846 2463 1898; x_wconf 82' lang='lat' dir='ltr'><strong>Deum</strong></span> <span class='ocrx_word' id='word_1_549' title='bbox 2495 1849 2550 1897; x_wconf 91' lang='lat' dir='ltr'><strong>et</strong></span> <span class='ocrx_word' id='word_1_550' title='bbox 2581 1844 2862 1899; x_wconf 88' lang='lat' dir='ltr'><strong>hominem</strong></span> <span class='ocrx_word' id='word_1_551' title='bbox 2907 1850 3093 1899; x_wconf 87' lang='lat' dir='ltr'><strong>mutua</strong></span> <span class='ocrx_word' id='word_1_552' title='bbox 3125 1844 3326 1911; x_wconf 85' lang='lat' dir='ltr'><strong>praedi-</strong></span> 
     </span>
     <span class='ocr_line' id='line_1_88' title="bbox 1818 1920 2330 1985; baseline -0.008 -11"><span class='ocrx_word' id='word_1_553' title='bbox 1818 1920 1980 1985; x_wconf 88' lang='lat' dir='ltr'><strong>catio,</strong></span> <span class='ocrx_word' id='word_1_554' title='bbox 2010 1920 2066 1974; x_wconf 90' lang='lat' dir='ltr'><strong>d.</strong></span> <span class='ocrx_word' id='word_1_555' title='bbox 2099 1924 2180 1984; x_wconf 71' lang='lat'><strong>⁸5,</strong></span> <span class='ocrx_word' id='word_1_556' title='bbox 2206 1934 2250 1973; x_wconf 91' lang='lat' dir='ltr'><strong>s.</strong></span> <span class='ocrx_word' id='word_1_557' title='bbox 2283 1925 2330 1971; x_wconf 75' lang='grc' dir='ltr'><strong>ι.</strong></span> 
     </span>
    </p>

    <p class='ocr_par' dir='ltr' id='par_1_42' title="bbox 1758 1994 3323 2212">
     <span class='ocr_line' id='line_1_89' title="bbox 1758 1994 3323 2050; baseline 0.001 -3"><span class='ocrx_word' id='word_1_558' title='bbox 1758 1996 1819 2048; x_wconf 82' lang='lat' dir='ltr'><strong>in</strong></span> <span class='ocrx_word' id='word_1_559' title='bbox 1854 1996 2356 2049; x_wconf 86' lang='lat' dir='ltr'><strong>communicatione</strong></span> <span class='ocrx_word' id='word_1_560' title='bbox 2406 1996 2728 2050; x_wconf 86' lang='lat' dir='ltr'><strong>idiomatum</strong></span> <span class='ocrx_word' id='word_1_561' title='bbox 2779 1994 3019 2049; x_wconf 66' lang='lat' dir='ltr'><strong>haeretiei</strong></span> <span class='ocrx_word' id='word_1_562' title='bbox 3055 2001 3109 2049; x_wconf 90' lang='lat' dir='ltr'><strong>et</strong></span> <span class='ocrx_word' id='word_1_563' title='bbox 3153 1996 3323 2049; x_wconf 84' lang='lat' dir='ltr'><strong>Scho-</strong></span> 
     </span>
     <span class='ocr_line' id='line_1_90' title="bbox 1821 2070 2914 2139; baseline 0.001 -18"><span class='ocrx_word' id='word_1_564' title='bbox 1821 2070 1995 2124; x_wconf 90' lang='lat' dir='ltr'><strong>lastici</strong></span> <span class='ocrx_word' id='word_1_565' title='bbox 2026 2070 2253 2137; x_wconf 86' lang='lat' dir='ltr'><strong>quidam</strong></span> <span class='ocrx_word' id='word_1_566' title='bbox 2281 2072 2512 2139; x_wconf 85' lang='lat' dir='ltr'><strong>turpiter</strong></span> <span class='ocrx_word' id='word_1_567' title='bbox 2532 2076 2802 2136; x_wconf 88' lang='lat' dir='ltr'><strong>errarunt,</strong></span> <span class='ocrx_word' id='word_1_568' title='bbox 2841 2071 2914 2123; x_wconf 84' lang='lat' dir='ltr'><strong>ib.</strong></span> 
     </span>
     <span class='ocr_line' id='line_1_91' title="bbox 1820 2146 2280 2212; baseline 0 -13"><span class='ocrx_word' id='word_1_569' title='bbox 1820 2146 2182 2212; x_wconf 77' lang='lat' dir='ltr'><strong>Refelluntur,</strong></span> <span class='ocrx_word' id='word_1_570' title='bbox 2205 2148 2280 2200; x_wconf 89' lang='lat' dir='ltr'><strong>ib.</strong></span> 
     </span>
    </p>

    <p class='ocr_par' dir='ltr' id='par_1_43' title="bbox 1758 2222 3330 2517">
     <span class='ocr_line' id='line_1_92' title="bbox 1758 2222 3330 2291; baseline -0.001 -14"><span class='ocrx_word' id='word_1_571' title='bbox 1758 2224 2194 2278; x_wconf 86' lang='lat' dir='ltr'><strong>communicatio</strong></span> <span class='ocrx_word' id='word_1_572' title='bbox 2239 2224 2563 2278; x_wconf 86' lang='lat' dir='ltr'><strong>idiomatum</strong></span> <span class='ocrx_word' id='word_1_573' title='bbox 2603 2234 2734 2277; x_wconf 87' lang='lat' dir='ltr'><strong>vera</strong></span> <span class='ocrx_word' id='word_1_574' title='bbox 2775 2228 2828 2275; x_wconf 90' lang='lat' dir='ltr'><strong>et</strong></span> <span class='ocrx_word' id='word_1_575' title='bbox 2869 2222 3088 2291; x_wconf 84' lang='lat' dir='ltr'><strong>propria</strong></span> <span class='ocrx_word' id='word_1_576' title='bbox 3133 2234 3266 2277; x_wconf 86' lang='lat' dir='ltr'><strong>cons</strong></span> <span class='ocrx_word' id='word_1_577' title='bbox 3299 2248 3330 2261; x_wconf 88' lang='lat'><strong>-·</strong></span> 
     </span>
     <span class='ocr_line' id='line_1_93' title="bbox 1822 2298 3330 2367; baseline -0.001 -14"><span class='ocrx_word' id='word_1_578' title='bbox 1822 2304 1947 2353; x_wconf 90' lang='lat' dir='ltr'><strong>cuta</strong></span> <span class='ocrx_word' id='word_1_579' title='bbox 1976 2305 2056 2353; x_wconf 87' lang='lat' dir='ltr'><strong>est</strong></span> <span class='ocrx_word' id='word_1_580' title='bbox 2087 2314 2152 2353; x_wconf 85' lang='lat' dir='ltr'><strong>ex</strong></span> <span class='ocrx_word' id='word_1_581' title='bbox 2185 2301 2441 2367; x_wconf 76' lang='lat' dir='ltr'><strong>mysterio</strong></span> <span class='ocrx_word' id='word_1_582' title='bbox 2467 2298 2863 2353; x_wconf 88' lang='lat' dir='ltr'><strong>incarnationis</strong></span> <span class='ocrx_word' id='word_1_583' title='bbox 2897 2298 3040 2353; x_wconf 88' lang='lat' dir='ltr'><strong>inter</strong></span> <span class='ocrx_word' id='word_1_584' title='bbox 3075 2300 3246 2352; x_wconf 81' lang='lat' dir='ltr'><strong>Deum</strong></span> <span class='ocrx_word' id='word_1_585' title='bbox 3277 2305 3330 2351; x_wconf 89' lang='lat' dir='ltr'><strong>et</strong></span> 
     </span>
     <span class='ocr_line' id='line_1_94' title="bbox 1824 2375 2241 2437; baseline -0.005 -9"><span class='ocrx_word' id='word_1_586' title='bbox 1824 2375 2126 2437; x_wconf 88' lang='lat' dir='ltr'><strong>hominem,</strong></span> <span class='ocrx_word' id='word_1_587' title='bbox 2164 2376 2241 2428; x_wconf 87' lang='lat' dir='ltr'><strong>ib.</strong></span> 
     </span>
     <span class='ocr_line' id='line_1_95' title="bbox 1826 2452 2481 2517; baseline 0.003 -14"><span class='ocrx_word' id='word_1_588' title='bbox 1826 2454 1884 2503; x_wconf 84' lang='lat' dir='ltr'><strong>ln</strong></span> <span class='ocrx_word' id='word_1_589' title='bbox 1909 2462 2020 2517; x_wconf 85' lang='lat' dir='ltr'><strong>quo</strong></span> <span class='ocrx_word' id='word_1_590' title='bbox 2054 2452 2328 2517; x_wconf 83' lang='lat' dir='ltr'><strong>consistat,</strong></span> <span class='ocrx_word' id='word_1_591' title='bbox 2354 2467 2397 2506; x_wconf 90' lang='lat' dir='ltr'><strong>s.</strong></span> <span class='ocrx_word' id='word_1_592' title='bbox 2433 2458 2481 2505; x_wconf 66' lang='grc' dir='ltr'><strong>Β.</strong></span> 
     </span>
    </p>

    <p class='ocr_par' dir='ltr' id='par_1_44' title="bbox 1764 2527 3330 2673">
     <span class='ocr_line' id='line_1_96' title="bbox 1764 2527 3330 2597; baseline -0.003 -14"><span class='ocrx_word' id='word_1_593' title='bbox 1764 2528 2198 2584; x_wconf 87' lang='lat' dir='ltr'><strong>communicatio</strong></span> <span class='ocrx_word' id='word_1_594' title='bbox 2236 2530 2354 2584; x_wconf 85' lang='lat' dir='ltr'><strong>haec</strong></span> <span class='ocrx_word' id='word_1_595' title='bbox 2387 2529 2595 2584; x_wconf 87' lang='lat' dir='ltr'><strong>indicat</strong></span> <span class='ocrx_word' id='word_1_596' title='bbox 2621 2528 2801 2597; x_wconf 89' lang='lat' dir='ltr'><strong>potius</strong></span> <span class='ocrx_word' id='word_1_597' title='bbox 2834 2540 3016 2581; x_wconf 85' lang='lat' dir='ltr'><strong>veram</strong></span> <span class='ocrx_word' id='word_1_598' title='bbox 3039 2534 3092 2581; x_wconf 88' lang='lat' dir='ltr'><strong>et</strong></span> <span class='ocrx_word' id='word_1_599' title='bbox 3131 2527 3330 2581; x_wconf 82' lang='lat' dir='ltr'><strong>realem</strong></span> 
     </span>
     <span class='ocr_line' id='line_1_97' title="bbox 1828 2601 3298 2673; baseline -0.003 -15"><span class='ocrx_word' id='word_1_600' title='bbox 1828 2604 2117 2669; x_wconf 87' lang='lat' dir='ltr'><strong>unionem,</strong></span> <span class='ocrx_word' id='word_1_601' title='bbox 2143 2605 2200 2657; x_wconf 90' lang='lat' dir='ltr'><strong>in</strong></span> <span class='ocrx_word' id='word_1_602' title='bbox 2235 2620 2344 2673; x_wconf 89' lang='lat' dir='ltr'><strong>qua</strong></span> <span class='ocrx_word' id='word_1_603' title='bbox 2365 2606 2680 2673; x_wconf 81' lang='lat' dir='ltr'><strong>mysterium</strong></span> <span class='ocrx_word' id='word_1_604' title='bbox 2707 2606 2813 2657; x_wconf 91' lang='lat' dir='ltr'><strong>hoc</strong></span> <span class='ocrx_word' id='word_1_605' title='bbox 2837 2603 3073 2672; x_wconf 89' lang='lat' dir='ltr'><strong>positum</strong></span> <span class='ocrx_word' id='word_1_606' title='bbox 3095 2608 3191 2667; x_wconf 87' lang='lat' dir='ltr'><strong>cst,</strong></span> <span class='ocrx_word' id='word_1_607' title='bbox 3223 2601 3298 2655; x_wconf 88' lang='lat' dir='ltr'><strong>ib.</strong></span> 
     </span>
    </p>

    <p class='ocr_par' dir='ltr' id='par_1_45' title="bbox 1766 2678 3334 2823">
     <span class='ocr_line' id='line_1_98' title="bbox 1766 2678 3334 2747; baseline -0.003 -12"><span class='ocrx_word' id='word_1_608' title='bbox 1766 2680 2201 2735; x_wconf 86' lang='lat' dir='ltr'><strong>communicatio</strong></span> <span class='ocrx_word' id='word_1_609' title='bbox 2237 2682 2557 2737; x_wconf 88' lang='lat' dir='ltr'><strong>idiomatum</strong></span> <span class='ocrx_word' id='word_1_610' title='bbox 2585 2694 2698 2735; x_wconf 89' lang='lat' dir='ltr'><strong>non</strong></span> <span class='ocrx_word' id='word_1_611' title='bbox 2727 2680 2960 2734; x_wconf 88' lang='lat' dir='ltr'><strong>sumitur</strong></span> <span class='ocrx_word' id='word_1_612' title='bbox 2984 2694 3014 2732; x_wconf 90' lang='lat' dir='ltr'><strong>a</strong></span> <span class='ocrx_word' id='word_1_613' title='bbox 3039 2678 3334 2747; x_wconf 84' lang='lat' dir='ltr'><strong>proprieta-</strong></span> 
     </span>
     <span class='ocr_line' id='line_1_99' title="bbox 1828 2755 2492 2823; baseline -0.003 -12"><span class='ocrx_word' id='word_1_614' title='bbox 1828 2756 1978 2811; x_wconf 90' lang='lat' dir='ltr'><strong>tibus</strong></span> <span class='ocrx_word' id='word_1_615' title='bbox 2009 2755 2330 2823; x_wconf 88' lang='lat' dir='ltr'><strong>divinitatis,</strong></span> <span class='ocrx_word' id='word_1_616' title='bbox 2365 2772 2409 2811; x_wconf 89' lang='lat' dir='ltr'><strong>s.</strong></span> <span class='ocrx_word' id='word_1_617' title='bbox 2445 2760 2492 2810; x_wconf 84' lang='grc'><strong>3.</strong></span> 
     </span>
    </p>

    <p class='ocr_par' dir='ltr' id='par_1_46' title="bbox 1767 2830 3340 2969">
     <span class='ocr_line' id='line_1_100' title="bbox 1767 2830 3340 2895; baseline -0.002 -9"><span class='ocrx_word' id='word_1_618' title='bbox 1767 2833 1869 2886; x_wconf 87' lang='lat' dir='ltr'><strong>Per</strong></span> <span class='ocrx_word' id='word_1_619' title='bbox 1898 2833 2456 2888; x_wconf 88' lang='lat' dir='ltr'><strong>communicationem</strong></span> <span class='ocrx_word' id='word_1_620' title='bbox 2493 2833 2816 2887; x_wconf 88' lang='lat' dir='ltr'><strong>idiomatum</strong></span> <span class='ocrx_word' id='word_1_621' title='bbox 2858 2830 2966 2885; x_wconf 88' lang='lat' dir='ltr'><strong>diei</strong></span> <span class='ocrx_word' id='word_1_622' title='bbox 3016 2843 3126 2883; x_wconf 90' lang='lat' dir='ltr'><strong>non</strong></span> <span class='ocrx_word' id='word_1_623' title='bbox 3165 2834 3340 2895; x_wconf 80' lang='lat' dir='ltr'><strong>potest</strong></span> 
     </span>
     <span class='ocr_line' id='line_1_101' title="bbox 1828 2904 2916 2969; baseline -0.005 -8"><span class='ocrx_word' id='word_1_624' title='bbox 1828 2908 2067 2962; x_wconf 72' lang='lat' dir='ltr'><strong>Verbum</strong></span> <span class='ocrx_word' id='word_1_625' title='bbox 2103 2908 2298 2962; x_wconf 86' lang='lat' dir='ltr'><strong>mutari</strong></span> <span class='ocrx_word' id='word_1_626' title='bbox 2329 2909 2540 2963; x_wconf 83' lang='lat' dir='ltr'><strong>ratione</strong></span> <span class='ocrx_word' id='word_1_627' title='bbox 2569 2906 2815 2969; x_wconf 88' lang='lat' dir='ltr'><strong>unionis,</strong></span> <span class='ocrx_word' id='word_1_628' title='bbox 2841 2904 2916 2959; x_wconf 88' lang='lat' dir='ltr'><strong>ib.</strong></span> 
     </span>
    </p>

    <p class='ocr_par' dir='ltr' id='par_1_47' title="bbox 1832 2980 3341 3129">
     <span class='ocr_line' id='line_1_102' title="bbox 1832 2980 3341 3047; baseline -0.003 -10"><span class='ocrx_word' id='word_1_629' title='bbox 1832 2986 1913 3037; x_wconf 81' lang='lat' dir='ltr'><strong>An</strong></span> <span class='ocrx_word' id='word_1_630' title='bbox 1955 2994 2085 3037; x_wconf 86' lang='lat' dir='ltr'><strong>vero</strong></span> <span class='ocrx_word' id='word_1_631' title='bbox 2125 2985 2335 3038; x_wconf 85' lang='lat' dir='ltr'><strong>ratione</strong></span> <span class='ocrx_word' id='word_1_632' title='bbox 2363 2985 2597 3038; x_wconf 86' lang='lat' dir='ltr'><strong>aliarum</strong></span> <span class='ocrx_word' id='word_1_633' title='bbox 2629 2982 3010 3045; x_wconf 85' lang='lat' dir='ltr'><strong>mutationum,</strong></span> <span class='ocrx_word' id='word_1_634' title='bbox 3047 2992 3169 3047; x_wconf 80' lang='lat' dir='ltr'><strong>quae</strong></span> <span class='ocrx_word' id='word_1_635' title='bbox 3203 2980 3341 3033; x_wconf 83' lang='lat' dir='ltr'><strong>fiunt</strong></span> 
     </span>
     <span class='ocr_line' id='line_1_103' title="bbox 1834 3058 3062 3129; baseline -0.002 -18"><span class='ocrx_word' id='word_1_636' title='bbox 1834 3060 1892 3113; x_wconf 89' lang='lat' dir='ltr'><strong>iu</strong></span> <span class='ocrx_word' id='word_1_637' title='bbox 1923 3060 2260 3113; x_wconf 83' lang='lat' dir='ltr'><strong>humanitate</strong></span> <span class='ocrx_word' id='word_1_638' title='bbox 2280 3066 2400 3129; x_wconf 89' lang='lat' dir='ltr'><strong>post</strong></span> <span class='ocrx_word' id='word_1_639' title='bbox 2423 3061 2707 3117; x_wconf 89' lang='lat' dir='ltr'><strong>unionem.</strong></span> <span class='ocrx_word' id='word_1_640' title='bbox 2736 3058 2790 3111; x_wconf 89' lang='lat' dir='ltr'><strong>d.</strong></span> <span class='ocrx_word' id='word_1_641' title='bbox 2825 3062 2904 3120; x_wconf 76' lang='lat'><strong>82,</strong></span> <span class='ocrx_word' id='word_1_642' title='bbox 2941 3071 2982 3109; x_wconf 91' lang='lat' dir='ltr'><strong>s.</strong></span> <span class='ocrx_word' id='word_1_643' title='bbox 3017 3062 3062 3109; x_wconf 82' lang='lat'><strong>⁴.</strong></span> 
     </span>
    </p>

    <p class='ocr_par' dir='ltr' id='par_1_48' title="bbox 1770 3134 3344 3352">
     <span class='ocr_line' id='line_1_104' title="bbox 1770 3134 3340 3198; baseline -0.004 -9"><span class='ocrx_word' id='word_1_644' title='bbox 1770 3138 1871 3189; x_wconf 80' lang='lat' dir='ltr'><strong>Per</strong></span> <span class='ocrx_word' id='word_1_645' title='bbox 1913 3136 2468 3190; x_wconf 82' lang='lat' dir='ltr'><strong>communicationem</strong></span> <span class='ocrx_word' id='word_1_646' title='bbox 2534 3134 2858 3188; x_wconf 88' lang='lat' dir='ltr'><strong>idiomatum</strong></span> <span class='ocrx_word' id='word_1_647' title='bbox 2905 3134 3076 3185; x_wconf 87' lang='lat' dir='ltr'><strong>Deum</strong></span> <span class='ocrx_word' id='word_1_648' title='bbox 3115 3142 3340 3198; x_wconf 85' lang='lat' dir='ltr'><strong>peecare</strong></span> 
     </span>
     <span class='ocr_line' id='line_1_105' title="bbox 1834 3208 3344 3279; baseline -0.005 -14"><span class='ocrx_word' id='word_1_649' title='bbox 1834 3224 1992 3279; x_wconf 88' lang='lat' dir='ltr'><strong>posse</strong></span> <span class='ocrx_word' id='word_1_650' title='bbox 2011 3212 2402 3265; x_wconf 84' lang='lat' dir='ltr'><strong>absurdissime</strong></span> <span class='ocrx_word' id='word_1_651' title='bbox 2418 3210 2635 3275; x_wconf 88' lang='lat' dir='ltr'><strong>dicitur,</strong></span> <span class='ocrx_word' id='word_1_652' title='bbox 2657 3210 2804 3276; x_wconf 87' lang='lat' dir='ltr'><strong>quod</strong></span> <span class='ocrx_word' id='word_1_653' title='bbox 2820 3214 2902 3263; x_wconf 88' lang='lat' dir='ltr'><strong>est</strong></span> <span class='ocrx_word' id='word_1_654' title='bbox 2923 3215 3112 3262; x_wconf 87' lang='lat' dir='ltr'><strong>contra</strong></span> <span class='ocrx_word' id='word_1_655' title='bbox 3131 3208 3344 3261; x_wconf 85' lang='lat' dir='ltr'><strong>Duran-</strong></span> 
     </span>
     <span class='ocr_line' id='line_1_106' title="bbox 1841 3287 2332 3352; baseline -0.004 -11"><span class='ocrx_word' id='word_1_656' title='bbox 1841 3288 1994 3351; x_wconf 90' lang='lat' dir='ltr'><strong>dum,</strong></span> <span class='ocrx_word' id='word_1_657' title='bbox 2025 3287 2080 3340; x_wconf 92' lang='lat' dir='ltr'><strong>d.</strong></span> <span class='ocrx_word' id='word_1_658' title='bbox 2105 3293 2183 3352; x_wconf 79' lang='lat'><strong>33,</strong></span> <span class='ocrx_word' id='word_1_659' title='bbox 2214 3300 2257 3340; x_wconf 89' lang='lat' dir='ltr'><strong>s.</strong></span> <span class='ocrx_word' id='word_1_660' title='bbox 2284 3291 2332 3339; x_wconf 73' lang='lat'><strong>2.</strong></span> 
     </span>
    </p>

    <p class='ocr_par' dir='ltr' id='par_1_49' title="bbox 1840 3362 2271 3416">
     <span class='ocr_line' id='line_1_107' title="bbox 1840 3362 2271 3416; baseline -0.007 -2"><span class='ocrx_word' id='word_1_661' title='bbox 1840 3362 1977 3416; x_wconf 79' lang='lat' dir='ltr'><strong>Vide</strong></span> <span class='ocrx_word' id='word_1_662' title='bbox 1997 3362 2271 3416; x_wconf 87' lang='lat' dir='ltr'><strong>attributa.</strong></span> 
     </span>
    </p>
   </div>
   <div class='ocr_carea' id='block_1_13' title="bbox 2127 3488 3001 3533">
    <p class='ocr_par' dir='ltr' id='par_1_50' title="bbox 2127 3488 3001 3533">
     <span class='ocr_line' id='line_1_108' title="bbox 2127 3488 3001 3533; baseline -0.01 0"><span class='ocrx_word' id='word_1_663' title='bbox 2127 3490 2522 3533; x_wconf 62' lang='lat' dir='ltr'><strong>conmutato.</strong></span> <span class='ocrx_word' id='word_1_664' title='bbox 2557 3488 3001 3529; x_wconf 61' lang='lat' dir='ltr'><strong>columnulis-</strong></span> 
     </span>
    </p>
   </div>
   <div class='ocr_carea' id='block_1_14' title="bbox 1774 3580 3366 5549">
    <p class='ocr_par' dir='ltr' id='par_1_51' title="bbox 1778 3580 3340 3806">
     <span class='ocr_line' id='line_1_109' title="bbox 1778 3580 3340 3657; baseline -0.006 -13"><span class='ocrx_word' id='word_1_665' title='bbox 1778 3587 2164 3657; x_wconf 86' lang='lat' dir='ltr'><strong>comprehensi</strong></span> <span class='ocrx_word' id='word_1_666' title='bbox 2199 3586 2308 3641; x_wconf 87' lang='lat' dir='ltr'><strong>duo</strong></span> <span class='ocrx_word' id='word_1_667' title='bbox 2336 3584 2623 3652; x_wconf 79' lang='lat' dir='ltr'><strong>significat,</strong></span> <span class='ocrx_word' id='word_1_668' title='bbox 2653 3590 2706 3637; x_wconf 92' lang='lat' dir='ltr'><strong>et</strong></span> <span class='ocrx_word' id='word_1_669' title='bbox 2728 3594 2852 3650; x_wconf 80' lang='lat' dir='ltr'><strong>quoe</strong></span> <span class='ocrx_word' id='word_1_670' title='bbox 2887 3580 2981 3635; x_wconf 86' lang='lat' dir='ltr'><strong>illa</strong></span> <span class='ocrx_word' id='word_1_671' title='bbox 3003 3581 3136 3644; x_wconf 88' lang='lat' dir='ltr'><strong>sint,</strong></span> <span class='ocrx_word' id='word_1_672' title='bbox 3163 3581 3216 3635; x_wconf 85' lang='lat' dir='ltr'><strong>d.</strong></span> <span class='ocrx_word' id='word_1_673' title='bbox 3259 3583 3340 3643; x_wconf 71' lang='lat'><strong>23,</strong></span> 
     </span>
     <span class='ocr_line' id='line_1_110' title="bbox 1835 3662 2603 3730; baseline -0.008 -11"><span class='ocrx_word' id='word_1_674' title='bbox 1835 3680 1879 3719; x_wconf 79' lang='lat' dir='ltr'><strong>s·</strong></span> <span class='ocrx_word' id='word_1_675' title='bbox 1904 3671 1963 3730; x_wconf 68' lang='grc' dir='ltr'><strong>ες</strong></span> <span class='ocrx_word' id='word_1_676' title='bbox 1989 3670 2042 3719; x_wconf 92' lang='lat' dir='ltr'><strong>et</strong></span> <span class='ocrx_word' id='word_1_677' title='bbox 2065 3664 2246 3725; x_wconf 79' lang='lat' dir='ltr'><strong>latiuS,</strong></span> <span class='ocrx_word' id='word_1_678' title='bbox 2276 3662 2330 3715; x_wconf 89' lang='lat' dir='ltr'><strong>d.</strong></span> <span class='ocrx_word' id='word_1_679' title='bbox 2363 3667 2444 3725; x_wconf 79' lang='lat'><strong>26,</strong></span> <span class='ocrx_word' id='word_1_680' title='bbox 2480 3674 2522 3714; x_wconf 88' lang='lat' dir='ltr'><strong>s.</strong></span> <span class='ocrx_word' id='word_1_681' title='bbox 2555 3665 2603 3713; x_wconf 87' lang='lat'><strong>1.</strong></span> 
     </span>
     <span class='ocr_line' id='line_1_111' title="bbox 1837 3730 3277 3806; baseline -0.008 -12"><span class='ocrx_word' id='word_1_682' title='bbox 1837 3741 1972 3794; x_wconf 79' lang='lat' dir='ltr'><strong>Aliae</strong></span> <span class='ocrx_word' id='word_1_683' title='bbox 2005 3736 2350 3806; x_wconf 86' lang='lat' dir='ltr'><strong>acceptiones</strong></span> <span class='ocrx_word' id='word_1_684' title='bbox 2381 3736 2695 3790; x_wconf 88' lang='lat' dir='ltr'><strong>reseruntur</strong></span> <span class='ocrx_word' id='word_1_685' title='bbox 2728 3740 2780 3788; x_wconf 92' lang='lat' dir='ltr'><strong>et</strong></span> <span class='ocrx_word' id='word_1_686' title='bbox 2801 3734 3170 3795; x_wconf 87' lang='lat' dir='ltr'><strong>confutantur,</strong></span> <span class='ocrx_word' id='word_1_687' title='bbox 3203 3730 3277 3784; x_wconf 89' lang='lat' dir='ltr'><strong>ib.</strong></span> 
     </span>
    </p>

    <p class='ocr_par' dir='ltr' id='par_1_52' title="bbox 1774 3806 3344 4035">
     <span class='ocr_line' id='line_1_112' title="bbox 1774 3806 3342 3883; baseline -0.008 -9"><span class='ocrx_word' id='word_1_688' title='bbox 1774 3819 1854 3874; x_wconf 78' lang='lat' dir='ltr'><strong>Ad</strong></span> <span class='ocrx_word' id='word_1_689' title='bbox 1891 3812 2412 3883; x_wconf 86' lang='lat' dir='ltr'><strong>comprehensionis</strong></span> <span class='ocrx_word' id='word_1_690' title='bbox 2436 3812 2682 3877; x_wconf 75' lang='lat' dir='ltr'><strong>strictam</strong></span> <span class='ocrx_word' id='word_1_691' title='bbox 2712 3811 2976 3865; x_wconf 88' lang='lat' dir='ltr'><strong>rationem</strong></span> <span class='ocrx_word' id='word_1_692' title='bbox 3013 3822 3122 3863; x_wconf 91' lang='lat' dir='ltr'><strong>non</strong></span> <span class='ocrx_word' id='word_1_693' title='bbox 3157 3806 3342 3874; x_wconf 82' lang='lat' dir='ltr'><strong>requi-</strong></span> 
     </span>
     <span class='ocr_line' id='line_1_113' title="bbox 1838 3884 3344 3953; baseline -0.006 -6"><span class='ocrx_word' id='word_1_694' title='bbox 1838 3896 1976 3947; x_wconf 88' lang='lat' dir='ltr'><strong>ritur</strong></span> <span class='ocrx_word' id='word_1_695' title='bbox 1993 3904 2206 3946; x_wconf 88' lang='lat' dir='ltr'><strong>summa</strong></span> <span class='ocrx_word' id='word_1_696' title='bbox 2233 3890 2452 3944; x_wconf 88' lang='lat' dir='ltr'><strong>claritas</strong></span> <span class='ocrx_word' id='word_1_697' title='bbox 2471 3894 2525 3941; x_wconf 91' lang='lat' dir='ltr'><strong>et</strong></span> <span class='ocrx_word' id='word_1_698' title='bbox 2545 3900 2758 3941; x_wconf 89' lang='lat' dir='ltr'><strong>summa</strong></span> <span class='ocrx_word' id='word_1_699' title='bbox 2783 3886 3057 3939; x_wconf 85' lang='lat' dir='ltr'><strong>intensiva</strong></span> <span class='ocrx_word' id='word_1_700' title='bbox 3079 3884 3344 3953; x_wconf 77' lang='lat' dir='ltr'><strong>perfectio</strong></span> 
     </span>
     <span class='ocr_line' id='line_1_114' title="bbox 1841 3965 2390 4035; baseline -0.009 -13"><span class='ocrx_word' id='word_1_701' title='bbox 1841 3970 1901 4022; x_wconf 87' lang='lat' dir='ltr'><strong>in</strong></span> <span class='ocrx_word' id='word_1_702' title='bbox 1937 3968 2277 4035; x_wconf 78' lang='lat' dir='ltr'><strong>cognitione,</strong></span> <span class='ocrx_word' id='word_1_703' title='bbox 2316 3965 2390 4018; x_wconf 90' lang='lat' dir='ltr'><strong>ib.</strong></span> 
     </span>
    </p>

    <p class='ocr_par' dir='ltr' id='par_1_53' title="bbox 1776 4034 3350 4717">
     <span class='ocr_line' id='line_1_115' title="bbox 1776 4034 3345 4111; baseline -0.009 -11"><span class='ocrx_word' id='word_1_704' title='bbox 1776 4042 2205 4111; x_wconf 79' lang='lat' dir='ltr'><strong>comprehensio</strong></span> <span class='ocrx_word' id='word_1_705' title='bbox 2240 4036 2622 4093; x_wconf 87' lang='lat' dir='ltr'><strong>intellectualis</strong></span> <span class='ocrx_word' id='word_1_706' title='bbox 2656 4037 2961 4091; x_wconf 86' lang='lat' dir='ltr'><strong>necessario</strong></span> <span class='ocrx_word' id='word_1_707' title='bbox 2989 4034 3222 4101; x_wconf 85' lang='lat' dir='ltr'><strong>requirit</strong></span> <span class='ocrx_word' id='word_1_708' title='bbox 3245 4046 3345 4087; x_wconf 55' lang='lat' dir='ltr'><strong>cow</strong></span> 
     </span>
     <span class='ocr_line' id='line_1_116' title="bbox 1840 4110 3347 4188; baseline -0.008 -15"><span class='ocrx_word' id='word_1_709' title='bbox 1840 4120 2146 4188; x_wconf 85' lang='lat' dir='ltr'><strong>gnitionem</strong></span> <span class='ocrx_word' id='word_1_710' title='bbox 2162 4118 2384 4178; x_wconf 85' lang='lat' dir='ltr'><strong>claram,</strong></span> <span class='ocrx_word' id='word_1_711' title='bbox 2401 4113 2707 4167; x_wconf 82' lang='lat' dir='ltr'><strong>evidentem</strong></span> <span class='ocrx_word' id='word_1_712' title='bbox 2727 4118 2776 4165; x_wconf 90' lang='lat' dir='ltr'><strong>et</strong></span> <span class='ocrx_word' id='word_1_713' title='bbox 2800 4118 2998 4165; x_wconf 88' lang='lat' dir='ltr'><strong>certam</strong></span> <span class='ocrx_word' id='word_1_714' title='bbox 3015 4124 3143 4164; x_wconf 89' lang='lat' dir='ltr'><strong>cum</strong></span> <span class='ocrx_word' id='word_1_715' title='bbox 3163 4110 3347 4164; x_wconf 85' lang='lat' dir='ltr'><strong>debita</strong></span> 
     </span>
     <span class='ocr_line' id='line_1_117' title="bbox 1849 4190 2732 4265; baseline -0.012 -14"><span class='ocrx_word' id='word_1_716' title='bbox 1849 4196 2206 4265; x_wconf 84' lang='lat' dir='ltr'><strong>proportione</strong></span> <span class='ocrx_word' id='word_1_717' title='bbox 2233 4194 2304 4247; x_wconf 90' lang='lat' dir='ltr'><strong>ad</strong></span> <span class='ocrx_word' id='word_1_718' title='bbox 2335 4192 2626 4259; x_wconf 81' lang='lat' dir='ltr'><strong>objectum,</strong></span> <span class='ocrx_word' id='word_1_719' title='bbox 2661 4190 2732 4242; x_wconf 90' lang='lat' dir='ltr'><strong>ib.</strong></span> 
     </span>
     <span class='ocr_line' id='line_1_118' title="bbox 1842 4261 3347 4333; baseline -0.007 -6"><span class='ocrx_word' id='word_1_720' title='bbox 1842 4275 2069 4327; x_wconf 79' lang='lat' dir='ltr'><strong>Tantam</strong></span> <span class='ocrx_word' id='word_1_721' title='bbox 2099 4270 2398 4323; x_wconf 87' lang='lat' dir='ltr'><strong>claritatem</strong></span> <span class='ocrx_word' id='word_1_722' title='bbox 2415 4264 2664 4333; x_wconf 84' lang='lat' dir='ltr'><strong>requirit,</strong></span> <span class='ocrx_word' id='word_1_723' title='bbox 2685 4268 2890 4333; x_wconf 87' lang='lat' dir='ltr'><strong>quanta</strong></span> <span class='ocrx_word' id='word_1_724' title='bbox 2913 4261 3141 4317; x_wconf 79' lang='lat' dir='ltr'><strong>sufficiat</strong></span> <span class='ocrx_word' id='word_1_725' title='bbox 3161 4264 3230 4317; x_wconf 90' lang='lat' dir='ltr'><strong>ad</strong></span> <span class='ocrx_word' id='word_1_726' title='bbox 3249 4275 3347 4317; x_wconf 90' lang='lat' dir='ltr'><strong>co·</strong></span> 
     </span>
     <span class='ocr_line' id='line_1_119' title="bbox 1842 4338 3345 4416; baseline -0.008 -14"><span class='ocrx_word' id='word_1_727' title='bbox 1842 4346 2212 4416; x_wconf 84' lang='lat' dir='ltr'><strong>gnoscendam</strong></span> <span class='ocrx_word' id='word_1_728' title='bbox 2245 4344 2524 4397; x_wconf 87' lang='lat' dir='ltr'><strong>veritatem</strong></span> <span class='ocrx_word' id='word_1_729' title='bbox 2554 4340 2748 4407; x_wconf 83' lang='lat' dir='ltr'><strong>objecti</strong></span> <span class='ocrx_word' id='word_1_730' title='bbox 2775 4344 2934 4407; x_wconf 87' lang='lat' dir='ltr'><strong>prout</strong></span> <span class='ocrx_word' id='word_1_731' title='bbox 2965 4338 3022 4390; x_wconf 90' lang='lat' dir='ltr'><strong>in</strong></span> <span class='ocrx_word' id='word_1_732' title='bbox 3054 4350 3112 4390; x_wconf 90' lang='lat' dir='ltr'><strong>se</strong></span> <span class='ocrx_word' id='word_1_733' title='bbox 3139 4344 3235 4403; x_wconf 86' lang='lat' dir='ltr'><strong>est,</strong></span> <span class='ocrx_word' id='word_1_734' title='bbox 3269 4338 3345 4391; x_wconf 89' lang='lat' dir='ltr'><strong>ib.</strong></span> 
     </span>
     <span class='ocr_line' id='line_1_120' title="bbox 1842 4416 3346 4489; baseline -0.009 -11"><span class='ocrx_word' id='word_1_735' title='bbox 1842 4426 2178 4488; x_wconf 83' lang='lat' dir='ltr'><strong>Tantamque</strong></span> <span class='ocrx_word' id='word_1_736' title='bbox 2207 4419 2596 4489; x_wconf 81' lang='lat' dir='ltr'><strong>perfectionem</strong></span> <span class='ocrx_word' id='word_1_737' title='bbox 2633 4416 2978 4479; x_wconf 88' lang='lat' dir='ltr'><strong>intensivam,</strong></span> <span class='ocrx_word' id='word_1_738' title='bbox 3009 4420 3211 4481; x_wconf 85' lang='lat' dir='ltr'><strong>quanta</strong></span> <span class='ocrx_word' id='word_1_739' title='bbox 3246 4428 3346 4466; x_wconf 88' lang='lat' dir='ltr'><strong>ne-</strong></span> 
     </span>
     <span class='ocr_line' id='line_1_121' title="bbox 1843 4488 3346 4560; baseline -0.011 -5"><span class='ocrx_word' id='word_1_740' title='bbox 1843 4513 1990 4555; x_wconf 87' lang='lat' dir='ltr'><strong>cesse</strong></span> <span class='ocrx_word' id='word_1_741' title='bbox 2013 4499 2083 4552; x_wconf 87' lang='lat' dir='ltr'><strong>sit</strong></span> <span class='ocrx_word' id='word_1_742' title='bbox 2102 4498 2172 4553; x_wconf 87' lang='lat' dir='ltr'><strong>ad</strong></span> <span class='ocrx_word' id='word_1_743' title='bbox 2205 4502 2386 4550; x_wconf 81' lang='lat' dir='ltr'><strong>exacte</strong></span> <span class='ocrx_word' id='word_1_744' title='bbox 2404 4492 2812 4560; x_wconf 82' lang='lat' dir='ltr'><strong>cognoscendas</strong></span> <span class='ocrx_word' id='word_1_745' title='bbox 2832 4494 2886 4543; x_wconf 89' lang='lat' dir='ltr'><strong>et</strong></span> <span class='ocrx_word' id='word_1_746' title='bbox 2907 4489 3268 4557; x_wconf 85' lang='lat' dir='ltr'><strong>penetrandas</strong></span> <span class='ocrx_word' id='word_1_747' title='bbox 3287 4488 3346 4540; x_wconf 86' lang='lat' dir='ltr'><strong>in</strong></span> 
     </span>
     <span class='ocr_line' id='line_1_122' title="bbox 1846 4563 3350 4642; baseline -0.011 -11"><span class='ocrx_word' id='word_1_748' title='bbox 1846 4577 2060 4642; x_wconf 86' lang='lat' dir='ltr'><strong>objecto</strong></span> <span class='ocrx_word' id='word_1_749' title='bbox 2093 4573 2312 4640; x_wconf 86' lang='lat' dir='ltr'><strong>cognito</strong></span> <span class='ocrx_word' id='word_1_750' title='bbox 2351 4582 2544 4624; x_wconf 90' lang='lat' dir='ltr'><strong>omnes</strong></span> <span class='ocrx_word' id='word_1_751' title='bbox 2565 4566 2918 4622; x_wconf 84' lang='lat' dir='ltr'><strong>habitudines</strong></span> <span class='ocrx_word' id='word_1_752' title='bbox 2961 4569 3015 4618; x_wconf 89' lang='lat' dir='ltr'><strong>et</strong></span> <span class='ocrx_word' id='word_1_753' title='bbox 3055 4563 3350 4618; x_wconf 83' lang='lat' dir='ltr'><strong>connexio-</strong></span> 
     </span>
     <span class='ocr_line' id='line_1_123' title="bbox 1850 4638 3348 4717; baseline -0.01 -13"><span class='ocrx_word' id='word_1_754' title='bbox 1850 4664 1950 4704; x_wconf 90' lang='lat' dir='ltr'><strong>nes</strong></span> <span class='ocrx_word' id='word_1_755' title='bbox 1973 4664 2111 4717; x_wconf 84' lang='lat' dir='ltr'><strong>quas</strong></span> <span class='ocrx_word' id='word_1_756' title='bbox 2137 4662 2202 4701; x_wconf 84' lang='lat' dir='ltr'><strong>ex</strong></span> <span class='ocrx_word' id='word_1_757' title='bbox 2231 4652 2424 4700; x_wconf 83' lang='lat' dir='ltr'><strong>natura</strong></span> <span class='ocrx_word' id='word_1_758' title='bbox 2449 4658 2548 4698; x_wconf 89' lang='lat' dir='ltr'><strong>sua</strong></span> <span class='ocrx_word' id='word_1_759' title='bbox 2576 4644 2808 4697; x_wconf 88' lang='lat' dir='ltr'><strong>habetet</strong></span> <span class='ocrx_word' id='word_1_760' title='bbox 2827 4640 3028 4694; x_wconf 86' lang='lat' dir='ltr'><strong>habere</strong></span> <span class='ocrx_word' id='word_1_761' title='bbox 3049 4645 3239 4706; x_wconf 88' lang='lat' dir='ltr'><strong>potest,</strong></span> <span class='ocrx_word' id='word_1_762' title='bbox 3273 4638 3348 4690; x_wconf 85' lang='lat' dir='ltr'><strong>ih.</strong></span> 
     </span>
    </p>

    <p class='ocr_par' dir='ltr' id='par_1_54' title="bbox 1788 4715 3352 4938">
     <span class='ocr_line' id='line_1_124' title="bbox 1788 4715 3351 4793; baseline -0.012 -10"><span class='ocrx_word' id='word_1_763' title='bbox 1788 4729 1867 4784; x_wconf 77' lang='lat' dir='ltr'><strong>Ad</strong></span> <span class='ocrx_word' id='word_1_764' title='bbox 1886 4724 2434 4793; x_wconf 89' lang='lat' dir='ltr'><strong>comprehensionem</strong></span> <span class='ocrx_word' id='word_1_765' title='bbox 2467 4720 2704 4785; x_wconf 87' lang='lat' dir='ltr'><strong>alicujus</strong></span> <span class='ocrx_word' id='word_1_766' title='bbox 2729 4721 2988 4771; x_wconf 83' lang='lat' dir='ltr'><strong>creaturoe</strong></span> <span class='ocrx_word' id='word_1_767' title='bbox 3021 4728 3133 4767; x_wconf 88' lang='lat' dir='ltr'><strong>non</strong></span> <span class='ocrx_word' id='word_1_768' title='bbox 3159 4715 3351 4780; x_wconf 89' lang='lat' dir='ltr'><strong>requi-</strong></span> 
     </span>
     <span class='ocr_line' id='line_1_125' title="bbox 1856 4790 3352 4870; baseline -0.011 -12"><span class='ocrx_word' id='word_1_769' title='bbox 1856 4804 1996 4858; x_wconf 88' lang='lat' dir='ltr'><strong>ritur</strong></span> <span class='ocrx_word' id='word_1_770' title='bbox 2045 4802 2194 4870; x_wconf 89' lang='lat' dir='ltr'><strong>quod</strong></span> <span class='ocrx_word' id='word_1_771' title='bbox 2222 4802 2580 4866; x_wconf 80' lang='lat' dir='ltr'><strong>cognoscatur</strong></span> <span class='ocrx_word' id='word_1_772' title='bbox 2615 4793 2738 4848; x_wconf 88' lang='lat' dir='ltr'><strong>talis</strong></span> <span class='ocrx_word' id='word_1_773' title='bbox 2778 4792 3024 4845; x_wconf 76' lang='lat' dir='ltr'><strong>ereatura</strong></span> <span class='ocrx_word' id='word_1_774' title='bbox 3050 4790 3352 4843; x_wconf 86' lang='lat' dir='ltr'><strong>secundum</strong></span> 
     </span>
     <span class='ocr_line' id='line_1_126' title="bbox 1853 4867 2914 4938; baseline -0.015 -4"><span class='ocrx_word' id='word_1_775' title='bbox 1853 4893 2008 4934; x_wconf 90' lang='lat' dir='ltr'><strong>suam</strong></span> <span class='ocrx_word' id='word_1_776' title='bbox 2041 4875 2462 4931; x_wconf 86' lang='lat' dir='ltr'><strong>obedientialem</strong></span> <span class='ocrx_word' id='word_1_777' title='bbox 2498 4870 2813 4938; x_wconf 89' lang='lat' dir='ltr'><strong>potentiam,</strong></span> <span class='ocrx_word' id='word_1_778' title='bbox 2841 4867 2914 4919; x_wconf 91' lang='lat' dir='ltr'><strong>ib.</strong></span> 
     </span>
    </p>

    <p class='ocr_par' dir='ltr' id='par_1_55' title="bbox 1792 4940 3356 5167">
     <span class='ocr_line' id='line_1_127' title="bbox 1792 4940 3354 5021; baseline -0.012 -12"><span class='ocrx_word' id='word_1_779' title='bbox 1792 4951 2216 5021; x_wconf 89' lang='lat' dir='ltr'><strong>comprehensio</strong></span> <span class='ocrx_word' id='word_1_780' title='bbox 2249 4954 2330 5002; x_wconf 90' lang='lat' dir='ltr'><strong>est</strong></span> <span class='ocrx_word' id='word_1_781' title='bbox 2353 4946 2594 5013; x_wconf 82' lang='lat' dir='ltr'><strong>cognitio</strong></span> <span class='ocrx_word' id='word_1_782' title='bbox 2621 4942 2897 4997; x_wconf 83' lang='lat' dir='ltr'><strong>snflleiens</strong></span> <span class='ocrx_word' id='word_1_783' title='bbox 2915 4940 2986 4995; x_wconf 88' lang='lat' dir='ltr'><strong>ad</strong></span> <span class='ocrx_word' id='word_1_784' title='bbox 3017 4952 3354 5008; x_wconf 87' lang='lat' dir='ltr'><strong>cognosceu-</strong></span> 
     </span>
     <span class='ocr_line' id='line_1_128' title="bbox 1856 5016 3356 5095; baseline -0.011 -11"><span class='ocrx_word' id='word_1_785' title='bbox 1856 5031 1990 5084; x_wconf 90' lang='lat' dir='ltr'><strong>dum</strong></span> <span class='ocrx_word' id='word_1_786' title='bbox 2009 5026 2284 5095; x_wconf 85' lang='lat' dir='ltr'><strong>quidquid</strong></span> <span class='ocrx_word' id='word_1_787' title='bbox 2303 5020 2606 5078; x_wconf 75' lang='lat' dir='ltr'><strong>formaliter</strong></span> <span class='ocrx_word' id='word_1_788' title='bbox 2637 5022 2690 5073; x_wconf 87' lang='lat' dir='ltr'><strong>et</strong></span> <span class='ocrx_word' id='word_1_789' title='bbox 2714 5016 3019 5070; x_wconf 89' lang='lat' dir='ltr'><strong>eminenter</strong></span> <span class='ocrx_word' id='word_1_790' title='bbox 3045 5023 3125 5070; x_wconf 91' lang='lat' dir='ltr'><strong>est</strong></span> <span class='ocrx_word' id='word_1_791' title='bbox 3166 5016 3223 5068; x_wconf 91' lang='lat' dir='ltr'><strong>in</strong></span> <span class='ocrx_word' id='word_1_792' title='bbox 3251 5016 3356 5069; x_wconf 81' lang='lat' dir='ltr'><strong>ob-</strong></span> 
     </span>
     <span class='ocr_line' id='line_1_129' title="bbox 1864 5104 2128 5167; baseline -0.023 -7"><span class='ocrx_word' id='word_1_793' title='bbox 1864 5108 2018 5167; x_wconf 84' lang='lat' dir='ltr'><strong>&#39;ecto,</strong></span> <span class='ocrx_word' id='word_1_794' title='bbox 2051 5104 2128 5156; x_wconf 89' lang='lat' dir='ltr'><strong>ib.</strong></span> 
     </span>
    </p>

    <p class='ocr_par' dir='ltr' id='par_1_56' title="bbox 1796 5122 3362 5477">
     <span class='ocr_line' id='line_1_130' title="bbox 1796 5122 3355 5248; baseline -0.013 -12"><span class='ocrx_word' id='word_1_795' title='bbox 1796 5122 2224 5248; x_wconf 53' lang='lat' dir='ltr'><strong>colmprehensio</strong></span> <span class='ocrx_word' id='word_1_796' title='bbox 2249 5185 2362 5229; x_wconf 89' lang='lat' dir='ltr'><strong>non</strong></span> <span class='ocrx_word' id='word_1_797' title='bbox 2399 5170 2629 5238; x_wconf 88' lang='lat' dir='ltr'><strong>requirit</strong></span> <span class='ocrx_word' id='word_1_798' title='bbox 2655 5174 2716 5222; x_wconf 89' lang='lat' dir='ltr'><strong>ut</strong></span> <span class='ocrx_word' id='word_1_799' title='bbox 2738 5169 2808 5221; x_wconf 88' lang='lat' dir='ltr'><strong>sit</strong></span> <span class='ocrx_word' id='word_1_800' title='bbox 2829 5174 2976 5221; x_wconf 88' lang='lat' dir='ltr'><strong>tanta</strong></span> <span class='ocrx_word' id='word_1_801' title='bbox 3003 5166 3264 5234; x_wconf 81' lang='lat' dir='ltr'><strong>perfectio</strong></span> <span class='ocrx_word' id='word_1_802' title='bbox 3299 5166 3355 5217; x_wconf 90' lang='lat' dir='ltr'><strong>in</strong></span> 
     </span>
     <span class='ocr_line' id='line_1_131' title="bbox 1859 5242 3358 5323; baseline -0.012 -12"><span class='ocrx_word' id='word_1_803' title='bbox 1859 5256 2172 5323; x_wconf 84' lang='lat' dir='ltr'><strong>cognitione</strong></span> <span class='ocrx_word' id='word_1_804' title='bbox 2195 5253 2252 5305; x_wconf 87' lang='lat' dir='ltr'><strong>in</strong></span> <span class='ocrx_word' id='word_1_805' title='bbox 2287 5262 2402 5303; x_wconf 85' lang='lat' dir='ltr'><strong>esse</strong></span> <span class='ocrx_word' id='word_1_806' title='bbox 2435 5247 2596 5312; x_wconf 87' lang='lat' dir='ltr'><strong>entis,</strong></span> <span class='ocrx_word' id='word_1_807' title='bbox 2625 5250 2829 5313; x_wconf 85' lang='lat' dir='ltr'><strong>quanta</strong></span> <span class='ocrx_word' id='word_1_808' title='bbox 2851 5245 2908 5296; x_wconf 86' lang='lat' dir='ltr'><strong>in</strong></span> <span class='ocrx_word' id='word_1_809' title='bbox 2931 5258 2989 5295; x_wconf 87' lang='lat' dir='ltr'><strong>re</strong></span> <span class='ocrx_word' id='word_1_810' title='bbox 3022 5242 3255 5308; x_wconf 84' lang='lat' dir='ltr'><strong>cognita,</strong></span> <span class='ocrx_word' id='word_1_811' title='bbox 3283 5242 3358 5294; x_wconf 78' lang='lat' dir='ltr'><strong>it).</strong></span> 
     </span>
     <span class='ocr_line' id='line_1_132' title="bbox 1858 5318 3362 5401; baseline -0.013 -13"><span class='ocrx_word' id='word_1_812' title='bbox 1858 5336 2043 5401; x_wconf 82' lang='lat' dir='ltr'><strong>Neque</strong></span> <span class='ocrx_word' id='word_1_813' title='bbox 2077 5335 2140 5384; x_wconf 88' lang='lat' dir='ltr'><strong>ut</strong></span> <span class='ocrx_word' id='word_1_814' title='bbox 2175 5328 2248 5382; x_wconf 90' lang='lat' dir='ltr'><strong>sit</strong></span> <span class='ocrx_word' id='word_1_815' title='bbox 2273 5324 2516 5380; x_wconf 85' lang='lat' dir='ltr'><strong>absolute</strong></span> <span class='ocrx_word' id='word_1_816' title='bbox 2539 5330 2594 5377; x_wconf 90' lang='lat' dir='ltr'><strong>et</strong></span> <span class='ocrx_word' id='word_1_817' title='bbox 2623 5320 2944 5391; x_wconf 87' lang='lat' dir='ltr'><strong>simpliciter</strong></span> <span class='ocrx_word' id='word_1_818' title='bbox 2973 5318 3362 5386; x_wconf 88' lang='lat' dir='ltr'><strong>perfectissima</strong></span> 
     </span>
     <span class='ocr_line' id='line_1_133' title="bbox 1862 5393 3182 5477; baseline -0.012 -15"><span class='ocrx_word' id='word_1_819' title='bbox 1862 5407 2105 5477; x_wconf 76' lang='lat' dir='ltr'><strong>cognitio</strong></span> <span class='ocrx_word' id='word_1_820' title='bbox 2138 5416 2261 5473; x_wconf 75' lang='lat' dir='ltr'><strong>quae</strong></span> <span class='ocrx_word' id='word_1_821' title='bbox 2294 5404 2364 5457; x_wconf 89' lang='lat' dir='ltr'><strong>de</strong></span> <span class='ocrx_word' id='word_1_822' title='bbox 2395 5399 2488 5454; x_wconf 91' lang='lat' dir='ltr'><strong>tali</strong></span> <span class='ocrx_word' id='word_1_823' title='bbox 2521 5398 2732 5464; x_wconf 84' lang='lat' dir='ltr'><strong>objecto</strong></span> <span class='ocrx_word' id='word_1_824' title='bbox 2759 5408 2875 5449; x_wconf 89' lang='lat' dir='ltr'><strong>esse</strong></span> <span class='ocrx_word' id='word_1_825' title='bbox 2897 5400 3086 5462; x_wconf 88' lang='lat' dir='ltr'><strong>potest.</strong></span> <span class='ocrx_word' id='word_1_826' title='bbox 3107 5393 3182 5447; x_wconf 89' lang='lat' dir='ltr'><strong>ib.</strong></span> 
     </span>
    </p>

    <p class='ocr_par' dir='ltr' id='par_1_57' title="bbox 1806 5468 3366 5549">
     <span class='ocr_line' id='line_1_134' title="bbox 1806 5468 3366 5549; baseline -0.012 -8"><span class='ocrx_word' id='word_1_827' title='bbox 1806 5486 1883 5541; x_wconf 75' lang='lat' dir='ltr'><strong>Ad</strong></span> <span class='ocrx_word' id='word_1_828' title='bbox 1908 5476 2485 5549; x_wconf 83' lang='lat' dir='ltr'><strong>comprehendendum</strong></span> <span class='ocrx_word' id='word_1_829' title='bbox 2507 5474 2680 5530; x_wconf 83' lang='lat' dir='ltr'><strong>Deum</strong></span> <span class='ocrx_word' id='word_1_830' title='bbox 2701 5471 2971 5527; x_wconf 82' lang='lat' dir='ltr'><strong>intensive</strong></span> <span class='ocrx_word' id='word_1_831' title='bbox 2999 5471 3152 5525; x_wconf 87' lang='lat' dir='ltr'><strong>nulla</strong></span> <span class='ocrx_word' id='word_1_832' title='bbox 3171 5468 3366 5537; x_wconf 82' lang='lat' dir='ltr'><strong>cogni-</strong></span> 
     </span>
    </p>
   </div>
   <div class='ocr_carea' id='block_1_15' title="bbox 2967 5560 3050 5621">
    <p class='ocr_par' dir='ltr' id='par_1_58' title="bbox 2967 5560 3050 5621">
     <span class='ocr_line' id='line_1_135' title="bbox 2967 5560 3050 5621; baseline 0 0"><span class='ocrx_word' id='word_1_833' title='bbox 2967 5560 3050 5621; x_wconf 75' lang='lat'><strong>4⁴</strong></span> 
     </span>
    </p>
   </div>
  </div>
 </body>
</html>
