3892 6167
625 475 723 540 15.
769 471 862 534 Ex
911 468 1010 533 his
1065 484 1218 552 ergo
1251 469 1406 534 satis
1463 481 1843 549 responsum
1889 469 1987 528 est
2028 461 2113 526 ad

540 567 888 654 principale
925 561 1410 629 fundamentum
1465 561 1692 645 prioris
1747 557 2109 634 sententio,

545 663 719 746 quod
773 661 840 724 in
892 659 1293 724 confessione
1334 657 1530 740 ipsius
1561 651 2113 736 Elipandiniteba-

543 763 672 822 tur.
703 755 942 833 Quibus
995 753 1358 818 addendum
1409 753 1529 825 est,
1553 749 1722 813 hanc
1773 747 2113 812 confessio·

543 866 718 929 nem,
753 865 896 930 quae
921 846 1258 910 adducitur
1283 863 1362 908 cx
1383 843 1544 908 iibro
1568 841 1676 906 illo
1707 843 1909 917 Beati,
1933 859 2115 905 reve·

543 964 616 1010 ra
634 962 762 1008 non
795 961 932 1007 esse
961 943 1250 1005 eamdem
1274 957 1420 1004 cum
1449 955 1526 1003 ee
1553 955 1747 1018 qnam
1770 934 2114 1017 Elipandus

542 1039 716 1102 misit
739 1040 808 1101 in
836 1037 1110 1121 Epistola
1141 1037 1222 1100 ad
1247 1035 1562 1111 carolum,
1579 1049 1721 1115 quae
1743 1033 1812 1095 in
1839 1027 2113 1094 Concilio

545 1130 1092 1198 Francofordiensi
1117 1132 1281 1194 lecta
1311 1136 1440 1206 est;
1470 1129 1668 1193 multa
1699 1127 1869 1190 enim
1897 1145 1975 1188 ex
2001 1123 2109 1188 illa

545 1227 812 1309 epistola
850 1243 1148 1307 expresse
1195 1223 1556 1288 referuntur
1591 1221 1660 1285 in
1694 1221 1858 1284 dicto
1887 1217 2109 1282 Concid

542 1319 648 1396 liu,
681 1330 822 1401 quae
851 1318 917 1381 in
943 1316 1063 1382 hac
1095 1317 1494 1381 confessione
1522 1335 1652 1380 non
1679 1315 2104 1391 continentur,

541 1421 612 1477 ut
639 1431 716 1476 ex
746 1413 928 1476 dictis
953 1418 1242 1476 constare
1275 1417 1500 1492 potest,
1529 1417 1594 1472 et
1633 1409 1818 1471 latius
1847 1425 1926 1469 ex
1968 1407 2105 1488 ipso

540 1505 813 1570 Concilio
839 1554 860 1585 ,
914 1523 993 1572 ex
1038 1524 1166 1588 quo
1221 1509 1466 1568 constat
1522 1501 1976 1568 confessionem
2026 1499 2107 1564 ad

541 1601 886 1664 Concilium
939 1599 1198 1662 missam
1249 1597 1581 1660 clariorem
1622 1602 1686 1660 et
1735 1595 2109 1677 ampliorem

540 1695 750 1770 fuisse,
775 1697 838 1756 et
851 1711 966 1775 per
989 1693 1184 1767 illam,
1201 1691 1464 1756 alteram
1481 1705 1620 1754 esse
1641 1689 2101 1771 explicandam,

542 1793 607 1852 et
641 1804 770 1849 non
797 1805 833 1850 e
861 1785 1170 1850 contrario
1201 1800 1222 1863 3
1251 1784 1450 1865 liquet
1485 1789 1699 1846 autem
1731 1801 1807 1845 ex
1835 1782 1934 1844 his
1963 1796 2105 1863 quoe

542 1881 943 1954 adduximus,
971 1881 1171 1942 multa
1198 1879 1262 1940 in
1293 1879 1461 1941 dicto
1504 1875 1778 1940 Concilio
1805 1882 1870 1940 et
1897 1875 2021 1939 dici
2044 1879 2107 1938 et

539 1975 786 2052 referri,
817 1973 1049 2054 quibus
1083 1971 1468 2036 sufficienter
1492 1971 1826 2048 indicatur,
1851 1969 2105 2050 qualem

540 2069 946 2150 adoptionem
970 2065 1142 2130 Felix
1175 2065 1418 2130 Christo
1441 2065 1829 2141 attribuerit,
1861 2069 1924 2126 et
1950 2079 2107 2144 quoa

539 2165 730 2227 modo
771 2181 844 2226 re
897 2163 1131 2243 ipsein
1160 2176 1440 2224 errorem
1474 2159 1739 2222 Nestorii
1785 2157 2099 2220 inciderit.

538 2259 669 2322 imo
709 2259 898 2322 etiam
942 2271 1113 2338 saepe
1141 2257 1518 2331 insinuatur,
1546 2253 1818 2316 Felicem
1845 2251 2099 2328 dixisse,

539 2351 848 2418 Christum
876 2351 1053 2432 prius
1089 2349 1288 2413 fuisse
1315 2363 1570 2412 servum
1601 2355 1826 2411 natura
1857 2350 1921 2408 et
1947 2361 2105 2408 con-

538 2445 800 2521 ditione,
833 2451 898 2508 et
922 2451 1146 2524 postea
1183 2445 1381 2508 fuisse
1419 2441 1788 2522 adoptatum
1811 2437 1922 2502 tali
1954 2439 2104 2501 ado-

535 2537 774 2622 ptione,
799 2539 1006 2618 qualis
1052 2545 1148 2602 est
1188 2539 1317 2615 illa,
1348 2554 1474 2617 qua
1502 2552 1620 2599 nos
1661 2551 1740 2599 ex
1793 2531 1989 2596 servis
2042 2535 2106 2596 et

536 2633 810 2698 inimicis
837 2633 1026 2696 amici
1053 2632 1406 2720 efficimur-3
1453 2631 1545 2693 sic
1573 2631 1742 2694 enim
1763 2627 1997 2709 legitur
2038 2628 2106 2688 in

537 2729 703 2793 dicta
757 2728 1034 2812 Epistola
1061 2727 1317 2791 concilii
1353 2723 1437 2789 ad
1485 2725 1826 2807 Episcopos
1878 2722 2088 2803 Hispa-

536 2823 680 2898 nioe,
711 2823 832 2886 col.
886 2825 964 2884 15
996 2835 1013 2884 t
1041 2821 1384 2906 Adoptivm
1435 2817 1732 2902 siquidem
1773 2835 1892 2882 non
1925 2815 2099 2882 habet

535 2917 728 2984 aliam
754 2917 1286 3002 significationem,
1315 2915 1448 2980 nisi
1484 2919 1557 2980 ut
1580 2910 1634 2978 J
1635 2931 1771 2980 esus
1817 2911 2097 2978 Christus

535 3019 654 3076 non
673 3013 764 3076 sit
795 3009 1084 3094 propriae
1118 3009 1334 3074 Filius
1363 3005 1497 3084 Dei,
1528 3023 1710 3090 neque
1733 3023 1808 3071 σω
1847 3005 2099 3088 Vimine

537 3103 594 3169 ei
623 3104 692 3168 in
739 3103 972 3168 Filium
994 3101 1252 3188 genitur,
1299 3103 1406 3168 sed
1439 3103 1636 3165 nescio
1664 3115 1736 3164 ιω
1769 3117 1884 3184 quo
1925 3115 2095 3166 servo

537 3199 862 3282 adoptatus
877 3197 946 3262 in
972 3195 1307 3275 filietatm,
1332 3201 1404 3260 ut
1427 3210 1532 3259 voe
1565 3195 1794 3259 dicitis.

620 3293 717 3356 16.
763 3291 855 3354 Ex
899 3305 1028 3370 quo
1073 3289 1337 3352 ulterius
1367 3288 1800 3352 animadverto
1821 3333 1838 3364 ,
1873 3304 2094 3351 verum

536 3385 790 3466 quidem
833 3382 1064 3459 videri,
1111 3383 1488 3464 Elipandnm
1531 3388 1596 3445 et
1649 3379 1914 3445 Felicem
1964 3397 2094 3444 non

535 3479 782 3543 dIsertis
808 3477 1018 3541 verbis
1057 3475 1248 3540 fuisse
1277 3477 1594 3558 professos
1623 3491 1904 3539 errorem
1936 3475 2095 3538 Nes-

533 3573 699 3651 terii,
719 3588 930 3653 neque
957 3585 1254 3654 expresse
1281 3573 1644 3634 nomInasse
1673 3569 1834 3634 duas
1865 3569 2094 3651 hypos-

533 3671 704 3730 tases
723 3711 746 3742 ,
777 3672 884 3728 aut
912 3665 1040 3726 duo
1069 3665 1416 3746 supposita,
1445 3665 1546 3728 vel
1587 3664 1890 3726 unionem
1933 3663 2096 3726 acci-

535 3759 892 3835 dentalem,
943 3757 1059 3820 sed
1099 3763 1348 3820 tantum
1403 3772 1552 3820 usos
1594 3755 1791 3819 fuisse
1835 3755 2093 3818 nomine

535 3851 892 3932 adoptionis
907 3849 1008 3913 vel
1029 3850 1537 3932 nuncupationis,
1561 3867 1753 3930 quam
1779 3849 1868 3912 ita
1889 3848 2095 3912 decla·

533 3944 781 4022 rabant,
823 3951 892 4007 ut
911 3944 1104 4026 plane
1131 3947 1198 4007 in
1226 3963 1295 4008 re
1327 3945 1481 4007 nibil
1510 3943 1686 4007 aliud
1718 3959 1909 4025 quam
1941 3943 2095 4005 Nes·

533 4040 729 4102 torius
770 4037 1109 4116 sentirent,
1155 4039 1304 4121 quia
1351 4055 1560 4120 neque
1606 4054 1747 4101 eam
1789 4057 1829 4099 a
1875 4042 2094 4099 nostra

531 4132 868 4214 adoptione
899 4131 1392 4214 distinguebant,
1427 4149 1546 4195 nec
1571 4134 1883 4214 majorem
1912 4131 2097 4192 unio·-

534 4240 683 4287 netn
710 4227 870 4288 inter
898 4223 1356 4289 humanitatem
1388 4231 1450 4289 et
1469 4227 1751 4290 Verbum
1787 4243 2095 4306 agnosce-

533 4317 715 4396 hant3
752 4334 956 4398 noque
991 4321 1161 4381 illam
1202 4320 1319 4382 soli
1363 4319 1758 4392 humanitati,
1805 4317 1920 4380 sed
1958 4319 2097 4380 cui-

529 4409 677 4475 dam
713 4409 954 4473 homini
1004 4411 1469 4488 attribuebant,
1509 4425 1700 4493 quem
1747 4427 1999 4474 servum
2032 4417 2097 4475 et

532 4505 807 4586 priorem
835 4503 940 4567 tali
963 4505 1202 4567 unione
1231 4523 1343 4567 seu
1373 4505 1711 4588 adoptione
1743 4521 1882 4568 esse
1923 4505 2095 4568 dice-

531 4597 705 4660 bant.
741 4599 944 4677 Atque
971 4597 1120 4662 hinc
1149 4597 1335 4662 facile
1362 4599 1778 4680 respondetur
1811 4599 1892 4662 ad
1933 4597 2092 4662 alias

530 4691 926 4772 conjecturas
963 4708 978 4754 ε
1025 4691 1297 4755 fatemur
1337 4695 1506 4757 enim
1537 4693 1914 4776 Elipandum
1962 4711 2091 4756 non

533 4793 750 4865 aperte
793 4783 987 4849 fuisse
1034 4786 1388 4866 professum
1441 4804 1721 4852 errorem
1769 4787 2086 4863 Nestorii,

533 4877 805 4958 ideoque
849 4894 1069 4942 ausum
1110 4879 1304 4944 fuisse
1331 4879 1634 4961 judicium
1683 4886 1748 4944 et
1781 4881 2094 4963 approba-

534 4972 772 5034 tionem
805 4971 1062 5036 Coucilii
1101 4973 1458 5055 postulare3
1497 4983 1606 5039 eut
1633 4975 1804 5038 enim
1837 4973 1988 5055 quid
2018 4973 2101 5036 ad

535 5073 722 5128 snum
751 5080 1031 5128 errorem
1071 5075 1570 5148 consequeretur
1611 5081 1744 5131 non
1789 5067 2102 5149 intellige·

539 5157 650 5222 bat
691 5155 896 5242 (quod
923 5159 1220 5223 credibile
1249 5160 1398 5243 est),
1433 5169 1542 5225 aut
1569 5162 1748 5243 (quae
1771 5161 1933 5225 solet
1961 5176 2099 5224 esse

429 5291 433 5298 -
533 5252 977 5316 haereticorum
1027 5254 1334 5335 audacia)
1379 5255 1678 5338 sperabat
1727 5255 1860 5319 fore
1913 5262 1983 5317 ut
2020 5271 2099 5318 ee

535 5345 936 5410 simulatione
973 5347 1132 5411 alios
1171 5349 1516 5432 deciperet.
1561 5349 1640 5414 Et
1677 5349 1973 5414 eamdem
2016 5349 2099 5412 ob

537 5452 794 5504 causam
821 5437 1166 5508 Concilium
1191 5459 1323 5508 non
1357 5445 1563 5508 solum
1593 5461 1780 5508 nsum
1809 5451 1905 5508 est
1925 5443 2101 5508 testi·

537 5534 770 5598 moniis
791 5541 851 5601 et
869 5535 1337 5605 definitionibus
1362 5539 1579 5607 contra
1595 5539 1951 5608 Nestorium
1972 5537 2101 5606 mc·

1765 363 2001 430 QUAEST.
2034 359 2188 418 xxn.
2221 361 2424 418 Anne.
2456 361 2543 418 w.

2190 465 2291 541 tis,
2334 463 2412 527 ad
2454 463 2729 527 Felicem
2758 463 2823 524 et
2848 459 3233 542 Elipandum
3262 457 3729 543 contundendos,

2190 559 2305 622 sed
2334 560 2527 622 etiam
2558 557 2684 620 illis
2712 555 3033 620 declarare
3064 554 3341 628 studuit,
3366 554 3733 634 quomodoin

2190 669 2263 716 re
2290 653 2445 716 nihil
2490 650 2661 715 aliud
2704 664 2901 732 quam
2943 647 3277 714 Nestorius
3304 647 3613 712 dicerent.
3638 651 3733 713 lie-

2194 748 2335 828 gari
2372 751 2585 810 autem
2611 763 2742 808 non
2775 747 2983 826 petest
3008 743 3171 822 quin
3206 759 3463 824 magna
3496 759 3575 804 ex
3596 753 3737 822 parte

2191 859 2324 904 non
2352 841 2536 905 aliter
2566 839 2925 903 confutetur
2970 837 3071 900 bic
3120 855 3311 900 error
3350 835 3427 898 in
3474 835 3583 898 illo
3616 836 3739 902 Can-

2194 935 2361 1012 ciiio,
2382 936 2503 998 nisi
2522 933 2851 1018 probando
2876 933 3189 997 unitatem
3212 947 3525 1012 persono
3550 937 3611 993 et
3630 933 3745 994 snb-

2194 1029 2494 1093 sistentioe
2540 1031 2609 1092 in
2650 1028 2895 1094 Christo
2914 1075 2936 1107 ,
2986 1037 3061 1092 nt
3104 1033 3289 1108 petet
3334 1025 3655 1106 pracipes
3682 1045 3745 1090 ex

2192 1123 2373 1206 epist.
2405 1123 2487 1186 ad
2508 1124 2715 1204 Episc.
2752 1123 2959 1204 Hisp„
2990 1141 3031 1186 a
3058 1121 3183 1186 col.
3219 1122 3287 1183 6.
3314 1117 3455 1184 Sed
3481 1119 3605 1184 hec
3632 1139 3748 1182 rcu-

2188 1220 2400 1283 tentise
2428 1225 2653 1282 nostrae
2681 1217 2773 1280 nil
2794 1217 3021 1293 obstat,
3038 1223 3109 1280 ut
3128 1216 3345 1297 magis
3372 1231 3461 1277 ex
3490 1217 3745 1294 aequom

2188 1315 2421 1396 puncto
2448 1311 2779 1386 constabit,
2807 1311 2877 1373 in
2904 1327 3031 1392 qno
3066 1327 3345 1374 sensnm
3380 1307 3747 1372 definin'enis

2188 1407 2445 1475 Concilii
2473 1407 2948 1487 explicabimus,

2272 1505 2371 1567 Π.
2436 1499 2795 1566 Auctoritas
2876 1499 3485 1579 Frmoscrdt'euie
3564 1500 3751 1578 cynei

2187 1601 2436 1680 quanta.
2466 1624 2549 1644 -·
2576 1595 2749 1658 Circa
2778 1593 3125 1658 secundam
3170 1600 3441 1675 partem
3490 1592 3573 1654 de
3608 1593 3750 1654 Con-

2188 1690 2331 1754 cilio
2354 1686 2899 1753 Francofordiensi
2928 1689 3055 1752 duo
3078 1686 3455 1751 desiderari
3484 1695 3747 1766 possunt.

2187 1785 2395 1850 Unum
2436 1789 2555 1856 est,
2601 1783 2941 1847 auctoritas
2974 1783 3115 1862 ejus
3138 1789 3397 1862 quanta
3440 1782 3552 1843 ait.
3593 1779 3751 1842 Aliud

2188 1885 2305 1956 est,
2334 1879 2477 1960 quis
2504 1877 2585 1941 sit
2612 1895 2837 1940 sensus
2864 1875 3253 1940 definitionis
3296 1877 3471 1957 ejus.
3498 1875 3595 1938 De
3616 1875 3752 1936 Con-

2186 1973 2329 2036 cilio
2375 1978 2585 2036 antem
2616 1971 2755 2052 ipso
2802 1971 3137 2052 dupliciter
3170 1970 3359 2052 loqui
3402 1987 3747 2050 possumus.

2186 2071 2323 2133 Uno
2349 2065 2562 2142 modo,
2590 2066 2873 2130 absolute
2888 2071 2955 2129 ct
2981 2066 3165 2146 quasi
3192 2065 3533 2127 abstracte
3560 2063 3637 2126 de
3660 2064 3747 2126 illo

2186 2161 2459 2225 Concilio
2482 2159 2833 2224 secundum
2858 2179 2949 2222 se.
2970 2161 3107 2222 Alio
3132 2157 3359 2232 modo,
3386 2165 3591 2240 prout
3606 2177 3745 2222 nuuc

2183 2253 2366 2319 nobis
2394 2254 2769 2336 proponitur
2802 2253 2869 2315 in
2908 2253 3093 2316 tertio
3120 2259 3301 2316 tomo
3332 2253 3743 2316 conciliorum

2184 2349 2249 2412 in
2271 2349 2433 2412 libro
2464 2354 2529 2411 et
2560 2347 2841 2429 epistolis
2869 2363 3059 2429 supra
3086 2347 3315 2410 citatis.
3340 2345 3635 2412 Primum
3657 2350 3745 2428 igi-

2182 2450 2289 2506 tur
2332 2441 2603 2505 dubitari
2633 2460 2763 2504 non
2796 2447 3004 2522 potest
3046 2443 3202 2522 quin
3232 2447 3479 2505 contra
3515 2443 3745 2506 Felicia·

2184 2553 2334 2600 nam
2390 2535 2677 2599 haeresim
2720 2534 2847 2598 tale
2890 2535 3242 2599 Concilium
3292 2547 3745 2619 congregatum

2186 2631 2289 2705 sit,
2322 2637 2387 2693 et
2414 2629 2480 2693 in
2522 2648 2598 2694 eo
2626 2630 2815 2694 fuerit
2846 2629 2953 2692 illa
2996 2629 3255 2693 heresis
3288 2630 3649 2706 damnum
3682 2632 3745 2693 de

2178 2726 2301 2787 hoc
2346 2725 2517 2786 enim
2562 2724 3155 2787 sufficientissimam
3180 2723 3617 2788 traditionem
3654 2726 3746 2788 ln·

2179 2817 2406 2883 hernus
2427 2864 2446 2893 ,
2496 2837 2575 2882 ex
2610 2818 2907 2882 omnihus
2944 2817 3076 2880 fere
3108 2817 3499 2881 auctoribus
3540 2822 3647 2900 qui
3686 2822 3747 2883 de

2181 2913 2371 2994 gestis
2414 2911 2800 2976 Francorum
2847 2917 2957 2974 ant
3004 2911 3485 2992 Hispanorum,
3534 2921 3645 2977 aut
3680 2913 3747 2976 dc

2177 3005 2517 3068 universali
2546 3013 2905 3086 temporum
2934 3005 3459 3087 chronographia
3490 3009 3745 3088 scripse-

2174 3103 2346 3177 runt,
2370 3103 2443 3162 ut
2466 3104 2641 3180 patet
2670 3117 2746 3163 ex
2776 3099 2941 3164 Jona
2960 3099 3439 3176 Aurelianensi,
3474 3100 3591 3165 lib.
3620 3107 3648 3164 1
3678 3103 3747 3165 de

2174 3194 2357 3258 Cultu
2378 3193 2749 3274 imaginum,
2772 3195 2877 3272 qui
2898 3193 3133 3268 locum,
3152 3193 3222 3255 in
3244 3211 3381 3274 quo
3402 3195 3745 3262 Concilium

2176 3287 2560 3350 celebratum
2600 3294 2717 3364 est,
2748 3287 2967 3362 tacuit,
3010 3288 3168 3350 sicut
3190 3291 3257 3350 et
3286 3289 3541 3352 Paulus
3560 3291 3745 3353 AEmi·

2174 3381 2316 3456 lius,
2352 3381 2463 3444 lib.
2490 3381 2533 3443 Ξ
2571 3381 2650 3444 de
2676 3381 2885 3444 Gestis
2911 3379 3232 3455 Francor.,
3276 3381 3366 3444 ad
3388 3381 3624 3447 finem.
3652 3387 3745 3447 Sa·

2174 3473 2437 3538 bellicus
2462 3493 2638 3550 vero,
2679 3473 2946 3538 AEnead.
2974 3477 3039 3552 8,
3062 3473 3172 3537 lib.
3200 3477 3267 3553 8,
3296 3477 3523 3540 solnm
3558 3480 3749 3541 nomi-

2174 3573 2285 3633 nat
2327 3569 2745 3632 Franconiam
2788 3566 3141 3631 Germania
3188 3569 3537 3650 regionem
3556 3619 3575 3649 ,
3622 3573 3745 3634 nul·

2172 3663 2429 3743 lamque
2455 3661 2845 3726 mentionem
2881 3661 3032 3726 facit
3058 3665 3397 3744 praesentia
3428 3669 3667 3730 erroris
3694 3669 3746 3730 in

2176 3775 2251 3819 eo
2274 3753 2551 3820 Concilio
2583 3755 2867 3818 damnati
2903 3757 3259 3820 :Damnata
3286 3765 3387 3824 est
3410 3762 3745 3843 (inquiens)

2172 3847 2491 3915 Feliciana
2550 3851 2802 3915 liter-esic
2860 3852 2929 3914 de
2998 3850 3305 3916 doleat:
3376 3851 3745 3922 Sanctorum

2174 3945 2567 4026 imaqinibue,
2589 3944 2671 4006 de
2695 3959 2821 4023 quo
2844 3949 3065 4026 postea
3084 3943 3395 4012 dicemus.
3420 3949 3739 4024 Hermae„

2176 4035 2514 4116 contrane,
2554 4038 2619 4100 in
2656 4037 2917 4115 Chi-on„
2957 4055 3106 4100 ann.
3156 4041 3301 4117 794,
3332 4043 3553 4106 solnm
3584 4045 3739 4116 dicit,

2174 4131 2429 4194 Carolus
2476 4131 2804 4214 synodum
2852 4149 3155 4213 magnam
3206 4147 3593 4219 cong-regat.
3644 4139 3743 4199 Ta-

2174 4241 2344 4301 men,
2377 4231 2440 4288 et
2480 4225 2737 4289 Concilii
2782 4231 2849 4288 et
2889 4223 3012 4288 loci
3042 4225 3669 4309 FrancofordiensiS,
3692 4239 3741 4293 et

2176 4317 2491 4382 damnatae
2532 4317 2791 4382 haeresis
2834 4315 2919 4382 de
2962 4318 3185 4382 Christi
3234 4323 3593 4403 adoptione
3632 4343 3741 4388 me·

2174 4413 2495 4476 minerunt
2517 4412 2655 4476 Ado
2686 4419 2752 4475 et
2776 4413 3166 4494 sigebertus,
3201 4419 3267 4478 et
3286 4417 3513 4481 Abbas
3536 4421 3738 4501 Usper·

2175 4505 2405 4588 gensis,
2429 4505 2491 4568 in
2512 4503 2769 4581 Chron.,
2802 4525 2953 4570 ann.
2974 4511 3091 4572 793
3114 4523 3136 4587 3
3165 4509 3427 4591 Regin„
3448 4530 3565 4576 an.
3600 4517 3731 4583 794:
3835 4541 3836 4546 ¹

2174 4601 2424 4675 mend„
2452 4599 2717 4663 AEnead.
2746 4605 2809 4676 2,
2837 4601 2884 4662 1.
2914 4601 2985 4675 {;
3018 4602 3266 4681 platin„
3289 4603 3357 4666 in
3376 4606 3643 4670 Adriani
3666 4609 3737 4670 vi-

2172 4701 2277 4769 ta;
2332 4695 2559 4757 Anton.
2581 4741 2598 4769 ,
2634 4699 2675 4759 2
2717 4702 2877 4777 part.
2912 4695 3097 4771 nist„
3126 4698 3221 4760 tit.
3266 4701 3371 4776 ss»,
3406 4717 3468 4764 c.
3506 4705 3539 4764 1
3566 4749 3589 4780 ,
3628 4703 3732 4783 §a

2172 4789 2501 4852 Aimonius
2524 4837 2539 4861 ,
2584 4787 2695 4852 lib.
2725 4793 2767 4852 4
2787 4838 2809 4869 ,
2842 4790 2925 4854 de
2964 4793 3157 4871 gestis
3190 4791 3533 4874 Francor„
3564 4815 3623 4860 c.
3646 4797 3731 4871 83,

2176 4887 2241 4947 et
2272 4900 2351 4945 ex
2390 4883 2847 4946 recentioribus
2893 4896 3085 4964 quam
3126 4883 3407 4966 plurimi.
3454 4889 3551 4953 Ac
3577 4891 3735 4953 deni-

2182 4995 2305 5058 que
2334 4977 2421 5038 ita
2450 4981 2545 5040 est
2566 4976 2688 5039 hoc
2724 4977 3047 5040 communi
3072 4993 3395 5042 consensu
3418 4983 3617 5046 totius
3640 4983 3735 5045 Ec·

2180 5069 2387 5133 clesiae
2408 5077 2760 5152 receptum,
2788 5077 2859 5134 ut
2884 5086 3003 5135 nec
3024 5069 3255 5139 debeat
3290 5085 3417 5141 nec
3450 5080 3649 5159 possit
3680 5079 3733 5139 iu
3835 5075 3836 5148 ἒ

2180 5163 2441 5227 dubium
2469 5167 2771 5228 revocari.

2262 5257 2361 5322 18.
2406 5257 2643 5323 Deinde
2670 5257 2825 5323 mihi
2850 5278 2982 5324 non
3006 5265 3105 5326 est
3142 5261 3413 5329 dubium
3458 5268 3613 5350 quin
3640 5267 3733 5330 de-

2178 5351 2379 5416 finitio
2396 5353 2461 5415 in
2488 5353 2597 5416 illo
2617 5353 2895 5419 Concilio
2918 5355 3109 5433 iacta,
3132 5363 3197 5422 ct
3220 5363 3411 5440 prout
3428 5361 3599 5426 facta
3629 5369 3729 5435 est,

2177 5447 2469 5511 hahuerit
2496 5449 2622 5512 vim
2662 5455 2727 5512 et
2754 5451 3585 5520 auctoritatcm'stehiliendi
3612 5473 3730 5520 cer·
3835 5451 3836 5528 J

2176 5544 2313 5609 tam
2334 5540 2553 5610 fidem.
2582 5541 2791 5623 Unde,
2818 5544 2873 5615 si
2898 5545 3285 5614 sufficienter
3312 5555 3564 5620 cunm
3586 5549 3727 5619 defi-
