3892 6167
1397 335 1632 400 QUAEST.
1665 333 1840 390 xxm.
1875 335 2077 390 Anne.
2109 337 2151 392 1.

3261 339 3373 399 471

101 435 394 514 quando
427 438 498 501 is
521 485 540 512 ‚
583 439 690 518 qui
719 438 1074 520 adoptatur,
1110 439 1204 502 est
1239 439 1334 502 sui
1356 439 1538 519 juris.
1578 439 1735 501 Nam
1815 443 1885 499 ut
1906 438 2041 518 jam
2068 440 2417 520 explicabo.
2446 439 2568 504 Nec
2584 439 2659 504 D.
2688 441 2910 504 Thom.
2944 443 3379 523 numerand„

103 531 157 592 si
175 528 266 594 sit
295 531 438 592 sub
471 534 698 612 patria
721 537 1048 614 potestate,
1079 539 1231 597 tunc
1255 535 1482 596 retinet
1503 551 1736 595 nomen

106 623 548 705 adoptionis,
599 634 660 689 et
681 628 948 707 ‚requirit
974 642 1354 689 consensum
1391 627 1734 705 utriusque,

107 718 374 780 scilieet
405 719 808 801 adoptandi,
835 728 898 784 et
921 722 1058 801 ejus
1087 722 1202 782 sub
1227 724 1404 801 cujus
1431 727 1738 802 potestate

109 817 236 882 cst,
275 817 356 873 ut
387 813 740 892 colligitur
771 831 846 878 ex
874 815 1039 894 lege,
1065 815 1128 876 in
1159 815 1637 894 Adoptionibus,
1669 813 1735 876 ff.

110 904 362 964 eodem
403 906 519 968 tit.
585 907 764 980 Quod
815 909 866 969 si
917 909 1198 970 nondum
1249 909 1494 970 ratione
1533 913 1742 970 utatur

113 1000 616 1080 adoptandus,
647 1003 912 1066 sufficiet
955 1022 1303 1066 consensus
1333 1004 1613 1083 parentis
1641 1002 1741 1064 vel

113 1096 358 1154 tutoris
404 1096 480 1156 in
520 1097 712 1177 cujus
753 1101 1058 1176 potestate
1089 1103 1209 1174 est,
1241 1117 1318 1160 ex
1365 1099 1506 1177 lege
1537 1097 1740 1158 Etiam

116 1187 488 1260 infantem,
525 1191 602 1252 ff.
641 1189 890 1266 eodem,
931 1197 992 1253 et
1031 1191 1173 1270 lege
1219 1192 1642 1272 Impuberem‚
1671 1189 1735 1254 C.

115 1281 366 1343 codem
391 1283 504 1344 tit.
537 1286 618 1346 Et
643 1286 800 1347 ratio
829 1285 1019 1366 hujus
1051 1285 1422 1347 conditionis
1454 1291 1571 1362 est,
1597 1285 1744 1364 quia

119 1377 260 1438 haec
293 1375 594 1456 adoptio
626 1381 718 1442 est
741 1378 932 1440 veluti
960 1377 1218 1460 quidam
1252 1379 1572 1440 humanus
1599 1396 1744 1440 con-

123 1475 426 1546 tractus,
483 1476 564 1533 et
606 1472 748 1534 ideo
799 1479 1042 1552 oportet
1087 1477 1156 1534 ut
1201 1473 1592 1534 voluntarius
1637 1471 1738 1534 sit.

127 1565 290 1626 Aliae
331 1565 784 1642 conditiones,
811 1585 950 1646 quoe
979 1568 1042 1628 in
1083 1568 1358 1628 humana
1408 1566 1742 1646 adoptione

127 1660 631 1734 interveniunt,
671 1660 1103 1722 accidentarioe
1133 1668 1278 1723 sunt
1306 1661 1388 1722 ad
1433 1659 1741 1722 rationem

131 1751 556 1832 adoptioniS,
581 1760 652 1817 ut
675 1754 835 1815 eirca
861 1755 1206 1817 solutiones
1228 1759 1738 1836 argumentorum

131 1847 574 1908 commodius
605 1848 1074 1928 explicabimus.

217 1943 280 2002 t.
321 1941 422 2002 Ex
457 1941 594 2004 hac
627 1961 776 2021 ergo
803 1943 1122 2004 communi
1165 1943 1408 2005 ratione
1447 1959 1561 2004 seu
1593 1940 1744 2005 defl-

139 2035 396 2096 nitione
450 2033 824 2116 adoptionis
867 2042 1040 2098 recte
1077 2037 1313 2117 colligit
1342 2038 1416 2100 D.
1445 2037 1742 2114 Thomas,

143 2127 474 2208 adoptare
525 2130 779 2208 aliquos
805 2129 924 2195 sibi
969 2131 1032 2192 in
1063 2131 1250 2205 filice,
1281 2137 1451 2194 recte
1499 2131 1624 2194 Deo
1659 2137 1747 2194 at·

145 2221 370 2296 tribui,
399 2224 572 2300 quia
607 2241 682 2284 ex
712 2225 990 2286 bonitate
1013 2243 1126 2286 sua
1157 2225 1398 2305 aliquas
1427 2233 1747 2288 creaturas

147 2315 228 2378 ad
269 2319 854 2398 participationem
886 2338 1014 2382 snae
1059 2325 1312 2382 aeternae
1343 2321 1746 2383 beatitudinis

149 2410 466 2487 assumit3
505 2412 648 2474 haec
677 2413 847 2473 euim
887 2415 1382 2492 supernaturalis
1423 2414 1744 2478 beatitudo

149 2503 386 2564 merito
436 2505 780 2569 horeditas
819 2508 936 2570 Dei
969 2507 1196 2568 dicitur
1214 2553 1237 2584 ,
1269 2508 1438 2586 quia,
1481 2507 1642 2568 sicut
1679 2507 1745 2568 in

155 2599 540 2662 hominibus
571 2599 800 2662 divitiae
826 2602 1094 2682 alicujus
1110 2601 1400 2664 dicuntur
1417 2601 1745 2664 haereditas

155 2694 320 2770 ejuS,
361 2693 457 2754 ita
495 2693 850 2768 beatitudo,
881 2712 1008 2774 qua
1037 2698 1202 2757 Deus
1246 2696 1422 2757 dives
1467 2704 1582 2770 est,
1627 2695 1748 2759 diei

159 2793 372 2864 potest
407 2788 766 2850 haereditas
795 2790 1008 2868 ipsius.
1063 2791 1372 2870 Respectu
1399 2797 1606 2852 autem
1636 2789 1749 2851 hu-

156 2880 258 2958 jus
305 2881 712 2944 haereditatis
743 2901 1014 2962 persona
1071 2890 1281 2946 creata
1311 2890 1610 2947 extranea
1651 2903 1750 2946 re·

161 2979 450 3051 putatur,
471 2977 630 3056 quia
653 2994 727 3038 ex
749 2977 810 3037 vi
831 2995 961 3038 suae
987 2983 1230 3039 naturae
1257 2983 1317 3040 et
1339 2978 1594 3057 originis
1617 2978 1751 3039 nnl-

163 3068 294 3127 lum
334 3069 448 3146 jus
490 3069 580 3132 ad
607 3070 777 3130 illam
809 3072 1016 3146 habet,
1058 3072 1205 3150 quia
1239 3072 1410 3132 nullo
1441 3072 1628 3133 modo
1659 3077 1752 3135 est

167 3167 412 3222 naturae,
465 3162 710 3224 debita.
758 3163 856 3226 Ad
882 3164 1047 3226 hane
1087 3165 1276 3226 etiam
1321 3165 1749 3227 haereditatem

171 3255 410 3331 nullus,
447 3257 570 3337 qui
599 3259 840 3319 ratione
873 3259 964 3319 uti
993 3259 1208 3338 possit,
1241 3259 1602 3334 assumitur,
1631 3259 1748 3319 nisi

171 3367 244 3410 eo
297 3353 750 3414 consentiente
802 3360 865 3415 et
911 3355 1160 3415 volente
1187 3373 1202 3430 ;
1255 3355 1536 3414 omnium
1581 3354 1750 3414 enim

173 3443 548 3506 adultorum
578 3445 854 3524 adoptio,
891 3463 1005 3526 per
1031 3447 1348 3527 propriam
1383 3463 1598 3507 eorum
1621 3446 1750 3508 dis-

177 3537 564 3615 positionem
611 3545 676 3600 61
725 3529 1240 3610 consensum‘fit3
1295 3540 1358 3600 in
1408 3537 1751 3600 infantibus

177 3647 324 3691 vero
353 3633 553 3706 Deua,
578 3634 688 3710 qui
717 3649 932 3693 eorum
963 3639 1056 3694 est
1085 3637 1304 3696 auctor
1325 3639 1389 3695 et
1415 3637 1617 3714 pater,
1649 3647 1753 3694 eo·

181 3741 316 3784 rum
347 3736 740 3788 consensum
760 3727 1033 3806 supplet,
1067 3727 1165 3788 vel
1193 3733 1366 3788 certe
1397 3744 1511 3805 per
1548 3726 1751 3786 Eccle-

181 3817 330 3880 siam
357 3822 790 3895 consentiunt,
817 3821 917 3882 vel
932 3839 1047 3901 per
1076 3826 1262 3900 eaput
1292 3838 1498 3896 suum,
1526 3821 1632 3900 qui
1657 3825 1753 3882 est

185 3909 484 3978 Christus.
519 3915 734 3977 Merito
761 3933 913 3994 ergo
932 3915 1202 3994 gratuita
1225 3915 1596 3993 acceptatio,
1625 3931 1746 3991 qua

187 4005 348 4067 Dens
375 4008 656 4070 admittit
679 4024 1010 4088 personam
1033 4015 1307 4068 creatam
1331 4007 1411 4067 611
1439 4007 1600 4066 11666
1627 4007 1750 4068 hoe-

189 4099 542 4178 redi-tatem,
569 4102 824 4180 adoptio
853 4107 1139 4173 vocatum
1171 4100 1238 4161 in
1279 4099 1382 4161 illa
1413 4100 1580 4161 enim
1613 4115 1752 4179 per-

189 4189 342 4254 fecte
379 4195 788 4256 inveniuntur
826 4201 952 4256 tres
993 4193 1386 4255 conditiones
1415 4211 1600 4272 supra
1641 4211 1752 4272 po-

193 4285 344 4358 siae,
371 4297 445 4349 nt
486 4307 561 4348 ex
589 4289 770 4349 dictis
799 4287 950 4348 satis
978 4287 1380 4346 manifestum
1413 4292 1524 4347 est.
1569 4285 1746 4346 Unde

194 4381 370 4442 ctiam
405 4382 800 4461 intelligitur,
833 4383 994 4442 11666
1032 4380 1306 4442 divinam
1343 4379 1748 4459 adoptionem

195 4489 317 4534 non
365 4477 793 4556 metaphorice
821 4481 1064 4538 tantum
1102 4473 1196 4553 (ut
1237 4474 1496 4552 quidam
1545 4475 1752 4536 existi-

199 4574 491 4651 marunt),
523 4569 632 4632 sed
675 4589 820 4632 vere
847 4587 920 4632 ac
941 4569 1190 4648 proprie
1221 4568 1627 4648 adoptionem
1657 4585 1752 4629 es-

201 4678 296 4736 se;
329 4664 412 4726 ita
440 4665 608 4726 enim
635 4665 956 4743 Scriptura
975 4661 1254 4740 loquitur
1271 4661 1352 4722 ad
1377 4663 1554 4722 Rom.
1589 4665 1650 4736 8,
1675 4659 1756 4722 ad

205 4753 390 4818 Galat.
429 4761 493 4830 4,
543 4764 605 4819 et
633 4758 716 4820 ad
742 4757 970 4836 Ephes.
1009 4759 1066 4829 1,
1101 4763 1164 4818 et
1203 4761 1410 4834 potest
1439 4773 1581 4816 cum
1614 4773 1758 4834 pro-

205 4849 460 4923 prietate
493 4850 776 4929 intelligi.
829 4852 904 4912 Et
945 4848 1104 4912 ratio
1149 4847 1312 4909 facta
1345 4845 1411 4907 id
1460 4846 1754 4920 ostendit,

209 4943 344 5017 quia
383 4947 648 5026 proprias
677 4952 740 5007 et
763 4946 942 5024 quasi
971 4942 1342 5006 essentiales
1367 4941 1758 5003 conditiones

211 5035 554 5116 adoptionis
579 5039 646 5100 in
674 5041 794 5100 1166
821 5038 1030 5099 divina
1059 5035 1486 5104 inveniuntur,
1521 5041 1759 5096 6111611-

215 5129 386 5192 nullas
417 5133 578 5208 aliae,
623 5133 688 5194 in
735 5133 966 5212 quibus
999 5129 1206 5190 differt
1251 5126 1508 5207 adoptio
1550 5127 1757 5188 divina

215 5221 288 5280 ab
323 5225 588 5288 humana
615 5273 630 5299 ,
691 5244 819 5287 non
849 5223 1167 5304 pertinent
1211 5221 1290 5282 ad
1333 5220 1658 5282 veritatem
1699 5227 1759 5281 61

219 5321 642 5396 proprietatem
693 5320 1052 5399 adoptionis
1109 5324 1192 5378 ut·
1221 5315 1332 5390 sie,
1369 5315 1484 5376 sed
1535 5315 1760 5376 consti-

223 5413 391 5472 tuunt
417 5414 676 5476 fortasse
701 5413 978 5474 diversas
1009 5409 1247 5490 species
1271 5408 1644 5488 adoptionis,
1672 5408 1762 5468 in-

227 5503 310 5560 ter
336 5521 484 5582 quas
520 5507 854 5588 perfectior
881 5511 972 5566 est
1000 5503 1210 5564 divina
1241 5518 1432 5584 qnam
1459 5502 1760 5577 humana,

1817 532 1882 593 in
1911 535 1975 608 3,
2024 533 2167 596 dist.
2204 538 2303 608 10,
2334 535 2717 598 contrarium
2758 534 3029 612 docent3
3072 535 3163 598 illi
3209 538 3379 600 enim

1819 645 2149 706 nunquam
2176 628 2493 703 dixerunt,
2530 627 2931 707 adoptionem
2954 627 3227 692 divinam
3248 638 3383 698 tan-

1825 725 1955 782 tum
1980 721 2403 801 metaphorice
2419 739 2555 784 esse
2583 721 3009 802 adoptionem,
3030 727 3099 785 61
3128 723 3383 803 quidam

1820 815 1944 876 illis
1988 815 2334 878 attribuunt
2351 831 2369 893 ;
2402 815 2515 878 sed
2543 815 2836 880 dixerunt
2862 817 2955 896 (61
2981 817 3048 877 16
3080 818 3383 898 principio

1820 910 2201 988 notavimus)
2220 927 2449 972 nomen
2476 909 2827 990 adoptionis
2849 911 3223 974 translatum
3246 929 3385 974 esse

1821 1004 1901 1065 ah
1933 1005 2225 1066 humanis
2252 1003 2332 1066 ad
2372 1003 2611 1077 divina;
2649 1003 2911 1084 intelligi
2941 1011 3154 1066 autem
3198 1003 3384 1068 debet

1821 1098 2194 1160 translatum
2240 1115 2370 1160 non
2419 1116 2533 1177 per
2576 1099 3033 1178 metaphoram,
3082 1097 3195 1160 sed
3242 1117 3385 1178 pro-

1823 1197 1964 1272 pter
1988 1191 2493 1267 similitudinem,
2528 1197 2588 1254 et
2632 1193 2965 1256 univocam
3011 1193 3385 1256 convenien-

1823 1288 1999 1350 tiam.

1907 1383 1967 1443 5.
2012 1377 2271 1460 Adoptio
2312 1380 2461 1460 quid
2480 1379 2590 1442 sit.
2610 1411 2692 1426 --
2713 1379 2891 1442 Unde
2921 1379 3182 1442 ulterius
3220 1381 3392 1444 colli-

1825 1474 2011 1554 gitur,
2042 1474 2207 1536 hanc
2251 1473 2362 1536 Dei
2406 1472 2811 1553 adoptionem
2844 1473 3004 1536 nihil
3038 1475 3211 1536 aliud
3251 1493 3391 1538 esse

1823 1585 2016 1647 quam
2054 1567 2388 1647 ipsammet
2412 1565 2733 1628 rationalis
2764 1576 3066 1628 creatura?
3088 1565 3394 1646 justifica-

1822 1662 2084 1733 tionem,
2110 1667 2181 1724 ut
2208 1659 2395 1722 docet
2411 1658 2824 1740 Augustinus,
2858 1659 3038 1739 epist.
3075 1663 3214 1734 120,
3242 1678 3297 1724 6.
3322 1661 3385 1734 t,

1824 1761 1886 1817 et
1915 1755 2024 1816 lib.
2063 1757 2099 1818 3
2131 1761 2349 1816 contra
2376 1752 2616 1822 Faust..
2650 1771 2704 1816 6.
2745 1755 2821 1826 33
2853 1759 2945 1816 est
2978 1753 3145 1815 enim
3167 1753 3395 1833 justifi-

1823 1849 1985 1911 catio
2009 1855 2070 1910 et
2092 1848 2447 1910 voluntaria
2460 1847 2857 1927 regeneratio
2884 1847 2947 1910 in
2964 1865 3139 1928 spem
3158 1849 3388 1922 vivam,

1823 1950 1893 2006 ut
1921 1944 2191 2004 sumitur
2218 1959 2297 2004 ex
2339 1945 2367 2006 1
2405 1941 2571 2003 Petr.
2616 1943 2676 2016 1,
2709 1941 2930 2004 Jacob.
2966 1943 3025 2016 1,
3056 1944 3119 2004 61
3148 1940 3227 2002 ad
3268 1939 3386 2002 Tit.

1829 2039 1896 2111 33
1933 2035 2097 2113 ideo,
2133 2036 2315 2101 Joan.
2353 2038 2413 2109 1,
2439 2032 2763 2114 justificati
2798 2033 3115 2108 dicuntur,
3156 2035 3293 2096 nati
3320 2051 3395 2098 66·

1827 2133 1975 2205 Deo,
2006 2135 2069 2192 et
2110 2129 2403 2191 omnibus
2458 2127 2689 2190 dicitur
2738 2127 2885 2192 data
2924 2131 3195 2207 potestas
3230 2123 3394 2207 filios

1827 2226 1944 2288 Dei
1968 2225 2132 2302 fieri,
2152 2222 2449 2284 nimirum
2476 2239 2591 2300 per
2613 2219 2807 2282 fidem
2834 2221 3078 2300 vivamj,
3108 2219 3195 2282 sic
3223 2219 3391 2284 enim

1828 2319 1914 2380 ait
1933 2319 1969 2380 J
1968 2335 2118 2394 pan.
2148 2337 2162 2376 ε
2196 2317 2381 2380 Dedit
2406 2317 2494 2379 oie
2516 2318 2870 2395 potestatem
2892 2313 3057 2394 filios
3084 2313 3201 2377 Dei
3224 2313 3389 2391 fieri,

1826 2409 1910 2474 iis
1938 2412 2045 2494 qui
2087 2410 2335 2474 credunt
2364 2410 2433 2471 ia
2459 2409 2695 2472 nomine
2721 2407 2875 2488 ojus,
2912 2407 2996 2469 ita
3035 2405 3289 2477 scilicet,
3324 2409 3392 2468 nt

1827 2507 2296 2582 consequantur
2312 2501 2843 2584 justificationem.
2872 2499 3075 2576 Unde,
3103 2499 3183 2561 ad
3208 2501 3389 2562 Rom.

1827 2600 1902 2674 8,
1934 2599 2021 2660 ait
2052 2598 2280 2659 Paulus
2306 2612 2323 2658 ε
2353 2595 2696 2675 Accepistis
2734 2595 3023 2676 spiritam
3052 2591 3393 2674 adoptionis

1827 2693 2135 2771 filiorum,-
2162 2698 2224 2753 et
2268 2689 2345 2752 ad
2384 2689 2614 2770 Ephes.
2658 2691 2680 2750 ⁴
2718 2705 2735 2752 t
2779 2688 3261 2751 Proedestinavit
3283 2705 3393 2750 nos

1829 2789 1898 2850 in
1937 2787 2311 2866 adoptionem
2346 2786 2615 2862 filiorum
2652 2801 2763 2864 per
2788 2783 2841 2846 J
2844 2799 3005 2846 esum
3056 2780 3390 2855 Christum,

1829 2898 2021 2960 quam
2062 2879 2462 2959 adoptionem
2498 2877 2853 2958 explicans,
2886 2874 3133 2938 subdit:
3182 2873 3396 2942 Groti-

1826 2975 2039 3056 floavae't
2082 2991 2191 3036 nos
2233 2975 2301 3035 in
2330 2972 2541 3036 dilecto
2580 2971 2753 3035 Filio
2798 2986 2927 3033 mo.
2976 2969 3053 3030 Et
3086 2969 3247 3030 ratio
3276 2974 3392 3044 est,

1833 3067 1983 3146 quia
2011 3067 2201 3128 homo
2225 3065 2600 3144 justificatus
2632 3065 2821 3126 habet
2858 3063 2963 3143 jus
2992 3062 3073 3124 ad
3114 3060 3389 3123 divinam

1833 3160 2292 3232 haereditatem3
2327 3163 2421 3220 est
2464 3175 2615 3238 crgo
2645 3157 2845 3230 filius,
2878 3173 3007 3216 non
3052 3153 3387 3226 naturalis3

1833 3271 1985 3334 crgo
2036 3254 2406 3333 adoptivus,
2459 3269 2650 3332 quam
2695 3250 3095 3330 adoptionem
3148 3249 3209 3310 in
3256 3248 3389 3328 ipsa

1826 3345 2271 3426 justificatione
2300 3348 2591 3426 suscepit.

1914 3445 1974 3504 6.
2008 3443 2387 3523 Differ-entia
2420 3443 2583 3503 inter
2622 3439 2999 3518 adoptionem
3035 3436 3299 3500 divinam
3340 3442 3396 3498 el

1833 3535 2369 3598 humanam—Et
2400 3534 2543 3596 hinc
2572 3531 2937 3610 intelligitur
2980 3532 3184 3610 prima
3222 3529 3397 3592 diffe-

1831 3628 2059 3702 rentia,
2092 3645 2279 3706 quam
2320 3628 2392 3687 D.
2436 3627 2709 3687 Thomas
2738 3623 2839 3685 hic
2868 3622 3078 3704 posuit
3104 3622 3267 3684 inter
3306 3621 3397 3682 di-

1831 3721 2041 3782 vinam
2088 3721 2491 3800 adoptionem
2542 3726 2607 3782 et
2648 3721 3027 3780 humanam:
3073 3731 3223 3778 nam
3276 3715 3396 3775 116-

1832 3834 2023 3878 mana
2052 3813 2121 3878 fit
2162 3833 2278 3894 per
2306 3814 2506 3878 solam
2562 3814 2971 3878 extrinsecam
3020 3811 3395 3889 acceptatio-

1832 3927 2001 3986 nem,
2035 3915 2099 3972 et
2122 3927 2241 3990 per
2266 3925 2409 3971 eam
2454 3925 2584 3970 non
2614 3903 2931 3970 confertur
2967 3903 3223 3984 aliquod
3258 3921 3395 3966 esse

1831 4005 2169 4079 internum,
2203 4003 2265 4064 in
2296 4020 2423 4082 quo
2454 4001 2755 4063 fundetur
2799 4000 2903 4079 jus
2947 3997 3048 4060 vel
3074 3997 3397 4077 proportio

1833 4098 1913 4160 ad
1945 4096 2403 4172 haereditatem3
2436 4100 2499 4156 at
2530 4111 2677 4156 vero
2708 4094 2773 4154 in
2814 4089 3025 4153 divina
3056 4090 3395 4169 adoptione

1831 4190 1995 4252 filius
2012 4191 2239 4272 accipit
2254 4189 2660 4251 inhaerentem
2672 4185 3000 4266 justitiam,
3021 4188 3082 4245 et
3102 4183 3391 4264 gratiam,

1831 4303 1946 4364 per
1976 4301 2163 4364 quam
2193 4283 2264 4346 fit
2292 4283 2605 4364 particeps
2651 4279 2873 4342 divinae
2911 4285 3173 4354 naturae,
3202 4280 3231 4338 1
3260 4278 3393 4339 Pet.

1831 4383 1969 4452 3,et
1998 4379 2137 4441 ideo
2152 4381 2362 4453 Joan.,
2384 4381 2412 4439 1
2446 4378 2713 4450 Canon„
2746 4393 2800 4438 6.
2834 4375 2894 4448 3,
2922 4373 3161 4454 inquit:
3198 4371 3396 4438 Videte

1831 4473 2065 4554 qualem
2092 4474 2449 4538 charitatem
2496 4471 2657 4534 dedit
2702 4469 2878 4532 nobis
2922 4467 3128 4542 Deus,
3180 4471 3251 4528 ut
3271 4465 3397 4544 filii

1835 4567 1952 4630 Dei
1978 4566 2371 4642 nominemur,
2402 4571 2457 4630 et
2477 4565 2695 4630 simus.
2728 4564 2801 4626 Et
2831 4562 2979 4623 hinc
3006 4559 3289 4640 sequitur
3307 4573 3401 4622 se-

1837 4659 2046 4720 666116
2074 4659 2447 4732 differentia,
2488 4657 2637 4736 quia
2674 4655 2929 4736 adoptio
2960 4656 3239 4715 humana
3280 4651 3402 4712 for·

1838 4753 2081 4815 maliter
2106 4749 2177 4812 fit
2216 4769 2327 4832 per
2367 4750 2888 4829 acceptationem,
2930 4763 3055 4825 qua
3088 4743 3405 4806 confertur

1839 4847 1938 4926 jus
1951 4845 2032 4904 ad
2061 4845 2516 4918 haereditatem,
2541 4842 2689 4921 quia
2715 4848 2861 4904 ante
2885 4841 3005 4902 hoe
3033 4839 3136 4917 jus
3160 4835 3405 4898 nullum

1841 4955 1981 5000 esse
2022 4939 2523 5000 communicatur
2550 4937 2608 4996 ei
2638 4936 2748 5014 qui
2786 4933 3125 5012 adoptatur
3141 4974 3164 5005 ,
3196 4945 3404 5008 neque

1840 5031 2095 5110 aliquod
2122 5031 2293 5093 aliud
2322 5031 2561 5092 bonum
2602 5027 2927 5107 proprium
2968 5023 3099 5086 filii.
3136 5027 3213 5085 At
3254 5039 3407 5084 vero

1842 5126 2096 5204 adoptio
2136 5125 2347 5187 divina
2386 5123 2733 5186 formaliter
2760 5137 2891 5183 non
2918 5119 2990 5182 fit
3022 5135 3138 5198 per
3176 5116 3413 5178 extrin-

1843 5235 2053 5281 secam
2084 5220 2575 5299 acceptationem
2608 5213 2689 5276 ad
2717 5213 3001 5294 gloriam,
3031 5210 3143 5272 sed
3174 5227 3291 5290 per
3318 5209 3414 5270 in·
3480 5219 3493 5234 “

1842 5319 2086 5374 ternam
2115 5312 2499 5373 infusionem
2540 5308 2707 5368 illius
2748 5307 2931 5382 doni,
2965 5304 3207 5366 ratione
3236 5303 3415 5382 cujus

1843 5407 1949 5470 illa
1994 5407 2343 5489 acceptatio
2374 5404 2590 5468 debita
2619 5407 2734 5464 est.
2764 5401 2922 5474 Imo,
2955 5398 3143 5462 etiam
3174 5397 3221 5458 si
3257 5413 3419 5477 prae·

1848 5508 1940 5563 ter
1971 5503 2393 5565 extrinsecam
2427 5497 2921 5576 acceptationem
2956 5490 3417 5572 distinguamus
