3892 6167
563 365 645 425 66

562 468 711 531 dine
740 465 823 529 ad
852 464 1171 527 naturales
1200 470 1376 527 actus
1400 462 1815 546 intelligendi,
1844 463 2126 527 intellec-

562 566 697 624 tum
712 559 793 622 de
822 576 891 621 se
918 556 1157 620 habere
1181 563 1375 619 totam
1401 558 1526 621 vim
1556 558 1823 621 activam
1844 575 1921 619 ex
1944 559 2126 637 parte

560 653 859 735 potentiae
882 650 1309 715 necessariam
1358 650 1440 714 ad
1486 650 1889 714 efficiendum
1916 658 2130 715 aetum

564 745 985 829 intelligendi,
1018 746 1345 827 solumque
1388 745 1473 807 illi
1502 745 1727 808 deesse
1752 760 2132 809 concursum

570 840 825 923 objecti,
852 840 963 921 qui
989 840 1198 903 media
1245 838 1451 921 speeie
1480 840 1813 913 tribuitur3
1865 846 1931 901 at
1977 856 2128 901 vero

564 935 633 999 in
662 934 885 997 ordine
910 934 994 997 ad
1020 940 1199 997 actus
1228 934 1760 1013 supernaturales,
1776 952 1902 995 non
1925 933 2128 995 solum

564 1028 747 1093 deest
786 1026 1129 1092 intellectui
1154 1027 1435 1091 humano
1482 1044 1825 1091 concursus
1874 1026 2124 1108 obJ'ecti‚

568 1121 681 1185 sed
710 1122 901 1186 etiam
928 1121 1101 1185 deest
1122 1122 1360 1183 illamet
1387 1121 1667 1185 activitas
1709 1120 1989 1203 partialis
2013 1138 2130 1184 seu

566 1216 970 1295 incompleta,
1000 1232 1139 1296 quae
1160 1234 1239 1277 ex
1254 1221 1433 1295 parte
1452 1215 1747 1296 potentiae
1770 1214 2128 1277 necessaria

568 1316 684 1373 est.
714 1310 891 1384 Quod
914 1313 1109 1391 patet,
1141 1310 1289 1391 quia
1316 1310 1491 1371 nulla
1522 1309 1805 1390 potentia
1828 1310 2022 1371 habet
2050 1326 2128 1373 ex

566 1422 639 1469 se
664 1411 731 1467 et
766 1422 845 1467 ex
871 1410 1098 1467 natura
1125 1422 1240 1467 sua
1264 1405 1561 1469 virtutem
1608 1406 1871 1468 activam
1912 1405 1981 1467 in
2012 1422 2126 1467 suo

567 1498 787 1561 ordine
844 1516 959 1561 seu
1016 1518 1097 1561 ex
1139 1508 1321 1581 parte
1370 1500 1667 1582 potentiae
1714 1500 2128 1564 sufficientem

566 1591 649 1655 ad
671 1598 845 1657 actus
870 1594 1411 1674 supernaturales,
1440 1612 1556 1657 seu
1583 1595 1925 1676 superioris
1969 1594 2131 1659 ordi·

564 1686 703 1759 nis;
760 1686 909 1766 quia
960 1688 1241 1767 potentia
1282 1688 1587 1751 naturalis
1626 1706 1744 1768 per
1788 1707 1857 1751 se
1884 1694 2129 1753 tantum

568 1780 892 1845 ordinatur
922 1782 1005 1843 ad
1032 1786 1208 1845 actus
1236 1784 1581 1861 naturales,
1626 1790 1689 1847 et
1720 1783 1839 1847 sibi
1868 1801 2134 1865 propor«

564 1875 863 1950 tionatos,
896 1885 967 1941 ut
1008 1876 1073 1939 in
1119 1878 1441 1943 voluntate
1490 1882 1766 1953 constat3
1820 1896 1973 1959 ergo
2013 1880 2132 1943 erit

564 1966 737 2032 idem
758 1969 824 2032 in
848 1970 1194 2036 intellectu.

644 2066 710 2125 4.
756 2062 1037 2145 objectio.
1082 2096 1163 2112 -
1212 2065 1569 2149 Responsio.
1608 2099 1692 2117 —
1736 2066 2017 2149 objectio.
2050 2098 2132 2115 -·-

565 2156 921 2237 Responsio.
944 2192 1027 2207 —
1052 2160 1274 2238 DiceS,
1310 2166 1707 2243 assumptum
1738 2180 1876 2225 esse
1908 2178 2132 2223 verum

565 2250 646 2312 de
671 2250 913 2315 actibus
940 2254 1544 2333 supernaturalibus,
1587 2261 1659 2317 ut
1688 2258 2130 2336 supernatura·

564 2343 661 2407 les
687 2350 859 2422 sunt,
902 2364 1033 2409 non
1074 2352 1144 2409 ut
1180 2346 1637 2411 intellectiones
1662 2355 1839 2429 sunt3
1884 2346 2032 2429 quia
2061 2353 2131 2410 ut

566 2438 657 2501 sic
689 2440 1069 2505 conveniunt
1095 2460 1241 2503 cum
1268 2442 1681 2521 naturalibus,
1712 2449 1777 2506 et
1800 2442 1945 2505 ideo
1983 2448 2130 2505 sunt

562 2534 1017 2613 proportionati
1036 2534 1248 2599 virtuti
1276 2536 1571 2599 naturali.
1596 2536 1721 2599 Sed
1750 2538 1883 2599 hoec
1916 2536 2128 2599 evasio

566 2626 823 2707 explosa
844 2629 981 2707 jam
1010 2634 1145 2705 est,
1177 2630 1231 2691 si
1258 2634 1429 2692 recte
1460 2630 1941 2693 considerentur
1983 2646 2125 2709 quse

564 2718 857 2798 diximus,
888 2725 1027 2783 tum
1056 2722 1208 2800 quia
1238 2740 1367 2785 non
1410 2722 1559 2785 satis
1606 2729 1702 2786 est
1736 2722 2126 2785 intellectum

562 2830 680 2893 per
701 2814 995 2878 virtutem
1042 2834 1223 2879 suam
1253 2816 1522 2879 activam
1550 2818 1857 2896 attingere
1884 2816 1952 2877 in
1983 2822 2128 2879 actu

562 2908 957 2990 intelligendi
982 2908 1293 2971 rationem
1324 2928 1756 2987 communem,
1788 2910 1901 2971 sed
1942 2928 2129 2989 opor-

564 3008 657 3066 tet
686 3008 757 3065 ut
784 3002 1014 3065 efficiat
1050 3002 1411 3084 specificam
1440 3010 1502 3066 et
1543 3002 1885 3085 propriam,
1936 3009 2126 3084 atque

568 3098 729 3161 adeo
756 3102 828 3160 ut
856 3097 1085 3161 efficiat
1104 3104 1337 3173 actum,
1365 3098 1556 3159 etiam
1585 3100 1657 3159 ut
1680 3102 2129 3178 supernatura-

565 3193 641 3255 lis
672 3198 802 3272 estj,
837 3196 973 3253 tum
1004 3192 1193 3253 etiam
1220 3192 1369 3271 quia
1395 3190 1533 3271 ipsa
1561 3208 1814 3271 quoque
1847 3210 2128 3254 commu·

565 3287 665 3350 nis
682 3287 841 3349 ratio
856 3286 1318 3363 intellectionis,
1338 3291 1655 3349 contracta
1676 3286 1809 3365 jam
1834 3286 1917 3348 ad
1934 3287 2127 3349 talem

568 3386 803 3456 actum,
836 3378 1331 3461 supernaturalis
1356 3384 1450 3441 est
1466 3425 1487 3456 ,
1520 3384 1583 3441 et
1628 3377 1773 3441 ideo
1819 3378 1962 3442 fieri
1998 3397 2128 3441 non

566 3482 775 3558 potest
800 3494 839 3539 a
865 3475 1145 3556 potentia
1178 3474 1244 3537 in
1270 3474 1380 3535 tali
1402 3480 1549 3536 actu
1572 3491 1687 3554 per
1720 3474 1920 3536 solam
1946 3481 2133 3537 natu-

567 3570 765 3633 ralem
786 3567 1287 3647 virtutemipsius
1306 3568 1629 3649 potentiae3
1650 3568 1935 3647 quamvis
1959 3566 2128 3630 enim

567 3662 727 3726 ratio
753 3661 1299 3737 intellectionismt
1326 3662 1437 3739 sic,
1468 3680 1505 3723 a
1532 3662 1803 3724 naturali
1826 3668 1887 3724 et
1909 3680 2128 3742 super-

566 3758 837 3820 naturali
865 3756 1211 3835 abstrahat,
1250 3760 1313 3817 et
1343 3755 1489 3817 ideo
1517 3755 1881 3833 intellectio,
1901 3762 1973 3818 ut
2013 3746 2144 3833 sic,

565 3870 684 3915 nee
712 3850 1053 3924 naturalia,
1082 3865 1204 3911 nec
1242 3850 1736 3928 supernaturalis
1768 3850 2128 3911 necessario

568 3946 672 4021 sit,
690 3952 903 4007 tamen
930 3944 1065 4006 haec
1093 3944 1232 4024 ipsa
1259 3942 1419 4003 ratio
1441 3988 1457 4019 ,
1490 3942 1559 4004 in
1602 3961 1673 4005 re
1716 3942 1857 4023 ipsa
1884 3948 2128 4005 contra-

567 4044 667 4101 cta
690 4056 803 4119 per
829 4037 1243 4099 differentiam
1260 4036 1825 4116 supernaturalem,
1852 4036 1937 4099 ad
1952 4054 2129 4098 eum-

570 4132 717 4195 dem
762 4130 1045 4193 ordinem
1076 4130 1317 4193 elevata
1362 4136 1480 4205 est,
1511 4136 1575 4193 et
1608 4129 1677 4191 in
1720 4148 1791 4193 re
1822 4148 2132 4211 superna-

570 4224 791 4287 turalis
820 4230 931 4287 est.
964 4224 1135 4287 Sicut
1160 4222 1322 4285 ratio
1358 4222 1723 4285 substantiae
1765 4223 1845 4285 de
1875 4242 1944 4286 se
1989 4224 2130 4285 abs·

570 4318 760 4381 trahit
794 4336 833 4381 a
869 4315 1177 4379 materiali
1198 4320 1263 4377 et
1288 4314 1628 4395 spirituali,
1679 4321 2004 4379 contracta
2037 4322 2131 4379 ta-

568 4430 719 4475 men
746 4412 831 4475 ad
864 4410 1215 4492 Angelum,
1262 4409 1333 4471 in
1367 4408 1475 4470 illo
1507 4408 1847 4488 spiritualis
1894 4412 2132 4474 inveni·

570 4513 709 4585 tur3
748 4522 863 4587 per
893 4506 1021 4567 vim
1051 4510 1267 4566 autem
1293 4502 1560 4565 activam
1590 4504 1685 4582 (ut
1723 4503 2011 4587 diximus)
2041 4511 2132 4568 at-

574 4600 831 4681 tingitur
870 4615 974 4661 res
1019 4601 1205 4678 prout
1254 4614 1293 4657 a
1340 4600 1520 4675 parte
1562 4596 1659 4659 rei
1696 4597 2036 4674 invenitur,
2069 4604 2132 4662 et

570 4693 715 4756 ideo
746 4690 886 4755 fieri
930 4709 1060 4753 non
1099 4693 1307 4771 potest
1338 4695 1408 4751 ut
1443 4690 1723 4769 potentia
1774 4709 1893 4771 per
1930 4692 2131 4755 solam

568 4787 697 4849 vim
732 4784 1087 4848 naturalem
1120 4784 1319 4864 possit
1338 4782 1591 4847 efficere
1612 4784 1923 4847 rationem
1949 4786 2132 4851 intel-

568 4878 858 4943 lectionis
904 4878 973 4939 in
1026 4884 1171 4940 actu
1217 4878 1705 4958 supernaturali.
1738 4878 1887 4952 Quae
1916 4879 2131 4943 omnia

569 4971 1025 5037 confirmantur
1039 5015 1061 5047 ,
1089 4988 1241 5031 nam
1270 4970 1325 5033 si
1363 4969 1715 5033 intellectus
1742 4971 1819 5035 de
1846 4990 1915 5035 se
1942 4972 2132 5035 habe-

568 5072 669 5131 ret
718 5066 845 5129 vim
893 5062 1367 5127 connaturalem
1404 5064 1819 5127 sufficientem
1846 5084 1925 5129 ex
1952 5072 2128 5146 parte

568 5159 865 5240 potentioe
914 5156 994 5219 ad
1034 5163 1211 5220 actus
1259 5158 1793 5237 supernaturales,
1820 5165 1884 5222 et
1924 5160 2130 5221 solum

568 5253 881 5334 indigeret
908 5248 1352 5331 conjunctione
1380 5268 1525 5312 cum
1552 5250 1821 5331 objecto,
1852 5270 1994 5333 quse
2017 5270 2130 5332 per

568 5348 847 5429 speeiem
874 5344 1013 5407 fieri
1042 5344 1224 5419 solet,
1256 5343 1482 5405 eodem
1511 5344 1699 5407 modo
1734 5362 2129 5426 comparare·

564 5446 669 5504 tur
714 5440 795 5502 ad
844 5444 1017 5501 aetus
1043 5436 1364 5501 naturales
1404 5440 1469 5500 et
1496 5438 2030 5518 supernaturales,
2063 5446 2128 5503 et

564 5540 977 5619 utrorumque
1000 5536 1169 5599 esset
1190 5544 1369 5613 aeque
1388 5546 1612 5617 capax,
1636 5537 1699 5595 et
1716 5531 1799 5597 ad
1820 5537 2124 5617 utrosque

1808 362 2046 429 QUAEAT.
2081 361 2163 417 xl.
2198 364 2401 419 Amic.
2435 368 2516 419 Vl.

2206 466 2470 531 haberet
2499 466 2790 529 eamdem
2825 454 3348 546 propensionem,
3389 482 3458 527 ae
3481 468 3689 551 denique
3801 511 3803 597 l

2208 578 2388 639 aeque
2427 567 2639 624 essent
2679 560 2766 621 illi
2799 559 3028 621 debitoe
3075 556 3318 639 species
3344 560 3618 639 requisita
3638 570 3693 631 ad

2209 654 2367 717 tales
2389 660 2600 729 actus3
2638 660 2812 733 patet
2839 654 3134 733 sequela,
3163 652 3313 729 qnia
3359 652 3436 713 de
3477 672 3538 715 se
3571 660 3696 721 suffi-

2212 750 2482 811 cientem
2525 749 2719 812 habet
2751 748 2876 809 vim
2915 744 3389 809 connaturalem
3419 746 3495 807 ad
3531 766 3694 815 omnes

2210 842 2348 904 illos
2385 848 2585 920 actus,
2617 843 2786 905 etad
2816 858 3039 904 omnes
3067 836 3332 919 requirit
3373 842 3588 919 species
3619 864 3696 907 seu

2211 937 2720 1015 conjunctionem
2745 953 2890 999 cum
2920 933 3189 1015 objecto.
3225 932 3472 995 Dicetur
3493 934 3698 1003 fortasse

2210 1032 2630 1095 differentiam
2657 1050 2817 1106 esse,
2849 1030 2998 1111 quia
3027 1028 3108 1091 ad
3135 1026 3444 1108 quosdam
3467 1036 3616 1092 actus
3633 1052 3700 1095 re·

2209 1126 2545 1205 quiruntur
2567 1127 2808 1208 species
2834 1124 3176 1199 naturales,
3191 1122 3276 1184 ad
3297 1121 3452 1184 alios
3463 1141 3612 1199 vero,
3629 1144 3700 1189 su·

2209 1222 2663 1301 pernaturales.
2717 1220 2843 1283 Sed
2889 1218 3026 1281 haec
3071 1224 3167 1279 est
3217 1216 3498 1297 quaedam
3539 1220 3700 1296 petilio

2208 1316 2520 1396 principii,
2539 1316 2920 1379 contrarium
2941 1312 3111 1376 enim
3131 1310 3376 1373 videtur
3397 1312 3698 1377 convincere

2207 1410 2369 1472 ratio
2397 1411 2586 1485 facta,
2627 1428 2776 1473 nam
2825 1409 2877 1469 si
2913 1406 3198 1487 potentia
3241 1404 3324 1467 de
3353 1422 3420 1465 se
3449 1412 3536 1466 est
3571 1424 3700 1485 aeque

2210 1524 2432 1587 capax,
2477 1524 2588 1567 seu
2641 1522 2824 1585 aeque
2871 1502 3159 1565 effectiva
3210 1504 3599 1579 utrorumque
3629 1520 3702 1565 ac·

2211 1606 2412 1673 tuum,
2445 1616 2559 1661 cur
2585 1600 2790 1680 magis
2827 1600 2926 1660 hae
2971 1596 3214 1677 species
3243 1612 3438 1675 quam
3459 1594 3568 1655 illae
3603 1604 3702 1655 sunt

2209 1694 2332 1774 ipsi
2380 1692 2676 1774 potentiae
2729 1691 3265 1773 supernaturales,
3323 1688 3421 1751 vel
3469 1705 3566 1749 cur
3603 1695 3704 1751 sunl

2209 1788 2420 1849 minus
2449 1786 2676 1849 debitae
2705 1786 2802 1848 hae
2849 1803 3042 1865 quam
3081 1784 3244 1845 illae?
3275 1784 3435 1845 Nam
3481 1781 3638 1842 etiam
3669 1783 3704 1842 si

2210 1880 2456 1942 dicatur
2487 1880 2794 1961 quasdam
2825 1880 3068 1961 species
3107 1896 3142 1938 a
3193 1874 3328 1937 solo
3371 1874 3494 1935 Deo
3524 1872 3705 1935 infundi
3809 1946 3811 1951 .

2208 1992 2418 2055 posse,
2435 1974 2556 2037 hoc
2577 1991 2706 2035 non
2727 1978 2822 2035 est
2841 1972 2990 2035 satis
3009 1976 3078 2033 ut
3099 1971 3221 2031 sint
3239 1965 3702 2046 supernaturales
3807 2008 3811 2045 3

2213 2068 2263 2129 si
2313 2068 2469 2129 alias
2513 2072 2661 2129 sunt
2709 2065 3195 2148 proportionatae
3239 2060 3509 2123 naturali
3553 2059 3704 2121 virtuti

2209 2161 2409 2242 ipsius
2447 2160 2771 2241 potentiae,
2802 2166 2872 2223 ut
2921 2157 3252 2221 manifeste
3307 2160 3482 2235 patet
3517 2154 3576 2215 in
3611 2172 3704 2233 spe-
3811 2190 3813 2233 Ι

2212 2254 2428 2317 ciebus
2457 2253 2779 2335 angelicis,
2810 2252 2912 2315 vel
2939 2250 3106 2313 iniis
3149 2268 3292 2330 quae
3330 2247 3545 2311 animai
3581 2264 3707 2327 sepa·
3811 2286 3813 2293 -

2209 2354 2362 2411 ratae
2392 2347 2832 2410 infunduntur.

2291 2444 2350 2505 5.
2395 2441 2710 2514 Secundo,
2743 2440 3010 2503 insertur
3043 2457 3124 2503 ex
3153 2435 3360 2513 dictis,
3389 2434 3708 2499 intellectum
3813 2470 3815 2513 ,

2210 2536 2434 2598 animae
2461 2534 2680 2597 Christi
2709 2553 2838 2596 non
2865 2536 3104 2598 habere
3133 2532 3544 2595 sufficientem
3567 2529 3708 2591 virtu·
3813 2544 3815 2573 ³

2207 2636 2336 2691 tem
2369 2630 2634 2691 activam
2669 2629 3046 2705 naturalem,
3077 2626 3446 2707 requisitam
3477 2642 3548 2685 ex
3581 2628 3710 2702 parte

2207 2722 2500 2804 potentiae
2519 2722 2602 2785 ad
2615 2728 2795 2785 actus
2825 2724 2932 2802 huj
2943 2740 3012 2785 us
3031 2720 3310 2785 scientiae
3327 2736 3350 2799 ;
3374 2718 3640 2799 probatur
3658 2734 3709 2777 ex

2207 2815 2430 2891 dictis}
2467 2817 2620 2896 quia
2671 2824 2848 2879 actus
2897 2816 3086 2897 hujus
3144 2813 3426 2877 scientiae
3470 2818 3598 2873 sunt
3639 2828 3710 2869 su·

2207 2911 2645 2991 pernaturales
2665 2956 2688 2987 ,
2723 2917 2798 2977 ut
2826 2930 2906 2973 ex
2943 2928 3136 2991 supra
3178 2908 3363 2971 dictis
3411 2910 3640 2977 constat,
3669 2909 3710 2963 el

2206 3003 2388 3067 facile
2445 3005 2813 3085 intelligitur
2855 3005 2936 3067 de
2991 3003 3233 3065 actibus
3281 3000 3392 3081 qui
3445 3002 3711 3061 versantur

2208 3099 2370 3162 circa
2395 3097 2642 3179 objecta
2667 3098 3192 3179 supernaturalia,
3225 3104 3340 3159 aut
3371 3096 3530 3158 circa
3553 3092 3710 3153 futura
3817 3112 3819 3117 ·

2209 3192 2660 3272 contingentia,
2715 3199 2778 3255 et
2805 3193 3138 3255 similibus.
3189 3194 3268 3253 Et
3317 3208 3398 3252 ex
3430 3189 3523 3251 his
3561 3188 3712 3267 potest
3817 3212 3819 3219 ·

2209 3287 2376 3349 idem
2405 3286 2690 3349 concludi
2722 3286 2800 3349 de
2837 3287 3076 3350 actibus
3103 3286 3212 3365 qui
3247 3290 3568 3347 versantur
3591 3282 3712 3342 circa

2209 3398 2311 3442 res
2341 3380 2696 3455 naturalem
2727 3399 2902 3458 nam,
2928 3380 3076 3443 licet
3103 3378 3427 3441 materiale
3457 3376 3714 3455 objectum

2208 3474 2496 3536 naturale
2537 3476 2646 3549 sit,
2677 3482 2894 3537 tamen
2934 3474 3161 3535 modus
3203 3468 3608 3551 cognoscendi
3647 3472 3716 3527 est

2210 3567 2394 3629 altior
2447 3574 2508 3631 et
2553 3566 2856 3644 divinior,
2891 3584 3198 3647 superans
3240 3564 3584 3626 naturalem
3621 3576 3717 3619 mo-

2211 3660 2366 3723 dum
2400 3661 2838 3741 cognoscendi,
2873 3679 3003 3722 non
3043 3665 3287 3721 tantum
3323 3654 3602 3727 homini5‚
3637 3648 3716 3713 sed

2211 3754 2400 3818 etiam
2431 3755 2675 3835 Angeli.
2702 3756 2779 3816 At
2803 3772 2952 3817 vero
2977 3754 3333 3815 intellectus
3362 3751 3575 3813 animae
3593 3746 3716 3808 Chri-

2211 3849 2288 3911 sti
2327 3848 2406 3911 de
2451 3867 2518 3911 se
2559 3866 2689 3911 non
2728 3850 2919 3911 habet
2955 3848 3078 3909 vim
3127 3846 3396 3909 activam
3425 3840 3716 3905 naturalem

2211 3960 2291 4006 ex
2318 3954 2498 4023 parte
2535 3942 2834 4024 potentiae
2873 3942 3294 4003 necessariam
3347 3938 3428 3999 ad
3469 3950 3717 4015 superna·

2209 4038 2445 4099 turales
2475 4042 2652 4098 aetus
2681 4034 3043 4097 efficiendos
3065 4080 3081 4109 ,
3125 4039 3196 4096 ut
3231 4039 3546 4095 ostensum
3573 4027 3718 4089 etiam

2211 4136 2336 4203 est;
2375 4148 2522 4191 nam
2569 4128 2780 4208 quoad
2816 4130 2936 4189 hoc
2979 4126 3206 4189 eadem
3235 4131 3332 4188 est
3369 4124 3526 4186 ratio
3553 4121 3622 4182 de
3658 4120 3720 4178 in·

2209 4225 2462 4287 tellectu
2482 4224 2723 4299 Christi,
2759 4228 2822 4287 et
2847 4222 3130 4305 quolibet
3161 4222 3282 4284 alio
3313 4220 3618 4284 intellectu
3635 4215 3720 4275 hu·
3816 4266 3819 4299 ξ

2209 4336 2400 4381 mano
2417 4335 2438 4398 3
2470 4336 2646 4399 ergo,

2291 4415 2352 4474 6.
2399 4412 2754 4479 Intellectus
2800 4428 2918 4475 non
2966 4410 3351 4491 ncfficienter
3391 4406 3636 4473 elevatur
3665 4400 3726 4463 ad

2211 4512 2384 4573 actus
2421 4506 2920 4587 supernaturales
2937 4522 3054 4589 per
3077 4505 3243 4569 solas
3261 4502 3484 4585 species
3501 4498 3718 4577 infusas.

2212 4602 2381 4661 -Et
2418 4617 2498 4661 ex
2538 4599 2635 4661 his
2681 4599 2945 4661 ulterius
2989 4596 3384 4661 concluditur
3420 4593 3622 4665 tertio,
3657 4590 3723 4648 in·

2211 4692 2526 4755 tellectum
2545 4692 2768 4755 anirnae
2792 4693 3016 4756 Christi
3043 4710 3173 4754 non
3203 4690 3434 4753 elevari
3461 4684 3724 4749 sufficien-

2211 4793 2308 4849 ter
2354 4786 2434 4849 ad
2479 4784 2838 4847 efficiendos
2879 4793 3054 4848 actus
3099 4785 3290 4864 hujus
3331 4781 3596 4845 scientiae
3637 4792 3725 4855 per

2213 4877 2378 4941 solas
2411 4880 2651 4960 species
2676 4878 2940 4956 infusas,
2969 4877 3083 4941 sed
3105 4878 3390 4958 indigere
3417 4876 3612 4952 aliqua
3629 4870 3722 4931 vir·

2211 4975 2366 5050 tute,
2396 4973 2502 5033 vel
2535 4972 2788 5049 auxilio,
2829 4990 2954 5052 quo
3001 4970 3278 5033 elevetur
3315 4970 3397 5031 ad
3443 4966 3726 5030 conferen-

2213 5064 2360 5127 dam
2383 5066 2724 5129 efficaciam
2741 5065 3159 5129 necessariam
3175 5083 3252 5127 ex
3269 5069 3446 5145 parte
3471 5054 3724 5141 potentiae

2211 5159 2295 5221 ad
2332 5160 2472 5221 illos
2499 5165 2696 5223 actua.
2737 5160 2868 5221 Hoc
2899 5160 3087 5221 etiam
3122 5164 3340 5239 aperte
3375 5155 3635 5235 sequitur
3665 5164 3724 5209 ex

2211 5252 2414 5329 dictis,
2439 5260 2502 5315 et
2524 5251 2878 5315 declaratur
2900 5252 3126 5332 primo,
3169 5250 3318 5332 quia
3347 5248 3612 5313 activitas
3633 5258 3722 5323 po-

2207 5347 2420 5409 tentiae
2451 5352 2516 5408 et
2559 5346 2790 5427 speciei
2831 5352 2978 5408 sunt
3022 5344 3346 5423 distinctae,
3383 5348 3446 5405 et
3489 5341 3722 5403 diversa·

2206 5458 2349 5501 rum
2371 5440 2714 5517 rationum,
2743 5445 2808 5503 et
2835 5439 2902 5501 in
2941 5457 3056 5501 suo
3085 5438 3306 5501 ordine
3347 5442 3598 5513 utraque
3633 5429 3720 5491 de·

2206 5534 2318 5597 bet
2343 5550 2476 5599 esse
2505 5532 2816 5615 completa
2857 5538 2922 5598 et
2966 5531 3323 5609 sufficiens;
3371 5528 3480 5595 sed
3515 5520 3718 5609 species
