3892 6167
1182 292 1189 297 ’
1314 312 1633 369 unsrun-r.-
1670 314 1769 367 xi..
1802 314 1976 370 sacr.-
2009 316 2072 371 u.

144 417 287 477 ttiam
307 430 435 475 11011
454 408 757 473 conferre
781 425 911 471 non
942 409 1369 475 intercedente
1390 412 1651 487 met-itm

144 510 235 581 ed,
278 505 595 587 supposito
651 503 831 582 quod
874 502 1149 567 Christus
1188 505 1279 567 sic
1334 512 1649 586 operetur,

144 604 239 667 ieri
270 620 393 663 nou
416 602 629 679 potest
656 599 816 677 quio
862 597 1027 659 talis·
1054 604 1232 661 actus
1264 600 1491 661 habeat
1517 598 1659 660 iufi-

144 698 293 759 iitum
308 694 617 765 valorem,
644 697 715 753 et
742 691 1321 767 sanctificationem,
1350 710 1425 753 ae
1448 692 1657 772 digni-

144 786 613 852 oteuriufiuitam
638 802 686 845 a
716 784 965 857 verbm
997 803 1176 865 ergo,
1206 786 1527 865 supposita
1568 787 1660 845 in·-

144 882 469 954 amatione,
502 879 653 941 talis
678 884 883 956 actus,
904 880 1251 941 secuudum
1286 880 1479 942 talem
1518 896 1659 959 spe·

144 978 321 1039 :talem
344 974 677 1047 rationem,
714 990 851 1033 non
881 979 1085 1052 potest
1114 973 1339 1035 cadere
1376 972 1495 1035 sub
1520 991 1659 1034 me-

144 1068 499 1131 itumDices:
520 1065 785 1127 videtur
802 1067 933 1127 haec
952 1066 1115 1127 ratio
1144 1066 1497 1128 coincidere
1512 1082 1657 1127 cum

144 1168 223 1227 ilia
266 1162 337 1223 de
388 1159 786 1241 proprietate
823 1161 1225 1223 connaturali
1262 1168 1369 1222 aut
1418 1160 1653 1236 debite,

144 1259 237 1339 [nia
264 1257 355 1316 hic
376 1254 555 1315 valor
576 1254 839 1315 videtur
862 1272 1007 1316 esse
1060 1255 1486 1316 connaturalis
1513 1272 1657 1333 pro·-

144 1354 315 1415 uietas
350 1348 615 1410 moralia
640 1348 873 1410 talium
924 1352 1183 1411 actuum
1212 1355 1399 1428 prout
1430 1354 1577 1409 suut
1612 1366 1653 1409 a

144 1444 287 1505 fei-bo
308 1444 663 1504 incarnato.
716 1443 1157 1521 Respondetur
1208 1462 1343 1505 esse
1394 1443 1651 1522 quidem

144 1537 528 1617 »mprieiatem
554 1536 1071 1609 connaturalem,
1124 1537 1240 1599 sed
1292 1536 1483 1599 talem
1507 1554 1651 1615 quae

145 1634 235 1693 ita
258 1630 384 1691 solo·
410 1628 620 1691 Vei-ho
672 1630 861 1709 quasi
912 1629 1279 1705 formaliter,
1308 1630 1445 1693 sine
1482 1646 1655 1693 novo

144 1728 321 1787 influxu
348 1728 453 1784 out
471 1722 851 1786 causalitate
878 1724 1011 1797 Dei,
1042 1725 1191 1804 quia
1222 1742 1351 1785 non
1380 1731 1480 1787 est
1502 1742 1653 1804 pro·-

144 1820 319 1879 ›rietas
344 1816 629 1896 physica,
665 1815 785 1879 sed
814 1817 1091 1879 moralia.
1122 1817 1303 1879 Unde
1331 1818 1521 1879 etiam
1550 1816 1645 1893 fit,

144 1921 177 1974 it
212 1910 479 1990 impediri
506 1926 643 1971 non
672 1912 878 1990 pessit
900 1910 981 1972 de
1014 1912 1299 1990 potentia.
1334 1910 1643 1987 absoluta,

147 2006 395 2085 apposita
423 2003 695 2075 unione,
732 2003 895 2065 sicut
916 2003 1053 2065 fieri
1080 2020 1211 2065 nou
1259 2011 1466 2085 potest
1494 2005 1649 2085 quin

144 2097 431 2159 inmanitas
456 2094 903 2159 sanctificetur
920 2115 1037 2177 per
1054 2098 1379 2161 unionem.
1402 2098 1529 2159 Nec
1540 2115 1649 2176 po-

144 2199 213 2253 est
252 2191 351 2249 illa
370 2188 791 2251 sanctificatio
818 2190 1047 2252 cadere
1088 2190 1208 2252 sub
1244 2192 1562 2267 meritum,
1592 2190 1649 2251 si

144 2285 239 2345 mio
266 2282 371 2344 suh
386 2282 683 2345 meritum
716 2302 849 2346 non
870 2283 1059 2347 cadit.
1086 2285 1223 2347 Nou
1252 2302 1405 2364 ergo
1430 2300 1650 2364 proce·

144 2379 347 2440 liti-atio
372 2378 451 2439 de
478 2393 871 2458 quacunque
914 2379 1295 2459 proprietate
1342 2384 1646 2440 connatu-

144 2473 241 2545 rali,
260 2472 357 2533 sed
400 2471 477 2532 de
503 2471 613 2532 illa
654 2488 801 2551 quae
828 2478 927 2534 est
962 2478 1207 2540 tantum
1236 2472 1583 2535 formaliter
1606 2491 1645 2533 11

144 2568 283 2647 >riori
334 2566 493 2627 dono
540 2582 661 2627 seu
710 2568 911 2645 gratie
960 2566 1213 2629 unionis
1234 2610 1255 2641 ‚
1302 2572 1363 2627 et
1414 2584 1645 2629 novam

144 2660 559 2741 inpendentium
606 2679 645 2719 a
698 2663 833 2722 Deo
876 2678 1009 2723 uon
1056 2660 1271 2722 hahet.
1302 2662 1495 2723 Secus
1520 2678 1647 2722 ·ve-

144 2774 185 2815 ro
206 2762 281 2815 est
314 2754 385 2814 de
410 2754 826 2834 proprietate,
862 2753 1079 2815 debita
1106 2752 1359 2833 quidem
1393 2771 1473 2815 ex
1492 2772 1647 2833 qua·-

144 2848 243 2909 lam
274 2847 671 2927 proportione
706 2846 1123 2923 connaturali,
1148 2864 1289 2927 quae
1306 2852 1519 2911 tamen
1552 2848 1647 2907 iu-

144 2942 270 3020 diget
292 2960 442 3002 novo
478 2941 731 3003 influxu
762 2942 894 3017 Dei,
924 2948 987 3004 et
1020 2958 1215 3021 quam
1244 2942 1409 3003 Deus
1432 2944 1649 3019 posset

144 3052 347 3113 negare,
372 3034 659 3098 absolute
692 3034 1008 3117 loquendo
1016 3052 1037 3114 ;
1064 3036 1133 3097 iu
1156 3035 1279 3097 hac
1306 3036 1477 3097 enim
1500 3052 1647 3113 pro-

144 3130 353 3209 prietate
387 3132 481 3191 est
532 3129 731 3211 longe
774 3130 1021 3192 diversa
1060 3130 1224 3191 ratio
1250 3175 1267 3204 ,
1316 3135 1540 3207 utper
1574 3146 1645 3190 se

144 3228 351 3285 constat.

202 3321 279 3380 19.
320 3316 685 3385 Occurritur
712 3316 1045 3399 objectioni.
1078 3348 1162 3365 --
1188 3317 1313 3379 Sed
1351 3315 1646 3397 objicies:

144 3428 255 3471 nam
294 3428 493 3491 supra,
531 3412 707 3492 disp.
738 3416 845 3490 to,
878 3418 1030 3475 sect.
1064 3414 1129 3486 t,
1165 3411 1435 3471 diximus
1458 3411 1649 3471 meri-

144 3510 243 3563 tum
256 3504 425 3565 fuisse
444 3504 765 3569 Christum
777 3504 1113 3587 partialem
1129 3504 1432 3565 unionem
1450 3502 1647 3584 hypo·

144 3598 371 3659 usticam
388 3600 635 3662 illarum
693 3598 965 3681 partium
994 3598 1299 3674 materiae,
1327 3615 1484 3675 quas
1528 3615 1647 3678 per

145 3692 445 3755 continuam
468 3692 886 3756 nutritionem
920 3690 1317 3773 acquirebat;
1361 3708 1515 3771 ergo
1539 3708 1648 3753 ea-

145 3780 253 3843 dem
271 3786 495 3847 ratione
512 3787 781 3849 meritus
802 3793 897 3849 est
918 3784 1219 3849 unionem
1236 3784 1307 3845 iu
1322 3784 1647 3865 hypostasi

146 3878 563 3941 convenientem
595 3880 843 3943 actibus
869 3896 1031 3958 quos
1054 3880 1119 3940 in
1146 3878 1433 3939 discursu
1458 3878 1649 3939 totius

145 3968 251 4029 vitae
274 3974 617 4053 exercebat3
656 3972 921 4035 meritus
950 3978 1045 4035 est
1098 3972 1289 4053 igitur
1334 3970 1649 4033 infinitum

148 4062 391 4137 tolerem,
422 4085 612 4145 quem.
668 4066 831 4129 tales
868 4073 1045 4127 actus
1106 4084 1186 4127 ex
1240 4066 1361 4126 hac
1414 4065 1649 4126 unione

148 4152 463 4224 hahuemnt.
518 4160 965 4240 Respondetur
1033 4158 1329 4239 negando
1374 4158 1649 4237 priorem

151 4254 623 4329 consequentiam,
646 4254 798 4335 quia
818 4259 1029 4334 partes
1046 4252 1325 4315 materiis
1342 4252 1649 4313 uniuntur

153 4340 447 4406 immediate
496 4348 707 4410 Verbo
755 4348 907 4425 Dei3
940 4347 1111 4409 unde
1172 4346 1527 4407 necessaria
1552 4352 1649 4407 est

160 4450 285 4495 nova
316 4440 485 4508 actio.
515 4446 579 4503 et
624 4442 809 4521 quasi
852 4459 1087 4502 novum
1147 4438 1383 4501 donum
1416 4439 1551 4513 Dei,
1582 4446 1651 4501 ut

160 4527 253 4587 illae
284 4531 341 4591 in
384 4552 449 4594 se
492 4536 645 4614 ipsis
672 4537 993 4609 uniantur,
1024 4541 1087 4595 et
1114 4534 1193 4595 de
1224 4534 1511 4595 absoluta
1538 4551 1651 4613 po-

162 4622 309 4683 tentia
324 4640 717 4704 possentnon
748 4629 934 4705 uniri,
965 4628 1157 4690 etiam
1186 4627 1237 4688 si
1260 4626 1647 4699 humanitas,

162 4720 285 4775 utex
306 4737 478 4795 parvo
507 4722 879 4803 corpusculo
906 4721 1277 4801 composita,
1311 4726 1478 4781 esset
1514 4720 1649 4781 uni-

164 4812 234 4879 ta3
256 4817 309 4869 et
346 4812 479 4874 ideo
522 4816 711 4877 estin
737 4816 861 4878 illis
888 4814 1195 4894 quidquid
1220 4814 1649 4875 necessarium

164 4908 249 4972 θεῖ,
270 4912 327 4967 nt
346 4908 559 4973 cadere
574 4910 815 4989 possint
842 4909 961 4971 suh
980 4908 1297 4981 meritum,
1330 4908 1657 4989 supposita

166 5000 297 5055 actus
320 5002 597 5065 meritorii
626 5009 691 5066 et
709 5003 1077 5066 sufficientis
1102 5002 1431 5065 effectione
1452 5008 1515 5065 et
1540 5020 1652 5063 an-

166 5090 469 5155 tecessione.
488 5095 563 5158 At
583 5115 732 5159 vero
760 5100 933 5159 aetus
962 5114 1091 5159 non
1120 5095 1425 5161 uniuntur
1442 5094 1649 5157 Verbo

164 5174 479 5263 immediate,
501 5190 607 5252 sed
638 5196 881 5253 tantum
902 5190 1199 5263 mediate,
1234 5196 1299 5251 et
1332 5189 1515 5267 quasi
1544 5187 1648 5249 de-

170 5276 521 5343 nominatione
576 5284 927 5347 extrinseca
969 5284 1053 5345 ab
1106 5284 1339 5346 unione
1370 5280 1535 5343 facta
1578 5282 1647 5341 iu

170 5360 521 5451 homnintate3
564 5380 625 5439 et
670 5375 817 5439 ideo
861 5376 1003 5439 talis
1050 5376 1201 5437 111110
1251 5392 1381 5437 11011
1440 5379 1649 5453 potest

180 5456 349 5521 cidere
374 5465 475 5527 sub
501 5470 763 5553 speciale
788 5471 1107 5547 meritum,
1136 5470 1283 5552 quia
1312 5468 1515 5529 solum
1550 5474 1645 5530 est

3177 318 3294 379 ³⁴5

1736 413 1931 477 veluti
1993 414 2220 479 relatio
2267 416 2584 479 resultans
2645 419 3002 481 necessario
3019 464 3040 497 ‚
3089 420 3294 501 posito

1734 508 2172 585 fiandamento,
2215 517 2282 575 et
2330 512 2624 585 termino,
2674 528 2867 591 quam
2913 514 3296 594 impossibile

1736 609 1831 664 est
1866 604 2094 665 cadere
2129 605 2257 666 sub
2283 606 2610 685 proprium
2641 610 2704 667 et
2729 606 3080 669 distinctum
3109 610 3298 671 meri-

1736 700 1869 757 tum
1888 698 2126 777 abipso
2153 699 2564 763 fundamento
2599 708 2664 763 et
2681 701 2988 773 161111111ος
3023 702 3294 765 maxime

1738 791 1789 852 si
1816 800 2210 873 supponatur
2255 794 2450 872 (quod
2477 795 2542 855 iu
2579 794 2870 874 proesenti
2895 795 3292 857 veri-ssimum

1738 884 1876 963 eet),
1904 886 1985 947 ad
2014 884 2184 949 illam
2205 886 2638 951 resonantiam
2656 888 2904 950 nullum
2924 904 3158 949 novum
3184 888 3294 949 Dei

1738 976 2054 1039 influxum
2087 994 2226 1041 esse
2254 981 2703 1043 necessarium.

1816 1073 1921 1135 20.
1967 1072 2199 1137 Ultimo
2225 1074 2588 1136 addendum
2633 1080 2752 1149 est,
2783 1074 3082 1137 meritum
3103 1074 3294 1137 fuisse

1738 1162 2048 1227 Christum
2091 1182 2316 1229 omues
2357 1174 2536 1231 actus
2569 1167 3104 1247 supernaturales,
3135 1184 3296 1248 quos

1736 1266 1879 1338 post
1916 1260 2191 1339 primum
2240 1262 2628 1325 meritorium
2687 1260 2929 1338 habuit,
2981 1264 3292 1342 quatenus

1736 1358 1881 1413 suut
1909 1350 2078 1415 dona
2107 1354 2238 1431 Dei,
2264 1356 2386 1417 hoc
2415 1361 2534 1430 est,
2565 1361 2874 1435 quantum
2892 1354 2978 1417 ad
2995 1372 3294 1435 superua-

1735 1444 2002 1507 taralem
2031 1462 2404 1509 concursum
2448 1464 2640 1527 quem
2669 1448 2750 1509 ad
2784 1448 2926 1509 illos
2957 1447 3296 1511 eliciendos

1733 1557 1773 1599 a
1800 1539 1933 1600 Deo
1953 1538 2300 1616 habuisset,
2318 1546 2382 1601 et
2399 1546 2862 1619 consequenter
2889 1540 3077 1603 etiam
3102 1540 3292 1604 fuisse

1732 1632 2028 1694 meritum
2061 1650 2282 1695 omnes
2311 1634 2544 1713 gratias
2595 1634 2898 1711 actuales»,
2945 1641 3073 1696 tam
3130 1636 3294 1697 exci-

1730 1732 1935 1788 tantes
1963 1744 2158 1806 quam
2195 1728 2590 1808 adjuvantes,
2617 1744 2970 1805 omnesque
2991 1746 3293 1807 superna·

1730 1820 1952 1881 taralis
1973 1822 2382 1900 provident-‘m
2412 1822 2674 1883 effectus
2721 1838 2800 1883 ac
2825 1820 3134 1883 beneficia
3159 1840 3302 1884 suaa

1730 1914 2105 1975 humanitati
2131 1916 2379 1978 collata.
2423 1917 2602 1978 Ratio
2649 1922 2761 1991 est,
2805 1915 2958 1997 quia
2999 1923 3289 1996 respectu

1728 2008 1956 2069 horum
2017 2009 2362 2089 gratiarum
2409 2009 2668 2071 fuerunt
2693 2009 2764 2069 111
2793 2008 3036 2071 Christo
3065 2026 3290 2070 omues

1730 2098 2117 2165 conditiones
2143 2102 2226 2165 ad
2252 2102 2544 2165 meritum
2571 2103 2968 2178 necessariae,
2993 2102 3132 2163 siue
3155 2101 3286 2162 ulla

1728 2208 1891 2255 nova
1920 2194 2412 2275 dispensatione,
2447 2194 2562 2258 sed
2601 2196 2794 2259 modo
2837 2196 3110 2257 maxime
3137 2213 3284 2257 con·-

1728 2288 2032 2362 uaturali;
2065 2306 2214 2370 ergo
2239 2290 2416 2351 nulla
2437 2296 2724 2369 superest
2751 2288 2912 2353 ratio
2937 2289 3022 2351 ad
3051 2306 3290 2369 negau-

1726 2378 1902 2455 dum,
1947 2381 2084 2445 11ωο
2125 2384 2418 2445 mei-itum
2447 2380 2666 2458 tuisse,
2691 2400 2839 2446 cum
2865 2382 3120 2444 aliunde
3143 2400 3286 2461 pro·

1726 2472 1954 2535 cedant
1993 2492 2216 2537 omnes
2241 2477 2522 2539 rationes
2561 2494 2754 2557 supra
2779 2480 2990 2546 tactae,
3019 2474 3278 2548 scilicet,

1724 2566 1897 2643 quod
1924 2567 2048 2629 hoc
2071 2576 2314 2649 spectat
2340 2568 2422 2631 ad
2451 2569 2794 2649 quamdam
2821 2568 3128 2648 majorem
3148 2584 3287 2649 per-

1726 2658 2088 2733 fectionem,
2116 2667 2248 2723 tam
2273 2680 2350 2723 ex
2379 2666 2560 2743 parte
2591 2663 2788 2743 ipsius
2823 2660 3050 2725 Christi
3073 2666 3143 2723 ut
3165 2659 3288 2723 lio-

1726 2753 1938 2824 miuis‚
1971 2770 2166 2833 quam
2195 2772 2272 2817 ex
2313 2762 2492 2835 parte
2529 2756 2664 2829 Dei,
2697 2762 2764 2819 et
2805 2753 3287 2835 sapientissimae

1726 2846 2136 2925 providentioe
2155 2848 2316 2929 ejus.
2337 2850 2732 2912 Antecedens
2757 2846 3058 2928 probatur
3073 2844 3282 2922 facile,

1728 2940 1875 3017 quia
1904 2941 2150 3019 primus
2177 2948 2356 3004 actus
2387 2942 2747 3005 meritorius
2799 2942 3020 3003 Christi
3065 2940 3288 3003 hahuit

1727 3032 2144 3095 sufficientem
2171 3036 2452 3097 valorem
2491 3036 2573 3097 ad
2607 3036 2739 3097 hoec
2781 3034 2992 3097 omnia
3035 3050 3288 3115 prome·

1724 3126 1943 3202 rende,
1975 3134 2045 3189 ut
2070 3134 2316 3191 constat
2343 3146 2422 3190 ex
2447 3129 2628 3191 dictis
2655 3128 2820 3208 disp.
2845 3132 2886 3190 4
2903 3149 2925 3203 3
2949 3126 3284 3189 antecessit

1728 3220 1915 3281 etiam
1944 3227 2226 3302 tempore
2255 3222 2354 3283 vel
2381 3230 2612 3285 natura
2635 3223 2914 3301 reliquos
2942 3237 3164 3283 omues
3181 3237 3283 3282 ac-

1731 3318 1851 3385 tus,
1872 3315 1972 3377 vel
2001 3316 2278 3377 actuales
2303 3317 2560 3395 gratias,
2593 3324 2664 3379 ut
2691 3316 3124 3395 supponimus.
3153 3315 3282 3375 Hu-

1722 3404 1998 3487 jusmodi
2024 3408 2211 3470 etiam
2237 3410 2452 3489 gratim
2479 3427 2558 3471 ex
2581 3427 2650 3471 se
2677 3416 2826 3471 suut
2845 3410 3282 3471 convenientia

1727 3501 1986 3579 proemia
2029 3502 2429 3581 meritorum3
2459 3502 2630 3565 unde
2663 3509 2728 3565 et
2753 3521 2898 3577 nos,
2927 3504 2980 3564 si
3021 3502 3174 3583 justi
3201 3503 3284 3565 si-

1730 3608 1894 3667 mus,
1955 3593 2271 3657 interdum
2321 3594 2462 3658 illos
2515 3612 2875 3669 meremur;
2923 3614 3074 3657 nam
3117 3596 3282 3657 bene

1728 3686 1968 3747 utendo
1997 3688 2190 3767 priori
2219 3690 2445 3769 gratia,
2475 3706 2800 3751 meremur
2833 3688 3244 3769 posteriorem
3259 3710 3279 3765 3

1730 3786 1795 3841 et
1832 3778 1968 3859 ipse
1999 3780 2274 3845 Christus
2299 3782 2440 3844 illes
2465 3783 2652 3845 nobis
2707 3782 3086 3863 promeritus
3139 3788 3233 3845 est
3257 3797 3282 3860 ;

1732 3873 1887 3951 quid
1922 3892 2076 3955 ergo
2132 3876 2384 3939 obstare
2413 3877 2616 3957 potuit
2659 3875 2810 3956 quin
2839 3874 3116 3939 Christus
3166 3874 3288 3937 sibi

1730 3967 1919 4029 fuerit
1965 3970 2106 4033 illas
2159 3972 2458 4035 meritust
2500 3972 2722 4035 Dices:
2755 3972 2905 4053 quia
2935 3976 3112 4036 eraut
3169 3970 3284 4032 sihi

1731 4064 2174 4126 connaturales
2199 4066 2444 4127 ratione
2494 4066 2740 4127 unionis
2775 4072 2840 4127 et
2865 4068 3064 4129 status
3089 4063 3286 4126 beati·

1730 4156 1853 4219 fici.
1886 4160 1969 4219 At
2023 4158 2144 4220 1100
2173 4159 2330 4220 1111111
2359 4158 2592 4236 obstat,
2623 4160 2773 4239 quia
2799 4176 2904 4221 res
2931 4174 3060 4219 11110
3101 4154 3286 4219 1110ᾱο

1732 4250 1942 4313 debita
1969 4256 2180 4333 potest
2207 4251 2342 4315 fieri
2373 4252 2584 4315 dehita
2628 4252 2750 4314 alio
2790 4252 2994 4329 titulo,
3023 4267 3285 4332 praeser-

1730 4344 1840 4405 tim
1870 4344 2126 4423 quando
2151 4362 2356 4407 novus
2381 4346 2485 4409 ille
2511 4344 2730 4408 titulus
2765 4353 2860 4407 est
2893 4344 3156 4407 diversae
3187 4362 3284 4405 ra-

1732 4438 1942 4512 tionis,
1992 4446 2052 4501 et
2120 4441 2324 4519 majus
2373 4440 2694 4521 quoddam
2744 4439 3062 4501 vinculum
3113 4436 3288 4501 addit

1732 4533 1923 4612 priori
1957 4534 2203 4605 1101111ος
2251 4534 2336 4595 ita
2363 4552 2514 4595 vero
2547 4540 2644 4595 est
2673 4533 2738 4593 iu
2791 4530 3109 4612 praesenti,
3137 4546 3290 4592 nam

1731 4628 2026 4688 meritum
2047 4626 2222 4689 addit
2247 4628 2530 4689 debitum
2556 4627 2842 4707 justitiae,
2872 4624 3044 4705 quod
3086 4624 3288 4687 diver-

1730 4738 1870 4783 sum
1910 4726 2006 4783 est
2051 4738 2088 4782 a
2115 4721 2326 4784 debito
2369 4720 2796 4783 connaturalis
2823 4718 3282 4799 proportionis,

1732 4821 1795 4875 et
1824 4814 2036 4895 aliquo
2066 4814 2254 4877 modo
2285 4814 2517 4895 majus,
2565 4814 2710 4895 quia
2735 4812 2908 4893 quod
2933 4814 3054 4875 hoc
3097 4812 3285 4876 modo

1732 4906 2019 4984 debetur,
2049 4909 2270 4989 negari
2298 4924 2428 4971 11011
2449 4914 2657 4989 potest
2681 4926 2760 4971 ex
2783 4908 2917 4969 solo
2941 4904 3198 4969 arbitrio
3222 4912 3287 4969 et

1732 5002 2052 5065 voluntate
2101 5002 2425 5079 debitoris,
2453 5004 2608 5081 quin
2661 5000 2928 5063 violetur
2974 5000 3286 5063 rectitudo

1730 5094 1994 5176 alicujus
2046 5098 2289 5159 virtutis
2306 5113 2326 5175 ;
2387 5095 2559 5177 quod
2601 5112 2750 5157 vero
2799 5092 2996 5176 priori
3037 5100 3287 5157 tantum

1728 5188 1921 5251 modo
1943 5188 2234 5265 debetur,
2259 5190 2478 5270 negari
2521 5194 2752 5269 potest,
2773 5188 2998 5250 saltem
3029 5204 3145 5265 per
3174 5204 3284 5267 po-

1727 5282 1989 5344 tentiam
2017 5284 2126 5345 Dei
2157 5284 2533 5361 absolutam,
2570 5300 2646 5345 ex
2695 5283 2892 5364 ipsius
2937 5280 3280 5357 voluntate,

1727 5376 1865 5438 sine
1882 5376 2132 5439 defectu
2161 5376 2554 5439 rectitudinis
2589 5394 2704 5439 seu
2729 5375 3066 5439 violatione
3095 5373 3283 5436 alicu-

1720 5470 1828 5549 jus
1854 5470 2114 5534 virtutis.
2140 5468 2433 5545 Quamvis
2463 5488 2616 5547 ergo
2645 5470 2742 5530 boe
2773 5468 2986 5548 gratiae
3009 5466 3285 5529 actuales
