3892 6167
579 361 652 418 fit

1831 361 2063 424 QUAEST.
2102 361 2188 413 Xl.
2220 359 2422 415 Anne.
2458 361 2540 415 w.

575 453 1062 539 perfectionibus
1107 455 1348 532 gratiae,
1379 473 1506 517 non
1563 462 1821 519 naturas.
1857 457 1977 520 Sed
2020 458 2139 518 hoc
2219 456 2447 520 sectam
2479 458 2571 519 rei
2600 458 3041 538 cognitionem,
3066 476 3209 540 quae
3224 461 3407 522 simul
3434 469 3724 546 estperfec-
3813 437 3820 500 ²*

576 570 704 614 non
761 557 856 614 est
885 553 1240 611 constanter
1267 549 1527 626 dictum,
1559 569 1707 612 nam
1745 553 1870 631 ipsi
1915 569 2141 614 conce-
2220 557 2285 614 ta
2314 551 2733 632 apprehensio
2770 559 2831 613 et
2850 554 3125 632 cognitio
3149 553 3401 634 objecti.
3432 558 3589 620 Unde
3616 581 3724 625 con·
3811 613 3813 620 ,

575 646 732 707 dunt
751 643 969 705 lumen
997 642 1181 722 hujus
1211 642 1483 706 scientim
1511 662 1637 704 non
1667 661 1807 705 esse
1835 650 2143 706 connatu-

573 739 708 802 rale
732 738 957 800 anim·
985 735 1302 812 humanae,
1332 737 1444 798 sed
1467 755 1604 799 esse
1631 755 1820 818 supra
1853 743 2142 800 naturam

575 833 764 896 etiam
785 829 1133 911 angelicam
1155 847 1171 902 ;
1208 829 1376 909 quod
1397 831 1716 894 evidenter
1735 838 1904 910 patet
1935 850 2011 894 ex
2039 831 2137 893 ob-

569 927 740 1006 jecto
773 925 934 1003 ejuS,
965 941 1108 984 nam
1141 941 1208 984 se
1255 923 1529 986 extendit
1578 924 1660 986 ad
1703 924 2145 1005 cognoscenda

577 1019 788 1081 omnia
831 1015 1368 1096 supernaturalia:
1401 1022 1466 1078 at
1493 1034 1641 1078 vero
1669 1019 1908 1097 species
1941 1019 2145 1079 infun-

577 1113 810 1174 duntur
875 1127 948 1170 ro
963 1109 1340 1188 portionatae
1395 1109 1643 1185 lumini,
1689 1117 1752 1172 et
1799 1109 2141 1172 intellectui

579 1223 706 1266 non
738 1204 1084 1268 secundum
1113 1220 1203 1274 se,
1235 1202 1348 1264 sed
1381 1209 1570 1282 prout
1601 1203 1882 1266 elevatur
1907 1221 2022 1284 per
2049 1204 2147 1264 lu-

578 1315 747 1370 men,
777 1297 924 1378 quia
954 1295 1269 1375 objectum
1293 1296 1506 1357 unitur
1533 1299 1824 1376 potentiss
1849 1303 1918 1358 ut
1945 1298 2146 1358 eleva·

577 1398 684 1464 tae3
717 1396 789 1451 ut
819 1389 1309 1469 exemplo‘patet
1335 1389 1400 1448 in
1430 1388 1664 1450 visione
1692 1389 1900 1466 beata,
1923 1392 1987 1452 in
2020 1409 2145 1472 qua

577 1484 670 1562 (ut
697 1485 784 1545 ita
811 1483 1042 1557 dicam)
1091 1481 1525 1543 universaliori
1573 1483 1764 1544 modo
1793 1483 2007 1544 unitur
2041 1503 2143 1546 es-

577 1577 780 1640 sentia
807 1576 1018 1637 divina
1056 1574 1400 1636 intellectui
1431 1572 1680 1652 Christi,
1715 1594 1907 1654 quarn
1936 1579 2145 1657 Ange·

576 1672 804 1740 lorum,
834 1674 1092 1749 propter
1117 1666 1454 1746 perfectius
1481 1667 1698 1729 lumen
1727 1687 1743 1741 ;
1779 1671 1868 1732 sic
1899 1688 2051 1750 ergo
2080 1671 2145 1732 in

577 1763 919 1843 proposito·
951 1761 1130 1822 Unde
1183 1761 1532 1839 retorqueri
1577 1768 1784 1841 potest
1809 1781 2144 1842 argumen-

578 1862 738 1931 tum,
770 1854 916 1934 quia
953 1853 1366 1934 perfectiones
1399 1857 1908 1932 supernaturales
1942 1857 2147 1920 altiori

577 1947 768 2010 modo
793 1947 954 2008 datae
997 1953 1142 2007 sunt
1179 1946 1420 2007 Christo
1471 1965 1662 2026 quam
1711 1951 2001 2029 Angelis3
2036 1951 2151 2013 sed

582 2044 712 2104 liaec
739 2040 1000 2102 scientia
1023 2045 1118 2101 est
1134 2041 1627 2119 supernaturalis
1646 2042 1872 2104 animae
1900 2043 2143 2115 Christi3

579 2153 754 2212 ergo,

658 2233 716 2289 7.
751 2227 1157 2308 Respondent
1181 2229 1402 2307 aliqui,
1437 2231 1743 2292 rationem
1783 2230 1949 2292 hanc
1976 2237 2149 2293 recte

580 2322 927 2405 procedere
959 2323 1025 2382 in
1055 2322 1173 2382 hac
1193 2321 1472 2396 scientia,
1502 2330 1814 2402 quatenus
1845 2323 2009 2386 circa
2050 2341 2149 2385 su·

479 2412 482 2414 ⁷
577 2416 1008 2498 pernaturalia
1059 2415 1300 2495 objecta
1351 2423 1658 2493 versatur,
1687 2437 1816 2479 non
1871 2436 2021 2479 vero
2078 2425 2149 2480 ut

577 2517 862 2572 versatur
881 2510 1044 2570 circa
1067 2509 1313 2588 objecta
1337 2512 1648 2572 naturalia
1677 2530 1692 2584 ;
1727 2512 1874 2590 quia
1905 2513 2145 2592 species

577 2607 858 2686 priorum
889 2603 1275 2682 objectorum
1300 2606 1812 2683 supernaturales
1837 2612 2005 2680 sunt,
2034 2624 2146 2666 uu-

577 2699 657 2760 de
709 2716 836 2759 non
888 2697 1296 2758 conferuntur
1336 2705 1581 2759 servata
1623 2693 2027 2778 proportione
2059 2698 2141 2759 ad

577 2791 1114 2872 imperfectionem
1147 2797 1410 2866 naturae,
1434 2793 1546 2852 sed
1579 2792 1660 2853 ad
1688 2790 2142 2871 perfectionem

579 2889 799 2970 gratiae
829 2910 847 2961 3
885 2891 1122 2950 atvero
1149 2887 1392 2966 speeies
1419 2888 1834 2966 posteriorum
1865 2888 2142 2967 objecto·

574 3001 717 3043 rum
745 2986 890 3042 sunt
918 2980 1257 3053 naturaleS,
1284 2985 1348 3041 et
1375 2981 1859 3059 proportionatae
1889 2987 2144 3042 natura-

566 3077 618 3138 11
665 3075 986 3155 capacitati
1017 3073 1302 3152 subjecti,
1337 3079 1400 3137 et
1430 3074 1574 3136 ideo
1601 3081 1744 3136 sunt
1771 3075 1984 3136 minus
2013 3075 2147 3136 uni·

576 3170 872 3230 versatos.
901 3169 1024 3230 Sed
1049 3183 1258 3246 neque
1287 3167 1422 3229 hoec
1451 3167 1760 3229 distinctio
1781 3169 2009 3247 placet,
2031 3185 2146 3229 nec

575 3261 818 3323 videtur
843 3261 994 3321 mibi
1020 3261 1167 3321 satis
1185 3259 1956 3340 consequenteradhibita.
1988 3262 2144 3322 Nam

573 3353 742 3416 idem
795 3355 1009 3415 lumen
1060 3353 1434 3415 indivisibile
1483 3359 1576 3414 est
1606 3352 1795 3432 hujus
1845 3353 2141 3428 scientim,

573 3448 744 3529 quod
772 3449 936 3510 cirea
964 3448 1099 3508 haec
1128 3447 1337 3508 omnia
1359 3447 1602 3526 objecta
1626 3453 1914 3509 versatur
1940 3465 1956 3519 ;
1991 3465 2141 3526 ergo

575 3541 857 3620 proxima
887 3542 1189 3620 potentia,
1223 3540 1322 3600 cni
1368 3547 1961 3602 commensurantur
2004 3559 2141 3620 spe·

572 3636 700 3696 cies
730 3635 1010 3696 omnium
1045 3633 1458 3713 objectorum,
1489 3651 1616 3694 non
1646 3641 1741 3696 est
1789 3635 2140 3696 intellectus

573 3729 800 3790 animae
827 3727 1048 3790 Christi
1081 3727 1428 3788 secundum
1459 3745 1550 3796 se,
1583 3726 1697 3788 sed
1727 3733 1822 3789 est
1867 3727 2145 3788 intellec·

574 3829 674 3884 tus
701 3821 807 3882 tali
833 3822 1091 3882 affectus
1115 3821 1376 3896 lumine,
1408 3827 1468 3882 et
1490 3821 1764 3882 elevatus
1802 3838 1918 3900 per
1942 3820 2135 3894 illud3

574 3934 726 3995 crgo
750 3915 1091 3978 intellectui
1117 3914 1204 3975 sic
1235 3914 1478 3975 elevato
1501 3913 1735 3975 debent
1755 3931 1974 3974 omnes
2003 3931 2143 3994 spe-

573 4009 700 4070 cies
729 4007 1212 4088 proportionari,
1243 4012 1308 4068 et
1347 4023 1476 4067 non
1507 4005 1624 4066 soli
1665 4006 1985 4086 capacitati
2030 4025 2142 4068 na·

575 4099 782 4162 turali.
817 4102 1144 4170 Praeterea,
1173 4106 1353 4160 actus
1371 4098 1562 4177 hujus
1593 4097 1887 4170 scientiae,
1913 4101 1985 4160 ut
2010 4117 2144 4159 ver·

573 4197 748 4254 satur
774 4194 941 4255 circa
970 4193 1214 4271 objecta
1245 4191 1580 4265 naturalia,
1613 4191 1798 4252 estin
1828 4209 1896 4252 se
1927 4209 2144 4270 super·

571 4283 899 4360 naturaliS,
919 4303 1062 4346 cum
1091 4285 1373 4364 proxime
1404 4291 1466 4346 et
1490 4284 1892 4364 principalius
1922 4303 2139 4364 proce·

574 4379 681 4440 dat
733 4397 770 4438 a
823 4379 1062 4438 lumine
1121 4377 1582 4456 supernaturali
1611 4395 1626 4450 3
1677 4395 1828 4457 ergo
1897 4379 2138 4457 species

573 4471 760 4534 etiam
791 4477 886 4532 est
919 4469 1436 4551 supernaturalis,
1471 4471 1622 4548 quia
1655 4476 1900 4550 oportet
1925 4472 2139 4534 omnia

573 4565 875 4644 principia
903 4571 1080 4626 actus
1109 4581 1245 4624 esse
1273 4564 1360 4624 illi
1391 4565 1882 4643 proportionata.
1918 4565 2093 4626 Dices
2120 4583 2133 4624 ε

575 4659 763 4718 etiam
777 4663 956 4719 actus
975 4656 1122 4718 fidei
1135 4663 1230 4717 est
1247 4657 1760 4735 supernaturalis,
1775 4664 1838 4719 et
1859 4658 2141 4738 procedit

572 4770 609 4811 a
637 4752 874 4812 lumine
895 4750 1376 4830 supernaturali,
1391 4756 1454 4811 et
1475 4750 1878 4812 nihilomiuus
1899 4752 2141 4832 species

571 4845 893 4906 naturales
941 4843 1023 4904 ad
1063 4843 1240 4903 illum
1287 4843 1668 4907 deserviunt.
1703 4844 2142 4923 Respondetur

571 4957 699 4999 non
730 4955 868 4999 esse
899 4938 1120 5005 simile,
1153 4935 1301 5015 quia
1331 4953 1442 5016 per
1461 4941 1671 4999 actum
1701 4937 1852 4999 fidei
1880 4955 2007 4998 non
2028 4956 2131 5001 co·

571 5031 891 5110 gnoscitnr
915 5029 1229 5109 objectum
1245 5031 1574 5105 creditum,
1605 5039 1790 5110 prout
1813 5030 1874 5091 in
1906 5049 1974 5090 se
2010 5038 2125 5104 est,

571 5126 732 5184 sicut
753 5123 1150 5202 cognoscitur
1193 5139 1308 5202 per
1361 5124 1524 5184 hanc
1561 5123 1906 5184 scientiam.
1958 5122 2131 5186 Unde

567 5215 892 5296 probabile
925 5221 1018 5276 est
1065 5215 1305 5293 species
1336 5233 1460 5276 non
1497 5231 1866 5276 concurrere
1911 5213 2135 5276 imme-—

569 5306 735 5369 diate
763 5307 844 5370 ad
863 5307 1173 5386 judicium
1197 5306 1366 5378 fidei,
1398 5306 1512 5368 sed
1543 5312 1782 5368 tantum
1811 5306 1894 5367 ad
1915 5325 2141 5387 appre-

569 5401 938 5463 hensionem
965 5419 1103 5480 quae
1128 5399 1464 5472 antecedit,
1487 5405 1549 5460 et
1577 5398 1874 5461 naturalis
1904 5406 2041 5472 est;
2078 5405 2142 5463 at

573 5513 718 5554 vero
747 5494 810 5554 iu
845 5494 964 5554 bac
987 5492 1244 5554 scientia
1268 5492 1510 5571 species
1537 5492 1850 5554 concurrit
1883 5492 1963 5554 ad
2002 5511 2140 5572 per-

2222 643 2509 706 firmatur
2559 644 2857 716 ulterius,
2910 645 3058 707 nam
3112 647 3415 722 Christus,
3456 668 3557 729 per
3606 655 3727 719 hanc
3811 651 3813 692 ῗ

2228 738 2575 812 scientiam,
2596 739 2783 820 longo
2810 740 3249 818 perfectiorem
3276 751 3620 824 conceptum
3641 749 3728 811 for·
3819 771 3820 778 ¹

2228 836 2361 892 mat
2394 831 2675 910 ipsarum
2720 849 2929 894 rerum
2963 834 3374 908 naturalium,
3418 853 3533 897 non
3574 840 3727 904 solum
3819 865 3820 872 ¹

2226 941 2419 1004 quam
2467 923 2599 1004 ipse
2643 926 2841 1006 possit
2893 944 3009 1006 per
3056 927 3379 990 naturales
3438 930 3615 1001 vires,
3648 936 3728 996 sed
3818 959 3821 965 ·

2226 1019 2416 1080 etiam
2444 1035 2637 1096 quam
2666 1018 2886 1101 Angeli
2908 1020 3153 1099 possint
3174 1039 3191 1092 ;
3222 1021 3624 1102 perfectiorem
3648 1027 3727 1103 (ia-

2226 1110 2435 1194 quam)
2462 1118 2857 1192 conceptum,
2888 1120 3025 1175 tum
3066 1115 3135 1174 in
3184 1114 3463 1177 claritate
3490 1123 3545 1178 et
3592 1119 3729 1180 certi·

2228 1204 2443 1266 tudine
2466 1223 2607 1284 quoe
2630 1223 2667 1266 a
2694 1207 2933 1268 lumine
2952 1207 3268 1286 provenit,
3288 1214 3420 1269 tum
3448 1208 3507 1268 in
3530 1227 3729 1290 expres—

2226 1298 2377 1358 siori
2404 1300 2983 1378 representatione,
3014 1307 3077 1362 et
3102 1301 3481 1380 altiori,quae
3504 1305 3729 1382 provenit
3818 1303 3821 1340 l

2228 1389 2309 1452 ab
2333 1393 2579 1470 specie3
2610 1407 2760 1472 ergo
2791 1393 2980 1454 etiam
3002 1395 3251 1472 species
3276 1393 3489 1456 talium
3512 1396 3732 1471 obiecto·

2226 1503 2368 1546 rum
2392 1485 2555 1547 datas
2578 1491 2727 1548 sunt
2753 1486 2981 1548 animas
3001 1485 3433 1566 perfectioreS,
3464 1493 3523 1550 et
3544 1488 3729 1550 altioris

2228 1577 2465 1640 ordinis
2486 1579 3001 1658 supernaturalis.
3022 1579 3312 1641 Tandem
3330 1598 3409 1642 ex
3434 1580 3524 1640 his
3542 1581 3733 1642 conclu·

2228 1671 2463 1733 duntur
2482 1672 2783 1745 rationes,
2808 1689 2947 1752 qute
2974 1672 3269 1734 omnibus
3305 1673 3551 1753 ohJeetis
3588 1691 3732 1751 gene·
3818 1676 3821 1714 ¹

2226 1764 2394 1827 rales
2416 1770 2583 1828 sunt.
2614 1765 2844 1840 Prima,
2872 1765 3020 1845 quia
3048 1765 3194 1828 licet
3240 1765 3511 1828 Christus
3538 1785 3631 1848 per
3655 1785 3731 1827 na·
3818 1777 3821 1806 2

2228 1859 2464 1921 turales
2489 1861 2651 1920 vires
2678 1859 3086 1921 humanitatis
3108 1878 3243 1922 non
3273 1860 3465 1940 possit
3492 1867 3731 1940 proestare
3818 1869 3821 1901 ²

2230 1953 2461 2032 aliqua,
2494 1969 2634 2032 quoe
2670 1953 2895 2034 Angeli
2920 1955 3189 2032 possunt
3217 1971 3333 2033 per
3356 1954 3645 2016 naturales
3668 1954 3733 2014 ri·
3818 1957 3821 1996 l

2228 2063 2365 2118 res,
2402 2052 2675 2108 attamen
2713 2045 2991 2107 elevatus
3030 2046 3173 2125 ejus
3206 2045 3546 2108 intellectus
3579 2051 3732 2126 polest
3818 2053 3821 2089 ὲ

2226 2139 2562 2218 perfectius
2611 2142 2729 2200 boc
2772 2145 3072 2218 praestare
3114 2155 3310 2218 quam
3352 2139 3733 2219 Angeli,elita
3819 2147 3820 2182 ³

2228 2231 2567 2312 perfectius
2594 2230 3071 2311 comprehendit
3114 2232 3452 2312 Angelum,
3480 2231 3571 2292 vel
3593 2231 3735 2291 dictat

2230 2324 2309 2386 de
2334 2325 2625 2386 omnibus
2650 2324 2935 2404 agendis,
2955 2341 3148 2404 quam
3170 2325 3449 2405 Angelus
3468 2343 3483 2397 ς
3512 2341 3641 2402 ergo
3659 2341 3736 2402 pa-

2227 2417 2281 2478 ri
2308 2417 2575 2491 ratione,
2601 2418 2889 2497 quamvis
2906 2435 3021 2498 per
3048 2418 3217 2480 vires
3238 2424 3475 2480 nature.
3502 2434 3611 2478 non
3632 2433 3735 2494 pos-

2226 2512 2305 2572 sit
2333 2517 2463 2572 tam
2494 2511 2929 2573 universaliter
2950 2511 3331 2592 intelligere,
3356 2512 3507 2572 sicut
3538 2507 3731 2588 Angeli,
3818 2522 3821 2560 1

2224 2610 2436 2666 tamen
2458 2602 2738 2665 elevatus
2758 2602 2993 2664 lumine
3018 2603 3233 2664 divino
3260 2605 3378 2666 hoc
3396 2601 3621 2683 poterit,
3639 2617 3732 2660 nou

2224 2696 2425 2758 solum
2470 2696 2538 2756 in
2578 2696 2933 2776 cognitione
2979 2697 3047 2757 in
3076 2697 3309 2772 Verbo,
3336 2697 3447 2758 sed
3490 2695 3655 2755 etiam
3685 2691 3731 2751 in

2222 2789 2473 2870 proprio
2504 2807 2759 2869 genere.
2786 2790 3097 2864 Secunda,
3136 2791 3287 2870 quia
3313 2791 3444 2851 istse
3464 2783 3731 2868 speciesin

2222 2899 2339 2944 sua
2388 2883 2648 2944 eutitate
2678 2889 2741 2944 et
2789 2882 3139 2946 substantia
3198 2890 3345 2945 sunt
3395 2879 3735 2962 perfectiores

2226 2991 2421 3052 quam
2447 2975 2769 3054 angelicas,
2800 2983 2873 3036 ut
2912 2977 3101 3038 sentit
3138 2977 3213 3038 D.
3246 2976 3534 3046 Thomas,
3560 2973 3616 3032 in
3646 2975 3733 3030 art.

2226 3071 2287 3142 4,
2320 3075 2383 3128 et
2410 3074 2582 3147 patet
2622 3085 2701 3129 ex
2738 3069 2983 3130 ratione
3030 3069 3221 3145 facta,
3258 3069 3407 3149 quia
3452 3062 3737 3147 proportio·

2226 3166 2459 3221 uantur
2478 3159 2731 3233 lumini3
2762 3179 2911 3240 ergo
2942 3162 3133 3224 etiam
3172 3169 3365 3224 erunt
3392 3154 3735 3222 universalio·
3818 3173 3821 3214 ι

2224 3271 2350 3328 res,
2378 3255 2525 3332 quia
2570 3259 2667 3316 est
2696 3254 2922 3315 eadem
2968 3254 3149 3316 ratio.
3180 3255 3431 3328 Ultima,
3460 3252 3594 3332 quia
3618 3248 3735 3309 alias
3819 3275 3820 3284 κ

2224 3365 2351 3408 non
2372 3353 2585 3426 posset
2602 3347 2813 3408 anima
2842 3347 3064 3409 Christi
3097 3367 3227 3410 uno
3256 3354 3401 3411 actu
3436 3353 3559 3408 tam
3584 3341 3737 3404 multa

2224 3441 2407 3501 simul
2450 3440 2829 3520 intelligere,
2862 3459 3055 3520 quam
3088 3443 3315 3522 Angeli
3342 3443 3617 3522 possunt,
3648 3431 3735 3494 sal-
3818 3435 3820 3444 '

2222 3540 2351 3595 tem
2368 3551 2497 3594 non
2522 3534 2929 3614 adjungendo
2948 3553 3123 3602 nova,
3136 3534 3461 3608 miracula,
3480 3531 3581 3593 sed
3604 3535 3739 3589 uten-

2221 3626 2303 3688 do
2332 3626 2453 3687 hac
2470 3626 2729 3688 scientia
2750 3627 2940 3689 modo
2960 3629 3377 3702 connaturali,
3402 3627 3543 3707 quis
3566 3623 3645 3702 (ut
3662 3637 3739 3679 su-

2222 3737 2339 3800 pra
2380 3719 2745 3781 dicebamus
2782 3738 2863 3782 ex
2890 3719 3177 3782 doctrina
3204 3723 3342 3784 Div.
3376 3719 3635 3794 Thomae)
3666 3728 3739 3774 so·

2222 3815 2355 3876 lum
2384 3822 2589 3895 potest
2616 3833 2691 3876 ea
2710 3816 3065 3898 intelligere
3086 3817 3277 3880 simul
3304 3835 3441 3898 quae
3458 3831 3565 3896 per
3586 3823 3737 3872 unam

2226 3909 2499 3988 speciem
2552 3915 3125 3988 repraesentantur3
3158 3926 3548 3989 consequens
3570 3907 3737 3966 autem

2224 4019 2339 4082 per
2366 4021 2435 4063 se
2466 4003 2616 4063 satis
2647 4003 3009 4078 absurdum
3037 4003 3308 4066 videtur.
3342 4003 3605 4080 Denique
3628 4011 3738 4057 con·

2222 4102 2319 4155 tra
2350 4093 2516 4155 hanc
2534 4095 2911 4156 sententiam
2938 4095 3111 4156 nulla
3140 4096 3469 4158 difficultas
3496 4085 3735 4155 occurrit,

2226 4187 2372 4267 quia
2398 4187 2880 4248 fundamentum
2918 4190 2993 4250 D.
3046 4189 3305 4250 Thomas
3351 4189 3481 4268 jam
3510 4183 3737 4245 solutum

2222 4285 2341 4357 est,
2372 4281 2523 4342 etin
2550 4299 2621 4342 re
2652 4282 2751 4360 pia
2772 4289 2835 4344 et
2858 4282 3193 4360 probabili,
3216 4291 3282 4344 et
3312 4301 3449 4362 quae
3480 4277 3736 4355 majmem

2221 4375 2668 4454 perfectionem
2688 4375 2930 4437 Christo
2946 4375 3198 4448 tribuit,
3227 4393 3359 4438 non
3384 4373 3601 4436 mirum
3630 4379 3738 4427 esse

2222 4467 2411 4529 debet
2446 4467 2617 4545 quod
2666 4485 2707 4529 a
2752 4469 3064 4531 sententia
3092 4469 3163 4528 Ι).
3202 4471 3454 4530 Thomae
3502 4457 3740 4527 disceda-

2222 4579 2387 4622 mus.

2838 4720 3056 4775 sEcho
3092 4725 3151 4775 11.

2224 4847 2303 4902 An
2340 4855 2541 4921 μνείαν
2566 4850 2777 4922 species
2822 4851 3207 4923 intelligibiles
3250 4853 3555 4922 reqmratur
3578 4842 3635 4896 in
3658 4835 3738 4890 hac

2442 4935 2677 4992 scientia
2700 4936 2897 4993 lumen
2926 4951 3024 4994 seu
3069 4937 3289 4994 habitus
3315 4935 3543 5008 infusus,

2294 5124 2351 5184 ⁴.
2398 5125 2579 5188 Inter
2612 5125 2899 5189 habitum
2944 5133 3001 5192 et
3046 5129 3245 5194 lumen
3288 5128 3558 5204 infusum
3598 5108 3740 5178 „ulla
3819 5151 3820 5154 ¹

2219 5217 2552 5282 distinctio.
2590 5255 2663 5266 —
2704 5221 2769 5281 ln
2812 5222 2939 5282 hac
2996 5225 3339 5301 quaestione
3394 5219 3571 5282 etiam
3620 5205 3740 5268 sunt

2222 5309 2364 5372 duae
2392 5319 2686 5374 extremae
2724 5315 3071 5378 sententiae.
3109 5317 3337 5392 Prima,
3380 5315 3593 5394 praeter
3628 5313 3740 5378 spc-

2226 5405 2377 5479 cies,
2400 5405 2659 5484 requirit
2680 5407 2837 5469 duas
2870 5409 3201 5486 qualitates
3244 5409 3569 5472 distinctas,
3607 5405 3737 5474 quas

2224 5503 2407 5560 vocat
2426 5497 2711 5562 habitum
2732 5507 2793 5563 et
2820 5501 3055 5578 lumen,
3084 5508 3153 5564 ut
3179 5502 3423 5564 habitus
3450 5497 3549 5558 det
3568 5481 3736 5551 facul-
