3892 6167
605 371 726 434 662

614 496 842 543 crucem
863 476 1006 560 fidei
1029 471 1407 557 prandium,
1425 472 1602 556 pacis
1619 470 1931 536 neminum.
1959 469 2164 542 Unde,

609 574 777 657 quod
821 573 902 636 ad
949 572 1208 636 modum
1257 569 1640 633 adorationis
1685 569 1947 642 attinet,
1994 566 2167 628 nulla

612 670 943 733 difficultas
971 673 1098 744 est,
1139 666 1294 746 quin
1318 682 1432 746 per
1457 663 1718 726 modum
1747 660 1838 725 rei
1863 679 2055 723 sacrae
2086 659 2169 722 ad

611 765 920 827 honorem
947 761 1174 826 Christi
1196 757 1601 839 pertinentis,
1636 755 1754 818 coli
1787 754 1985 836 possit
2020 754 2169 816 ado·

611 859 854 920 ratione
880 855 1225 937 respectiva
1245 859 1308 916 et
1325 849 1724 926 secundaria,
1747 849 1906 912 sicut
1927 847 2008 910 de
2032 846 2171 910 aliis

609 952 801 1014 rebus
837 950 1030 1014 sacris
1085 953 1150 1012 et
1194 945 1572 1028 imaginibus
1620 942 1996 1023 explicatum
2048 945 2165 1003 est.

610 1044 872 1121 Deinde,
901 1044 952 1106 si
977 1043 1042 1104 in
1064 1043 1203 1123 ipsa
1223 1057 1408 1104 cruce
1428 1039 1637 1118 imago
1665 1035 1896 1100 Christi
1921 1033 2169 1114 depicta

612 1159 726 1203 seu
753 1138 940 1201 affixa
967 1137 1068 1212 sit,
1114 1153 1244 1196 uon
1288 1139 1384 1196 est
1417 1132 1683 1194 dubium
1727 1129 1878 1212 quin
1920 1125 2171 1189 adorari

609 1235 806 1316 possit
833 1231 1006 1295 cultu
1025 1229 1248 1303 latriae,
1269 1227 1370 1290 vel
1397 1226 1608 1306 potius
1629 1221 1957 1286 coadorari
1986 1221 2172 1284 simul

610 1344 753 1390 cum
781 1327 918 1405 ipso
943 1322 1206 1385 Christo.
1236 1321 1522 1400 Denique
1551 1317 1740 1382 etiam
1769 1317 1825 1378 si
1847 1316 2021 1378 nulla
2050 1316 2174 1376 alia

612 1419 884 1484 hominis
910 1416 1137 1496 figura,
1167 1415 1282 1478 sed
1309 1419 1558 1476 tantum
1589 1411 1790 1474 crucis
1823 1410 1886 1471 in
1921 1409 2028 1470 illa
2066 1427 2173 1488 ap-

617 1519 863 1596 pareat,
907 1509 1134 1574 eodem
1163 1507 1433 1571 modoet
1459 1510 1752 1587 respectu
1787 1502 2037 1566 adorari
2065 1519 2175 1582 po-

610 1616 754 1672 test.
795 1607 958 1680 Quia
981 1601 1348 1684 hujusmodi
1375 1620 1528 1664 crux
1557 1601 1745 1662 etiam
1774 1616 1890 1680 per
1929 1615 1997 1660 se
2041 1596 2175 1658 sola

611 1705 1022 1784 repraesentat
1064 1715 1195 1760 non
1247 1696 1453 1758 solum
1497 1694 1686 1756 aliam
1727 1710 2016 1765 crucem,
2064 1689 2174 1753 sed

616 1797 804 1860 etiam
831 1793 1146 1856 Christum
1173 1792 1377 1872 ipsum
1405 1806 1519 1869 per
1555 1786 1817 1849 modum
1847 1785 2045 1848 crucis
2074 1803 2175 1847 ex-

615 1898 889 1954 tensum.
917 1888 991 1950 Et
1015 1886 1078 1948 in
1107 1884 1228 1948 hoc
1251 1885 1358 1963 (ut
1383 1882 1465 1945 ad
1493 1882 1804 1944 rationem
1843 1878 2174 1941 dubitandi

613 1985 680 2046 in
709 1979 1016 2063 principio
1061 1980 1330 2058 positam
1371 1974 1910 2056 respondeamus)
1941 1991 2175 2053 magna

615 2073 962 2140 differentia
991 2075 1086 2134 est
1120 2073 1286 2134 inter
1311 2087 1600 2148 crucem,
1632 2075 1698 2131 et
1731 2067 2003 2143 clavum,
2034 2068 2177 2128 lan-

615 2187 816 2242 ceam,
863 2172 1012 2244 etc„
1049 2165 1198 2246 quia
1241 2165 1374 2228 sola
1417 2183 1572 2226 crux
1617 2167 1712 2226 est
1741 2161 1944 2243 figura
1980 2162 2175 2242 ipsius

613 2260 875 2338 Christi,
917 2265 979 2321 et
1017 2258 1162 2321 ideo
1190 2259 1406 2339 imago
1435 2258 1660 2334 crucia,
1696 2274 1836 2337 quae
1877 2256 2066 2319 etiam
2085 2261 2177 2318 est

611 2358 822 2433 imago
846 2351 1096 2430 Christi,
1129 2352 1466 2415 adorabilis
1497 2358 1614 2427 est,
1639 2367 1768 2412 non
1794 2367 1943 2412 vero
1967 2349 2175 2430 imago

613 2449 810 2526 clavi,
857 2459 968 2510 aut
998 2446 1276 2522 lanceae,
1308 2455 1378 2510 ut
1403 2449 1478 2508 D.
1522 2445 1742 2507 Thom.
1775 2441 1904 2520 hic,
1944 2449 2063 2504 art.
2110 2445 2175 2519 4,

615 2542 698 2604 ad
729 2545 792 2616 3,
823 2540 1058 2604 docuit.
1097 2541 1177 2603 Et
1198 2540 1526 2616 Athanas„
1559 2556 1671 2600 seu
1694 2542 1914 2599 auctor
1941 2535 2171 2608 Quaest.

618 2633 700 2698 ad
721 2635 1122 2709 Antiochum,
1147 2638 1366 2713 quaest.
1392 2635 1492 2707 16,
1523 2631 1636 2694 uhi
1651 2632 1842 2694 aliam
1868 2629 2179 2693 rationem

617 2727 875 2803 iudicat,
908 2726 1176 2802 scilicet,
1214 2727 1364 2806 quia
1392 2743 1545 2789 cmx
1571 2723 1754 2786 facile
1787 2721 2033 2786 ostendi
2062 2739 2180 2802 po-

613 2822 738 2883 test
782 2820 1032 2882 adorari
1089 2825 1349 2901 propter
1393 2819 1664 2898 figuram
1687 2861 1706 2892 ,
1748 2834 1876 2878 non
1922 2819 2181 2896 propter

615 2915 972 2978 materiam.
1011 2912 1168 2985 Quia
1199 2913 1252 2976 si
1293 2913 1434 2975 duae
1463 2918 1676 2992 partes
1715 2911 1852 2992 ejus
1881 2925 2181 2990 separen-

615 3015 753 3086 tur,
786 3027 916 3070 non
950 3009 1314 3071 adorantur.
1357 3006 1534 3080 Quod
1575 3013 1793 3070 tamen
1823 3005 1890 3066 in
1927 3004 2173 3078 lancea,

617 3109 728 3168 aut
771 3103 969 3179 clavo,
1014 3122 1143 3166 non
1184 3109 1315 3166 tam
1361 3097 1545 3165 facile
1601 3105 1865 3165 constat.
1901 3097 2050 3173 Quae
2076 3116 2179 3160 ra-

615 3196 704 3261 tio
733 3215 862 3260 non
898 3198 1112 3279 magni
1140 3197 1439 3279 ponderis
1469 3215 1609 3258 esse
1635 3194 1904 3258 videtur.

695 3294 756 3354 4.
801 3292 1172 3374 Differ-entia
1197 3292 1398 3374 quoad
1419 3291 1644 3358 cultum
1671 3290 1834 3352 inter
1862 3305 2097 3352 crucem
2121 3291 2180 3351 et

616 3385 858 3470 reliqua
889 3387 1202 3470 passionis
1236 3385 1478 3450 Christi
1513 3385 1812 3466 imiynia.
1844 3415 1927 3430 —
1953 3384 2042 3444 Ex
2068 3381 2179 3443 dif-

615 3479 883 3542 ferentia
914 3498 1060 3543 vero
1092 3496 1284 3558 quam
1306 3479 1380 3540 D.
1411 3477 1684 3542 Thomas
1717 3477 1949 3557 posuit,
1984 3475 2181 3539 oritur

617 3571 763 3645 alia,
797 3590 937 3651 quas
967 3571 1050 3633 ad
1087 3589 1227 3634 rem
1254 3571 1526 3633 maxime
1556 3570 1858 3653 pertinet;
1897 3587 2047 3630 nam
2088 3569 2179 3630 in·

613 3671 717 3727 ter
755 3664 1136 3726 Christianos
1165 3665 1420 3745 propria
1445 3664 1654 3745 figura
1691 3663 1891 3726 crucis
1929 3681 2179 3743 semper

614 3758 810 3822 habet
859 3777 1048 3820 usum
1101 3767 1365 3822 sacrum·
1399 3764 1463 3822 et
1513 3759 1909 3840 religiosum
1964 3758 2179 3818 clavus

618 3858 833 3916 autem
861 3857 928 3916 et
949 3853 1198 3930 lancea,
1215 3861 1275 3916 et
1300 3852 1438 3916 aliae
1467 3871 1571 3915 res
1599 3851 1834 3915 similes
1861 3851 2177 3914 ordinarie

615 3966 746 4010 non
788 3946 870 4010 ad
895 3946 1399 4028 significandum,
1443 3946 1556 4010 sed
1580 3945 1662 4008 ad
1690 3947 2001 4007 humanos
2025 3964 2178 4007 usus

617 4047 1045 4104 assumuntur.
1075 4040 1257 4104 Unde
1305 4040 1404 4118 fit,
1445 4041 1496 4103 si
1536 4041 1671 4103 hoec
1712 4039 2029 4102 interdum
2072 4039 2177 4102 de-

615 4135 957 4218 pingantur
980 4136 1064 4198 ad
1081 4134 1444 4198 Passionem
1470 4135 1696 4198 Christi
1717 4139 2179 4216 repraesentan-

615 4229 787 4305 dam,
815 4230 1220 4293 veneratione
1246 4229 1442 4311 digna
1477 4248 1617 4292 esse
1644 4246 1857 4309 posse,
1890 4229 2039 4308 quia
2066 4230 2179 4290 ha-

613 4325 766 4388 bent
796 4344 1046 4388 sacrum
1072 4344 1282 4403 usum,
1306 4331 1369 4388 et
1408 4325 1718 4388 rationem
1754 4323 2048 4404 imaginis
2078 4343 2178 4386 sa-

616 4429 758 4482 crae.
793 4418 1054 4491 Quando
1084 4426 1294 4481 autem
1323 4417 1445 4481 hoc
1477 4419 1668 4480 modo
1699 4421 2174 4499 repraesentant,

617 4531 697 4577 ex
736 4513 1214 4578 circumstantiis
1252 4521 1315 4580 et
1341 4513 1531 4578 modo
1560 4513 1856 4595 imaginis
1881 4514 2176 4596 colligen-

615 4607 769 4672 dum
793 4611 910 4670 est.

693 4705 752 4766 5.
797 4699 1200 4769 Armorum-um
1233 4704 1300 4768 in
1338 4705 1539 4769 crucis
1584 4705 1753 4770 cultu
1795 4704 2169 4786 superstitio.

613 4831 693 4856 ,-
717 4798 811 4859 Ex
861 4797 1092 4876 quibus
1150 4798 1342 4860 etiam
1391 4796 1702 4878 colligitur
1748 4799 2173 4880 superstitiose

613 4909 858 4955 errasse
886 4893 1216 4968 Armenes,
1239 4890 1347 4971 qui
1376 4909 1624 4953 crucem
1647 4911 1778 4956 non
1799 4893 2169 4970 adorabant,

609 4985 733 5049 nisi
777 4985 952 5066 prius
980 4985 1045 5047 in
1089 5002 1166 5047 ea
1211 4984 1456 5047 clavum
1483 4983 1854 5064 infigerent,
1902 5004 2171 5065 eamque

609 5081 1021 5162 baptizarent,
1062 5085 1124 5140 et
1153 5085 1372 5160 postea
1401 5076 1667 5141 alterum
1697 5079 1939 5162 lignum
1973 5081 2053 5142 ab
2082 5079 2171 5142 al-

613 5181 748 5240 tero
777 5178 1166 5254 separarent,
1191 5178 1252 5235 et
1278 5177 1637 5254 separatum
1659 5173 2013 5238 adorarent.
2038 5175 2169 5238 Hoc

608 5271 778 5332 enim
809 5275 1010 5331 totum
1039 5267 1544 5347 superstitiosum
1589 5275 1704 5332 est.
1761 5267 1919 5344 Quia
1960 5288 2166 5352 neque

605 5361 789 5441 clavi,
835 5379 1043 5444 neque
1089 5359 1460 5442 baptismus,
1510 5363 1864 5425 necessaria
1899 5370 2045 5426 sunt
2087 5363 2165 5426 ad

1817 367 2054 434 QUAEs‘r.
2087 364 2240 422 XXV.
2272 365 2477 420 ARTIC.
2512 363 2593 419 Vl.

2249 484 2372 548 quo
2423 465 2564 527 vide
2590 461 2850 544 Euthy„
2880 467 2919 526 2
2949 479 3013 544 p.
3050 462 3333 544 Panopl.‚
3362 465 3500 530 titul.
3526 475 3693 551 20,cif.

2249 578 2323 623 ca
2349 559 2517 622 med.
2528 582 2546 636 3
2578 559 2717 622 etS.
2736 557 2987 632 Nicon.,
3012 557 3083 616 in
3112 555 3221 616 lib.
3252 556 3327 616 de
3348 557 3615 642 Religione
3632 575 3695 636 Ar.

2248 672 2521 728 menor.,
2554 659 2703 714 tom.
2730 654 2754 713 1
2786 651 3035 712 Bibliot.
3064 657 3262 713 sanct.
3291 669 3308 722 ;
3336 658 3397 715 et
3422 657 3574 732 plura
3592 671 3698 742 apud

2250 747 2464 824 Alan.,
2490 744 2723 825 dialog.
2754 747 2818 823 4,
2850 743 3161 824 praecipue
3190 761 3245 804 c.
3277 747 3371 821 11,
3398 747 3495 809 ubi
3516 756 3700 834 explieat

2248 841 2460 922 legem
2500 836 2858 910 Theodosii,
2896 835 3007 917 qui
3053 835 3364 916 prohibuit
3401 857 3474 904 ne
3497 862 3615 910 crux
3636 851 3701 915 de-

2250 935 2621 1016 pingeretur
2643 932 2712 994 in
2738 929 3128 1012 pavimento.

2864 1123 3087 1178 sl-:cno
3116 1125 3204 1178 ΙΙΙ.

2262 1269 2451 1328 Utrum
2474 1267 2643 1327 liceat
2662 1267 2747 1326 uti
2770 1269 2923 1340 siquo
2946 1268 3133 1323 crucis
3152 1266 3215 1324 in
3232 1266 3441 1326 modum
3456 1281 3703 1338 coeremom'ae

2942 1367 3137 1410 sacrae.

2339 1514 2397 1573 1.
2442 1512 2526 1575 In
2554 1509 2752 1575 crucis
2781 1509 2956 1590 siquo
2985 1513 3047 1573 et
3072 1527 3187 1574 usu
3215 1513 3426 1590 quanta
3450 1512 3640 1582 utilitas
3668 1529 3701 1586 et

2256 1606 2492 1690 religio.
2524 1638 2603 1653 —
2630 1603 3109 1686 Respondetur‚
3152 1603 3270 1666 hoc
3300 1607 3478 1668 crucis
3507 1610 3697 1692 signum,

2260 1700 2523 1782 ejusque
2568 1717 2757 1762 usum
2807 1697 3027 1759 multis
3065 1697 3399 1760 rationibus
3438 1701 3699 1783 religiosum

2258 1811 2422 1868 esse,
2449 1787 2869 1872 fidelibusque
2897 1791 3315 1854 utilissimum.
3346 1793 3471 1855 Haec
3498 1802 3573 1857 est
3592 1807 3699 1862 ceria

2255 1889 2487 1950 veritas
2519 1887 2687 1963 fidei,
2723 1905 2912 1966 quam
2950 1885 3319 1948 universalis
3340 1887 3582 1951 Ecclesiae
3604 1911 3701 1955 eon-

2258 2000 2517 2056 sensuS,
2560 1987 2623 2044 et
2664 1983 2825 2044 ratio
2858 1980 2989 2043 fide
3032 1979 3335 2041 illustrata
3356 1982 3615 2046 evidenter
3634 2005 3701 2050 os-

2255 2075 2477 2138 tendit.
2505 2075 2709 2136 Primo
2733 2075 2905 2138 enim
2934 2092 3093 2135 usus
3121 2073 3278 2153 signi
3297 2076 3473 2136 crucis
3496 2079 3701 2156 quadam

2259 2173 2353 2230 est
2372 2165 2741 2230 Christianae
2769 2167 2918 2229 fidei
2950 2165 3279 2246 professio,
3313 2167 3467 2230 Unde
3491 2173 3698 2252 Angusti-

2258 2262 2642 2338 nus,Psalm.
2678 2263 2817 2336 141,
2855 2276 3186 2340 exponens
3212 2259 3312 2320 illa
3331 2260 3525 2322 verba:
3552 2263 3613 2326 In
3632 2267 3696 2328 viz

2258 2353 2371 2420 hac
2418 2372 2537 2436 qua
2586 2353 3008 2418 ambulabam:
3053 2353 3248 2434 Usque
3273 2353 3420 2431 adeo,
3454 2357 3621 2436 inquit,
3650 2362 3692 2424 ιιι

2259 2466 2429 2513 cruce
2456 2464 2574 2512 non
2598 2448 2894 2526 erubesco,
2921 2453 2995 2509 ut
3024 2461 3142 2508 non
3170 2445 3531 2524 occultatam,
3553 2451 3631 2512 sed
3650 2451 3691 2514 iu

2254 2544 2452 2620 fronte
2481 2560 2610 2604 eam
2628 2559 2852 2621 ponam
2862 2565 2889 2613 ;
2915 2539 3169 2603 insultet
3191 2537 3291 2603 ille
3315 2541 3550 2617 crucifixo
3572 2542 3689 2606 Chri-
3767 2561 3768 2566 ¹

2258 2640 2349 2698 sto
2374 2681 2389 2710 ,
2436 2635 2673 2700 videam
2717 2651 2821 2712 eqo
2865 2635 2937 2696 in
2982 2629 3289 2712 frontibus
3335 2651 3509 2716 remim
3542 2653 3685 2699 mem

2266 2727 2517 2792 Christi.
2565 2726 2940 2790 Profitemur
2987 2743 3139 2804 ergo
3186 2725 3301 2788 hoc
3326 2723 3677 2812 signo,Clzrisli

2260 2840 2512 2885 crucem
2541 2822 2859 2903 amplecti,
2882 2827 2945 2884 et
2979 2820 3147 2881 illius
3173 2820 3383 2881 virtute
3405 2819 3676 2895 sanctificari,

2259 2918 2491 2980 muniri
2521 2923 2584 2981 et
2617 2917 2891 2980 defendi.
2927 2914 3248 2992 Secund0‚
3280 2915 3410 2978 hinc
3438 2913 3682 2977 factumest
3767 2943 3768 2954 ἒ

2257 3013 2407 3074 utin
2429 3014 2707 3075 omnium
2731 3015 3263 3075 sacramentorum
3275 3007 3682 3072 administratione

2260 3107 2507 3187 signum
2538 3105 2741 3168 crucis
2773 3105 3175 3181 adhibeatur,
3220 3109 3285 3166 ut
3310 3103 3519 3184 Dionys.
3542 3102 3679 3174 tradit,

2258 3220 2315 3264 c.
2365 3203 2427 3277 4,
2470 3203 2507 3262 5
2547 3207 2609 3263 et
2650 3201 2713 3277 6,
2762 3200 2841 3262 de
2888 3197 3317 3263 Ecclesiastica
3342 3195 3683 3270 Hierarch.;et

2257 3295 2550 3376 August.,
2578 3313 2766 3356 serm.
2802 3295 2912 3357 181
2948 3293 3034 3356 de
3061 3293 3369 3380 Tempore,
3392 3309 3505 3370 cap.
3522 3291 3567 3352 3.
3767 3335 3768 3346 ,

2339 3393 2399 3452 2.
2448 3389 2661 3456 Crucis
2692 3391 2931 3475 siynum
2965 3395 3169 3454 terror
3190 3386 3684 3452 doemonum—Ter-
3767 3437 3768 3448 ,

2262 3484 2346 3546 tio
2377 3485 2671 3546 virtutem
2693 3483 2888 3546 habet
2911 3491 3135 3545 contra
3172 3481 3475 3554 daemoneS,
3494 3478 3687 3556 utChry-
3767 3527 3768 3536 ,

2260 3583 2411 3639 sost.
2456 3575 2677 3654 tradit,
2712 3579 2880 3640 hom.
2917 3577 2994 3662 21
3032 3575 3115 3638 ad
3160 3569 3683 3656 Populumzorucem,
3767 3631 3768 3636 ,

2261 3669 2485 3752 inquit,
2514 3673 2711 3745 fronti
2740 3671 3046 3752 imprime,
3086 3673 3174 3736 sio
3200 3670 3341 3734 enim
3371 3683 3459 3731 uec
3482 3667 3576 3746 ipse
3595 3663 3683 3726 dia-

2261 3765 2428 3828 bolus
2446 3765 2657 3829 Zoederc
2672 3765 2916 3846 poterit.
2938 3765 3117 3829 Idem
3136 3765 3296 3825 hom.
3316 3765 3382 3824 55
3398 3761 3557 3831 Mati„
3571 3755 3681 3816 unde
3767 3821 3768 3828 χ

2258 3859 2679 3941 Hieronymus
2697 3905 2718 3938 ,
2749 3878 2848 3942 ep.
2887 3864 2917 3923 1
2950 3859 3037 3922 ad
3064 3858 3254 3921 Eliod.
3285 3872 3302 3918 τ
3328 3857 3507 3926 Intus,
3529 3849 3680 3928 inquit,

2258 3959 2345 4017 est
2384 3955 2597 4028 hostis,
2629 3955 2898 4034 «impedite
2937 3953 3213 4017 rud-mter
3232 3997 3250 4027 ‚
3280 3949 3396 4013 vela
3419 3941 3681 4026 suspendite,

2260 4065 2413 4112 crum
2458 4053 2733 4112 antennae
2772 4048 3014 4130 fiqatur
3054 4049 3122 4109 in
3162 4043 3460 4125 frontibus.
3493 4040 3549 4099 Et
3578 4037 3682 4096 Lac·
3767 4063 3768 4128 ἕ

2257 4147 2443 4220 tant.,
2480 4143 2525 4205 1.
2552 4147 2591 4206 4
2618 4142 2696 4204 de
2720 4143 2887 4204 Vera
2917 4141 3249 4223 sapientia,
3290 4137 3449 4210 c.2'1,
3474 4131 3585 4194 dicit
3605 4130 3683 4189 hoc

2260 4235 2511 4316 signum
2551 4235 2771 4298 terrori
2810 4255 2950 4298 esse
2994 4231 3395 4303 daemonibu8‚
3424 4241 3601 4304 eosque
3628 4219 3681 4282 de
3767 4221 3768 4304 ᾗ

2259 4328 2623 4410 corporibus
2644 4328 3049 4392 obsessorum
3070 4327 3298 4407 fugare.
3314 4321 3469 4386 Unde
3481 4317 3677 4380 Nazian..
3767 4349 3768 4410 3

2257 4429 2413 4486 orat.
2457 4426 2531 4498 3,
2562 4442 2628 4485 n.
2662 4425 2763 4502 19,
2802 4431 2867 4486 et
2910 4423 3193 4502 Niceph.,
3224 4419 3263 4481 l.
3299 4417 3367 4480 10
3390 4414 3551 4483 nist„
3580 4425 3616 4468 c·
3640 4406 3677 4476 3,
3767 4423 3768 4496 ξ

2254 4517 2469 4591 refert,
2494 4534 2639 4579 cum
2657 4517 2944 4580 Julianus
2966 4518 3256 4597 Apostata
3279 4503 3584 4590 quibusdam
3598 4499 3679 4558 dae·

2255 4629 2515 4674 monum
2547 4611 2894 4674 terroribus
2932 4611 3291 4682 afficeretur,
3319 4621 3385 4666 ex
3403 4595 3557 4662 veteri
3577 4609 3675 4654 con·
3767 4609 3768 4658 3

2255 4705 2613 4782 suetudine,
2663 4711 2881 4768 contra
2915 4724 3097 4767 suam
3136 4697 3430 4784 perfidiam
3454 4687 3674 4754 etvolnn-
3767 4691 3768 4698 ’

2254 4805 2471 4876 tatem,
2506 4800 2683 4879 signo
2713 4798 2917 4861 crucis
2943 4817 3010 4860 se
3036 4799 3322 4878 signasse,
3346 4787 3669 4882 daemonesqne

2254 4893 2592 4977 fugavisse.
2626 4893 2715 4956 Ex
2746 4911 2870 4975 quo
2899 4892 3160 4972 intelligi
3181 4891 3367 4969 potest
3384 4883 3518 4943 hanc
3536 4887 3666 4976 crucis
3767 4969 3768 4972 Ἴ

2254 4988 2690 5052 efficacitatem
2716 5035 2734 5066 ,
2762 5007 2889 5049 non
2918 4989 2985 5050 in
3013 4987 3143 5049 sola
3169 4979 3458 5046 devotione
3478 4976 3528 5033 et
3546 4983 3664 5070 men·

2250 5089 2313 5148 to
2345 5083 2663 5167 operantis
2684 5129 2699 5157 ,
2728 5080 2837 5159 sed
2871 5081 3251 5163 potissimum
3283 5074 3342 5135 in
3366 5069 3535 5134 divina
3560 5058 3665 5121 ordi-
3767 5073 3768 5104 ³

2248 5177 2526 5250 natione,
2548 5182 2807 5258 propter
2827 5177 3117 5238 meritum
3137 5167 3356 5239 Christi,
3376 5163 3579 5244 eJnsque
3594 5153 3663 5256 ἦθ’

2248 5289 2492 5350 norem,
2516 5270 2845 5333 fundatam
2895 5288 3057 5332 esse.
3110 5259 3516 5343 Compelluntur
3552 5257 3659 5308 emm
3767 5273 3768 5290 ἦ

2246 5365 2455 5428 divino
2510 5363 2774 5445 imperio
2820 5365 2939 5426 hoc
2976 5362 3213 5443 signum
3256 5346 3509 5418 revereri,
3541 5331 3659 5403 ⁶2³⁶

602 5457 913 5520 rationem
933 5453 1247 5537 imaginiS,
1266 5461 1325 5518 et
1349 5454 1401 5517 si
1427 5473 1684 5538 separes
1705 5475 1903 5520 unum
1921 5457 2165 5540 lignum
2243 5459 2411 5522 illius
2448 5458 2846 5540 praesentiam
2888 5453 3369 5522 contremiscere,
3406 5457 3498 5503 nec
3521 5432 3655 5536 solum

603 5549 685 5616 ab
714 5549 861 5628 alio,
891 5549 1024 5631 jam
1077 5565 1208 5615 nou
1253 5553 1465 5616 manet
1515 5552 1675 5618 ratio
1721 5551 2037 5636 imaginis.
2076 5553 2162 5615 De
2242 5553 2511 5634 fugiunt,
2550 5553 2697 5636 quia
2738 5552 2889 5616 illud
2918 5553 3059 5616 odio
3090 5547 3333 5618 habent,
3375 5543 3433 5600 ut
3464 5523 3653 5594 Gentiles
