3892 6167
401 317 520 378 323

397 419 599 502 telligi
645 436 771 500 quo
820 417 1142 496 uniantur,
1173 424 1284 483 sut
1331 419 1652 499 quomodo
1678 419 1761 484 ad
1793 437 1965 486 cem-

401 513 769 598 ponendum
805 531 1002 576 unum
1049 520 1262 578 actum
1291 516 1792 596 conjungantur-3
1833 533 1965 578 non

405 627 557 689 ergo
587 608 1052 686 distinguentur
1078 608 1444 687 partialiter,
1481 607 1600 672 sed
1631 615 1820 671 erunt
1859 627 1965 670 ac-

405 710 510 766 tus
537 701 830 768 distincti.
865 702 998 764 Hoc
1037 705 1250 766 autem
1277 701 1584 782 principio
1613 703 1961 782 supposito,

411 803 630 878 aperte
683 796 962 875 sequitur
988 814 1120 858 non
1165 814 1352 876 posse
1401 796 1696 862 eumdem
1725 802 1961 870 actum,

408 889 760 956 secundum
803 887 1042 970 aliquid
1090 890 1192 952 sui
1241 905 1381 952 esse
1427 888 1858 954 necessarium
1895 889 1968 953 iu

408 983 630 1048 ordine
661 982 746 1044 ael
773 983 997 1056 Deum,
1029 987 1096 1046 et
1119 981 1468 1046 secundum
1495 981 1735 1062 aliquid
1765 981 1963 1057 aliud,

409 1095 480 1138 re
503 1077 641 1156 ipsa
670 1075 1032 1138 distinctum
1055 1082 1118 1138 et
1139 1076 1511 1156 separabile,
1533 1094 1672 1139 esse
1693 1075 1965 1140 liberum

405 1171 476 1232 in
503 1169 723 1232 ordine
765 1167 850 1230 ad
875 1169 1251 1248 proximum.
1279 1170 1628 1234 Dicendum
1642 1188 1792 1249 ergo
1825 1170 1965 1246 erit,

407 1270 518 1328 aut
540 1282 670 1326 non
685 1263 882 1324 amari
901 1264 1278 1343 proximum,
1297 1265 1486 1328 etiam
1500 1265 1712 1328 visum
1728 1265 1796 1326 in
1811 1266 1965 1337 Dee,

407 1357 632 1420 eodem
657 1363 800 1420 actu
829 1375 955 1434 quo
985 1365 1235 1421 amatur
1269 1358 1454 1434 Deus;
1491 1358 1665 1436 quod
1691 1363 1788 1418 est
1817 1375 1969 1436 pro·-

404 1451 640 1526 hahile,
671 1452 970 1514 utstatim
997 1451 1239 1525 dicam;
1275 1458 1383 1514 aut
1414 1459 1606 1527 certe,
1635 1452 1686 1512 si
1721 1456 1971 1515 amatur

407 1545 632 1607 eodem
657 1551 822 1620 actu,
859 1544 1034 1606 illum
1063 1563 1204 1606 esse
1232 1544 1696 1618 indivisibilem,
1727 1550 1791 1608 et
1819 1563 1971 1606 con-

409 1643 744 1718 sequenter
775 1655 914 1702 esse
947 1637 1292 1707 secundum
1340 1656 1410 1700 se
1439 1645 1640 1702 totum
1677 1655 1971 1700 necessa-

407 1733 610 1808 rium,
643 1737 707 1794 et
757 1731 901 1792 ideo
947 1749 1076 1794 non
1119 1750 1260 1794 esse
1305 1732 1734 1806 meritorium,
1781 1731 1971 1794 etiam

407 1831 595 1906 prout
624 1825 704 1885 ad
721 1824 1074 1903 proximum
1117 1826 1511 1888 terminatur.
1557 1825 1764 1900 Dices,
1797 1841 1972 1886 eum-

411 1918 560 1980 dem
586 1927 798 1980 actum
827 1919 1146 1980 entitative
1178 1918 1612 1982 indivisibilem
1641 1937 1826 1999 posse
1850 1924 1974 1979 ter-

413 2010 637 2074 minari
666 2011 748 2072 ad
779 2030 972 2072 unum
1019 2011 1338 2090 objectum
1387 2013 1768 2086 necessario,
1797 2019 1860 2074 et
1891 2010 1973 2074 ad

413 2103 586 2166 aliud
611 2104 831 2180 libere,
857 2105 1010 2167 nihil
1045 2107 1101 2166 ei
1131 2105 1446 2182 addendo,
1473 2107 1716 2170 ratione
1757 2105 1971 2168 liberoe

413 2197 898 2274 terminationis,
931 2205 998 2259 ut
1027 2205 1271 2262 constat
1301 2200 1366 2260 in
1387 2207 1530 2261 actu
1563 2199 1837 2260 increato
1859 2217 1971 2260 vo-

411 2290 672 2352 luntatis
717 2289 966 2352 divinae.
999 2292 1438 2372 Respondetur
1495 2294 1658 2354 hanc
1692 2291 1973 2354 eminen-

414 2383 714 2446 tissimam
752 2383 1202 2462 perfectionem
1255 2404 1396 2448 esse
1427 2385 1746 2466 propriam
1775 2385 1972 2448 divini

418 2484 596 2540 actus
634 2477 896 2538 increati
933 2484 998 2540 et
1037 2478 1285 2551 infiniti,
1329 2498 1534 2558 neque
1585 2497 1772 2559 posse
1827 2497 1969 2540 cuni

415 2569 828 2632 fundamento
877 2571 1132 2634 attribui
1175 2573 1340 2634 actui
1385 2579 1600 2634 creato
1652 2579 1714 2634 et
1769 2571 1968 2634 finito.

419 2663 595 2736 Quod
625 2664 792 2726 enim
825 2665 992 2740 Deus
1035 2665 1274 2728 illomet
1313 2672 1482 2741 actu,
1509 2683 1636 2746 quo
1665 2683 1733 2728 se
1759 2683 1981 2728 neces·

419 2757 584 2818 sario
609 2761 802 2831 amal,
837 2757 1035 2836 possit
1057 2757 1256 2820 libere
1277 2776 1493 2820 amare
1517 2766 1581 2820 et
1608 2775 1736 2818 non
1764 2775 1977 2820 amare

423 2856 768 2926 creaturae,
800 2849 976 2912 nulla
1007 2869 1082 2912 re
1123 2851 1212 2912 illi
1239 2851 1452 2914 addita
1481 2852 1577 2914 vel
1618 2853 1936 2914 subtracta
1955 2897 1977 2928 ,

423 2951 525 3006 est
551 2961 748 3005 unuin
787 2961 864 3005 ex
903 2943 1280 3006 difficillimis
1307 2944 1618 3024 mysteriis
1633 2945 1860 3008 divinae
1885 2945 1981 3008 in-

425 3035 706 3110 finitatis,
735 3033 898 3098 adeo
927 3042 996 3098 ut
1021 3038 1308 3098 nonnulli
1358 3037 1680 3117 Theologi,
1713 3039 1862 3116 quia
1905 3039 1981 3099 il-

423 3129 538 3192 lud
567 3148 692 3190 non
724 3129 1102 3208 intelligunt,
1133 3148 1253 3192 nec
1291 3131 1640 3192 revelatum
1683 3149 1979 3211 expresse

425 3223 778 3299 inveniunt,
790 3223 944 3286 illud
963 3242 1091 3286 non
1105 3225 1382 3286 credaut.
1403 3225 1520 3296 Qui
1545 3243 1696 3305 crgo
1716 3225 1983 3288 credibi-

425 3319 486 3379 le
517 3324 634 3394 est,
657 3316 821 3380 hane
847 3318 1298 3398 perfectionem
1329 3319 1780 3382 communicari
1812 3322 1981 3383 actui

425 3419 660 3486 create,
690 3418 762 3473 ut
791 3412 954 3474 idem
997 3411 1252 3473 omnino
1289 3429 1554 3474 manens
1607 3414 1804 3493 possit
1853 3421 1983 3474 ter-

426 3504 653 3566 minari
688 3505 766 3566 ad
799 3506 1000 3568 solum
1031 3506 1228 3568 Deum
1259 3523 1336 3568 ex
1361 3505 1754 3580 necessitate,
1783 3506 1983 3568 libere

427 3616 576 3660 vero
599 3599 796 3677 possit
821 3598 1071 3660 extendi
1103 3599 1204 3660 vel
1237 3616 1366 3662 non
1389 3599 1636 3662 extendi
1661 3597 1744 3660 ad
1775 3600 1985 3680 proxi-

427 3709 590 3763 mos..
627 3690 785 3752 nihil
809 3691 868 3754 ei
898 3690 1212 3766 addendo,
1243 3692 1343 3754 vel
1371 3692 1847 3756 subtrahendo?

510 3788 612 3848 10.
644 3785 905 3864 Propter
931 3785 1069 3846 haec
1099 3803 1254 3865 ergo
1285 3792 1378 3848 est
1421 3785 1698 3848 secunda
1739 3793 1986 3850 senten-

427 3879 538 3956 tia,
569 3895 709 3958 quse
735 3885 930 3959 negat
951 3878 1172 3942 beatos
1213 3895 1427 3942 amare
1455 3880 1658 3942 Deum
1687 3886 1749 3942 et
1778 3881 1987 3959 proxi-

427 3993 602 4036 mum
621 3973 844 4036 eodem
873 3980 1014 4036 actu
1035 3990 1326 4048 numere,
1347 3973 1458 4036 sed
1482 3971 1766 4047 diversis,
1794 3980 1983 4053 atque

425 4068 512 4132 ita
537 4069 818 4132 animam
852 4066 1076 4130 Christi
1102 4085 1180 4128 ex
1199 4068 1264 4131 vi
1293 4068 1488 4130 solius
1513 4068 1768 4130 visionis
1786 4068 1987 4130 beatae

427 4181 553 4243 qua
588 4161 839 4227 videbat
866 4161 1166 4233 Verbum,
1199 4167 1262 4222 et
1307 4160 1627 4241 proximos
1654 4161 1722 4224 in
1747 4162 1981 4240 Ver-be,

426 4257 722 4320 habuisse
749 4273 948 4316 unum
981 4261 1186 4316 actum
1229 4272 1356 4334 quo
1387 4256 1739 4318 necessario
1769 4255 1987 4336 dilige-

427 4351 538 4415 bat
580 4352 784 4412 Deum
818 4396 832 4422 ,
883 4352 946 4410 et
994 4348 1212 4420 alium,
1253 4367 1380 4428 quo
1423 4348 1620 4410 libere
1667 4350 1983 4428 proximos

427 4443 704 4518 amabat,
735 4445 926 4520 atque
955 4443 1076 4504 hoc
1099 4439 1290 4502 modo
1315 4441 1624 4504 meruisse
1663 4459 1777 4520 per
1805 4459 1982 4504 amo-

421 4556 560 4600 rem
627 4536 1056 4616 proximorum
1117 4542 1610 4614 consequentem
1675 4535 1979 4597 visionem

417 4631 708 4706 beatam;
736 4630 822 4691 ita
843 4630 1029 4690 sentit
1059 4630 1254 4704 Scot.,
1276 4630 1338 4690 in
1365 4631 1424 4704 3,
1454 4628 1517 4691 d.
1540 4631 1638 4706 ⁴8,
1659 4648 1722 4709 q.
1747 4630 1975 4708 unica,

413 4725 498 4786 ad
525 4741 770 4803 argum.
789 4740 810 4802 3
843 4730 905 4785 et
957 4723 1241 4803 sequitur
1286 4723 1452 4788 Med.
1490 4723 1614 4802 hic,
1643 4723 1794 4788 dub.
1828 4726 1888 4800 2,
1913 4732 1976 4788 et

415 4826 512 4882 est
535 4817 875 4897 probabilis
899 4816 1134 4896 opinio.

494 4914 592 4972 Η.
639 4911 848 4972 Tertia
895 4929 1044 4972 vero
1079 4913 1388 4976 sententia
1421 4918 1538 4987 est,
1572 4911 1796 4974 Christi
1839 4913 1971 4974 ani·

405 5021 578 5066 mam
623 5023 700 5066 ex
728 5005 788 5066 vi
821 5005 1078 5068 visionis
1107 5005 1300 5068 Verbi
1341 5013 1404 5068 et
1429 5007 1858 5086 proximorum
1904 5007 1971 5068 in

405 5097 636 5174 Verbo,
662 5098 992 5178 dupliciter
1018 5099 1294 5179 potuisse
1323 5100 1583 5180 diligere
1613 5101 1963 5177 proximos:

403 5192 630 5272 primo,
659 5199 742 5254 ut.
773 5192 1090 5270 objectum
1149 5192 1590 5256 secundarium
1655 5191 1840 5254 simul
1890 5211 1965 5256 ac

401 5303 532 5346 uno
581 5285 940 5348 indivisibili
969 5289 1196 5347 aflectu
1239 5304 1382 5348 cum
1411 5286 1536 5348 Deo
1564 5287 1700 5365 ipso
1732 5285 1963 5348 directe

1610 319 1846 384 QuAEsr.
1881 319 2011 376 xix.
2044 321 2249 376 Alme.
2282 322 2368 376 lu.

2046 422 2225 497 Quod
2260 421 2435 484 enim
2454 421 2629 502 prior
2651 421 2879 488 modus
2894 421 2987 488 -sit
3012 423 3355 505 possibilis,
3384 441 3627 504 suppo-

2043 515 2216 578 nitur
2250 534 2335 580 ex
2362 519 2422 578 l.
2448 519 2513 591 2,
2540 533 2607 596 q.
2646 519 2749 591 12,
2776 523 2841 580 et
2866 521 2929 580 2.
2958 521 3021 591 2,
3048 537 3129 597 q.
3160 519 3272 590 26,
3290 524 3361 580 et
3397 517 3565 580 iufra
3591 564 3623 594 ,

2046 627 2109 690 q.
2142 613 2243 684 25,
2276 610 2605 674 tractando
2642 611 2725 672 de
2762 611 3153 688 ador-arima,
3184 611 3511 675 constabit
3554 613 3629 672 in

2047 708 2223 768 motu
2262 703 2644 768 adorationis
2688 704 2923 768 similes
2968 711 3146 768 actus
3200 705 3520 784 reperiri..
3542 707 3627 766 Et

2046 796 2406 860 declaratur
2434 797 2729 870 breviter,
2756 797 2929 877 quin,
2956 815 3103 860 cum
3130 797 3415 860 charitas
3430 798 3633 860 incli-

2047 893 2154 954 net
2196 889 2277 952 ad
2322 889 2667 955 amandum
2715 891 3095 970 proximum,
3121 899 3191 953 ut
3220 907 3361 952 rem
3394 909 3635 969 quam·

2047 981 2195 1048 dam
2215 983 2353 1058 Dei,
2370 984 2431 1044 si
2456 983 2806 1048 intellectus
2834 984 3025 1048 simul
3060 989 3383 1064 proponat
3400 984 3637 1048 -ntrob-

2041 1076 2282 1156 jectum
2335 1093 2579 1141 summe
2618 1077 2917 1150 amabile,
2944 1083 3075 1141 tam
3102 1077 3166 1141 in
3196 1095 3271 1140 se
3313 1094 3523 1155 quam
3553 1077 3637 1140 in

2050 1169 2357 1249 proximo,
2392 1187 2503 1231 seu
2534 1174 2665 1234 tam
2708 1170 2980 1234 amando
3006 1171 3214 1252 ipsum
3255 1187 3638 1250 quam-om·-

2050 1279 2135 1324 ne
2160 1261 2225 1324 id
2250 1262 2423 1341 quod
2450 1269 2547 1328 est
2583 1263 2793 1342 aliquo
2818 1263 3006 1326 modo
3040 1263 3283 1330 bonum
3326 1262 3501 1342 ejus,
3536 1263 3643 1326 ni-

2052 1353 2143 1415 hil
2182 1361 2397 1421 vetare
2446 1355 2693 1420 videtur
2724 1356 3059 1436 quominus
3092 1356 3385 1424 voluntas
3426 1355 3639 1419 unico

2050 1448 2291 1528 impetu
2334 1449 2577 1512 feratur
2604 1451 2671 1512 in
2718 1439 2842 1512 h‘oc
2890 1456 3085 1514 tolum
3146 1450 3471 1530 objectum
3516 1467 3647 1528 per

2054 1543 2311 1604 modum
2330 1543 2517 1605 unius
2540 1562 2556 1615 ;
2582 1550 2647 1606 et
2670 1543 2791 1606 hoc
2820 1551 2917 1606 est
2943 1543 3094 1606 ferri
3123 1562 3251 1607 uno
3280 1550 3429 1608 actu
3460 1541 3645 1608 indi-

2056 1634 2299 1696 visibili.
2326 1635 2503 1706 Quod
2526 1636 2579 1697 si
2608 1636 2709 1698 hic
2750 1636 2977 1700 modus
3004 1643 3183 1704 actus
3228 1643 3293 1698 et
3329 1635 3651 1701 dileetio-

2054 1729 2153 1790 nis
2192 1747 2271 1790 ex
2322 1747 2389 1790 se
2434 1746 2565 1790 non
2612 1737 2949 1810 repugnat,
2978 1730 3260 1795 exerceri
3296 1729 3562 1809 poterit
3604 1746 3647 1787 a

2052 1823 2239 1884 beato
2284 1840 2361 1883 ex
2401 1823 2462 1882 vi
2507 1821 2761 1884 visionis
2806 1823 3008 1886 heatae
3035 1869 3051 1898 ,
3098 1824 3245 1907 quia
3282 1841 3401 1903 per
3442 1822 3649 1884 illam

2056 1915 2501 1996 perfectissime
2522 1923 2583 1978 et
2602 1915 2955 1978 unitissime
2971 1923 3393 1997 praesentatun
3410 1922 3651 1978 totum

2052 2009 2211 2072 illud
2235 2010 2571 2089 objectum,
2596 2016 2659 2072 et
2695 2010 2949 2074 aliunde
2988 2011 3276 2075 voluntas
3302 2009 3650 2090 perfectas

2054 2104 2245 2166 habet
2272 2105 2438 2166 vires
2468 2104 2549 2166 ad
2577 2104 2767 2168 talem
2797 2111 3009 2168 actum
3030 2104 3651 2170 eliciendum-Rur-

2055 2215 2185 2270 sus,
2218 2197 2390 2274 quod
2430 2198 2591 2258 alter
2630 2205 2805 2260 actus
2841 2197 3187 2260 dilectionis
3234 2197 3519 2278 proximi
3558 2199 3653 2260 sit

2054 2290 2391 2370 possibilie,
2412 2291 2521 2370 qui
2540 2291 2745 2352 solum
2766 2299 3051 2354 versatur
3068 2292 3230 2354 circa
3258 2292 3651 2370 proximum

2056 2389 2124 2446 ut
2153 2403 2286 2448 rem
2316 2383 2633 2458 dilectam,
2661 2390 2727 2446 et
2756 2385 3087 2448 materiam
3119 2385 3281 2446 circa
3302 2401 3545 2462 quam,
3574 2385 3653 2446 li·

2056 2484 2155 2540 cet
2173 2477 2333 2538 ratio
2364 2478 2453 2540 sic
2480 2477 2740 2542 amandi
2764 2478 2842 2540 sit
2881 2480 3069 2554 Deus,
3099 2479 3307 2541 nullus
3326 2477 3475 2546 fere
3508 2478 3655 2540 du-

2054 2571 2231 2646 bitat,
2270 2572 2399 2632 imo
2424 2571 2529 2632 hic
2558 2577 2654 2634 est
2683 2571 2983 2650 frequens
3012 2578 3077 2635 et
3104 2571 3366 2635 usitat-us
3384 2572 3653 2636 modus

2060 2663 2363 2742 diligendi
2412 2665 2769 2742 proximum
2826 2682 2903 2726 ex
2946 2664 3271 2739 charitate,
3290 2663 3457 2740 quia
3500 2681 3653 2724 non

2059 2763 2155 2820 est
2183 2774 2441 2820 necesse
2464 2761 2530 2817 ut
2560 2758 2720 2819 ratio
2752 2756 3010 2820 amandi
3033 2757 3111 2818 sit
3138 2773 3385 2835 semper
3414 2755 3649 2818 direc-

2062 2857 2123 2913 te
2155 2857 2387 2924 aniata‚
2420 2851 2530 2914 sed
2556 2852 2761 2914 solum
2792 2859 2861 2912 ut
2880 2852 3187 2914 terminus
3211 2851 3483 2930 alicujus
3514 2853 3655 2914 ha-

2059 2944 2379 3018 hitudinis,
2420 2950 2485 3006 ut
2536 2951 2710 3024 patet
2760 2946 2829 3006 in
2882 2945 3047 3020 fine,
3093 2951 3156 3006 et
3200 2944 3409 3006 medio
3448 2947 3653 3022 quod

2061 3045 2318 3118 propter
2356 3035 2546 3098 finem
2602 3038 2920 3116 diligitur3
2966 3046 3029 3103 et
3078 3037 3327 3102 aliunde
3370 3045 3655 3102 constat

2061 3131 2415 3212 proximum
2470 3148 2609 3194 esse
2658 3131 2749 3194 sic
2798 3131 3135 3194 amabilem
3184 3149 3261 3192 ex
3312 3131 3653 3194 charitate

2062 3233 2319 3306 propter
2356 3227 2591 3302 Deum3
2626 3233 2720 3288 est
2748 3243 2899 3305 ergo
2936 3225 3039 3288 hic
3080 3232 3259 3288 actus
3304 3226 3657 3304 possibilis

2065 3338 2141 3382 ex
2168 3338 2271 3390 se;
2305 3337 2455 3399 ergo
2478 3325 2665 3380 etiam
2687 3319 2753 3380 in
2774 3319 2984 3382 anima
3008 3319 3259 3384 vidente
3272 3320 3471 3382 Deum
3513 3321 3659 3384 erit

2064 3413 2395 3494 possibiliS,
2422 3432 2551 3476 non
2602 3413 2887 3476 obstante
2936 3412 3129 3492 priori
3174 3418 3335 3488 actu,
3362 3413 3531 3492 quia
3592 3421 3659 3478 et

2066 3507 2335 3569 distincti
2372 3513 2543 3584 sunt,
2576 3513 2641 3569 et
2678 3525 2841 3568 unus
2890 3507 3070 3570 alteri
3108 3525 3239 3570 non
3280 3516 3651 3588 repugnat.

2068 3602 2342 3662 Primum
2385 3607 2558 3679 patet
2584 3619 2665 3662 ex
2693 3598 2895 3674 dictis,
2926 3600 3073 3678 quia
3100 3617 3225 3664 non
3269 3607 3489 3680 posset
3535 3603 3655 3667 hic

2068 3700 2243 3756 actus
2284 3694 2448 3755 circa
2486 3693 2689 3754 solum
2717 3693 3077 3773 proximum
3102 3693 3331 3756 directe
3356 3697 3653 3772 versari,

2066 3788 2185 3850 nisi
2212 3794 2384 3850 esset
2426 3787 2795 3864 distinctus3
2829 3787 2978 3848 item
3012 3787 3163 3866 quia
3187 3787 3287 3848 hic
3309 3798 3497 3851 actus
3522 3789 3656 3850 ali-

2067 3881 2217 3962 quid
2237 3881 2513 3942 eutitatis
2550 3879 2756 3952 addin
2790 3897 2943 3959 ergo
2971 3898 3101 3942 non
3124 3885 3331 3960 potest
3346 3880 3414 3945 in
3446 3899 3655 3944 emn-

2066 3975 2207 4036 dem
2232 3979 2443 4036 actum
2472 3990 2615 4034 cum
2642 3972 2837 4053 priori
2857 3973 3233 4036 coalescere.
3264 3974 3449 4048 Item,
3470 3976 3649 4052 quia

2065 4069 2167 4130 hic
2192 4075 2370 4130 actus
2414 4069 2711 4147 supponit
2736 4067 2931 4128 alium
2970 4067 3347 4146 completum
3382 4073 3452 4128 et
3476 4086 3651 4146 per-

2064 4161 2227 4224 fecte
2254 4162 2659 4224 terminatum
2692 4160 2775 4224 ud
2814 4166 3015 4223 totum
3041 4178 3223 4224 suum
3252 4159 3595 4239 objectum
3622 4183 3641 4234 ;

2066 4275 2179 4319 cur
2206 4273 2357 4336 ergo
2386 4255 2641 4318 unietur
2668 4255 2761 4316 illi
2784 4258 2808 4318 ’ἰ
2832 4253 3195 4316 Secundum
3228 4271 3374 4316 vero
3418 4260 3643 4333 patet,

2066 4352 2213 4431 quia
2236 4351 2411 4412 nulla
2430 4351 2591 4412 ratio
2615 4349 2753 4412 talis
2768 4348 3203 4429 repugnantiae
3222 4348 3491 4430 cogi-tari
3512 4359 3643 4412 aut

2062 4444 2215 4524 fingi
2242 4448 2463 4525 potest.
3054 4487 3083 4510 ·.

2144 4543 2241 4600 12.
2288 4539 2419 4598 Hoc
2447 4555 2598 4618 ergo
2628 4538 2975 4616 supposito,
3005 4542 3247 4600 certum
3284 4541 3377 4596 est
3412 4544 3639 4615 poste-

2056 4631 2288 4694 riorem
2312 4637 2521 4692 actum
2550 4648 2679 4692 non
2704 4649 2839 4692 esse
2868 4631 3315 4704 necessarium,
3330 4628 3438 4690 sed
3463 4629 3633 4692 libe-

2054 4744 2219 4799 rum,
2238 4731 2428 4804 atque
2449 4725 2536 4785 ita
2566 4742 2703 4786 esse
2720 4723 3107 4786 meritorium
3132 4743 3151 4797 ς
3184 4722 3261 4784 de
3282 4721 3475 4802 priori
3501 4742 3629 4786 au-

2054 4826 2182 4882 tem
2212 4819 2455 4882 videtur
2480 4817 2827 4896 probabile,
2860 4835 2998 4880 esse
3024 4816 3440 4880 necessarium
3459 4818 3624 4880 sim-

2051 4913 2295 4993 pliciter
2346 4909 2558 4989 quoad
2612 4917 2805 4973 totam
2854 4929 3039 4972 suam
3086 4910 3427 4982 entitatem,
3462 4914 3621 4990 quia

2048 5005 2437 5068 indivisibilis
2466 5023 2603 5066 esse
2626 5005 3019 5084 supponitur,
3056 5011 3119 5066 et
3146 5012 3619 5082 consequenter

2046 5119 2175 5162 non
2224 5105 2431 5179 potest
2476 5099 2827 5160 secundum
2884 5097 3123 5177 aliquid
3165 5096 3265 5158 sui
3312 5113 3615 5160 necessa·

2046 5194 2139 5256 rio
2190 5193 2354 5268 elici,
2384 5192 2537 5271 quin
2600 5197 2762 5255 totus
2819 5199 2881 5252 et
2944 5191 3289 5254 secundum
3344 5209 3607 5254 omnem

2046 5305 2225 5350 suam
2252 5286 2685 5348 habitudinem
2720 5286 2792 5348 sil
2834 5287 3247 5348 necessarius,
3285 5284 3488 5359 Unde,
3534 5287 3605 5346 li·

400 5397 478 5440 ac
506 5379 801 5458 primario
827 5383 1040 5442 amato
1066 5380 1286 5442 eodem
1336 5387 1522 5454 actn3
1557 5379 1859 5455 secundo,
1891 5387 1961 5442 ut
2042 5386 2139 5442 cet
2164 5380 2509 5460 proximae,
2540 5386 2817 5460 spectata
2847 5379 3202 5446 conditione
3234 5382 3372 5444 talis
3395 5383 3600 5463 objec-

399 5473 720 5556 objectum
767 5474 1090 5542 materiale
1107 5473 1513 5560 ,adaequatum
1558 5475 1702 5542 talis
1751 5480 1949 5540 actus,
2036 5475 2108 5551 ti,
2140 5491 2268 5542 non
2318 5473 2677 5539 necessario
2712 5472 3031 5555 diligatur,
3060 5481 3275 5542 tamen
3299 5494 3379 5542 ex
3416 5484 3595 5563 parte
