3892 6167
1323 366 1644 421 mal-’uum
1675 364 1850 421 xxm.
1881 366 2055 421 sm.
2090 367 2175 421 vl.

121 482 212 539 est
235 474 612 558 conjunctis
637 470 828 534 unius
851 466 1102 548 agentis
1119 464 1204 529 ad
1227 465 1424 539 aliud,
1446 464 1692 531 hahens

121 568 399 649 aliquam
433 569 570 629 vim
607 564 908 637 activam,
931 559 1035 623 vel
1063 558 1417 640 partialem,
1443 559 1540 621 vel
1567 558 1692 619 ins·

121 662 596 735 trumentalem,
640 664 705 721 ει
753 656 1022 717 hahetur
1052 653 1369 715 intentum
1405 674 1425 728 3
1465 651 1564 714 vel
1595 656 1692 713 est

119 758 484 836 conjunctio
497 756 594 817 rei
609 750 904 814 habentis
925 755 1119 811 totam
1146 748 1440 809 virtutem
1461 745 1690 825 agendi

120 852 199 913 ad
247 868 391 912 rem
433 864 580 929 quie
609 846 854 908 nullam
889 842 1115 915 haben
1145 848 1210 905 et
1247 841 1338 903 sic
1373 858 1505 903 non
1545 857 1692 903 con-

117 947 426 1025 jungetur
439 958 588 1005 enm
603 940 710 1002 illa
725 938 810 1000 ad
821 936 1166 1017 agendum.
1185 934 1315 997 Dici
1331 938 1690 1015 potestesse

129 1037 640 1117 conjunctionem
669 1030 1032 1113 principalis
1064 1030 1312 1110 >agentis
1343 1028 1430 1091 ad
1459 1028 1690 1091 instru-

131 1140 436 1203 mentum,
469 1130 642 1209 quod
661 1126 834 1208 prius
851 1132 1100 1199 natura,
1129 1140 1324 1201 qnam
1351 1124 1698 1203 conjunga-

129 1235 228 1287 tur
256 1224 592 1306 principali
619 1221 855 1302 agenti,
879 1236 1012 1281 non
1031 1217 1226 1279 babet
1251 1216 1445 1279 ullam
1473 1223 1698 1298 poten-

123 1324 275 1381 tiam
306 1319 608 1393 activam,
621 1314 736 1378 sed
758 1318 1004 1376 tantum
1029 1311 1370 1392 passivam,
1397 1318 1468 1373 ut
1498 1311 1698 1373 eleve-

123 1423 250 1475 tur.
275 1411 426 1486 Sed,
455 1428 606 1473 cum
633 1424 1063 1489 supponamus
1089 1406 1256 1467 hanc
1281 1404 1698 1467 elevationem

123 1526 254 1569 nou
279 1522 418 1568 esse
449 1522 576 1585 per
595 1501 1073 1583 impressionem
1101 1498 1368 1578 alicujus
1391 1498 1484 1559 rei
1510 1497 1578 1559 in
1603 1496 1700 1576 ip·

117 1618 264 1661 snm
281 1601 801 1672 instrumentum,
813 1593 1180 1657 manufestus
1199 1608 1380 1655 error
1396 1596 1514 1663 est,
1537 1590 1698 1653 exis-

119 1696 352 1756 timare
363 1694 506 1753 haec
531 1692 949 1753 inminente
969 1687 1203 1751 elevari
1219 1704 1336 1767 per
1349 1684 1698 1766 potentiam

119 1788 464 1867 passivam.
491 1787 622 1847 Nec
649 1784 846 1846 refert
871 1781 1066 1863 quod,
1089 1796 1226 1843 rem
1255 1779 1534 1860 aliquam
1561 1794 1696 1841 eme

119 1880 500 1943 elevahilem
527 1884 604 1941 ut
627 1880 712 1941 sit
731 1878 1222 1941 instrumentum
1249 1874 1380 1947 Dei,
1408 1873 1702 1937 videatur

117 1994 242 2055 per
259 1974 528 2035 modum
545 1970 847 2051 potentia
871 1970 1132 2051 passim
1155 1967 1528 2049 significum
1547 1966 1700 2046 quia

117 2068 486 2145 Theologns
499 2068 600 2127 vel
624 2066 1030 2146 philosophus
1045 2080 1176 2125 non
1201 2063 1484 2125 debetcx
1509 2058 1700 2123 modo

119 2160 526 2242 significandi
553 2160 1008 2223 vocabulorum
1035 2157 1242 2238 decipi
1270 2179 1289 2234 3
1331 2174 1482 2217 nam
1512 2155 1704 2217 etiam

119 2274 258 2317 esse
287 2255 544 2316 visibile
579 2254 684 2317 vel
725 2252 1142 2333 intelligibile,
1169 2249 1556 2331 significatur
1585 2266 1702 2329 per

119 2349 374 2410 modum
397 2346 740 2427 passionis,
757 2351 822 2410 ει
843 2352 1060 2409 tamen
1077 2361 1208 2406 non
1225 2343 1466 2406 indicat
1477 2348 1704 2423 poten·

121 2444 268 2503 tiam
311 2442 673 2521 passivam,
711 2440 826 2503 sed
873 2438 1290 2520 aptitudinem
1335 2440 1580 2499 tautum
1617 2434 1702 2499 ad

129 2535 600 2597 terminandum
645 2534 998 2597 extrinsece
1035 2538 1290 2609 actu1u3
1320 2534 1386 2594 et
1405 2531 1458 2593 si
1489 2530 1704 2610 aliqua

131 2629 394 2707 petentia
424 2628 548 2689 illa
585 2646 746 2690 voce
769 2627 1106 2702 indicatur,
1133 2625 1344 2707 potius
1376 2630 1472 2687 est
1495 2623 1702 2687 activa

129 2722 200 2782 ad
244 2722 746 2802 imprimendam
799 2723 1075 2803 speciem
1124 2719 1456 2792 visibilem,
1499 2734 1696 2798 quam

125 2817 356 2894 passiva
375 2860 400 2891 ‚
441 2832 596 2877 cum
625 2816 802 2877 nullo
827 2815 1018 2877 modo
1046 2814 1124 2877 sit
1153 2812 1242 2874 ad
1272 2811 1512 2891 aliquid
1533 2810 1694 2873 reci-

129 2909 452 2987 piendum.
495 2908 604 2972 Sic
633 2924 786 2989 ergo
829 2910 898 2971 in
939 2906 1260 2988 praesenti,
1285 2922 1522 2985 aquam
1559 2922 1696 2967 esse

129 3002 500 3064 elevahilem
527 3000 618 3063 ad
641 3001 1036 3065 efficiendam
1083 3000 1378 3081 gratiam,
1401 3015 1534 3059 non
1585 3014 1696 3077 po·

131 3102 234 3155 test
271 3112 426 3157 esse
465 3098 756 3176 potentia
801 3094 1048 3175 passiva
1073 3094 1140 3156 in
1175 3107 1364 3173 aqua,
1397 3110 1542 3155 cum
1569 3108 1704 3153 non

127 3191 198 3250 sit
219 3190 302 3251 ad
322 3188 592 3269 aliquid
615 3188 1075 3269 recipiendum,
1103 3194 1168 3251 et
1191 3185 1478 3265 potentia
1505 3185 1704 3265 passi-

123 3302 190 3344 va
217 3284 380 3345 nihil
409 3283 596 3345 ahud
625 3284 708 3346 sit
733 3300 924 3362 quam
957 3283 1272 3361 capacitas
1315 3298 1428 3343 seu
1479 3284 1704 3360 poten·-

125 3380 197 3439 tia
225 3378 306 3439 ad
341 3378 596 3457 aliquid
627 3376 1034 3457 patiendum3
1065 3375 1268 3456 passio
1303 3381 1520 3436 autem
1561 3374 1700 3435 sine

125 3471 488 3550 inceptione
543 3468 810 3549 intelligi
855 3485 988 3530 nou
1033 3470 1258 3547 potest.
1307 3467 1524 3548 Igitur,
1565 3482 1702 3529 ease

127 3562 436 3625 elevabile
455 3605 461 3613 -
479 3563 603 3625 hoc
643 3562 853 3623 modo.
875 3567 946 3625 ut
987 3562 1476 3625 instrumentum
1495 3606 1514 3634 ‚
1555 3576 1702 3640 pro-

131 3658 288 3717 xime
301 3656 462 3719 dicit
481 3656 1068 3718 denominationem
1093 3673 1134 3717 a
1159 3654 1486 3735 principali
1505 3670 1704 3735 agen-

141 3756 200 3811 te
225 3797 246 3825 ,
295 3750 470 3829 qued
519 3756 622 3811 est
661 3750 824 3811 Deus
848 3795 867 3824 ,
921 3749 1029 3829 qui
1075 3749 1397 3811 voluntate
1443 3766 1558 3809 sua
1583 3793 1600 3822 ,
1639 3753 1702 3811 et

147 3844 382 3921 speciali
439 3843 682 3905 auxilio
713 3848 928 3922 -potest
971 3842 1276 3923 conjungi
1321 3840 1430 3905 tali
1483 3841 1577 3904 rei
1617 3842 1704 3903 ad

143 3937 440 3997 utendum
485 3936 596 3997 illu
645 3942 714 3998 ut
769 3936 1211 3999 instrumento.
1260 3935 1440 3999 Unde
1491 3936 1702 4016 quoad

140 4032 282 4103 hoc,
331 4030 610 4093 elevatio
645 4030 756 4091 illa
801 4031 868 4091 ιιι
907 4036 1056 4093 actu
1095 4028 1302 4108 primo
1339 4030 1474 4091 sola
1512 4030 1706 4093 deno·

139 4124 388 4185 minatio
433 4123 792 4187 extrinseca
834 4129 935 4185 est
961 4166 982 4200 ,
1015 4128 1082 4185 et
1125 4122 1272 4185 ideo
1321 4140 1452 4185 ιιοιι
1493 4123 1708 4202 requi-

135 4217 206 4277 rit
231 4217 594 4297 potentium
627 4217 936 4297 passivam
969 4222 1042 4279 ut
1065 4217 1548 4279 instrumentum
1577 4216 1706 4279 ele·

133 4312 328 4373 vabile
368 4312 478 4387 sit,
507 4310 622 4373 sed
657 4310 864 4373 solam
891 4310 1332 4391 aptitudinem,
1363 4316 1436 4373 ιιι
1469 4309 1560 4373 sic
1593 4310 1704 4372 de·

137 4406 544 4483 nominetur3
577 4406 712 4469 lunc
759 4412 974 4469 autem
1021 4404 1306 4486 aptitudo
1350 4404 1706 4467 necessario

139 4498 316 4562 debet
333 4498 595 4561 fundari
617 4498 684 4561 in
713 4498 924 4579 aliqua
949 4498 1232 4579 potentia
1259 4498 1460 4561 activa
1489 4498 1706 4560 intrin-

137 4608 292 4667 seca,
319 4610 468 4670 quoe
507 4610 586 4654 ex
611 4598 790 4671 parte
835 4589 1236 4655 instrumenti
1281 4596 1704 4671 supponatur,

142 4692 202 4745 nt
221 4704 336 4765 per
363 4686 540 4749 illam
563 4686 758 4766 possit
779 4686 970 4749 simul
989 4703 1182 4767 agere
1201 4702 1350 4748 cum
1370 4684 1704 4765 principali

145 4787 393 4855 agente3
415 4796 572 4841 nam
595 4779 732 4841 sola
748 4778 1186 4842 denominatio
1205 4778 1554 4841 extrinseca
1569 4796 1702 4842 non

146 4878 336 4948 potest
358 4872 446 4935 ad
467 4872 590 4935 boc
610 4890 752 4937 esse
772 4872 1116 4950 sufficiens,
1133 4878 1206 4935 ιιι
1227 4872 1562 4953 probatum
1583 4878 1698 4934 est.

149 4962 292 5037 Quin
313 4967 530 5046 potius
549 5012 573 5042 ‚
609 4966 868 5048 quando
893 4966 1136 5047 aliquid
1161 4971 1258 5029 est
1283 4965 1590 5029 elevabile
1619 4966 1704 5029 ad

151 5059 453 5133 agendum
501 5076 622 5140 per
669 5060 1016 5141 potentiam
1063 5065 1312 5123 tantum
1361 5059 1700 5140 passivam,

151 5164 348 5214 revera
385 5153 672 5232 proxime
713 5158 779 5216 et
817 5153 1181 5217 immediate
1207 5170 1340 5215 nou
1370 5159 1464 5216 est
1497 5152 1704 5217 eleva·

155 5238 264 5305 bile
309 5246 404 5307 ad·
436 5246 782 5327 agendum,
823 5247 938 5310 sed
984 5246 1068 5309 ad
1111 5246 1544 5327 recipiendum
1591 5246 1703 5308 ali-

160 5350 328 5410 quam
351 5338 648 5417 formum,
669 5345 734 5402 et
749 5340 1008 5421 aliquod
1023 5359 1194 5414 esse3
1220 5342 1586 5421 imo-neque
1611 5346 1704 5403 est

169 5426 466 5509 elevabile,
491 5438 564 5494 ut
590 5450 706 5513 per
754 5452 822 5497 se
873 5452 986 5497 seu
1012 5452 1128 5516 per
1154 5450 1342 5497 suam
1377 5436 1702 5499 entitatem

170 5527 320 5599 agat,
340 5526 446 5589 sed
473 5534 544 5589 ut
565 5532 876 5593 sustentet
897 5528 1200 5607 formam,
1231 5546 1372 5609 quae
1399 5534 1492 5595 est
1520 5528 1700 5610 prin·-

1770 464 2005 547 cipinm
2032 464 2301 546 agendi,
2328 466 2533 531 et-hoc
2550 464 2743 529 modo
2762 464 3011 531 dicatur
3032 466 3209 545 quasi
3226 466 3348 531 de·

1771 558 2155 622 nominative
2206 576 2429 640 egens,
2456 566 2529 622 ut
2574 558 2788 621 videre
2840 560 2991 621 licet
3034 559 3101 621 in
3149 578 3339 639 aqua,

1772 658 2083 732 quatenus
2112 652 2239 717 dici
2262 659 2471 734 potest
2504 653 2829 717 elevabitis
2864 654 2945 717 ad
2970 654 3347 717 calefacien-

1773 748 1924 809 dum
1950 770 1971 824 3
2000 753 2065 810 et
2090 748 2265 809 idem
2292 748 2479 813 estin
2512 746 2823 811 similibus
2851 767 2865 809 ε
2894 749 2948 811 si
2980 754 3195 811 autem
3234 750 3347 811 ali-

1772 842 1928 919 quid
1972 844 2070 905 est
2118 842 2427 907 elevabile
2456 842 2539 905 ad
2570 841 2891 923 agendum
2926 860 3043 922 per
3073 840 3345 905 formam

1771 934 2173 999 intrinsecam
2200 942 2264 998 et
2290 935 2735 1011 inhiet-entem,
2764 935 2849 997 ita
2877 942 3091 997 tamen
3114 942 3185 997 ut
3212 954 3345 999 non

1771 1029 1978 1092 solum
2004 1036 2313 1094 sustentet
2340 1030 2635 1108 formam,
2666 1048 2809 1110 qum
2839 1035 2939 1093 est
2960 1030 3347 1111 principium

1779 1123 2033 1203 agendi,
2058 1123 2173 1187 sed
2204 1124 2396 1187 etiam
2423 1125 2629 1205 ipsum
2658 1142 2773 1205 per
2794 1143 2865 1186 se
2894 1142 3041 1187 vere
3066 1131 3217 1204 agat
3232 1169 3253 1201 ,
3282 1132 3349 1189 et

1777 1216 1999 1279 influat
2026 1216 2087 1278 in
2134 1217 2452 1295 effectum,
2482 1217 2792 1298 quidquid
2826 1216 3189 1297 huiusmodi
3225 1224 3343 1294 est,

1776 1326 1906 1371 non
1935 1315 2032 1373 est
2058 1310 2367 1373 elevabile
2394 1330 2509 1391 per
2550 1312 2750 1373 solam
2798 1311 3144 1391 potentiam
3198 1313 3349 1375 acti-

1775 1420 1922 1465 vam
1946 1450 1969 1481 ,
2016 1421 2137 1467 nec
2183 1422 2303 1485 per
2352 1406 2669 1487 passivam
2724 1411 2969 1467 tantum
3001 1450 3018 1478 ,
3064 1404 3181 1467 sed
3230 1424 3349 1486 per

1777 1503 2155 1576 utramque;
2196 1497 2347 1578 quia
2392 1498 2639 1579 passiva
2694 1498 3039 1579 requiritur
3066 1498 3155 1559 ad
3183 1501 3349 1563 reci·

1774 1589 2081 1670 piendum
2126 1590 2431 1666 formam
2456 1592 2661 1654 activa
2700 1609 2853 1656 vero
2898 1590 2983 1653 ad
3004 1608 3349 1672 cooperan-

1776 1682 1930 1746 dum
1958 1682 2093 1756 mn
2122 1689 2187 1747 et
2214 1684 2337 1747 hoc
2366 1684 2557 1749 modo
2576 1730 2599 1761 ,
2626 1686 2763 1749 sine
2792 1684 2987 1747 dubio
3006 1730 3023 1758 ‚
3048 1686 3349 1765 potentia

1779 1775 2005 1839 animae
2032 1782 2263 1839 nostrae
2292 1784 2441 1841 sunt
2466 1778 2809 1841 elevabiles
2832 1777 2915 1841 ad
2934 1784 3115 1841 actus
3132 1796 3353 1859 super·-

1777 1868 2121 1946 naturales,
2146 1870 2257 1950 qui
2284 1870 2411 1935 alio
2436 1872 2629 1935 modo
2656 1890 2785 1935 non
2810 1877 3072 1953 possent
3096 1888 3237 1935 esse
3260 1873 3353 1933 vi-

1776 1962 1940 2027 tales
1964 2008 1982 2037 ,
2010 1962 2337 2045 multoque
2360 1966 2572 2029 minus
2600 1972 2862 2046 possent
2883 1983 3025 2029 esse
3052 1965 3257 2044 liberi,
3280 1972 3351 2027 ut

1783 2062 1999 2121 statim
2022 2057 2291 2139 amplius
2318 2058 2761 2123 declarabitur.

1876 2206 2221 2273 Solvuntur
2248 2214 2611 2291 araumenta
2632 2228 2749 2293 pro
2776 2210 2909 2275 sola
2932 2208 3269 2275 emeris-soca

2226 2304 2544 2371 elevatione
2566 2305 2903 2387 proposita.

1864 2442 1967 2504 33.
1994 2441 2086 2503 Ex
2112 2439 2213 2501 his
2242 2455 2398 2521 ergo
2421 2438 2779 2512 manifeste,
2804 2444 2879 2501 ιιι
2904 2438 3213 2513 existimo,
3242 2437 3351 2501 ds-

1781 2538 2205 2596 monstratum
2246 2536 2341 2595 est
2360 2576 2382 2607 ,
2428 2532 2565 2595 sine
2614 2530 3030 2595 fundamento
3058 2530 3353 2611 potentin

1779 2627 2025 2700 activae,
2056 2642 2197 2705 qum
2229 2625 2295 2687 in
2329 2626 2429 2687 his
2470 2624 2905 2689 instrumentis
2928 2628 3349 2705 supponatur,

1775 2736 1902 2781 non
1952 2736 2141 2799 posse
2172 2718 2437 2798 intelligi
2462 2718 3047 2781 subordinationem
3079 2734 3193 2781 seu
3219 2716 3353 2779 ele-

1773 2813 2091 2877 vationem
2120 2830 2247 2893 qua
2290 2813 2751 2877 constituantur
2776 2814 2845 2875 in
2870 2818 3017 2875 actu
3040 2814 3245 2893 primo
3270 2810 3353 2873 ad

1775 2906 2121 2985 agendum.
2159 2906 2310 2983 Sed,
2334 2912 2679 2987 antequam
2710 2906 2971 2969 ulterius
2990 2903 3355 2985 progredia-

1780 3019 1926 3063 mur
1950 3046 1973 3079 ,
2016 3005 2263 3082 oportet
2286 3008 2663 3082 argumenta
2691 3002 2933 3065 solvere
2958 3018 3101 3081 quae
3129 3003 3353 3063 contra

1781 3094 1904 3159 hoc
1941 3093 2203 3170 fiebant,
2248 3102 2321 3159 ut
2360 3095 2535 3157 nulla
2584 3094 2979 3175 relinquatur
3020 3090 3355 3155 dubitandi

1779 3189 1965 3252 ratio.
2014 3189 2111 3251 Ad
2154 3190 2427 3269 primum
2448 3234 2465 3261 ‚
2494 3190 2631 3268 jam
2678 3196 3005 3253 ostensum
3034 3195 3133 3250 est
3159 3204 3355 3268 quam

1781 3284 2265 3363 repugnantiam
2312 3284 2591 3347 involvat
2628 3284 2737 3345 illa
2780 3281 3117 3357 sententia,
3146 3284 3213 3343 et
3240 3298 3356 3343 cur

1783 3376 1863 3439 sit
1900 3376 2307 3456 impossibilis
2330 3383 2398 3439 et
2434 3376 2825 3439 insufficiens
2851 3376 2959 3439 ille
2988 3374 3355 3437 elevationis

1779 3468 2051 3547 modus;
2076 3470 2227 3547 quia
2256 3487 2336 3532 ex
2363 3470 2475 3532 illo
2510 3471 2793 3551 sequitur
2828 3476 3186 3533 creaturam
3226 3466 3355 3531 ele·

1783 3562 1915 3625 vari
1956 3562 2041 3623 ad
2086 3562 2405 3644 agendum
2446 3564 2583 3627 sine
2618 3564 2899 3644 potentia
2942 3562 3201 3643 agendi,
3242 3566 3355 3623 aut

1781 3658 2257 3738 praesupposita‚
2282 3663 2393 3720 aut
2418 3656 2498 3720 de
2524 3676 2693 3719 novo
2720 3658 2890 3719 data.
2922 3655 3105 3731 Quod
3137 3660 3352 3717 antem

1783 3748 2011 3813 dicitur
2034 3794 2050 3821 ‚
2090 3749 2381 3813 sufficere
2422 3750 2761 3831 imperium
2808 3750 2920 3813 Dei
2960 3754 3033 3811 ut
3064 3756 3354 3811 creatura

1783 3843 1870 3905 illi
1901 3843 2159 3907 obediat
2184 3852 2246 3907 et
2275 3852 2668 3925 cooperetur.
2697 3850 2793 3908 est
2818 3844 3077 3925 quidem
3104 3860 3352 3918 verum,

1785 3938 1936 4016 quia
1962 3936 2119 3999 illud
2142 3938 2483 4020 imperium
2510 3956 2653 4001 esse
2681 3956 2809 4001 non
2836 3943 3085 4018 potest,
3114 3935 3239 3997 nisi
3288 3935 3355 3995 in

1786 4038 2077 4093 creatura
2094 4038 2413 4111 supponat
2436 4032 2783 4113 potentiam
2806 4031 2885 4095 ad
2898 4028 3355 4103 obediendum,

1785 4125 1886 4188 vel
1929 4126 2103 4189 illam
2140 4126 2460 4206 conferat,
2490 4126 2773 4208 potentia
2816 4132 3031 4189 autem
3074 4124 3157 4187 ad
3202 4124 3355 4187 obe·

1785 4217 2091 4286 ‘tiendum
2138 4220 2207 4281 in
2252 4226 2565 4301 prasente
2594 4226 2692 4284 est
2730 4219 3013 4302 potentia
3040 4218 3125 4283 ad
3150 4236 3357 4299 agen·

1785 4312 1961 4389 dum,
1994 4314 2143 4393 quia
2170 4312 2271 4391 id,
2318 4314 2489 4394 quod
2526 4314 2907 4395 praecipitur,
2942 4319 3045 4377 est
3066 4320 3137 4376 ut
3164 4315 3349 4394 agat3

1786 4405 1959 4469 unde
1988 4424 2133 4471 cum
2158 4406 2239 4469 de
2274 4425 2439 4470 novo
2484 4426 2617 4469 non
2656 4408 2875 4481 detur,
2920 4414 2991 4469 ut
3032 4413 3353 4471 ostensum

1787 4504 1918 4573 est,
1953 4517 2215 4563 necesse
2260 4507 2355 4563 est
2400 4508 2469 4563 ut
2519 4507 2933 4581 supponatur.
2976 4502 3201 4563 Dices:
3236 4498 3357 4562 hoc
3470 4566 3479 4575 ,

1787 4593 1922 4655 solo
1970 4594 2145 4673 quod
2188 4595 2358 4657 Deus
2414 4595 2751 4659 efficaciter
2792 4595 2945 4659 velit
3002 4600 3356 4657 creaturam

1784 4704 2001 4767 agere,
2036 4687 2175 4768 ipsa
2200 4688 2455 4768 incipiet
2479 4688 2719 4751 habere
2758 4689 3053 4751 virtutem
3094 4684 3351 4767 agendi,

1783 4780 2032 4843 etiamsi
2060 4787 2249 4845 antea
2278 4781 2453 4845 illam
2488 4800 2617 4843 non
2644 4781 2899 4858 habeat,
2920 4798 3041 4843 nec
3072 4780 3151 4843 de
3188 4796 3354 4841 novo

1783 4890 1926 4937 eam
1944 4874 2207 4954 recipiat
2226 4890 2343 4956 per
2366 4874 2645 4953 aliquam
2668 4892 2808 4937 rem
2838 4872 3309 4955 superadditam
3332 4914 3353 4948 ,

1787 4966 1898 5031 sed
1917 4968 2123 5031 solum
2140 4986 2255 5048 per
2270 4968 2357 5029 im
2362 4968 2609 5048 perium
2629 4968 2763 5031 Dei.
2785 4966 2913 5031 Sed
2925 4966 3049 5031 boc
3064 4972 3356 5047 apertam

1783 5060 2047 5126 involvit
2085 5062 2671 5135 contradictionem,
2712 5061 2961 5140 agendo
3002 5061 3083 5124 de
3124 5060 3355 5124 virtute

1783 5155 2148 5232 intrinseca,
2174 5156 2325 5236 quia
2362 5157 2853 5219 instrumentum
2896 5172 2976 5218 ex
3016 5160 3199 5236 parte
3238 5170 3355 5215 sua

1783 5249 2079 5311 constitui
2109 5250 2303 5313 debet
2328 5250 2395 5311 in
2422 5254 2565 5313 actu
2594 5248 2833 5328 primm
2858 5248 3031 5327 quia,
3056 5247 3108 5308 si
3137 5245 3357 5309 volun-

1781 5348 1880 5407 tas
1903 5344 2015 5405 Dei
2054 5362 2185 5407 non
2226 5344 2515 5407 immutat
2539 5342 2793 5405 realiter
2820 5347 3199 5411 creaturam,
3224 5354 3351 5417 qua

1781 5438 1916 5502 vult
1942 5437 2035 5500 uti
2058 5443 2127 5504 ut
2148 5436 2591 5512 instrumente,
2617 5452 2749 5499 non
2772 5438 2979 5514 potest
3002 5432 3177 5493 illam
3196 5431 3263 5491 in
3282 5446 3353 5490 se

1779 5530 2049 5597 reddere
2080 5532 2501 5613 potentiorem
2530 5536 2592 5592 et
2620 5528 2825 5607 magis
2848 5526 3117 5589 activam
3158 5540 3353 5605 quam
