3892 6167
1200 341 1518 397 nisPU‘rAT.
1551 342 1771 399 xxxul.
1805 342 1979 398 SEGT.
2010 346 2073 399 ΙΙ.

137 444 424 527 „crationes
451 442 614 507 inter
641 458 708 505 se
733 456 1024 507 comm.
1041 470 1124 489 -—
1149 441 1298 517 Qum
1317 441 1476 503 ratio
1507 442 1600 503 iu·-

137 542 264 601 icata
295 542 384 599 est
409 555 446 599 a
469 536 539 599 D.
565 532 888 609 Thom.,in
913 536 976 609 3,
1004 534 1068 597 d.
1086 537 1185 610 12,
1213 550 1276 613 q.
1299 537 1362 607 2,
1389 541 1508 598 art.
1531 536 1592 607 1,

137 634 180 693 bi
205 632 298 705 ait,
319 628 624 691 Christum
665 643 926 706 peceare
951 644 1084 689 non
1113 628 1413 706 potuisse,
1447 627 1596 705 quia

137 728 264 787 nima
291 728 350 785 et
370 738 594 799 eorpus
621 720 762 799 ejus
785 718 1042 783 {uerunt
1081 720 1260 798 quasi
1285 736 1594 800 organum

137 820 320 891 nitatis,
347 822 406 876 et
431 814 634 877 deitas
671 813 933 894 regebat
955 814 1258 888 animam,
1296 821 1360 877 et
1383 815 1595 877 anima

137 930 298 993 irpus.
327 910 398 969 Et
441 907 733 969 eamdem
779 907 1018 971 habeut
1055 907 1140 969 ibi
1173 906 1484 987 Capreol.,
1511 906 1595 969 ad

137 1005 406 1078 icundum,
438 1006 500 1065 et
549 1000 812 1077 Palud.,
843 1019 907 1081 q.
953 1004 1018 1075 2,
1043 1006 1112 1063 et
1155 1001 1468 1080 colligitur
1513 1018 1588 1063 ex

137 1099 260 1165 mltis
289 1095 562 1159 Patribus
591 1095 818 1157 citatis.
849 1095 1198 1175 Cyprianus
1227 1095 1420 1169 enim,
1446 1110 1594 1157 cum

137 1196 304 1257 ixisset
318 1188 620 1253 Christum
659 1207 804 1253 esse
835 1188 1334 1268 impeccabilem,
1357 1186 1596 1251 addidit

137 1288 348 1351 hristum
383 1284 672 1363 exemplo
702 1302 820 1345 suo
859 1283 1144 1347 docuisse
1183 1282 1450 1345 liberum
1477 1280 1594 1344 ho-

137 1383 244 1443 1inis
287 1378 607 1440 arbitrium
653 1376 798 1439 fieri
843 1396 1026 1458 posse
1075 1376 1500 1457 insuperabile
1553 1394 1593 1437 a

137 1480 324 1547 secato,
347 1472 398 1533 si
436 1470 700 1535 libertas
731 1472 870 1551 ejus
912 1472 1114 1535 libero
1159 1470 1592 1533 moderamine

137 1569 363 1647 itigamr.
415 1566 792 1628 Ambrosius
809 1610 834 1642 ,
882 1572 1220 1645 postquam
1271 1564 1596 1644 respondit

143 1660 376 1743 pouinari
401 1676 524 1721 non
565 1676 710 1721 esse
738 1658 1091 1723 timendum
1119 1676 1202 1721 ne
1227 1658 1440 1721 anima
1469 1658 1594 1721 hu·-

135 1775 248 1819 nna
267 1756 324 1815 iu
343 1752 538 1815 Verbo
563 1758 888 1832 peccaret,
919 1752 1232 1815 rationem
1269 1751 1546 1815 reddens
1567 1796 1592 1827 ,

137 1849 292 1929 lquit:
329 1847 489 1911 Nam
531 1848 646 1926 qui
679 1847 840 1911 alios
875 1848 1138 1931 repebat,
1159 1846 1346 1911 mutto
1376 1846 1596 1909 mdiu

137 1962 201 2007 ue·
238 1956 414 2020 reyere
446 1945 710 2021 poterat.
745 1941 1051 2021 Epipheu.
1069 1984 1090 2016 ,
1137 1958 1280 2003 cum
1335 1939 1596 2001 dixisset

137 2034 484 2098 manitatem
509 2050 624 2111 per
645 2035 954 2097 unionem
983 2033 1218 2097 factam
1258 2050 1398 2095 esse
1423 2033 1594 2095 iuca-

137 2144 273 2191 ucem
311 2125 535 2205 peccati
553 2170 572 2198 ,
610 2126 926 2190 rationem
977 2126 1250 2189 reddens
1271 2169 1290 2199 ,
1337 2126 1584 2205 intluit:

137 2222 228 2295 luia
247 2220 468 2286 Verbum
495 2220 728 2285 virtum
765 2238 882 2285 m
903 2222 1212 2297 [meabat
1238 2220 1592 2297 inferiorem

138 2321 334 2377 uturum
375 2313 446 2375 ab
505 2315 672 2377 omni
725 2313 938 2379 inutili
993 2314 1232 2379 mmli
1269 2314 1446 2378 turba
1471 2358 1492 2391 ,
1535 2318 1594 2377 et

138 2407 378 2473 emittebat
403 2407 482 2469 ad
497 2407 772 2471 domm
785 2406 986 2487 ipsiu
1007 2408 1290 2472 deitatem
1313 2424 1596 2487 corpora-

137 2520 176 2564 es
191 2502 520 2565 necessitates
537 2526 561 2573 ,·
591 2500 832 2563 etinfra
849 2522 864 2561 τ
897 2499 1210 2575 mnam,
1227 2501 1448 2579 inquit,
1461 2518 1596 2564 vero

137 2611 389 2665 amanam,
413 2598 466 2654 ot
483 2600 764 2668 mem,
791 2600 848 2657 et
873 2600 934 2659 si
955 2596 1108 2676 Μ
1131 2600 1220 2659 m
1241 2594 1434 2667 aliud,
1463 2595 1598 2675 ipse

137 2704 272 2749 ueta
289 2686 488 2749 tabens
497 2686 792 2751 amorra
809 2686 1130 2763 continuit,
1151 2688 1320 2752 Dm
1332 2686 1599 2750 emittm

137 2796 201 2839 m
220 2777 436 2841 dimissa
459 2780 542 2843 ad
554 2779 890 2844 malitiam.
916 2782 994 2843 Et
1023 2780 1318 2843 eumdem
1339 2796 1602 2843 sensum

138 2871 296 2931 nabent
329 2871 424 2931 illa
449 2870 640 2933 verba
659 2888 682 2932 ι
719 2871 804 2937 Si
840 2890 1093 2955 superne
1131 2876 1446 2957 perfectu
1485 2877 1601 2949 est,

137 2966 254 3027 tiam
267 2965 506 3038 infervm
531 2966 692 3047 quod
707 2966 772 3029 si
781 2965 1020 3041 inferne
1029 2968 1408 3047 imperfectus
1428 2970 1602 3041 osset,

137 3059 254 3120 :tiam
283 3075 536 3139 upum,
565 3060 750 3137 quasi
779 3059 1060 3137 apertius
1085 3060 1342 3136 diceret,
1371 3060 1606 3140 imper·-

138 3148 409 3226 t'ectionem,
437 3152 530 3213 vel
569 3150 894 3216 defectum
925 3151 1234 3215 inferioris
1268 3152 1604 3215 voluntatis

137 3244 404 3307 redundare
423 3246 485 3307 in
501 3246 1050 3327 imperfectionem
1081 3252 1144 3309 et
1161 3245 1476 3309 defectum
1497 3264 1604 3309 su-

137 3338 342 3415 perioris
371 3340 496 3401 Huc
535 3341 734 3403 etiam
782 3340 1025 3403 accedit
1050 3339 1236 3419 ‚qnod
1279 3340 1598 3414 Damnem,

137 3430 206 3491 tib.
228 3434 276 3506 3,
301 3451 420 3511 cap.
452 3435 550 3509 19,
571 3441 632 3497 et
665 3434 775 3498 atii
801 3437 1020 3497 Patres
1043 3435 1284 3509 dicunt,
1307 3434 1601 3495 humani-

135 3530 270 3585 tatem
293 3544 412 3589 esse
434 3528 926 3595 instrumentum
951 3530 1356 3608 conjunctum
1383 3528 1596 3604 Verbi,

137 3634 228 3677 uon
265 3623 472 3683 tautum
526 3621 613 3682 ad
654 3621 940 3685 actiones
981 3622 1390 3685 miraculosus
1408 3668 1432 3699 ,
1487 3621 1604 3683 sed

143 3710 418 3787 simpliciter
430 3714 514 3777 ad
529 3715 812 3777 actiones
837 3717 1167 3789 humanas,
1195 3716 1356 3779 sieut
1375 3732 1606 3795 eorpus

151 3798 308 3863 dieitur
333 3824 622 3886 organum
671 3808 938 3882 uuimae3
975 3827 1130 3890 ergo
1157 3808 1242 3871 ad
1273 3808 1450 3882 illud,
1471 3815 1610 3869 tan-

151 3909 281 3969 quam
291 3898 354 3959 ad
365 3900 696 3983 principale
713 3921 1008 3983 operans,
1021 3903 1372 3984 pertinebat
1385 3902 1608 3964 hnma-

145 4002 252 4048 nam
285 3992 632 4059 voluntatem
667 3996 736 4058 iu
777 3996 1020 4059 actibus
1063 3996 1196 4057 suis
1226 3996 1604 4076 gubernare,

149 4086 196 4139 ut
221 4080 356 4145 idem
399 4089 763 4153 Damascen.
794 4090 920 4151 late
945 4090 1370 4171 prosequitur,
1400 4089 1466 4151 d.
1492 4090 1604 4151 lib.

147 4172 313 4254 3,cap‚
349 4181 435 4253 14,
467 4185 542 4245 15
577 4186 642 4245 et
679 4183 1115 4260 sequentibus,
1135 4202 1338 4263 usque
1379 4183 1463 4245 ad
1489 4184 1602 4257 22,

149 4264 224 4325 ubi
243 4270 416 4346 tradit,
437 4274 574 4339 licet
591 4276 661 4337 in
685 4276 924 4339 Christo
951 4277 1077 4337 sint
1095 4277 1238 4341 duae
1257 4277 1608 4339 voluntates

149 4364 192 4417 et
209 4359 318 4423 duae
331 4370 726 4445 operationes,
751 4370 916 4433 sieut
935 4376 1000 4433 et
1027 4369 1171 4433 duae
1197 4376 1437 4433 natm
1465 4414 1486 4443 ,
1523 4374 1610 4429 ta·

153 4468 274 4529 men,
299 4457 438 4521 sicut
461 4469 693 4527 naturae
728 4465 1084 4545 conjunctae
1105 4470 1278 4539 sunt,
1311 4466 1396 4527 ita
1419 4470 1482 4527 et
1505 4480 1610 4525 vo-

151 4542 358 4613 luntates
397 4559 455 4615 et
497 4556 888 4637 operationes
956 4576 1098 4621 esse
1145 4575 1498 4629 connexam
1545 4560 1616 4619 et

155 4638 297 4701 multa
339 4645 536 4709 similia
585 4648 776 4713 habet
815 4651 1044 4727 Nicet.,
1071 4651 1180 4715 lib.
1209 4652 1250 4713 3
1289 4651 1560 4713 Theseu.
1585 4690 1608 4724 ,

155 4737 357 4836 cap-27,
385 4746 442 4801 et
461 4740 566 4804 lib.
589 4748 654 4821 2,
671 4763 810 4823 cap.
841 4746 944 4807 31.
973 4744 1156 4820 Quod
1181 4744 1470 4823 exemplo
1497 4743 1616 4805 ho·-

159 4838 292 4886 mmis
319 4840 464 4895 recte
500 4836 886 4899 declaratur:
921 4844 1070 4899 sunt
1107 4839 1274 4901 enim
1301 4839 1370 4899 iu
1414 4836 1616 4899 homi·

161 4928 216 4975 ne
249 4917 348 4981 duo
373 4929 682 5007 appetitae,
713 4930 970 4993 inferior
1001 4937 1066 4993 et
1093 4932 1400 5012 superior,
1427 4938 1488 4993 et
1531 4928 1616 4991 ad

164 5014 462 5086 superiorem
481 5022 1068 5100 pertinetmoderari
1089 5024 1473 5098 inferiorem3
1498 5041 1618 5084 uu·

167 5096 220 5160 de
248 5104 288 5163 si
315 5109 508 5190 aliquis
531 5116 807 5179 defectus
835 5117 1092 5179 moralis
1122 5123 1218 5179 est
1243 5117 1308 5178 in
1335 5115 1616 5179 interiori

173 5200 397 5295 ³Ppefitu‚
425 5207 524 5285 qui
554 5211 746 5289 possit
773 5228 810 5271 a
847 5211 1154 5289 superiori
1179 5208 1510 5289 proveniri
1551 5212 1616 5270 et

175 5292 330 5365 masi,
355 5303 408 5359 et
443 5318 560 5363 nou
585 5304 692 5367 fiat
710 5348 728 5380 ,
777 5304 1119 5383 imputatur
1145 5304 1262 5383 ipsi
1288 5301 1614 5365 voluntati.

179 5377 266 5442 Nec
284 5388 436 5454 refert
461 5398 614 5473 quod
639 5399 744 5461 isti
775 5400 1090 5481 appetitus
1115 5398 1183 5460 in
1211 5396 1464 5461 homine
1487 5412 1620 5457 nou

180 5474 358 5542 tantum
379 5486 482 5551 sint
503 5492 677 5555 unius
707 5494 1010 5575 suppositi
1027 5536 1044 5571 ‚
1073 5492 1185 5557 sed
1209 5492 1394 5555 etiem
1434 5489 1620 5553 unius

3116 342 3223 401 191

1677 449 1940 517 naturae,
1986 442 2133 523 quia
2169 458 2295 503 non
2325 444 2571 521 oportet
2598 458 2741 504 esse
2780 443 3139 525 exemplum
3166 445 3235 505 in

1677 536 1971 597 omuibus
1994 534 2233 609 simile;
2266 535 2419 596 satis
2443 537 2541 598 eet
2566 542 2637 596 ut
2656 534 2994 599 similitudo
3020 544 3235 601 teneat

1675 628 1740 689 iu
1771 628 1991 691 ordine
2018 629 2101 691 ud
2126 628 2296 690 idem
2312 628 2730 709 suppositum,
2746 630 2897 709 quia
2916 630 3075 692 ratio
3096 632 3231 694 fere

1676 722 1899 784 eadem
1929 728 2046 797 est,
2088 739 2231 801 quae
2260 722 2345 783 ita
2374 722 2671 801 explicari
2697 728 2919 803 potest.
2951 723 3109 795 Quia
3152 742 3233 786 ex

1675 814 1796 877 hae
1836 816 2069 895 duplici
2119 820 2347 876 natura
2364 860 2381 886 ,
2432 814 2645 877 divina
2692 820 2757 877 et
2790 816 3069 879 humana
3088 861 3108 894 ,
3158 818 3234 879 fit

1673 924 1872 969 unum
1905 924 2021 970 ens
2066 907 2431 987 simpliciter
2450 952 2471 983 ,
2501 913 2631 970 tum
2682 926 2833 970 vere
2880 927 2955 971 ac
3002 928 3117 990 per
3160 927 3233 973 se

1671 1020 1894 1077 unum,
1945 1003 2109 1064 sieut
2142 1002 2215 1064 fit
2258 1020 2341 1064 ex
2378 1002 2591 1063 anima
2638 1009 2702 1065 et
2746 1022 3043 1084 corpore3
3079 1022 3231 1086 ergo

1674 1102 1923 1175 oportet
1949 1102 2017 1159 ut
2062 1097 2129 1157 in
2154 1096 2263 1157 illo
2292 1097 2643 1175 composito
2696 1096 2773 1159 sit
2814 1114 3013 1158 unum
3038 1098 3232 1161 veluti

1673 1190 1949 1269 primum
1968 1208 2251 1265 movens,
2282 1189 2365 1251 ud
2394 1190 2567 1269 quod
2596 1192 2903 1269 pertineat
2928 1192 3235 1271 operatio-

1673 1300 1788 1343 nes
1829 1282 2021 1361 hujus
2068 1298 2359 1363 personae
2392 1282 2667 1362 dirigere
2720 1290 2785 1343 et
2838 1284 3193 1364 gubernare
3209 1302 3231 1363 3

1675 1376 1794 1438 hoc
1819 1376 1993 1437 enim
2038 1394 2153 1457 per
2182 1394 2251 1438 se
2278 1377 2597 1456 postulare
2626 1376 2874 1439 videtur
2908 1384 3093 1440 rectae
3131 1396 3235 1440 ra·-

1673 1468 1862 1531 tionis
1887 1468 2069 1543 ordo,
2094 1470 2245 1548 quia
2284 1470 2445 1531 alias
2472 1470 2887 1550 compositum
2912 1471 3069 1533 illud
3102 1488 3233 1533 non

1675 1568 1840 1625 esset
1861 1562 2025 1625 bene
2052 1562 2429 1637 institutum,
2456 1580 2667 1641 neque
2692 1564 3093 1643 operationes
3120 1566 3235 1625 hu-

1671 1658 1774 1737 jus
1797 1674 2087 1737 persone.
2104 1663 2321 1721 ament
2346 1656 2561 1718 debito
2586 1662 2655 1718 et
2672 1657 3071 1719 convenienti
3094 1675 3236 1720 mo·-

1675 1750 1758 1812 do
1783 1750 2110 1813 ordinatas.

1749 1848 1814 1908 9.
1861 1842 2145 1925 Objeotio.
2164 1876 2249 1893 —-
2288 1844 2645 1925 Responsio.
2670 1876 2753 1895 --
2792 1848 3005 1909 Minor
3028 1846 3239 1913 muas

1671 1956 1854 2021 quam
1869 1940 2213 2020 personalia
2238 1940 2474 2004 inducit
2514 1940 2935 2021 obliyatiouem
2963 1944 3029 2003 in
3057 1960 3240 2022 supo-

1671 2034 1850 2106 riori,
1875 2033 2177 2108 iusti-iera
2201 2033 2869 2116 adornandis-Dices
2901 2036 3103 2113 primo
3134 2057 3151 2097 τ
3183 2038 3234 2098 si

1670 2126 1953 2208 Angelus
1976 2133 2327 2188 assumeret
2346 2127 2690 2188 humanam
2718 2135 3007 2191 naturam
3034 2131 3240 2210 hypo-

1672 2221 1916 2297 statice,
1952 2220 2245 2299 quamvis
2289 2238 2405 2299 per
2450 2222 2797 2281 humanam
2850 2222 3236 2285 voluntatem

1669 2320 1984 2395 peccaret,
2008 2331 2139 2374 non
2165 2312 2545 2375 tribueretur
2574 2320 2904 2394 peccatum
2934 2317 3240 2379 voluntati

1669 2408 1995 2487 angelicae,
2026 2406 2141 2469 sed
2170 2407 2289 2468 soli
2317 2404 2632 2484 humanae,
2666 2424 2807 2487 quoe
2840 2426 2957 2489 per
2986 2426 3057 2471 se
3083 2410 3241 2471 libe·-

1671 2520 1744 2563 ra
1791 2506 1918 2575 θεὶς
1967 2518 2146 2581 ergo.
2200 2500 2659 2581 Respondetur,
2706 2501 2853 2563 data
2906 2500 3239 2582 hypothesi

1673 2593 2067 2675 impossibili,
2093 2594 2157 2657 in
2182 2594 2394 2675 aliqua
2416 2612 2489 2656 re
2510 2612 2651 2655 esse
2675 2594 3032 2675 exemplum
3062 2596 3243 2657 dissi·

1677 2688 1850 2764 mile,
1879 2688 1949 2748 in
1980 2688 2103 2749 alia
2128 2706 2281 2751 vero
2320 2704 2460 2751 esse
2490 2688 2721 2759 simile:
2758 2689 3042 2769 angelica
3072 2690 3240 2751 enim

1680 2781 1969 2845 voluntas
1998 2798 2129 2843 non
2156 2780 2421 2845 haberet
2451 2798 2591 2843 eam
2630 2782 2780 2853 vim,
2815 2788 2885 2842 ut
2928 2796 3043 2842 suo
3072 2780 3241 2843 arbi-

1683 2874 1802 2936 trio
1825 2882 2043 2954 posset
2066 2876 2133 2936 in
2158 2876 2353 2937 rebus
2378 2876 2676 2939 omnibus
2704 2875 2979 2955 dirigere
3020 2877 3243 2937 volun-

1685 2972 1880 3029 tatem
1904 2968 2266 3043 humanam,
2298 2986 2567 3048 eamque
2598 2986 2877 3041 movere,
2908 2976 2971 3031 et
2990 2970 3243 3032 trahere

1686 3078 1812 3141 quo
1835 3062 2023 3123 vellet
2038 3084 2059 3137 3
2099 3063 2247 3140 quia
2271 3078 2397 3123 uon
2430 3062 2617 3124 habet
2634 3076 2777 3125 eam
2808 3062 3241 3125 efficacitatem

1685 3172 1877 3234 super
1895 3154 2283 3217 voluntatem
2314 3157 2659 3217 humanam
2680 3171 2873 3235 quum
2912 3157 3104 3219 habet
3150 3158 3247 3219 di·-

1684 3248 1832 3309 vina
1861 3248 2181 3319 voluntate,
2214 3257 2281 3309 et
2308 3248 2451 3309 ideo
2486 3254 2703 3328 posset
2736 3250 3052 3313 interdum
3088 3250 3244 3311 illud

1680 3342 2077 3421 suppositum
2098 3358 2211 3421 per
2238 3344 2625 3405 voluntatem
2646 3343 2993 3405 humanum
3021 3359 3247 3424 pecca—

1678 3452 1774 3511 re,
1801 3436 1942 3496 sine
1960 3436 2207 3498 defectu
2230 3438 2529 3514 angelieas
2546 3438 2885 3499 voluntatis
2910 3456 2925 3510 ;
2962 3438 3104 3499 etin
3126 3438 3245 3499 hoc

1681 3536 1775 3591 est
1793 3528 2257 3591 dissimilitudo.
2280 3530 2633 3592 Similitudo
2657 3537 2867 3593 autem
2896 3532 3075 3592 estin
3096 3531 3243 3609 hoc,

1687 3624 1836 3703 quia
1863 3626 2183 3685 teneretur
2208 3630 2360 3685 tunc
2389 3624 2671 3703 Angelus
2694 3626 2905 3687 facere
2936 3625 3106 3703 quod
3134 3640 3249 3704 per

1687 3716 2035 3796 angelicam
2078 3715 2461 3777 voluntatem
2512 3724 2721 3795 posset
2739 3762 2759 3792 ‚
2808 3721 2881 3781 ut
2928 3718 2991 3777 in
3042 3717 3249 3779 offic-io

1686 3810 2035 3873 contineret
2080 3809 2467 3871 voluntatem
2518 3810 2859 3871 humanam
2881 3854 2897 3883 ,
2948 3826 3089 3889 quie
3131 3826 3249 3871 sua

1679 3905 1812 3983 jam
1837 3908 2025 3976 esset,
2046 3904 2288 3963 ratione
2318 3902 2721 3981 hypostaticae
2764 3902 3047 3976 unionis;
3078 3902 3251 3965 unde

1687 3997 1742 4058 si
1769 3997 1890 4057 hoc
1909 3994 2121 4057 faeere
2144 3995 2515 4074 negligeret,
2546 3995 2639 4055 illi
2665 3996 2857 4057 etium
2882 3995 3009 4056 tale
3033 4010 3252 4075 peeca-

1687 4098 1822 4151 tum
1851 4090 2289 4169 imputaretur.
2331 4084 2513 4165 Quod
2550 4086 2692 4149 aliis
2713 4088 3020 4167 exemplis
3058 4090 3255 4169 expli-

1689 4190 1897 4245 catur:
1919 4198 2069 4243 uam
2100 4196 2180 4243 ex
2200 4181 2645 4259 conjunctione
2670 4182 2945 4259 quadam
2974 4182 3255 4244 humana.

1689 4276 1886 4338 mutto
1932 4274 2182 4350 minori,
2212 4272 2419 4354 qualis
2458 4280 2555 4337 est
2594 4275 2759 4337 inter
2798 4274 2995 4336 filium
3040 4282 3105 4337 et
3142 4294 3255 4355 pa-

1689 4376 1874 4445 trem,
1903 4384 2165 4430 uxorem
2195 4374 2257 4429 et
2298 4368 2619 4443 maritum,
2658 4368 2807 4448 quia
2836 4368 2899 4430 iu
2940 4388 3015 4430 ea
3045 4368 3115 4430 fit
3144 4368 3254 4428 ati·

1690 4480 1816 4541 quo
1833 4462 2029 4523 modo
2050 4478 2273 4536 unum,
2296 4462 2493 4523 oritur
2516 4461 2739 4522 similis
2760 4462 3059 4542 obligatio
3082 4468 3154 4523 ut
3170 4460 3254 4523 ad

1689 4556 2079 4636 superiorem
2142 4555 2531 4617 voluntate-m
2589 4560 2829 4634 spectet
2890 4555 3253 4617 inferiorem

1689 4664 1938 4729 regere,
1967 4648 2052 4710 ad
2091 4648 2557 4727 honestumque
2584 4645 2881 4728 dirigere.
2912 4646 3073 4719 Quid
3102 4662 3255 4726 ergo

1691 4742 1922 4805 mirum
1968 4740 2143 4821 quod
2186 4758 2265 4803 ex
2312 4740 2434 4803 hac
2490 4740 2881 4803 substantiali
2930 4747 2993 4801 et
3034 4738 3255 4809 intima

1693 4836 1953 4910 unione,
1992 4852 2119 4913 qua
2164 4852 2293 4893 una
2334 4850 2482 4895 vera
2520 4850 2795 4912 persona
2831 4832 3251 4912 componitur,

1696 4930 1932 4991 oriatur
1970 4928 2041 4989 in
2068 4925 2383 5007 superiori
2421 4925 2739 4989 voluntate
2764 4922 3063 5005 praedicta
3101 4924 3257 4987 obli-

1695 5024 1886 5105 gatio,
1913 5040 2031 5084 seu
2058 5040 2209 5083 uum
2234 5018 2494 5101 regendi
2520 5019 2929 5083 inferiorem?
3004 5062 3011 5072 -

1780 5118 1879 5177 10.
1929 5115 2190 5195 objectio
2219 5114 2499 5178 amuda.
2530 5144 2609 5162 ·-·
2636 5114 3074 5194 Remmium·
3088 5112 3257 5176 Dm

1696 5212 1826 5275 sine
1843 5208 2201 5290 obliquionc
2223 5207 2405 5286 imis,
2432 5213 2656 5269 natm-a
2676 5223 2795 5271 wa
2826 5204 3257 5269 determinatur

1698 5304 1780 5367 ad
1801 5303 2033 5366 bom.
2064 5330 2147 5349 κ-
2172 5301 2355 5361 Dices
2385 5317 2403 5358 z
2450 5297 2515 5358 iu
2558 5298 2837 5360 divinam
2868 5298 3259 5359 voluntatem

1698 5414 1828 5458 non
1851 5394 2021 5457 cadit
2046 5394 2369 5476 obligoetio,
2396 5410 2545 5455 eum
2584 5410 2715 5455 uon
2737 5393 2821 5455 sit
2855 5408 3061 5473 capax
3096 5406 3259 5473 prae-

1701 5489 1867 5569 cepti
1899 5491 1963 5553 et
1984 5488 2181 5567 legin
2214 5502 2342 5550 nou
2370 5502 2526 5566 ergo·
2550 5490 2755 5565 potest
2790 5485 3023 5549 teneri·
3048 5483 3131 5547 ad
3154 5500 3255 5545 re·
