3892 6167
587 301 711 362 71⁴

585 402 792 461 christo
832 401 982 456 enim
1015 399 1226 456 ratione
1253 399 1622 456 humanitatis
1655 409 1768 458 non
1800 397 2055 464 offertur,
2085 398 2143 452 d.

585 481 1049 610 Esltwesietztialiter
1066 553 1329 618 adoratio,
1351 557 1430 618 51,
1459 567 1508 607 s.
1523 559 1570 606 1.

587 631 878 696 sacrificia,
913 643 1036 698 quae
1065 631 1208 684 inter
1233 642 1292 683 se
1325 629 1680 684 essentialiter
1715 628 2143 695 distinguuntur,

649 708 696 762 si
711 721 744 761 a
757 708 1019 774 religione
1049 706 1402 774 imperentur,
1421 706 1597 760 solum
1613 704 1964 760 materialiter
1984 703 2147 760 diffe-

649 790 778 838 runt
807 785 868 838 in
894 783 1106 838 ratione
1129 783 1308 840 divini
1339 783 1538 846 cultus,
1571 783 1627 837 d.
1650 786 1730 848 51,
1752 797 1796 836 S.
1824 786 1869 837 ⁴.

995 909 1378 961 sancnrtcnro,
1403 911 1468 950 81·
1497 909 1722 951 SANCTUS.

587 1010 1040 1064 sanctificationis
1065 1011 1289 1065 nomine
1325 1010 1461 1077 quid
1496 1009 1928 1078 intelligendum,
1968 1008 2022 1063 d.
2062 1010 2144 1075 14,

589 1091 865 1226 Sasncitum,
884 1161 1109 1228 justum,
1132 1166 1186 1215 et
1206 1166 1418 1229 gratum
1435 1161 1546 1216 Deo
1563 1173 1681 1216 esse
1707 1173 1874 1230 quam
1899 1159 2013 1216 vim
2055 1158 2148 1214 in·

651 1237 851 1300 cludat,
885 1237 942 1290 d.
974 1241 1054 1303 18,
1077 1251 1124 1291 s.
1159 1241 1206 1290 1.

589 1311 784 1380 Christi
801 1312 1154 1368 sanctificatio
1175 1313 1286 1368 duo
1307 1311 1458 1376 dicit,
1492 1312 1568 1366 ib.

1019 1443 1241 1494 SANGfflS,
1271 1443 1474 1484 §ARGUIS
1503 1443 1690 1484 canton
1700 1469 1711 1482 .

585 1547 702 1602 Non
735 1551 818 1602 est
845 1559 970 1613 pars
1004 1547 1249 1614 corporis
1287 1545 1512 1600 humani
1531 1587 1544 1611 ,
1592 1555 1772 1611 neque
1817 1543 2147 1598 informatur

647 1623 852 1688 anima,
881 1624 936 1676 d.
965 1627 1046 1687 15,
1072 1637 1116 1676 s.
1152 1629 1202 1676 a.

585 1699 878 1766 sanguinis
893 1698 1071 1754 officia
1095 1699 1155 1760 in
1173 1697 1422 1760 animali,
1441 1711 1484 1751 s.
1503 1703 1552 1750 6.

583 1775 814 1828 Futurus
836 1775 994 1829 estin
1020 1775 1340 1843 corporibus
1367 1773 1782 1840 resurgentium,
1811 1770 1866 1826 d.
1892 1773 1973 1828 14.
2000 1785 2043 1825 s.
2066 1776 2115 1824 ⁴.

584 1849 918 1918 sanguinem
945 1852 1233 1979 assumBsit
1263 1849 1520 1914 Verbum,
1557 1854 1612 1905 et
1631 1853 1850 1915 propter
1875 1859 2013 1914 quas
2053 1859 2143 1900 ra-

647 1926 842 1992 tiones,
863 1926 918 1980 d.
938 1930 1018 1989 15,
1043 1940 1088 1980 s.
1160 1966 1171 1979 .

583 1999 747 2056 'l'otus
763 2001 988 2068 sanguis
1003 2002 1100 2069 qui
1128 2002 1232 2057 fuit
1266 2001 1321 2055 in
1343 2002 1572 2066 christo,
1599 2000 1762 2056 etiam
1797 1999 1856 2052 in
1890 1998 2144 2066 passione

646 2075 865 2148 effusus,
893 2077 1080 2131 unitus
1107 2077 1212 2132 fuit
1239 2077 1434 2140 Verbo,
1471 2077 1547 2130 ib.

585 2152 700 2205 Una
719 2153 838 2218 ejus
862 2159 1009 2219 gutta
1029 2153 1302 2208 sufficiens
1321 2154 1558 2221 pretium
1583 2157 1780 2208 nostrae
1813 2152 2146 2218 redemptio-

585 2267 592 2274 .
647 2227 754 2293 nis,
775 2235 830 2283 et
854 2228 1108 2294 qualiter,
1127 2229 1182 2283 d.
1205 2235 1256 2294 ⁴,
1279 2243 1308 2284 s
1352 2234 1402 2284 ⁴.

585 2303 784 2360 Habuit
801 2304 1080 2362 infinitum
1099 2306 1360 2371 valorem,
1385 2311 1440 2360 et
1464 2307 1633 2370 unde,
1656 2304 1712 2360 d.
1736 2310 1816 2372 15,
1837 2319 1886 2359 s.
1907 2310 1957 2358 e.

583 2379 698 2434 Non
734 2381 1037 2435 necessario
1074 2381 1133 2434 in
1173 2383 1568 2438 resurrectione
1594 2381 1885 2450 assumpsit
1925 2394 2146 2436 omnem

647 2457 972 2522 sanguinem
1005 2471 1168 2524 quem
1189 2457 1381 2513 habuit
1408 2459 1466 2512 in
1491 2460 1622 2525 vita,
1648 2457 1721 2512 ib.

1214 2587 1304 2627 SAR
1309 2587 1513 2627 anunm.

583 2674 938 2752 Sanhredrim
969 2673 1264 2728 concilium
1308 2675 1654 2730 Hebraeorum
1689 2673 1867 2742 quale,
1907 2679 1963 2728 et
1996 2674 2143 2728 unde

647 2751 803 2805 duxit
829 2751 1118 2817 originem,
1145 2752 1216 2804 ib.

645 2827 706 2880 In
737 2839 802 2880 eo
829 2827 1076 2893 primarii
1099 2827 1316 2894 judices
1349 2826 1502 2882 fuere
1539 2839 1604 2882 ex
1645 2826 1788 2882 tribu
1823 2825 1981 2892 luda,
2014 2826 2065 2880 d.
2092 2832 2141 2891 1,

645 2917 704 3033 fn
714 2908 796 3034 1eo
819 2981 1068 3049 primarii
1088 2982 1302 3048 judiees
1320 2981 1476 3037 fuere
1499 2993 1566 3036 ex
1588 2981 1735 3036 tribu
1753 2979 1909 3045 luda,
1941 2981 2015 3034 ib.

581 3057 886 3115 Extinctum
911 3063 994 3115 est
1013 3057 1084 3112 ab
1109 3058 1335 3123 Herode,
1360 3057 1434 3110 ib.

1194 3187 1516 3228 annuntio.

583 3285 644 3336 ln
671 3295 784 3350 quo
811 3283 1112 3338 formaliter
1132 3283 1408 3349 consistat,
1434 3283 1489 3337 d.
1517 3287 1564 3346 ⁴,
1593 3296 1638 3336 s,
1663 3288 1712 3336 ti.

585 3359 644 3412 ln
673 3371 784 3426 quo
810 3373 844 3413 a
871 3361 1211 3415 restitutione
1238 3359 1470 3425 differat,
1506 3358 1581 3412 ib.

647 3437 707 3488 ln
734 3448 842 3503 quo
873 3450 906 3490 a
939 3437 1154 3500 merito,
1181 3437 1258 3492 ib.

583 3512 936 3567 conditiones
952 3515 1024 3568 ad
1045 3513 1468 3568 satisfactionem
1497 3511 1790 3578 requisitae,
1815 3511 1892 3565 ib.

582 3587 977 3644 satisfactionis
1002 3590 1296 3656 acceptatio
1317 3588 1474 3655 quid,
1495 3587 1640 3642 etad
1658 3587 1796 3653 quid
1817 3587 2141 3653 necessaria,

647 3678 690 3716 S.
729 3670 776 3717 5.

586 3742 892 3809 Acceptatio
923 3743 1018 3796 Dei
1049 3742 1355 3796 necessaria
1388 3743 1469 3796 es't
1496 3741 1552 3794 in
1585 3740 1745 3795 'omni
1775 3739 2144 3794 satisfactione

651 3818 756 3884 ipsi
785 3819 943 3885 facta,
971 3818 1046 3873 ib.

647 3895 884 3958 Qualiter
911 3908 1040 3951 vero
1061 3907 1187 3950 cum
1219 3895 1344 3949 aliis
1375 3893 1582 3954 satisfit.
1609 3893 1934 3960 requiratur,
1974 3892 2047 3946 ib.

587 3972 963 4027 satisfaciendi
993 3973 1194 4041 duplex
1213 3973 1428 4036 modus,
1451 3971 1526 4024 ib.

587 4050 889 4104 satisfactio
913 4061 1012 4116 pro
1035 4055 1256 4116 peccato
1276 4049 1337 4102 fit
1361 4048 1632 4116 propi-ica
1659 4049 1784 4110 Dee,
1802 4052 1862 4100 ut
1886 4048 2047 4108 Deus.
2066 4048 2141 4101 ib.

585 4125 692 4179 Nec
721 4126 863 4178 inter
889 4125 1126 4191 aequales
1157 4125 1297 4190 fleri,
1343 4135 1522 4192 neque
1554 4124 1624 4178 ab
1675 4123 1794 4190 ipso
1831 4121 2144 4178 offendente

617 4246 634 4256 ..
651 4213 872 4254 necesse
891 4207 989 4265 est,
1011 4215 1054 4254 s.
1077 4207 1124 4254 6.
1177 4205 1186 4214 ·

589 4275 826 4338 Qualiter
855 4288 968 4329 non
988 4276 1250 4331 fundetur
1271 4277 1330 4329 in
1352 4277 1523 4342 uratia
1548 4275 1759 4338 offensi,
1793 4275 1870 4328 ib.

587 4352 826 4415 Qualiter
853 4352 969 4406 fieri
1003 4367 1068 4408 ex
1089 4354 1252 4407 bonis
1267 4353 1573 4417 creditoriS,
1597 4352 1684 4408 vel
1703 4353 1774 4406 ab
1797 4352 1892 4409 illo
1913 4354 2149 4420 acceptis

653 4441 765 4484 non
794 4429 1016 4496 deroget
1041 4430 1240 4484 rationi
1259 4429 1502 4495 justitiae,
1531 4429 1606 4486 ib.

589 4505 825 4568 Qualiter
851 4505 968 4560 fieri
993 4505 1188 4559 debeat
1213 4519 1278 4558 ex
1309 4505 1471 4559 bonis
1503 4504 1638 4558 alias
1671 4504 1951 4572 indebitis,
1978 4506 2053 4559 ib.

590 4581 892 4636 satisfactio
925 4595 1077 4650 purae
1119 4587 1377 4636 creaturae
1413 4581 1564 4635 unde
1604 4581 1803 4635 habeat
1842 4595 1957 4636 non
1992 4596 2149 4650 posse

652 4658 948 4724 adaequari,
978 4671 1084 4712 nec
1106 4658 1400 4724 exjustitia
1433 4657 1660 4712 reddere
1689 4657 1900 4723 aequate
1929 4671 2031 4725 pro
2062 4661 2151 4714 of-

653 4734 827 4800 fensa,
851 4749 898 4788 s·
921 4740 966 4788 ’1.

589 4809 670 4864 Ad
700 4810 1124 4866 satisfactionem
1157 4811 1332 4876 major
1353 4810 1506 4865 valor
1546 4811 1846 4878 requiritur
1887 4825 2053 4880 quam
2080 4813 2150 4868 ad

651 4888 928 4955 meritum,
951 4890 1006 4942 d.
1043 4895 1092 4942 8.

587 4965 809 5019 viribus
842 4971 1050 5020 naturae
1070 4977 1184 5018 non
1210 4969 1382 5032 potest
1409 4965 1574 5020 homo
1597 4965 1904 5020 satisfacere
1928 4977 2029 5034 pro
2048 4981 2147 5023 ve-

653 5042 810 5106 niali,
843 5042 970 5095 licet
995 5055 1060 5096 ex
1087 5043 1259 5108 gratia
1295 5042 1485 5109 possit,
1511 5053 1624 5095 non
1656 5048 1838 5096 tamen
1871 5055 1934 5097 ex
1970 5045 2149 5113 rigore

647 5119 890 5184 justitiae,
919 5131 1021 5172 nec
1043 5125 1221 5172 tamen
1251 5123 1449 5184 exacte,
1469 5126 1530 5173 ut
1553 5121 1813 5186 christus,
1835 5134 1879 5174 s.
1906 5123 1987 5176 11.

591 5194 1028 5248 satisfactionem
1069 5199 1306 5248 nestram
1339 5193 1555 5250 fundari
1602 5196 1662 5248 in
1701 5197 1914 5252 meritis
1950 5198 2146 5253 christi

654 5270 790 5337 quid
819 5271 904 5335 sit,
937 5270 992 5324 d.
1023 5275 1070 5334 8,
1104 5283 1147 5323 s,
1185 5274 1232 5323 ⁴.

653 5348 715 5400 Et
741 5347 974 5414 qualiter
993 5345 1288 5400 satisfactio
1315 5348 1509 5401 Christi
1533 5353 1718 5402 nostra
1733 5348 1847 5403 dici
1862 5349 2049 5416 possit,
2074 5351 2149 5404 ib.

589 5425 705 5477 Non
743 5423 1103 5478 satisfacimus
1133 5435 1198 5476 ex
1231 5423 1408 5488 rigore
1431 5423 1671 5488 justitiae,
1710 5423 1839 5478 licet
1870 5424 2064 5480 debeat
2088 5438 2152 5479 ex

656 5501 860 5566 justitia
893 5501 1160 5566 acceptari
1195 5505 1381 5554 nostra
1399 5498 1712 5566 satisfactio,
1749 5501 1824 5556 ib.

1984 295 2181 356 mnnx
2214 295 2444 354 mult.

2224 393 2616 451 satisfactionis
2631 393 2784 450 valor
2802 396 3036 464 qualiter
3053 411 3119 454 ex
3137 398 3377 469 dignitate
3392 421 3587 476 persona
3596 437 3652 480 su.

2224 475 3018 604 vaffgss¹¹gg;,}f,g;,3„2·0„„sfi
3054 549 3111 605 in
3118 551 3295 608 finitus
3316 559 3562 622 exinanita
3578 587 3661 640 per.

2288 637 2424 680 sona
2448 625 2783 693 desumptuS,
2818 639 2860 678 s.
2890 629 2939 680 ⁴.
3196 647 3201 652 ·

2524 799 2763 840 flamus
2790 798 3013 842 smum
3044 801 3147 856 net,
3180 803 3241 842 ΙΙ·
3268 804 3452 850 cutim.

2226 927 2300 982 De
2343 927 2713 996 singularibus
2754 934 2816 983 ut
2846 927 2915 982 de
2945 930 3057 983 Deo
3086 934 3142 983 et
3180 929 3377 986 christo
3416 935 3511 992 dari
3536 953 3653 1010 pou-51

2288 1005 2501 1060 Proefat.
3656 997 3664 1019 '

2226 1080 2481 1136 scientiae
2503 1079 2780 1148 objectum
2800 1079 3022 1148 duplex,
3052 1083 3321 1137 materiale
3356 1093 3405 1141 et
3431 1087 3617 1162 romule,
3629 1101 3664 1156 d.

2288 1161 2371 1223 17,
2393 1172 2438 1211 s,
2461 1161 2509 1209 1.

2225 1234 2327 1287 Per
2350 1232 2726 1288 inventionem
2746 1237 3077 1300 comparata,
3105 1233 3176 1288 ab
3201 1247 3264 1290 eo
3292 1251 3405 1304 quae
3426 1255 3507 1306 per
3530 1246 3661 1304 doctri.

2290 1323 2439 1374 nam,
2473 1309 2708 1376 qualiter
2725 1307 2960 1374 differat,
2987 1309 3043 1362 d.
3070 1314 3148 1373 8⁰,
3172 1324 3213 1362 s.
3236 1316 3282 1364 1.

2228 1385 2467 1440 scientia
2496 1384 2763 1452 simplicis
2776 1385 3149 1452 intelligentiae
3172 1391 3225 1440 et
3250 1388 3458 1444 visionis
3470 1399 3579 1452 unde
3592 1405 3661 1458 ‹its-

2290 1462 2626 1530 tinguantur‚
2658 1461 2717 1516 d.
2744 1466 2795 1523 5,
2818 1475 2865 1516 s.
2894 1465 2947 1514 1.

2226 1537 2465 1592 seientia
2479 1538 2709 1592 visionis
2729 1543 2785 1592 et
2804 1537 3179 1593 conditionata
3194 1538 3321 1606 quid
3337 1541 3448 1608 sint,
3460 1551 3505 1598 et
3518 1561 3671 1614 quomo.

2286 1615 2360 1668 do
2391 1613 2819 1682 distinguantur,
2851 1615 2907 1668 d.
2938 1617 2990 1679 ⁴,
3024 1628 3071 1667 a.
3096 1618 3175 1668 11.

2226 1689 2605 1745 conditionata
2629 1691 2735 1746 fuit
2766 1691 2825 1743 in
2858 1693 2971 1746 Deo
2998 1695 3125 1746 ante
3158 1703 3366 1746 omnem
3392 1698 3669 1762 operationem

2286 1768 2599 1834 voluntatis,
2628 1771 2685 1823 d.
2714 1776 2765 1835 ⁸,
2796 1783 2841 1824 s.
2874 1774 2922 1823 3.

2286 1843 2623 1912 omnemque
2652 1852 2832 1901 actum
2856 1847 2928 1900 ad
2951 1844 3455 1914 pmdestinationem
3472 1854 3673 1916 pei-unffi.

2286 1924 2415 1985 tem,
2451 1921 2506 1976 d.
2541 1927 2624 1988 41,
2655 1937 2699 1976 s.
2726 1926 2775 1975 4.

2224 1995 2341 2052 Non
2374 1999 2833 2065 pmcognoseitur
2862 2010 2965 2066 per
2982 2010 3051 2052 ea
3072 2003 3355 2065 peccatum,
3379 2007 3607 2068 antequam
3628 2011 3673 2062 sit

2290 2072 2636 2139 permissum,
2670 2075 2726 2128 d.
2766 2079 2814 2140 5,
2848 2089 2892 2128 s.
2928 2079 2981 2128 Β.

2224 2148 2341 2202 Non
2373 2155 2598 2205 vocatur
2626 2150 2951 2219 simpliciter
2982 2150 3319 2219 praescientia
3346 2153 3604 2220 futurorum.
3634 2161 3669 2212 d.

2290 2227 2337 2288 4,
2361 2237 2405 2279 s.
2438 2229 2517 2279 12.

2225 2299 2305 2353 Ad
2324 2302 2609 2356 scientiam
2624 2303 2889 2371 simplicis
2904 2303 3278 2372 intelligentiae
3296 2307 3504 2374 pertinet,
3514 2315 3667 2377 etquam

2290 2379 2614 2444 necessaria,
2648 2381 2707 2434 d.
2740 2387 2789 2446 5,
2823 2394 2868 2434 s.
2903 2385 2956 2432 1.

2226 2452 2465 2508 scientia
2498 2455 2869 2510 conditionata
2901 2455 3227 2511 meritorum
3256 2465 3359 2510 non
3381 2461 3449 2510 est
3471 2460 3573 2514 ratio
3599 2462 3665 2514 eli·

2290 2530 2454 2596 gendi
2490 2531 2919 2598 praedestinatos.
2955 2533 3055 2586 sed
3085 2535 3290 2586 tantum
3317 2532 3528 2599 conditio,
3552 2535 3604 2589 ih.

2226 2605 2405 2660 Potuit
2430 2619 2551 2661 eam
2570 2609 2713 2662 Deus
2730 2608 3144 2664 communicare
3160 2608 3351 2662 animoe
3368 2609 3537 2676 christi,
3560 2612 3659 2680 (1.16,

2288 2695 2332 2733 s,
2370 2685 2417 2736 ⁴.

2286 2759 2475 2812 Merito
2506 2764 2689 2814 autem
2712 2772 2826 2816 non
2854 2761 3036 2828 potuit
3062 2759 3271 2825 eadere,
3296 2760 3348 2813 d.
3374 2763 3487 2824 ⁴⁴,s
3508 2767 3537 2814 ⁴.

2222 2833 2353 2886 Eam
2381 2835 2441 2888 l).
2472 2837 2707 2890 Thomas
2738 2837 2995 2902 admittit,
3017 2837 3075 2891 d.
3104 2841 3153 2901 ⁵,
3183 2849 3225 2890 s.
3250 2841 3298 2889 ο.

2224 2909 2413 2964 Omnis
2450 2911 2683 2966 seientia
2716 2912 3043 2967 futurorum·
3066 2911 3467 2980 contingentium
3486 2913 3597 2966 babet
3614 2915 3650 2964 in

2288 2997 2347 3038 se
2380 2987 2499 3052 ipsa
2530 2987 2963 3042 indifferentiam
2996 2989 3287 3055 quamdam
3310 2999 3371 3040 ex
3397 2995 3514 3054 parte
3538 2988 3652 3052 obiec-

2286 3065 2486 3128 torum,
2520 3063 2643 3116 sine
2664 3065 2797 3118 reali
2824 3064 3135 3118 variatione
3152 3065 3256 3129 sui,
3286 3078 3315 3117 s
3356 3069 3398 3117 5.

2226 3137 2383 3191 scien
2391 3139 2465 3192 tia
2498 3139 2680 3194 infusa
2697 3140 2993 3209 dupliciter
3011 3141 3125 3196 dici
3148 3145 3337 3208 potest;
3358 3140 3479 3192 idem
3490 3138 3596 3204 quod
3604 3139 3661 3188 in-

2289 3214 2420 3276 dita.
2456 3215 2510 3269 d.
2535 3217 2617 3281 14,
2650 3230 2694 3268 S.
2726 3220 2773 3270 4.

2224 3287 2532 3356 Tripliciter
2556 3290 2887 3355 infunditur,
2910 3292 2968 3346 d.
2997 3296 3080 3356 17,
3114 3305 3158 3345 s.
3182 3296 3228 3344 ⁵.

2222 3365 2336 3417 Non
2368 3373 2447 3420 est
2469 3367 2788 3432 discursive,
2818 3373 3013 3435 estque
3052 3381 3167 3421 una
3192 3365 3401 3433 simplex
3426 3364 3612 3432 qualitas,
3628 3364 3665 3415 d.

2286 3445 2365 3502 28,
2397 3455 2439 3494 s.
2470 3447 2523 3495 1.

2223 3516 2364 3577 Quid
2385 3518 2536 3583 quod
2566 3519 2813 3572 habitum
2834 3517 3022 3584 addat,
3049 3519 3209 3582 (1.19,
3238 3531 3279 3570 s.
3299 3519 3342 3570 ⁴.

2222 3589 2413 3646 Varios
2436 3599 2491 3648 et
2508 3593 2839 3661 multiplices
2868 3600 3029 3648 actus
3060 3593 3235 3658 babet,
3262 3593 3315 3646 d.
3345 3595 3415 3656 18,
3442 3603 3477 3643 s.
3506 3594 3543 3642 1.

2223 3667 2421 3722 Christi
2455 3670 2640 3724 anima
2670 3681 2769 3737 per
2796 3671 3097 3724 increatam
3124 3668 3387 3722 scientiam
3412 3665 3524 3719 nihil
3550 3665 3669 3726 scirit,

2288 3743 2343 3796 d.
2369 3748 2451 3808 14,
2478 3759 2523 3800 s.
2546 3751 2574 3800 1

2224 3818 2467 3878 christus
2484 3823 2679 3877 habuit
2702 3822 2987 3877 scientiam
3008 3821 3399 3878 connaturalem
3424 3819 3580 3872 animae
3602 3819 3671 3870 lm-

2292 3909 2489 3960 manae‚
2516 3904 2571 3953 et
2590 3910 2775 3966 quam,
2807 3901 2861 3953 d.
2890 3903 2971 3965 15,
3006 3913 3055 3952 s.
3080 3904 3131 3951 1.

2226 3975 2403 4040 Beata,
2430 3981 2485 4030 et
2516 3976 2781 4030 naturalis
2800 3976 2861 4029 in
2888 3975 3093 4030 Christi
3112 3975 3292 4028 anima
3310 3983 3433 4040 quae,
3458 3976 3501 4024 et
3518 3971 3673 4036 quanta,

2292 4051 2371 4104 ib.

2226 4126 2423 4180 Habuit
2455 4127 2585 4180 item
2620 4126 2856 4182 infusam
2898 4127 3262 4192 habitualem,
3298 4125 3362 4179 ab
3398 4123 3490 4176 illis
3511 4121 3675 4175 distinc-

2288 4209 2416 4270 tam,
2446 4204 2517 4257 ab
2552 4203 2775 4257 instanti
2808 4215 2923 4256 suae
2944 4203 3255 4264 creationis.
3274 4215 3314 4255 s.
3340 4205 3383 4253 2.

2290 4279 2431 4342 Quin
2462 4292 2585 4333 eum
2614 4279 2879 4346 acquisita
2900 4278 3284 4342 confundatur,
3315 4277 3450 4336 (1.17,
3472 4287 3511 4326 s.
3538 4277 3573 4324 t.

2290 4357 2353 4410 Et
2374 4355 2430 4408 in
2464 4367 2575 4422 quo
2606 4355 2677 4409 ab
2706 4368 2771 4408 ea
2792 4353 3025 4421 differat,
3054 4355 3110 4408 d.
3140 4359 3222 4419 8⁰,
3254 4367 3295 4406 s.
3327 4358 3370 4405 1.

2228 4431 2375 4496 Quae,
2402 4437 2465 4486 ut
2488 4432 2811 4486 terminatur
2838 4432 2907 4486 ad
2940 4443 3029 4486 res
3064 4431 3343 4493 naturales,
3378 4425 3605 4495 perfectior
3622 4427 3673 4474 est

2292 4507 2555 4574 angelica,
2592 4509 2669 4561 ib.

2228 4584 2491 4638 Processit
2517 4597 2551 4637 a
2567 4586 2675 4638 beo
2702 4584 2881 4638 solum
2904 4590 2965 4637 ut
2983 4589 3199 4638 auctore
3216 4579 3402 4648 gratiae.
3434 4576 3496 4630 ib.

2228 4661 2344 4724 Quo
2376 4659 2591 4715 differat
2610 4675 2643 4714 a
2674 4661 2904 4715 scientia
2934 4659 3259 4727 Angelorum
3286 4657 3341 4708 in
3369 4650 3591 4708 effectibus
3608 4657 3668 4698 eo-

2293 4740 2641 4806 gnoscendis,
2668 4753 2713 4792 s.
2743 4743 2793 4792 ⁴.
3589 4801 3598 4811 .

2230 4815 2467 4878 Qualiter
2506 4831 2571 4871 ea
2609 4816 2689 4870 uti
2718 4815 2963 4870 christus
2997 4813 3227 4882 potuerit
3267 4823 3381 4864 cum
3410 4809 3663 4861 conveisione

2294 4895 2367 4949 ad
2386 4895 2781 4962 phantasmata,
2810 4891 2865 4946 d.
2887 4893 2972 4955 11,
2994 4904 3039 4944 s.
3072 4891 3121 4944 1.

2226 4970 2383 5024 Juxta
2421 4969 2771 5038 capacitatem
2802 4964 3223 5022 obedientialem
3252 4969 3329 5018 est
3366 4959 3435 5013 illi
3467 4949 3656 5012 initiandu

2293 5053 2356 5099 19
2398 5063 2441 5100 s.
2474 5052 2519 5100 1.

2228 5125 2329 5176 Per
2358 5091 2477 5176 eam
2504 5122 2782 5188 cognoscit
2807 5134 2999 5175 omnes
3018 5133 3104 5174 res
3126 5115 3395 5178 naturales,
3416 5123 3527 5179 quas
3544 5100 3663 5170 angeli

2294 5212 2393 5266 per
2415 5197 2621 5264 species
2644 5197 2859 5261 inditas,
2886 5198 2941 5251 d.
2964 5202 3044 5263 2⁷,
3066 5212 3109 5250 s.
3142 5201 3188 5250 1.

2296 5274 2623 5342 singularia,
2653 5275 2916 5329 intuendo
2938 5287 3125 5330 eorum
3148 5271 3449 5336 existentias,
3475 5267 3535 5319 ib·

2294 5351 2655 5418 Cogitationes
2676 5351 2945 5415 cordium,
2978 5352 3053 5405 ib.

2231 5429 2427 5482 Futura
2454 5427 2844 5493 contingentia,
2865 5427 2949 5480 ib.
3000 5429 3005 5434 ’

2296 5503 2398 5558 Res
2430 5503 2559 5557 item
2584 5503 2902 5570 praeteritas,
2936 5503 3010 5557 ib.
