3892 6167
1339 375 1656 428 ntsrtz‘rss.
1693 376 1911 428 xxvitt.
1947 375 2115 428 SEGT.
2150 378 2187 428 l.

179 473 312 536 salvi
351 477 810 550 argumentum
853 475 954 548 (ut
993 467 1270 551 Caietau.
1302 473 1404 534 hic
1434 475 1725 552 notavit),

180 565 419 630 dicendo
459 582 654 645 posse
697 565 978 627 animam
1021 564 1276 642 Christi,
1322 585 1436 647 per
1482 567 1728 630 finitum

177 677 488 723 numerum
535 665 822 729 actuum,
853 665 998 720 actu
1053 661 1468 740 contemplari
1515 663 1729 725 omnia

178 770 298 834 quae
323 753 442 813 sub
467 751 642 814 hane
673 751 1002 814 seientiam
1029 752 1143 814 cad
1153 757 1288 826 unt,
1314 755 1561 816 etiamsi
1587 754 1727 816 infi-

177 848 286 910 nita
311 846 470 917 sinu
489 847 644 926 quia
667 846 780 908 illa
809 864 926 926 per
947 845 1194 908 finitum
1221 865 1562 910 numerum
1583 866 1727 929 spe-

179 941 390 1002 cierum
414 945 984 1018 repraesentantur,
1001 945 1192 1020 etper
1219 941 1566 1020 quamlibet
1589 959 1726 1023 spe·

178 1034 316 1094 ciem
355 1037 571 1111 potest
620 1031 858 1094 babere
915 1038 1124 1094 actum
1171 1033 1260 1094 illi
1297 1034 1721 1112 adaequatum.

182 1125 334 1190 Unde
379 1124 480 1201 fit,
527 1132 988 1204 consequenter
1039 1126 1377 1190 dicendum
1441 1145 1580 1190 esse
1619 1146 1730 1208 po·

179 1221 358 1282 tuisse
393 1218 718 1280 interdum
747 1219 1027 1280 animam
1067 1220 1293 1282 Christi
1335 1228 1482 1282 actu
1527 1221 1732 1284 consi·

173 1315 381 1377 derare
409 1311 658 1374 infinita
677 1331 790 1392 per
825 1313 986 1374 hanc
1011 1313 1340 1376 scientiam
1372 1315 1491 1376 sub
1518 1315 1729 1394 aliquo

171 1424 394 1486 genere
427 1405 533 1468 vel
577 1406 814 1486 specie,
845 1407 992 1484 quia
1017 1406 1176 1468 alias
1221 1425 1348 1469 non
1391 1415 1602 1487 posset
1635 1416 1730 1470 to·

169 1509 292 1560 tum
317 1499 668 1580 objectum,
689 1498 936 1560 infinita
955 1500 1402 1580 complectens,
1422 1501 1614 1564 finitis
1629 1521 1732 1564 ac·-

171 1595 324 1656 tibus
342 1592 730 1672 pertmnsire
749 1607 772 1669 3
800 1592 922 1654 hoc
940 1611 1090 1655 vero
1110 1593 1350 1654 nullum
1371 1602 1468 1656 est
1493 1595 1730 1657 incom-

168 1685 442 1758 modum,
476 1703 622 1746 cum
669 1683 810 1746 talis
839 1685 1210 1764 cognitionis
1262 1686 1486 1749 modus
1537 1688 1727 1752 etiam

165 1779 416 1858 Angelis
443 1777 762 1858 possibilis
794 1778 896 1840 sit.

561 1983 1016 2046 DJSPUTATIO
1055 1972 1323 2060 xxvnl,

506 2119 563 2170 ln
611 2119 748 2172 duas
782 2117 1048 2172 sectiones
1078 2117 1381 2172 distributa.

186 2283 258 2328 nt
299 2281 553 2330 AG'HBUS
595 2279 884 2328 summm:
923 2279 1151 2327 mus&
1195 2281 1402 2327 Am
1439 2281 1696 2328 cumam.

235 2443 320 2502 De
351 2441 454 2501 bis
489 2441 736 2502 actibus
769 2441 838 2500 in
879 2439 1260 2519 praecedenti
1306 2439 1728 2519 disputatione

163 2541 320 2596 tacta
345 2539 502 2595 sant
539 2534 763 2606 multa,
809 2549 952 2613 quse
984 2532 1088 2593 bic
1135 2533 1412 2595 breviter
1457 2532 1730 2612 supponi

163 2634 443 2706 possunt,
495 2627 814 2704 videlicet,
855 2627 994 2690 illos
1039 2645 1180 2688 esse
1239 2633 1446 2688 certos
1483 2631 1548 2688 et
1603 2625 1730 2686 evi·

163 2721 410 2795 dentes,
471 2739 615 2782 esse
671 2721 1168 2800 supernaturalis
1241 2721 1502 2794 ordinis,
1537 2724 1734 2797 atque

173 2813 322 2875 adeo
345 2814 759 2895 perfectiores
783 2833 976 2894 quam
1001 2814 1127 2876 sint
1174 2820 1352 2877 actus
1383 2815 1736 2893 cujuscum-

179 2925 294 2984 que
330 2908 610 2970 scientiae
655 2909 971 2981 humanae,
1003 2907 1100 2969 vel
1140 2907 1469 2987 angelicae,
1513 2913 1737 2986 proeter

175 3000 470 3063 visionem
511 3001 790 3064 beatam.
835 3000 948 3062 Hic
987 3019 1142 3080 ergo
1185 3000 1311 3061 duo
1347 3006 1589 3062 tantum
1629 3017 1736 3060 su-

179 3101 434 3174 persunt
457 3093 864 3173 disputanda,
891 3112 1034 3173 quas
1067 3094 1139 3154 D.
1168 3095 1442 3156 Thomas
1493 3093 1590 3154 his
1633 3111 1737 3153 ar—

181 3187 374 3248 ticulis
397 3189 628 3266 tetigit.
656 3189 867 3250 Unum
891 3194 1106 3262 est,an
1139 3187 1202 3247 hi
1225 3193 1404 3249 actus
1433 3186 1555 3248 sint
1577 3185 1738 3247 mul-

181 3280 432 3358 tiplices,
463 3280 564 3342 vel
611 3281 693 3342 sit
733 3299 902 3342 unus
939 3285 1204 3351 tantum,
1243 3279 1580 3342 continuus
1635 3277 1736 3340 vel

177 3374 586 3454 interruptus;
623 3393 772 3436 cum
827 3392 952 3453 qua
1003 3375 1348 3454 quaestione
1401 3375 1736 3453 conjuncta

181 3475 268 3529 est
292 3469 434 3544 alia,
466 3487 574 3542 an,
609 3468 868 3540 scilicet,
905 3469 1038 3530 haec
1083 3468 1344 3530 scientia
1380 3467 1482 3529 vel
1509 3483 1732 3528 neces-

183 3562 336 3623 sario
375 3563 474 3638 sit,
521 3561 626 3624 vel
664 3563 890 3623 saltem
937 3579 1080 3624 esse
1133 3562 1328 3641 possit
1369 3577 1622 3640 semper
1667 3561 1731 3621 in

188 3661 314 3716 aeta
364 3655 664 3717 secundo.
717 3655 1000 3716 Alterum
1039 3661 1154 3727 cst,
1193 3673 1276 3716 an
1331 3659 1508 3715 actus
1539 3651 1729 3732 hujus

197 3749 442 3809 scientiar
457 3750 536 3811 sit
553 3767 674 3828 per
689 3748 948 3810 modum
965 3747 1262 3828 simplicis
1278 3747 1725 3827 intelligentiae,

193 3841 270 3901 rel
308 3859 418 3920 per
458 3841 722 3904 modum
751 3839 1220 3921 compositionis
1251 3847 1320 3904 et
1341 3839 1683 3902 discursus.

815 4026 1032 4080 ssc‘rto
1063 4029 1102 4080 l.

189 4152 361 4209 Unum
389 4157 580 4210 arrima
609 4153 820 4212 Christi
845 4155 1088 4228 potnerit
1111 4169 1332 4226 semper
1370 4167 1488 4208 esse
1514 4153 1576 4206 in
1603 4159 1734 4208 actu

588 4239 830 4297 secundo
851 4241 1012 4314 hnjas
1036 4239 1302 4296 scientiae.

263 4411 314 4468 t.
361 4407 634 4472 Scienh'a
702 4409 876 4472 beata
917 4423 1038 4468 m
1075 4406 1330 4486 impedit
1373 4406 1441 4466 in
1495 4399 1738 4467 Clu-islo

191 4506 372 4563 mun
393 4503 666 4566 scientia
685 4503 1020 4580 iususoe.-
1032 4499 1182 4560 Dico
1204 4498 1437 4578 primo:
1461 4497 1738 4559 Christus

193 4591 476 4656 Dominus
521 4611 652 4656 non
689 4593 1032 4674 impeditur
1063 4609 1180 4671 per
1219 4591 1544 4652 scientiam
1590 4590 1738 4652 bea·

189 4695 327 4762 tam,
359 4688 704 4768 quominus
741 4688 941 4767 possit
979 4690 1189 4748 actum
1233 4685 1426 4764 hujus
1462 4685 1736 4747 scientiae

191 4780 332 4841 eirca
355 4801 458 4844 res
473 4781 738 4844 easdem
771 4797 1086 4842 exercere.
1117 4779 1264 4840 Haec
1291 4779 1610 4840 conclusio
1647 4785 1742 4841 est

191 4881 386 4935 contra
411 4874 796 4946 Gabrielem,
839 4875 972 4952 qui,
1005 4874 1070 4934 iu
1117 4875 1179 4947 3,
1211 4871 1274 4934 d.
1316 4873 1418 4945 14,
1445 4889 1508 4950 q.
1545 4872 1738 4946 unic.,

189 4973 292 5026 art.
315 4969 370 5042 3,
393 4967 548 5030 dub.
573 4972 635 5040 l,
664 4966 820 5028 dixit
849 4983 976 5027 non
1006 4983 1194 5046 posse
1223 4965 1502 5026 animam
1515 4964 1740 5026 Christi

191 5061 354 5121 simul
377 5061 634 5123 easdem
660 5077 767 5121 res
793 5077 912 5138 per
939 5059 1107 5120 hanc
1151 5058 1502 5132 scientiam,
1539 5065 1602 5120 et
1628 5075 1744 5136 per

193 5152 416 5216 heliam
440 5149 889 5232 contemplari.
923 5151 1048 5214 Sed
1095 5159 1192 5213 est
1247 5151 1558 5214 sententia
1607 5151 1742 5212 siue

195 5245 601 5323 fundamento,
625 5263 778 5307 nam
805 5243 950 5306 inde
975 5243 1067 5318 fit,
1091 5245 1191 5306 vel
1211 5263 1338 5305 non
1363 5261 1742 5324 cognoscere

195 5343 436 5405 animam
475 5341 716 5406 Christi
775 5340 842 5400 in
892 5339 1098 5400 Verbo
1127 5357 1236 5401 eas
1269 5357 1371 5400 res
1417 5355 1575 5418 quas
1630 5355 1745 5418 per

199 5435 330 5500 hanc
347 5437 686 5500 scientiam
716 5434 1067 5513 cognoscit,
1097 5432 1270 5512 quod
1300 5451 1490 5514 supra
1518 5433 1742 5511 impro-

199 5528 373 5594 hatum
427 5539 556 5606 esu
593 5528 702 5592 vel
757 5541 882 5587 non
927 5543 1108 5607 posse
1151 5527 1246 5588 uti
1295 5525 1414 5588 hac
1457 5527 1738 5602 scientia,

3292 373 3365 432 37

1809 475 1928 536 nisi
1960 473 2285 550 mutando,
2298 491 2413 534 seu
2438 471 2779 536 avertendo
2808 473 3370 539 considerationem

1809 568 2082 630 scientim
2108 567 2330 638 beatae,
2358 567 2529 646 quod
2553 573 2764 628 tamen
2802 567 3034 644 facere,
3065 576 3127 632 et
3146 576 3375 650 praeter

1809 668 2103 724 naturam
2142 667 2239 723 est
2258 662 2423 723 illius
2446 662 2729 735 visionis„
2760 668 2823 724 et
2846 669 3063 724 contra
3092 664 3375 728 debitum

1811 755 2095 817 ordinem
2122 759 2285 816 esset
2299 769 2320 833 3
2348 755 2489 833 quis
2518 755 2687 816 enim
2720 754 2997 817 divinam
3023 756 3372 832 scientiam,

1806 855 2065 930 propter
2090 867 2275 910 usum
2304 848 2613 911 inferioris
2646 849 2949 924 scientiae,
2970 851 3071 912 vel
3106 849 3183 912 ad
3238 869 3373 914 mo·

1806 947 2091 1003 mentum
2111 987 2127 1014 ,
2183 942 2543 1004 omitteret?
2585 943 2829 1004 Deinde
2909 949 3087 1004 actus
3148 945 3375 1006 harum

1808 1035 2213 1098 scientiarum
2244 1036 2587 1116 procedunt
2624 1055 2701 1098 ex
2728 1037 2991 1098 diversis
3038 1037 3374 1098 virtutibus

1811 1135 1876 1190 et
1916 1129 2255 1211 principiis,
2302 1131 2457 1191 Nam
2502 1129 2581 1191 de
2622 1129 2953 1209 speciebus
2980 1129 3377 1209 intelligibili·

1811 1223 1930 1284 bus
1964 1221 2033 1284 id
2073 1226 2349 1296 constat3
2400 1221 2481 1285 de
2524 1223 2765 1284 lumine
2796 1239 2945 1285 vero
2974 1221 3377 1286 intellectuali

1815 1322 1906 1377 est
1927 1316 2079 1377 satis
2115 1315 2439 1395 probabile
2470 1317 2577 1394 (ut
2621 1316 2783 1378 infra
2812 1313 3273 1394 disputabitur),
3296 1314 3375 1376 li·-

1814 1417 1912 1472 cet
1939 1411 2223 1474 ‘fortasse
2252 1411 2330 1470 sit
2362 1410 2531 1471 idem
2559 1410 2775 1472 lumen
2806 1409 3133 1489 utriusque
3178 1409 3375 1470 scien·

1765 1569 1774 1582 ,
1811 1505 1908 1590 fi?
1926 1521 1949 1582 ;
1980 1511 2185 1566 tamen
2218 1508 2393 1565 actus
2419 1503 2676 1565 visionis
2714 1510 2809 1566 est
2842 1505 2927 1565 ita
2954 1501 3373 1564 connaturalis

1809 1598 1919 1675 illi,
1947 1605 2019 1660 ut
2044 1599 2221 1677 quasi
2246 1599 2619 1661 naturaliter
2644 1604 2859 1660 manet
2898 1597 2980 1660 ab
3020 1597 3129 1658 illo
3153 1599 3373 1675 ;actus

1810 1709 1959 1754 vero
2009 1709 2121 1771 per
2160 1691 2489 1755 inferiores
2548 1691 2793 1772 species
2841 1692 3007 1754 circa
3054 1696 3375 1752 creaturas

1809 1791 1957 1848 sunt
1994 1785 2204 1862 liberi3
2236 1793 2299 1850 et
2329 1787 2471 1848 ideo
2498 1803 2628 1848 non
2657 1791 2967 1866 repugnat
2994 1783 3233 1846 habere
3277 1801 3375 1846 ac-

1809 1889 1938 1944 tum
1991 1879 2264 1958 aliquem
2317 1899 2395 1943 ex
2426 1881 2521 1942 his
2548 1879 2965 1954 inferioribus,
3014 1878 3197 1940 simul
3232 1895 3377 1940 cum

1807 1975 1914 2036 illo
1982 1977 2329 2055 superiori,
2394 1974 2553 2037 sicut
2620 1974 2973 2037 intellectus
3054 1972 3377 2053 angelicus

1809 2069 2001 2130 babet
2057 2068 2177 2130 hoc
2228 2067 2415 2130 modo
2456 2069 2759 2131 actualem
2808 2068 2905 2130 sui
2955 2067 3377 2146 cognitionem

1808 2161 2001 2224 veluti
2028 2162 2525 2235 connaturalem,
2560 2169 2624 2224 et
2669 2179 2855 2222 usum
2886 2161 3153 2222 liberum
3184 2159 3379 2220 alicu-

1803 2255 1910 2334 jus
1952 2255 2185 2332 speciei
2237 2254 2662 2336 intelligibilis.
2730 2253 3037 2330 Tandem,
3088 2250 3379 2331 quamvis

1811 2369 1977 2412 unus
2026 2355 2091 2410 et
2142 2349 2313 2411 idem
2372 2351 2450 2412 sit
2480 2351 2835 2412 intellectus
2882 2366 2998 2428 per
3044 2353 3377 2426 utramque

1810 2443 2135 2506 scientiam
2148 2461 2441 2522 operans,
2460 2451 2673 2506 tamen
2705 2442 2786 2503 ad
2814 2449 3149 2521 utramque
3174 2445 3383 2520 potest

1809 2535 2085 2616 perfecte
2128 2536 2479 2610 attendere,
2512 2537 2661 2616 quia
2681 2553 2807 2597 non
2834 2535 3083 2616 proprie
3114 2531 3381 2595 naturali

1809 2631 2035 2692 virtute
2064 2636 2384 2710 operatur,
2422 2631 2537 2692 sed
2560 2629 2769 2692 divino
2797 2628 3032 2690 lumine
3062 2633 3127 2688 et
3152 2623 3381 2688 auxilio

1817 2723 2229 2796 confortatae,
2262 2731 2325 2786 et
2350 2725 2648 2786 elevatus.

1897 2821 1960 2878 2.
2007 2816 2286 2882 Scientia
2336 2816 2556 2894 infusa
2615 2816 2855 2882 Christi
2906 2815 3297 2893 independens
3346 2830 3386 2873 a

1813 2909 2599 2992 phantasmatibus.—Dico
2628 2908 2907 2970 secundo
2935 2927 2949 2968 ε
2980 2906 3189 2968 anima
3218 2905 3384 2967 Chri-

1819 3003 1900 3064 sti
1947 3003 2153 3082 potuit
2197 3019 2471 3083 semper,
2522 3009 2583 3065 et
2630 3020 2669 3064 a
2698 3001 3001 3083 principio
3052 3000 3383 3062 creationis

1817 3117 1971 3173 suae,
1994 3115 2133 3159 esse
2162 3097 2223 3156 in
2256 3098 2479 3159 actuali
2514 3115 2629 3158 usu
2662 3103 2723 3159 et
2746 3095 3249 3160 consideratione
3272 3094 3387 3156 hu·

1812 3193 1915 3271 jus
1943 3191 2251 3266 scientiae,
2282 3191 2421 3252 sine
2450 3191 2897 3269 impedimento
2928 3206 3255 3263 sensuum,
3284 3187 3387 3250 vel

1818 3285 2096 3364 corporis
2149 3283 2589 3363 corruptibilia.
2650 3284 2800 3344 Haec
2858 3281 3123 3344 sumitur
3177 3297 3253 3344 ex
3310 3281 3382 3341 D.

1815 3379 2040 3439 Thom.
2076 3378 2200 3453 hic,
2226 3385 2289 3439 et
2326 3377 2570 3439 ostendi
2595 3383 2799 3456 potest
2824 3375 3225 3450 sufficienter,
3254 3373 3386 3437 ani·

1815 3487 1985 3530 mam
2034 3470 2257 3532 Christi
2298 3489 2337 3530 a
2362 3471 2671 3550 principio
2702 3488 2833 3531 sure
2879 3468 3237 3543 creationis,
3272 3483 3387 3528 seu

1815 3563 2281 3642 conceptionis,
2326 3563 2621 3625 habuisse
2670 3581 2857 3624 usum
2911 3563 3212 3637 rationis,
3256 3575 3387 3622 non

1819 3662 2057 3718 lantum
2088 3657 2149 3716 in
2182 3657 2419 3719 visione
2464 3657 2673 3732 beata,
2704 3657 2815 3718 sed
2860 3657 3049 3718 etiam
3095 3661 3269 3716 extra
3317 3653 3387 3715 il-

1810 3750 1961 3822 lam,
1999 3755 2062 3810 et
2110 3749 2321 3810 statim
2372 3751 2665 3812 habuisse
2702 3757 2909 3812 actum
2963 3747 3376 3820 meritorium,

1809 3843 2140 3905 fundatum
2180 3843 2243 3903 in
2293 3845 2655 3922 cognitione
2691 3844 2881 3922 hujus
2922 3841 3230 3911 scientiae:
3270 3839 3381 3919 qui

1815 3936 2041 3998 modus
2074 3935 2377 4016 operandi
2420 3937 2718 4017 supponit
2755 3932 3311 4016 independentiam
3344 3949 3381 3992 a

1817 4049 2073 4109 corpore
2110 4035 2173 4092 et
2204 4031 2535 4109 phantasia
2558 4079 2573 4104 ,
2604 4049 2751 4092 nam
2783 4031 2847 4090 in
2876 4029 2982 4090 illa
3006 4032 3185 4090 aetate
3207 4072 3222 4100 ,
3256 4023 3383 4086 sal-

1816 4131 1943 4186 tem
1974 4141 2051 4184 ex
2081 4130 2307 4184 natura
2336 4124 2452 4197 rei,
2481 4141 2607 4185 non
2632 4127 2779 4184 sunt
2800 4128 2948 4202 apta
2978 4139 3213 4200 organa
3238 4137 3383 4180 sen-

1819 4235 2003 4277 suum
2030 4223 2098 4278 ut
2118 4217 2346 4278 rationi
2370 4216 2748 4279 deserviant.
2776 4216 3029 4296 Propria
3048 4231 3197 4276 vero
3222 4211 3383 4275 ratio

1821 4309 2089 4371 sumitur
2116 4327 2193 4370 ex
2223 4310 2454 4390 duplici
2487 4311 2691 4390 capite
2719 4332 2733 4370 ε
2766 4311 2993 4390 primu,
3025 4327 3102 4370 ex
3130 4311 3292 4369 statu
3322 4311 3387 4368 et

1817 4403 2203 4482 perfectione
2232 4404 2456 4464 animm
2498 4404 2743 4465 Christi.
2774 4404 2932 4464 Nam
2956 4447 2971 4474 ,
3015 4401 3159 4464 licet
3198 4399 3385 4461 infor-

1819 4503 2020 4558 maret
2048 4513 2276 4576 corpus
2310 4495 2737 4576 corruptibile,
2762 4501 2893 4556 erat
2926 4501 3136 4556 tamen
3161 4493 3343 4555 beata
3366 4510 3381 4562 ;

1821 4595 1884 4650 et
1921 4589 2067 4650 ideo
2113 4590 2193 4651 ita
2246 4590 2688 4652 dominabatur
2731 4589 3014 4668 corpori,
3057 4587 3217 4649 utin
3256 4585 3387 4647 suis

1821 4683 2249 4762 spiritualibus
2274 4684 2519 4746 actibus
2543 4685 2625 4746 ab
2653 4684 2759 4746 illo
2786 4701 2916 4743 non
2945 4681 3381 4761 impediretur3

1821 4777 1959 4840 haec
1996 4777 2164 4838 enim
2217 4784 2491 4857 potestas
2520 4785 2583 4840 et
2611 4775 2907 4857 perfectio
2940 4775 3021 4836 ad
3060 4772 3389 4853 perfectio-

1821 4889 1971 4932 nem
1991 4870 2391 4934 beatitudinis
2410 4872 2634 4932 animm
2656 4875 2928 4950 spectat;
2946 4869 3156 4929 anima
3178 4872 3388 4928 autem

1821 4964 2069 5036 Christi,
2100 4963 2245 5026 licet
2275 4965 2546 5029 caruerit
2574 4963 2694 5026 illis
2738 4961 3231 5044 perfectionibus
3264 4968 3390 5022 sta-

1825 5065 1926 5121 tus
1970 5057 2264 5132 beatifici,
2309 5077 2450 5138 quae
2504 5058 2585 5120 ad
2633 5075 2861 5138 corpus
2903 5056 3242 5136 pertinent,
3276 5070 3389 5114 seu

1823 5160 2181 5232 repugnant
2200 5171 2345 5214 cum
2368 5151 2723 5214 conditione
2749 5151 3027 5231 corporis
3052 5147 3387 5228 passibilis,

1825 5263 1934 5306 eas
1966 5253 2175 5307 tamen
2198 5293 2213 5318 ,
2249 5263 2387 5326 qnae
2417 5245 2499 5306 ad
2527 5246 2805 5307 animam
2837 5249 3156 5326 spectant,
3189 5240 3391 5320 qualis
3504 5293 3517 5308 ,

1824 5345 1920 5402 est
1947 5339 2051 5400 illa
2089 5340 2167 5402 de
2199 5359 2321 5420 qna
2358 5339 2603 5422 agimus
2624 5385 2643 5415 ,
2674 5357 2921 5418 semper
2970 5335 3245 5397 retinuit.
3276 5335 3391 5395 Se-

1823 5433 2033 5496 cundo
2064 5433 2315 5514 probari
2342 5440 2549 5514 potest
2581 5453 2655 5496 ex
2684 5438 2861 5514 parte
2890 5429 3091 5510 ipsius
3120 5425 3392 5489 scientim

1824 5543 1938 5608 per
1978 5544 2047 5587 se
2095 5527 2335 5603 infnsae,
2362 5545 2501 5608 qnae
2532 5525 2873 5607 superioris
2917 5529 3009 5586 est
3040 5519 3300 5598 ordinis,
3331 5529 3393 5583 et
