3892 6167
567 307 962 490 {lgii'mlenQ
989 416 1031 476 2
1056 431 1224 496 p.,q.
1255 419 1352 492 73,
1371 418 1604 482 memb.
1631 423 1672 482 2
1691 424 1754 484 et
1779 419 2125 499 3,etq.71,

566 505 803 569 memb.
831 507 906 584 43
937 507 1213 584 Henric„
1231 510 1518 586 Quodlib.
1539 518 1681 593 1,q.
1707 517 1808 588 16,
1831 517 1896 576 et
1915 513 2129 586 Quod-

566 597 678 664 lib.
703 599 802 676 14,
829 617 890 680 q.
919 604 983 664 5.
1012 601 1315 683 Idemque
1337 605 1454 669 fnit
1471 623 1696 670 sensus
1719 607 2125 686 antiquorum

569 691 860 766 Petrum,
904 700 974 756 nt
1016 701 1188 774 patet
1231 715 1310 760 ex
1355 701 1646 780 superius
1687 701 1914 779 citatis,
1943 707 2007 764 et
2045 719 2125 766 ex

1763 317 1999 383 Quasi.
2034 318 2208 374 xvut.
2240 319 2445 374 AR‘HC.
2479 321 2565 376 tv.

2206 420 2515 486 bertatem
2566 421 2791 490 Christi
2838 434 3264 506 occurrentes,
3306 445 3444 510 qma
3474 439 3683 513 gravisi.

2206 533 2323 580 mae
2352 523 2416 580 et
2443 516 2822 582 difficillimos
2850 527 3021 586 eunt.

2820 693 3036 750 SEC'rto
3067 696 3153 750 111.

569 787 861 866 August„
889 787 935 850 la
967 789 1005 852 3
1025 789 1104 854 de
1134 791 1271 854 Lib·
1291 793 1520 870 Arbit„
1551 815 1610 860 ο·
1641 800 1682 860 2
1709 802 1771 859 et
1801 797 1872 869 3;
1905 795 2129 860 Ηὶθΐθ·
2206 813 2483 882 Quomodo
2506 819 2758 878 voluntas
2782 820 3269 892 Christ-1⁸‚eoeistens
3292 828 3689 902 impeccabilem
3790 771 3792 776 Ι

567 897 772 958 nym„
813 882 1053 964 Dialog.
1105 890 1134 948 1
1191 891 1256 948 et
1293 888 1330 950 3
1367 895 1586 952 contra
1629 890 1870 971 Pelag.,
1901 897 1967 952 et
2020 907 2124 970 ep.

569 978 724 1050 1473
753 975 940 1056 Greg.
985 979 1276 1058 Nyssen„
1307 981 1414 1044 lib.
1447 987 1485 1044 ’1
1513 983 1776 1060 Philos.,
1801 1003 1856 1046 c.
1891 989 1922 1048 1
1956 991 2020 1047 et
2044 987 2123 1056 33

563 1070 877 1146 Damaso„
903 1072 1012 1136 lib.
1045 1076 1086 1136 2
1107 1073 1186 1136 de
1211 1073 1372 1150 Fid„
1405 1093 1461 1138 c.
1492 1081 1554 1154 ’7,
1585 1080 1664 1142 25
1699 1083 1760 1141 et
1785 1079 1890 1156 26,
1921 1084 1984 1141 et
2014 1077 2123 1142 alii

565 1165 818 1242 passim.
841 1166 974 1228 Imo
1005 1170 1067 1228 et
1093 1167 1416 1247 Scriptura
1441 1171 1530 1233 ita
1559 1171 1840 1236 declarat
1881 1172 2123 1236 arbitrii

563 1255 940 1335 libertatem,
983 1261 1400 1326 Ecclesiastici
1435 1266 1536 1341 15,
1569 1275 1600 1326 1
1661 1265 1798 1330 Cor.
1833 1269 1909 1341 Ἲς
1941 1265 2123 1329 deni-

563 1365 690 1428 que
725 1351 920 1414 etiam
967 1354 1332 1418 Aristoteles
1361 1356 1426 1420 id
1453 1357 1688 1433 docuit,
1718 1360 1758 1422 3
1807 1360 2037 1435 Ethic„
2058 1378 2119 1424 c.

563 1446 624 1518 5,
645 1449 708 1506 et
733 1443 842 1508 lib.
871 1449 910 1509 9
933 1447 1238 1527 Μθιειριι.,
1263 1455 1417 1514 text.
1437 1454 1536 1514 10.
1551 1453 1628 1514 Et
1653 1453 1724 1516 D.
1753 1453 2050 1528 Thomas,
2084 1457 2115 1516 1

562 1555 654 1616 p.‚
691 1554 752 1617 q.
784 1543 888 1615 41,
921 1547 1042 1604 art.
1073 1547 1138 1619 Ξ,
1165 1544 1274 1608 ubi
1301 1547 1638 1628 CaJetanus
1663 1550 1967 1614 latissime
1996 1551 2122 1612 hoc

563 1631 775 1708 tradit,
807 1642 870 1696 et
895 1651 958 1714 q.
989 1637 1090 1711 82,
1119 1645 1238 1702 art.
1269 1644 1328 1717 1,
1357 1641 1439 1703 ad
1483 1645 1542 1706 1.
1587 1643 1662 1708 Ει
1703 1663 1740 1704 a
1791 1644 2122 1724 posteriori

563 1724 932 1804 explicatur,
963 1731 1136 1808 quia,
1167 1733 1220 1794 si
1241 1751 1390 1796 vera
1411 1734 1668 1798 libertas
1695 1737 1936 1800 arbitrii
1956 1743 2123 1800 stare

562 1826 772 1897 posset
803 1839 946 1884 cum
973 1826 1362 1902 necessitate,
1383 1835 1644 1908 possent
1669 1832 1880 1894 omnia
1909 1849 1991 1894 ex
2006 1849 2122 1894 ne·-

561 1913 852 1976 cessitate
882 1921 946 1979 et
989 1919 1126 1981 sine
1169 1921 1604 2002 contingentia
1631 1926 1912 2002 evenire,
1943 1925 2119 1988 salva

561 2005 848 2072 libertate
871 2011 1130 2088 arbitrii,
1154 2015 1324 2094 quod
1361 2021 1456 2078 est
1479 2023 1695 2080 contra
1738 2019 2119 2083 sententiam

563 2103 845 2164 omnium
901 2105 1008 2184 qui
1063 2105 1144 2170 de
1180 2108 1380 2172 libero
1433 2112 1691 2174 arbitrio
1747 2113 2111 2194 loquuntur.

561 2193 738 2256 Unde
767 2197 990 2261 merito
1014 2199 1351 2265 damnatur
1377 2203 1688 2286 Wicleph,
1719 2225 1798 2268 eo
1835 2202 2007 2287 quod
2030 2207 2120 2270 di·

557 2289 720 2350 xerit
737 2291 1046 2355 Christum
1063 2301 1382 2358 mortuum
1406 2300 1796 2376 necessitate,
1823 2307 1896 2364 nt
1914 2302 2115 2366 videri

557 2389 766 2460 potest
803 2385 870 2446 in
897 2387 1133 2464 Wald„
1171 2390 1236 2452 in
1278 2392 1584 2466 Doctrin„
1625 2397 1746 2457 art.
1795 2398 1852 2468 1,
1885 2413 1942 2458 c.
1992 2401 2110 2473 253

559 2482 624 2538 et
651 2475 942 2544 Calvinus
981 2483 1320 2548 damnatur
1358 2491 1428 2548 ut
1467 2485 1822 2562 boereticns,
1857 2491 2005 2571 quia
2040 2492 2116 2553 li-

559 2569 868 2635 bertatem
905 2576 1144 2639 arbitrii
1189 2585 1404 2660 negat,
1448 2582 1738 2661 quamvis
1761 2583 1870 2646 ille
1907 2585 2115 2646 solnm

557 2671 749 2743 neget
787 2667 1146 2733 libertatem
1186 2674 1542 2737 necessitati
1579 2677 1953 2755 oppositam,
1984 2695 2117 2740 non

559 2761 890 2824 coactioni.
919 2763 1178 2826 Fatetur
1209 2765 1378 2828 enim
1411 2768 1732 2831 hominem
1761 2769 2115 2832 voluntarie

559 2859 623 2914 et
645 2852 914 2918 libenter
940 2859 1207 2937 operari,
1243 2859 1530 2940 quamvis
1559 2878 1688 2924 non
1709 2863 1907 2942 possit
1931 2863 2117 2926 aliter

560 2950 829 3026 operari.
861 2951 938 3012 Et
967 2951 1112 3013 Pius
1133 2952 1210 3026 V,
1243 2955 1305 3014 et
1331 2953 1668 3035 Gregorius
1695 2957 1850 3031 XIII,
1875 2957 1942 3018 in
1974 2975 2114 3037 pro·

557 3041 708 3119 priis
761 3043 954 3105 Bullis
997 3056 1214 3107 contra
1255 3047 1624 3110 Michaelem
1679 3051 1922 3128 Baium,
1947 3051 2115 3114 inter

559 3133 714 3196 alias
765 3135 934 3198 illius
981 3139 1446 3219 propositiones
1500 3143 1664 3204 hanc
1707 3143 2108 3220 damnarunt,

555 3245 697 3309 quse
728 3249 994 3293 numero
1019 3240 1152 3295 erat
1186 3235 1508 3315 trigesima
1533 3239 1794 3299 octava:
1823 3237 1993 3312 Quod
2014 3256 2114 3300 vo·

555 3323 830 3386 tantane
857 3327 954 3405 fit,
987 3326 1168 3391 libere
1185 3329 1284 3406 fit,
1317 3333 1594 3409 quamvis
1613 3332 1944 3396 necessario
1972 3332 2109 3410 fiat.

635 3417 696 3478 6.
712 3418 998 3498 Denique
1018 3420 1294 3484 rationes
1309 3424 1375 3483 in
1393 3421 1522 3485 fine
1534 3423 1942 3504 praecedentis
1970 3442 2116 3487 con·

555 3511 850 3573 clusionis
873 3512 1178 3591 adductas,
1203 3515 1431 3594 siquid
1451 3517 1682 3595 valent,
1705 3517 1871 3578 hanc
1889 3517 2115 3580 eodem

551 3607 741 3668 modo
785 3609 1180 3671 convincunt.
1235 3610 1389 3683 Quia
1421 3611 1554 3673 hoec
1584 3611 1842 3674 libertas
1873 3629 1987 3673 seu
2016 3612 2113 3674 in·

551 3699 906 3764 differentia
930 3748 950 3777 ,
994 3708 1057 3764 et
1091 3703 1446 3767 dominium
1481 3706 1878 3786 propriarum
1923 3706 2113 3769 actio-

535 3811 726 3870 num,
757 3801 852 3857 est
872 3797 1176 3858 naturalis
1198 3799 1552 3878 proprietas
1573 3797 1869 3874 hominis,
1901 3805 1967 3862 et
1982 3817 2114 3860 ma-

553 3903 740 3968 gnam
773 3889 922 3951 dicit
952 3889 1392 3970 perfectionem
1409 3935 1432 3966 ,
1465 3898 1527 3955 et
1551 3891 1634 3953 ad
1659 3893 1955 3956 meritum
1974 3910 2111 3955 ma-

549 3983 716 4044 xime
742 3982 1104 4044 necessaria
1135 3989 1250 4048 est.
1281 3986 1464 4060 Nam,
1493 3991 1563 4047 ut
1593 3991 1762 4048 recte
1789 3987 1942 4048 dicit
1967 3988 2111 4050 Jus-

548 4074 748 4151 tinus,
797 4077 976 4156 Apol.
1019 4081 1047 4140 1
1095 4095 1208 4157 pro
1257 4077 1613 4154 Christian„
1665 4078 1748 4140 ad
1780 4080 2061 4142 medium
2088 4101 2105 4143 ε

551 4169 751 4236 Nulla
793 4170 970 4233 laudo
1009 4177 1164 4233 osset
1205 4171 1378 4234 homo
1416 4171 1656 4251 diffusas,
1703 4174 1830 4236 nisi
1855 4179 2009 4237 esset
2033 4175 2117 4238 ad

547 4268 868 4342 uto-umque
885 4263 1180 4342 steeibilis
1204 4285 1228 4334 ,·
1257 4269 1320 4326 et
1346 4264 1642 4340 Hilarius,
1673 4264 1784 4328 lib.
1813 4270 1842 4330 1
1875 4266 1955 4328 de
1978 4269 2110 4330 Tri-

549 4356 692 4432 nit.‚
721 4361 996 4417 tractans
1021 4355 1179 4418 illud
1205 4357 1240 4420 J
1245 4375 1388 4419 oan.
1420 4361 1452 4421 1
1484 4375 1502 4418 :
1537 4359 1718 4422 Dedit
1735 4360 1822 4423 eis
1841 4365 2111 4440 potesta·-

551 4457 669 4513 τοοκ
699 4449 868 4526 filios
903 4450 1020 4513 Dei
1062 4450 1207 4526 fleri
1238 4477 1262 4513 .·
1297 4451 1444 4516 Non
1483 4454 1895 4518 necessitatem
1929 4455 2103 4536 (ait),

549 4543 654 4607 eod
672 4547 1026 4622 potestatem
1059 4549 1128 4608 ut
1157 4544 1441 4608 voluntas
1463 4546 1786 4626 preamium
1826 4564 2111 4629 assequo-

551 4640 675 4699 m.
711 4636 789 4697 Et
815 4636 888 4697 D.
919 4635 1362 4716 Hieronymus,
1391 4637 1500 4700 lib.
1526 4641 1565 4699 2
1593 4645 1810 4701 contra
1836 4639 2111 4703 Jovinia-

547 4747 704 4790 num
737 4749 753 4790 ε
803 4729 920 4794 Ubi
950 4732 1276 4795 meritas
1298 4776 1314 4804 ,
1344 4731 1432 4795 ibi
1455 4749 1560 4795 nec
1581 4749 1802 4798 corona
1821 4759 1847 4806 ,·
1885 4735 2013 4798 ideo
2036 4735 2113 4798 22·-

549 4823 675 4886 bm'
707 4823 962 4885 arbitrii
989 4839 1100 4886 nos
1129 4825 1398 4888 condidit
1427 4826 1615 4888 Deus.
1665 4826 1846 4899 Quod
1874 4827 1940 4888 in
1966 4845 2110 4888 ma·-

547 4916 708 4977 terIa
751 4915 829 4977 de
878 4915 1078 4996 gratia
1123 4915 1312 4979 latius
1357 4917 1850 4982 demonstratur.
1893 4921 2111 4984 Solum

549 5015 836 5088 superest
873 5013 946 5070 ut
983 5009 1411 5083 ostendamus„
1459 5010 1614 5072 nihil
1657 5011 1854 5074 fuisse
1893 5013 1959 5074 in
2000 5033 2112 5076 vo-

543 5102 782 5164 luntate
807 5102 1054 5178 Christi,
1083 5103 1254 5182 qnod
1281 5105 1337 5166 ei
1361 5104 1802 5167 necessitatem
1825 5107 2111 5188 impone-

547 5201 684 5272 ret3
721 5214 872 5257 nam
891 5242 906 5268 ,
947 5214 1093 5258 cum
1121 5198 1259 5258 haec
1291 5197 1632 5284 necessitas
1661 5215 1790 5259 non
1819 5199 1900 5260 sit
1932 5205 2112 5264 natu-

547 5290 696 5351 ralis
726 5289 988 5364 homini,
1021 5291 1076 5352 si
1093 5289 1346 5352 aliunde
1369 5309 1497 5354 non
1521 5297 1616 5354 est
1637 5291 1832 5366 illata,
1853 5293 2110 5356 evidens

549 5385 646 5442 est
687 5383 750 5442 in
793 5382 898 5444 illo
941 5401 1080 5444 esse
1119 5401 1247 5444 non
1275 5383 1575 5460 potuisse.
1615 5384 1686 5447 Id
1713 5391 1926 5448 autem
1952 5404 2111 5466 prze-

549 5473 852 5536 stabimus
881 5475 1182 5538 solvendo
1212 5475 1608 5540 difficultates
1647 5477 1810 5540 circa
1837 5480 2003 5542 hauc
2030 5479 2109 5541 li-

2543 906 2766 978 unione,
2802 923 2877 982 po
2886 911 3057 967 tuerit
3080 925 3201 970 esse
3224 911 3427 972 libem.

2284 1073 2343 1136 1.
2386 1069 2720 1154 Responsio
2756 1075 2837 1140 D.
2876 1075 3089 1142 mom.
3124 1109 3210 1126 -
3248 1078 3454 1144 Prima
3492 1081 3692 1146 difficul-
3791 1043 3792 1056 ἵ

2206 1169 2297 1232 tas
2324 1164 2593 1228 sumitur
2611 1169 2873 1247 praecise
2894 1185 2975 1234 ex
2997 1170 3132 1250 ipsa
3154 1171 3417 1246 unione,
3440 1191 3541 1253 per
3558 1193 3692 1255 quan

2202 1259 2421 1322 Christi
2450 1259 2739 1324 voluntas
2766 1263 3109 1328 intrinsece
3134 1265 3305 1330 fecta
3334 1271 3429 1330 est
3456 1268 3693 1347 impecca-

2200 1351 2363 1428 bilis,
2394 1359 2466 1416 ιιι
2492 1373 2683 1435 supra
2706 1363 3032 1424 ostensum
3058 1366 3191 1434 θοις
3224 1360 3399 1424 unde
3428 1360 3511 1433 fit,
3540 1363 3691 1427 volun·
3790 1387 3793 1428 ι

2201 1451 2394 1511 tatem
2422 1447 2648 1512 Christi
2690 1467 2768 1514 ex
2808 1451 2869 1512 vi
2904 1453 3163 1516 unionis
3207 1471 3355 1518 esee
3394 1453 3691 1516 determina·
3791 1497 3792 1518 ι

2202 1545 2330 1600 tam
2370 1540 2453 1602 ad
2480 1560 2702 1622 unum,
2750 1545 3007 1623 scilicet,
3044 1547 3129 1610 ad
3156 1547 3423 1618 bonum,
3458 1553 3693 1614 aeonfle-
3790 1579 3793 1616 ι

2202 1639 2473 1713 quenter
2511 1653 2641 1698 non
2682 1655 2822 1700 ease
2862 1638 3153 1704 liberam.
3202 1640 3546 1720 Respondet
3568 1641 3695 1702 divas

2200 1727 2475 1790 Thomas
2500 1727 2627 1804 hic,
2669 1729 2753 1794 ad
2798 1732 2861 1808 3,
2901 1732 3049 1798 inde
3090 1733 3305 1799 solum
3338 1732 3491 1807 fieri,
3534 1735 3693 1799 Chn’sti
3791 1771 3792 1774 =

2199 1821 2587 1886 voluntatem
2623 1841 2763 1888 esse
2798 1825 3293 1891 determinatam
3318 1826 3407 1889 ad
3436 1826 3637 1890 bonnm
3653 1829 3695 1888 in
3790 1859 3793 1897 ι

2199 1917 2543 1991 communi,
2568 1934 2699 1978 non
2718 1923 2931 1982 tamen
2946 1920 3030 1984 ad
3055 1920 3179 1982 hoc
3200 1919 3307 1982 vel
3329 1918 3478 1982 illud
3496 1919 3691 1992 honum,
3791 1953 3792 1990 2

2200 2015 2265 2076 et
2288 2010 2433 2074 ideo
2458 2011 2543 2072 ad
2574 2029 2891 2074 summum
2918 2015 3121 2094 sequi,
3166 2013 3469 2076 babuisse
3492 2013 3693 2076 necessi·

2198 2106 2391 2168 tatem
2432 2105 2643 2184 quoad
2688 2105 3222 2187 specificationem
3260 2106 3505 2173 honesti
3532 2113 3589 2168 ut
3614 2106 3691 2182 sie,
3791 2142 3792 2179 1

2198 2215 2331 2260 non
2367 2216 2516 2264 vero
2560 2200 2773 2279 quoad
2818 2201 3207 2276 exercitium,
3250 2219 3377 2264 nec
3402 2200 3591 2278 quoad
3612 2201 3691 2262 hoe
3790 2237 3793 2274 ι

2200 2291 2301 2354 vel
2322 2291 2476 2354 illud
2500 2293 2851 2369 honesmm,
2887 2295 3059 2374 quod
3084 2295 3245 2360 satis
3271 2295 3525 2360 omnino
3546 2300 3621 2359 est
3638 2293 3691 2356 ad

2194 2385 2574 2463 libertatem,
2599 2387 2757 2454 utin
2780 2388 2983 2452 beatis
3004 2389 3160 2452 etin
3182 2390 3319 2452 Deo
3340 2389 3477 2469 ipso
3492 2393 3689 2458 constan

2194 2479 2611 2546 indifferentia
2658 2481 2849 2558 enim,
2894 2500 3013 2546 seu
3056 2488 3345 2561 potestas
3372 2481 3453 2544 ad
3478 2480 3689 2554 malum,
3790 2519 3793 2556 ι

2194 2593 2324 2639 non
2352 2580 2451 2638 est
2477 2573 2777 2656 perfectio
2800 2615 2821 2649 ,
2868 2575 2983 2640 sed
3010 2576 3407 2656 imperfectio
3434 2574 3687 2647 libertatis,
3790 2613 3793 2650 ι

2196 2673 2269 2730 ιιι
2294 2673 2467 2734 recte
2498 2668 2883 2748 Augustinus
2908 2686 3107 2748 snpra
3130 2669 3314 2735 dixit.
3358 2669 3502 2742 Qnae
3529 2665 3689 2730 solutio
3790 2707 3793 2745 Τ

2196 2761 2435 2842 optime
2462 2761 2785 2838 satisfacit,
2834 2761 3051 2840 quoad
3080 2764 3227 2835 hoc,
3273 2767 3347 2824 ut
3380 2780 3457 2826 ex
3478 2762 3583 2822 boc
3600 2758 3687 2820 solo
3791 2815 3792 2839 ζ

2194 2855 2399 2936 capite
2434 2856 2973 2935 impeccabilitatis
3010 2855 3401 2934 Christignon
3440 2855 3573 2918 satis
3600 2867 3691 2933 pro
3790 2897 3793 2936 ἦ

2194 2949 2380 3014 betur
2402 2949 2717 3012 Christum
2746 2951 3026 3014 caruisse
3052 2951 3355 3014 libertate
3380 2950 3445 3014 in
3472 2947 3691 3010 omnibus
3791 2999 3792 3028 3

2196 3041 2439 3104 actibus
2464 3043 2593 3106 suis
2612 3057 2635 3120 3
2664 3044 2719 3105 si
2750 3047 2961 3106 tamen
2984 3050 3441 3124 argumentum
3464 3047 3692 3121 urgeatur
3790 3085 3793 3123 ἶ

2194 3136 2275 3198 de
2304 3136 2557 3216 speciali
2587 3141 2733 3200 actu
2764 3137 3104 3200 voluntatis
3144 3137 3467 3203 moriendi
3492 3153 3588 3216 pro
3616 3133 3691 3194 ho-
3790 3179 3793 3216 2

2193 3231 2470 3294 minibus
2496 3275 2511 3304 ,
2552 3249 2683 3292 non
2714 3231 2961 3296 videtur
2988 3231 3362 3296 satisfacere
3387 3229 3688 3310 responsio;
3790 3271 3793 3296 ,

2197 3324 2345 3404 quia
2382 3325 2673 3388 voluntas
2712 3324 2933 3390 Christi
2968 3343 3050 3388 ex
3084 3326 3151 3388 vi
3180 3345 3322 3390 sum
3351 3320 3690 3406 impeccabili-
3790 3399 3792 3404 ἲ

2198 3418 2339 3482 tatis
2358 3419 2423 3481 fu
2431 3419 2478 3481 it
2498 3419 2757 3481 omnino
2778 3419 3197 3484 determinata
3214 3420 3305 3483 ad
3326 3421 3491 3484 hunc
3508 3423 3687 3484 actumt
3790 3461 3793 3499 ἶ

2196 3527 2349 3591 ergo
2380 3511 2605 3574 saltem
2634 3513 2697 3574 in
2730 3530 2809 3574 eo
2838 3515 2982 3576 actu
3008 3531 3139 3574 uon
3164 3513 3289 3578 fuit
3312 3513 3535 3586 libera,
3572 3504 3689 3588 quod
3790 3557 3793 3594 ἶ

2196 3613 2295 3668 est
2320 3605 2575 3668 omuino
2602 3605 2857 3681 falsum,
2885 3609 3037 3686 quia
3064 3625 3143 3670 eo
3172 3613 3328 3670 actu⁴
3350 3606 3595 3670 maxime
3614 3618 3689 3662 no-
3791 3651 3792 3658 ,

2192 3701 2290 3764 bis
2318 3700 2571 3764 meruit.
2613 3701 3011 3764 Antecedens
3039 3707 3236 3781 patet,
3276 3703 3423 3780 quia
3450 3700 3545 3762 ille
3568 3703 3687 3758 actus

2190 3793 2309 3856 fuit
2334 3800 2687 3875 praeceptus
2714 3795 2959 3858 Christo
2981 3811 3003 3874 3
3034 3813 3186 3875 ergo
3218 3815 3353 3860 non
3382 3794 3565 3876 potuit
3584 3786 3688 3852 illud

2191 3894 2575 3970 praeceptum
2596 3890 2973 3970 transgredi,
2996 3891 3147 3970 quia
3164 3891 3289 3954 hoc
3307 3889 3611 3954 intrinsece
3628 3899 3689 3944 se·
3791 3929 3792 3966 ÷

2191 3982 2403 4062 quitur
2442 4001 2519 4044 ex
2560 3983 3081 4062 impeccabilitate
3106 4000 3131 4062 3
3162 3984 3291 4046 imo
3318 3985 3384 4046 in
3414 4001 3479 4046 re
3502 3980 3687 4044 videtur
3791 4025 3792 4057 ¹

2192 4093 2331 4138 esse
2360 4075 2531 4138 idem
2556 4094 2686 4138 non
2720 4095 2903 4159 posse
2937 4096 3201 4158 peccare
3224 4124 3247 4154 ,
3292 4085 3357 4140 et
3400 4095 3517 4140 nou
3552 4085 3685 4153 posse
3791 4115 3792 4138 ι

2190 4169 2547 4250 transgredi
2584 4177 2989 4251 praeceptum.
3044 4173 3207 4252 Ergo
3236 4189 3369 4234 non
3396 4169 3581 4251 potuit
3599 4180 3685 4228 non
3791 4213 3792 4218 1

2190 4262 2429 4324 habere
2476 4269 2687 4326 actum
2735 4264 2910 4326 illum
2960 4271 3387 4344 pracceptum,
3435 4279 3560 4326 cum
3600 4273 3683 4320 non
3791 4303 3792 4340 ἒ

2188 4359 2404 4436 posset
2424 4356 2607 4420 aliter
2626 4375 2759 4420 non
2786 4359 3136 4438 transgredi
3156 4359 3315 4422 illud
3339 4357 3681 4439 praeceptum

2190 4465 2341 4529 ergo
2384 4454 2521 4514 erat
2546 4450 2803 4514 omnino
2834 4451 3291 4516 determinatus
3322 4453 3407 4516 ad
3436 4451 3589 4516 illum
3610 4461 3684 4506 ac·
3790 4459 3792 4464 ·

2188 4548 2349 4606 ιιιιιι.

2269 4637 2331 4698 2.
2375 4637 2731 4716 Responsio.
2772 4669 2853 4690 --
2882 4637 3280 4718 Confutamr.
3320 4675 3403 4690 -·
3428 4642 3555 4704 Haec
3576 4631 3683 4696 diffi-

2190 4728 2389 4791 cultas
2416 4729 2693 4810 vulgaris
2722 4736 2839 4804 est,
2876 4749 3203 4811 nunqnam
3230 4740 3441 4801 tamen
3464 4731 3590 4794 satis
3612 4739 3681 4785 ex-

2188 4822 2435 4902 pedita,
2474 4823 2647 4886 unde
2682 4825 2870 4888 variis
2908 4827 3111 4890 modis
3138 4828 3228 4890 illi
3260 4821 3594 4908 responderi
3616 4832 3681 4878 ⁵0·

2190 4917 2295 4980 let.
2330 4917 2533 4978 Prima
2562 4920 2889 4998 responsio
2922 4927 3041 4997 est,
3082 4921 3399 5002 negando,
3436 4917 3681 4984 Christum

2190 5009 2489 5074 habuisse
2527 5011 2889 5091 hujusmodi
2930 5021 3336 5094 praeceptum.
3384 5012 3497 5078 Sed
3524 5011 3615 5070 hoe
3639 5007 3679 5061 el

2190 5105 2421 5166 falsum
2462 5110 2580 5178 est,
2622 5111 2694 5168 ut
2736 5107 3067 5170 ostendam
3109 5115 3331 5187 quaest.
3376 5109 3475 5181 20,
3512 5109 3565 5166 et
3588 5113 3676 5160 non

2192 5198 2377 5260 solvit
2402 5197 2855 5276 difficultatem,
2891 5217 3032 5278 quae
3064 5202 3279 5283 urgeri
3308 5201 3514 5265 eodem
3537 5189 3674 5254 m0d⁰

2192 5297 2396 5370 potest
2438 5291 2503 5352 in
2540 5293 2864 5372 proeceptis
2890 5295 3278 5359 naturalibus
3297 5341 3317 5372 ,
3356 5293 3557 5376 quibus
3577 5279 3674 5346 nul·

2189 5387 2288 5448 lus
2308 5401 2541 5465 negare
2558 5391 2786 5465 potest,
2810 5387 3121 5452 Christum
3140 5396 3209 5454 nt
3222 5391 3519 5455 hominem
3534 5379 3673 5442 fuisse

2186 5479 2475 5560 ligatum,
2514 5496 2629 5540 seu
2656 5477 3027 5560 obligatum.
