3892 6167
501 295 620 356 690

1875 299 2067 352 tNDEx
2099 298 2329 352 limittit.

561 395 637 448 tio
664 399 837 460 potest
875 405 992 446 esse
1032 391 1323 454 sufficienS,
1351 393 1460 446 nisi
1494 404 1558 446 ea
1584 405 1708 460 quae
1741 399 1822 448 est
1849 407 2059 448 cenna-
2144 393 2374 447 concilii
2416 394 2749 448 senonensis
2802 393 3175 448 testimonium
3223 395 3533 450 adducitur
3582 397 3708 450 eirca

560 469 750 556 turalis
779 473 834 522 et
859 467 1257 536 adaequamipsi
1281 469 1389 522 Deo
1423 469 1482 520 in
1515 469 1848 536 perfectione
1875 470 2059 524 inteu-

501 545 1152 688 cosrssgr'efiess'ffitsuff'tuuc
1172 620 1403 686 aliquid,
1426 621 1646 687 quando
1669 622 1741 675 ita
1761 622 1977 678 videtur
2006 627 2063 676 ut

2208 467 2579 522 adorationem
2608 468 2929 535 imaginum,
2954 470 3008 522 d.
3038 474 3129 534 54,
3146 485 3193 536 s,
3226 476 3275 522 5.

2144 545 2372 599 concilii
2414 544 2715 612 nogununi
2746 545 2983 598 difficilis
3015 537 3189 600 locus'
3212 546 3283 599 de
3326 545 3537 599 eodem
3566 559 3715 611 amt-

2206 628 2391 674 mento
2419 621 2739 686 elucidatur,
2773 621 2849 674 ib.

563 697 703 752 nihil
732 709 940 764 eorum,
975 709 1098 765 qua}
1135 697 1192 750 in
1223 697 1340 764 ipso
1371 701 1518 762 sunt,
1561 697 1838 752 videntem
1882 699 2061 764 lateat,
2144 697 2373 750 Concilii
2399 698 2704 752 Tridentini
2730 699 2883 752 locus
2899 694 3241 764 expenditur,
3260 709 3393 750 sess.
3412 703 3467 760 6,
3494 709 3543 750 c.
3564 701 3612 748 7.
3636 699 3721 750 nbi

503 773 579 826 ib.

501 848 922 915 comprehensio
955 849 1204 903 omnium
1221 861 1343 915 quae
1373 847 1431 901 in
1451 849 1560 902 Deo
1593 854 1721 903 sunt
1737 849 2061 914 eminenter,

563 925 726 978 etiam
748 926 868 978 sine
889 925 1104 980 infinita
1131 924 1439 980 intensione
1461 927 1516 978 ct
1542 924 1781 980 claritate
1805 924 2065 992 impossi-

569 1001 700 1054 bilis
733 1007 829 1067 est,
867 1001 941 1054 ib.

501 1077 898 1143 Comprehendi
929 1089 1042 1131 non
1065 1081 1242 1144 posset
1261 1077 1403 1130 Deus
1422 1091 1454 1129 a
1473 1075 1702 1142 Christo,
1723 1076 1888 1130 etiam
1904 1075 1951 1128 si
1968 1075 2061 1128 illc

563 1165 661 1220 per
692 1153 976 1206 scientiam
1012 1153 1250 1206 infusam
1290 1165 1481 1206 omnes
1526 1151 1746 1208 effectus
1773 1151 2063 1219 possibiles

565 1236 932 1296 cognosceret,
962 1243 1006 1282 s.
1042 1233 1090 1282 4.

499 1305 898 1373 Comprehendi
922 1317 1034 1359 non
1069 1309 1242 1372 potest
1272 1307 1414 1360 Deus
1435 1318 1531 1372 per
1563 1304 1708 1359 dona
1731 1305 1934 1371 gratiae.

843 1476 1148 1518 courostno.
1185 1477 1472 1518 concerno
1511 1476 1722 1516 cantori.

2206 772 2287 826 sic
2314 773 2522 840 inquit:
2545 775 2692 826 Hanc
2714 775 3104 839 dispositionem
3117 774 3441 839 justificatio
3462 775 3591 837 ipsa
3608 787 3725 824 eon-

2207 850 2459 915 sequitur,
2486 855 2587 904 etc.
2608 856 2697 914 ,et
2731 851 2991 918 probatur
3012 853 3201 904 contra
3229 849 3461 915 aliquos
3488 849 3645 914 loqui
3662 851 3725 902 de

2206 925 2440 991 perfecta
2463 926 2838 992 dispositione,
2870 927 2926 980 d.
2956 929 3005 989 4,
3030 940 3073 979 s.
3102 930 3150 977 8.

2144 1001 2375 1054 concilii
2408 1002 2649 1055 Trident.
2698 1003 2899 1056 canoni
2933 1007 2983 1066 3,
3014 1015 3145 1055 sess.
3177 1007 3228 1064 6,
3272 999 3605 1066 exponitur,
3640 1005 3725 1067 qui

2209 1075 2283 1129 sic
2308 1077 2502 1130 habet:
2532 1079 2587 1128 si
2619 1080 2741 1145 quis
2772 1079 2986 1140 dixerit,
3023 1079 3133 1129 aino
3164 1076 3529 1142 proevonienti
3558 1077 3727 1142 spiri-

2211 1157 2292 1206 tus
2319 1155 2499 1206 Sancti
2522 1155 2889 1222 inspiratione,
2918 1160 3074 1220 atquo
3112 1153 3243 1206 adeo
3283 1155 3405 1203 sine
3436 1152 3559 1215 ejvs
3584 1153 3726 1217 adja-

2210 1232 2347 1282 torio
2372 1229 2623 1282 hominem
2644 1232 2866 1292 credere,
2901 1243 3117 1298 sperare
3142 1235 3192 1281 et
3216 1228 3470 1294 diliyere,
3502 1235 3597 1280 aut
3618 1247 3721 1296 ρω-

2210 1307 2373 1358 nitere
2402 1319 2555 1372 posse
2592 1308 2669 1358 sic
2710 1313 2730 1358 t
2774 1311 3005 1372 oportet,
3043 1311 3101 1357 ut
3124 1304 3519 1369 justificationi
3564 1310 3712 1369 cratia

2211 1382 2527 1448 conseratur,
2560 1382 2835 1435 anathema
2861 1384 2946 1446 ait,
2982 1382 3079 1435 ubi
3120 1381 3451 1434 Concilium
3500 1379 3717 1446 loquitur

2210 1457 2278 1510 de
2302 1456 2595 1512 dilectione
2620 1458 2879 1525 perfecta.
2896 1471 3061 1526 quam
3083 1454 3447 1524 praerequirit
3472 1459 3536 1508 ut
3552 1455 3727 1521 dispo-

2209 1533 2462 1586 sitionem
2486 1535 2556 1587 ad
2574 1533 3037 1599 iustificationem,
3062 1534 3138 1587 ib.

500 1584 832 1653 Compositio
865 1586 1020 1640 nulla
1051 1591 1132 1640 082
1157 1586 1300 1640 intel·
1331 1592 1482 1640 acius
1503 1587 1758 1640 humassae
1780 1589 1835 1638 el
1860 1583 2065 1638 divinae
2146 1609 2353 1662 eonem
2378 1609 2703 1673 Tridentini,
2730 1621 2858 1662 sess⁰
2890 1616 2939 1670 5.
2964 1621 3083 1676 cap·
3114 1614 3163 1672 1,
3190 1610 3349 1663 locus
3372 1605 3731 1674 expenditur,

562 1661 857 1716 voluntatis
879 1661 1099 1727 Christi,
1131 1662 1184 1715 d.
1209 1667 1259 1728 4,
1293 1677 1337 1715 s.
1375 1667 1422 1714 4.

500 1737 832 1804 Compositio
857 1739 1154 1806 quotuplex
1177 1738 1246 1792 sit
1265 1739 1655 1805 substantialiS,
1679 1739 1731 1794 d.
1769 1743 1817 1804 8,
1841 1751 1886 1790 s.
1919 1743 1968 1788 2.

561 1815 653 1867 Est
671 1814 1029 1882 quadruplex,
1055 1814 1131 1868 ib.

499 1890 832 1957 Compositio
875 1903 988 1944 non
1029 1891 1338 1946 necessario
1375 1891 1607 1959 requirit
1657 1895 1861 1958 μυίας,
1895 1889 1951 1943 d.
2007 1894 2063 1952 6,

564 1982 608 2019 s.
635 1971 685 2018 2.

502 2039 630 2106 Quae
662 2041 736 2096 sit
762 2042 1086 2108 compositio
1115 2043 1174 2096 in
1201 2044 1411 2098 unione
1440 2043 1792 2112 hypostatica,
1814 2043 1890 2096 ib.

563 2119 627 2172 Et
657 2130 723 2171 ex
750 2117 970 2184 quibus,
999 2119 1108 2184 ib.;
1139 2119 1318 2182 latius,
1353 2119 1408 2173 d.
1439 2125 1488 2183 ’1,
1514 2133 1558 2173 S.
1581 2123 1626 2172 4.

501 2193 833 2261 Compositio
865 2195 983 2248 haec
1011 2205 1124 2249 non
1147 2195 1324 2249 solum
1353 2201 1435 2249 est
1461 2195 1632 2250 unius
1658 2207 1783 2249 cum
1816 2194 1944 2260 alio,
1971 2195 2071 2248 sed

563 2269 727 2322 etiam
761 2269 930 2323 unius
949 2281 1014 2322 ex
1042 2269 1246 2336 multis,
1284 2271 1357 2324 ib.

502 2344 834 2412 compositio
857 2344 914 2397 in
951 2357 1012 2397 re
1041 2346 1194 2400 nulla
1238 2350 1412 2413 potest
1441 2359 1560 2400 esse
1585 2345 1754 2400 unius
1783 2357 1908 2399 cum
1940 2345 2070 2410 alio,

565 2419 702 2487 quin
731 2419 802 2474 sit
825 2420 990 2474 etiam
1010 2422 1333 2488 compositio
1361 2421 1531 2476 unius
1553 2435 1618 2474 ex
1641 2421 1745 2486 his,
1770 2421 1844 2474 ib.

501 2499 814 2551 Asserentes
833 2495 890 2548 in
926 2498 1030 2550 hac
1058 2497 1455 2564 compositione
1481 2496 1641 2550 Verbi
1675 2503 1728 2550 et
1761 2493 2073 2550 humanita-

565 2571 634 2624 tis
655 2582 766 2625 non
804 2572 1100 2626 intrinsece
1125 2573 1334 2626 includi
1357 2574 1655 2626 humanam
1683 2579 1955 2637 naturam,
1976 2571 2071 2624 sed

565 2647 742 2701 solum
761 2647 1081 2711 extrinsece,
1115 2648 1274 2702 valde
1297 2652 1566 2706 errarunt,
1595 2649 1670 2701 ib.

504 2724 874 2790 compositum
903 2725 1172 2778 resultans
1189 2735 1255 2777 ex
1283 2725 1386 2777 hac
1415 2723 1812 2792 compositione
1831 2727 1912 2776 est
1942 2735 2071 2789 per-

565 2811 721 2862 sona,
745 2811 858 2853 non
878 2799 986 2852 alia
1003 2813 1036 2852 a
1057 2811 1288 2867 persona
1313 2797 1498 2866 Verbi,
1519 2813 1553 2853 a
1585 2811 1696 2866 quo
1719 2799 2072 2865 distinguitur

567 2877 754 2944 aliquo
779 2879 962 2940 mod0,
999 2877 1076 2931 ib.

506 2953 878 3020 compositum
895 2953 1170 3008 resultans
1184 2966 1251 3006 ex
1264 2953 1473 3008 unione
1487 2953 1842 3008 humanitatis
1855 2953 1925 3007 ad
1941 2953 2075 3006 Ver-

568 3028 720 3088 bum,
757 3028 885 3081 licet
928 3029 1224 3095 temporale
1269 3028 1340 3082 sit
1371 3034 1426 3081 et
1471 3028 1692 3092 factum,
1739 3041 1852 3083 non
1893 3034 2073 3082 tamen

569 3109 802 3168 persona
821 3103 1136 3170 temporalis
1163 3109 1257 3157 aut
1285 3102 1425 3158 facta
1449 3104 1560 3157 dici
1587 3109 1776 3171 potest,
1809 3103 1884 3156 ib.

507 3177 568 3230 ln
591 3177 988 3244 compositione
1010 3180 1114 3233 hoc
1129 3185 1302 3234 totum
1323 3179 1682 3248 compositum
1707 3193 1818 3234 non
1848 3184 1928 3233 est
1950 3193 2068 3248 pcr-

571 3253 765 3307 fectius
794 3254 1062 3308 intensive
1089 3266 1189 3309 suo
1211 3261 1588 3322 componente,
1623 3255 1696 3308 ib.

511 3329 654 3392 Quid
687 3329 758 3382 sit
781 3329 850 3383 de
885 3329 1094 3384 ratione
1121 3331 1406 3398 compositi
1431 3336 1492 3385 ut
1519 3331 1617 3396 sic,
1653 3333 1728 3386 ib.

507 3405 873 3471 compositum
909 3417 974 3457 ex
995 3405 1172 3460 Verbo
1196 3410 1248 3459 et
1277 3408 1612 3460 humanitate
1645 3413 1725 3461 est
1755 3407 1890 3474 quid
1918 3421 2073 3462 crea-

569 3485 703 3544 tum,
730 3495 773 3533 s.
799 3487 849 3532 5.

509 3555 838 3622 compositio
865 3569 930 3609 ex
965 3556 1210 3623 partibus
1231 3556 1586 3624 integralibus
1619 3559 1814 3625 quatis,
1852 3559 1925 3612 ib.

1149 3699 1416 3765 coactum!
1423 3725 1434 3736 .

509 3807 740 3863 concilii
783 3809 987 3864 Nicaeni
1023 3809 1068 3864 11
1113 3810 1265 3876 locus
1307 3812 1546 3866 difficilis
1577 3813 1881 3868 declaratur
1912 3825 2077 3882 super

571 3883 887 3939 adoratione
917 3885 1241 3954 imaginum,
1270 3888 1324 3941 d.
1349 3892 1430 3954 54,
1456 3901 1500 3942 s.
1523 3895 1570 3942 5.

507 3959 812 4014 concilium
837 3961 1324 4016 francofordiense
1346 3963 1649 4030 legitimum
1679 3977 1794 4018 esse
1819 3965 2075 4020 defendi-

567 4041 674 4100 tur,
695 4035 751 4089 d.
776 4041 857 4099 48,
883 4049 926 4090 s.
957 4043 1005 4090 8.

507 4111 570 4164 Et
589 4111 964 4166 auctoritatem
986 4113 1242 4168 habuisse
1269 4114 1338 4168 ad
1367 4115 1752 4170 stabiliendam
1783 4121 1985 4170 certam
2010 4117 2077 4170 fi-

569 4188 721 4251 dem,
753 4187 830 4242 ib.

509 4265 754 4319 Concilio
773 4265 1252 4321 francofordiensi
1281 4271 1442 4336 prout
1475 4267 1532 4320 in
1563 4269 1721 4323 tertio
1755 4275 1900 4325 tomo
1927 4271 2075 4326 Con-

575 4340 828 4394 ciliorum
859 4341 1106 4407 habetur,
1131 4342 1261 4397 licet
1285 4357 1398 4399 non
1431 4345 1598 4409 possit
1622 4345 1933 4400 infallibilis
1951 4361 2077 4402 auc-

573 4415 762 4469 toritas
785 4414 972 4479 tribui,
994 4421 1134 4470 esset
1147 4423 1328 4472 tamen
1348 4418 1506 4473 valde
1527 4422 1874 4476 temerarium
1895 4424 2075 4478 abillo

573 4491 882 4552 dissentire,
903 4497 958 4544 et
975 4496 1351 4561 apocryphum
1378 4501 1648 4564 reputare,
1673 4498 1748 4551 ib.

511 4567 818 4622 concilium
831 4567 1316 4625 Franeofordiense
1335 4586 1368 4625 a
1387 4571 1557 4628 variis
1575 4575 1870 4630 calumniis
1879 4576 2077 4633 acriter

579 4643 924 4710 vendicetur,
950 4646 1025 4699 ib.

511 4721 742 4776 concilii
761 4722 1470 4780 Francofordiensissensus
1491 4727 1829 4782 delinitionis
1847 4729 1916 4782 de
1931 4729 2078 4784 iilia-

575 4796 722 4848 tione
743 4796 941 4850 Christi
970 4799 1230 4866 aperitur,
1261 4799 1334 4853 ib.

570 4871 827 4936 Ejusdem
850 4885 1008 4926 mens
1033 4874 1104 4927 de
1125 4875 1324 4929 Christi
1344 4877 1599 4931 servitute
1622 4879 1997 4946 perpenditur.
2020 4883 2075 4936 d.

571 4950 654 5010 44,
677 4959 721 4999 s.
748 4951 796 4998 ι.

504 5021 818 5076 concilium
850 5021 1336 5080 Francofordiense
1370 5025 1619 5082 definivit
1637 5029 1916 5088 veritatem
1944 5031 2073 5088 fidei

567 5097 636 5151 de
658 5097 963 5165 imaginum
995 5100 1331 5168 adoratione,
1357 5109 1412 5156 et
1429 5103 1663 5158 Nicaenae
1689 5105 1908 5174 synodo
1935 5120 2073 5164 con-

565 5173 754 5238 sensit,
777 5175 834 5228 d.
862 5179 942 5240 54,
975 5187 1022 5228 a.
1054 5179 1102 5228 4.

559 5249 670 5303 Nec
700 5256 890 5304 contra
932 5251 1037 5304 boc
1069 5263 1226 5320 posse
1258 5257 1401 5309 sumi
1435 5257 1654 5312 firmum
1685 5267 2067 5327 argumentum

559 5337 626 5380 ex
651 5326 910 5393 historiis,
934 5328 1256 5396 ostenditur,
1289 5331 1363 5385 ib.

2212 1685 2305 1738 ubi
2340 1685 2551 1751 definit,
2574 1686 2764 1747 Adam,
2808 1686 3235 1752 transm-odiendo
3267 1685 3603 1738 mandatam
3634 1683 3733 1744 Dei,

2200 1764 2461 1826 justitiam
2494 1769 2543 1814 et
2572 1763 2917 1824 sanctitatem,
2958 1763 3017 1812 in
3049 1775 3155 1827 qua
3182 1763 3519 1812 constitutus
3542 1759 3731 1822 suerat,

2210 1839 2463 1890 antisisse.
2493 1839 2567 1890 Ex
2590 1850 2701 1904 quo
2734 1837 2964 1890 habetur
2982 1837 3247 1904 justitiam
3282 1841 3339 1888 et
3386 1832 3735 1888 sanctitatem

2208 1926 2325 1966 esse
2344 1913 2574 1966 omnino
2594 1912 2759 1974 idem,
2790 1912 2861 1966 ib.

2150 1988 2381 2042 Concilii
2410 1988 2736 2051 Tridentini,
2764 1995 2812 2050 8,
2833 2002 2880 2041 c.
2904 1994 2953 2050 7,
2976 1988 3127 2042 locus
3158 1987 3485 2055 exponitur,
3516 1985 3617 2052 qui
3642 1987 3735 2036 ha-

2214 2065 2321 2124 bet.
2355 2065 2839 2118 sanctificationem
2866 2068 2921 2117 et
2947 2063 3399 2129 justificationem
3446 2061 3733 2115 includere

2214 2141 2589 2202 remissionem
2618 2141 2843 2207 peccati.
2868 2141 2947 2192 Ex
2968 2151 3079 2206 quo
3112 2141 3415 2206 colligitur,
3440 2137 3733 2192 contritio-

2214 2231 2361 2283 nem,
2406 2229 2529 2283 quoe
2557 2216 2801 2284 disponit
2831 2217 2902 2270 ad
2929 2217 3403 2284 justificationem,
3436 2215 3731 2282 disponere

2212 2293 2376 2347 etiam
2399 2294 2469 2347 ad
2492 2293 2870 2346 remissionem
2902 2291 3129 2358 peccati,
3161 2291 3239 2344 ib.

2151 2370 2407 2436 Ejusdem
2446 2368 2699 2434 concilii,
2742 2381 2873 2422 sess.
2910 2371 2989 2429 14,
3032 2381 3079 2421 c.
3110 2371 3159 2432 4,
3195 2368 3267 2422 ad
3314 2367 3581 2420 eamdem
3624 2381 3727 2420 rem

2215 2447 2356 2501 alius
2395 2447 2547 2499 locus
2571 2445 2879 2508 adducitur,
2908 2443 3023 2509 ubi,
3068 2457 3236 2510 agens
3270 2443 3349 2497 de
3374 2443 3724 2506 contritione,

2216 2523 2351 2576 dicit
2389 2521 2557 2576 fuisse
2596 2521 2746 2575 omni
2784 2527 3025 2588 tempore
3052 2520 3423 2574 necessariam
3446 2517 3523 2572 ad
3560 2518 3723 2584 impe·

2217 2600 2465 2654 trandum
2488 2599 2708 2652 veniam
2738 2603 3098 2666 peccatorum,
3132 2604 3185 2650 et
3207 2609 3533 2664 praeparare
3554 2595 3719 2648 homi-

2216 2687 2343 2728 nem
2376 2675 2444 2728 ad
2472 2675 2789 2728 eorumdem
2810 2673 3209 2729 remissionem.
3232 2675 3411 2726 Docet
3438 2684 3567 2740 ergo
3592 2683 3711 2724 mn-

2216 2751 2493 2806 tritionem
2514 2765 2625 2805 non
2654 2764 2771 2804 esse
2793 2757 3004 2804 tantum
3034 2751 3471 2818 dispositionem
3488 2750 3547 2802 ad
3568 2750 3699 2802 habi-

2216 2831 2417 2884 tualem
2448 2831 2675 2896 gratiam
2697 2835 2753 2884 et
2772 2829 3061 2897 justitiam,
3090 2830 3185 2884 sed
3208 2829 3391 2883 etiam
3426 2829 3495 2882 ad
3528 2827 3703 2880 remis-

2218 2907 2429 2961 sionem
2452 2907 2675 2974 peccati,
2700 2907 2778 2960 ib.
2911 2919 2915 2923 ·

2155 2984 2303 3037 idem
2345 2985 2497 3038 locus
2524 2984 2687 3038 latius
2716 2981 3007 3050 exponitur
3039 2983 3116 3035 ad·
3142 2980 3509 3049 probandum
3540 2979 3711 3032 remis-

2216 3059 2429 3114 sionem
2462 3059 2663 3126 peccati
2694 3073 2811 3114 csse
2830 3072 2967 3126 opus
2986 3059 3171 3126 gratiae
3192 3058 3527 3112 distinctum
3552 3070 3583 3108 a
3600 3069 3715 3109 con-

2218 3137 2457 3200 tritione,
2488 3137 2561 3191 ib.

2156 3212 2385 3266 concilii
2410 3212 2737 3276 Tridentini,
2762 3225 2891 3266 sess.
2917 3216 2967 3276 8,
2992 3223 3038 3265 c.
3072 3217 3118 3274 8,
3150 3211 3305 3264 locus
3320 3209 3623 3276 diligenter
3644 3223 3720 3262 es-

2221 3290 2456 3356 ponitur,
2482 3289 2579 3342 ubi
2604 3289 2828 3344 docetur
2848 3288 3225 3342 remissionem
3259 3287 3476 3354 peccati
3504 3295 3556 3338 et
3574 3287 3719 3351 justi·

2221 3363 2527 3418 ficationem
2560 3377 2671 3418 non
2706 3378 2823 3418 esse
2857 3364 3021 3428 idem,
3051 3365 3106 3416 d.
3130 3369 3181 3428 7,
3210 3377 3257 3414 s.
3282 3369 3335 3415 4.

2155 3441 2385 3494 Concilii
2424 3441 2751 3505 Tridentini,
2788 3454 2919 3494 sess.
2944 3447 2995 3504 6,
3037 3452 3085 3493 c.
3118 3445 3165 3504 8,
3195 3439 3537 3506 expenditur
3565 3439 3719 3500 locus,

2216 3516 2313 3570 ubi
2342 3517 2565 3570 docetur
2582 3516 2960 3570 remissionem
2987 3517 3191 3583 peccati
3226 3529 3351 3568 esse
3368 3517 3587 3568 donum
3614 3527 3723 3568 om-

2220 3593 2354 3646 nino
2381 3593 2547 3659 gratis
2567 3593 2751 3646 datum
2780 3608 2812 3646 a
2845 3595 2951 3646 Deo
2970 3599 3025 3645 et
3056 3606 3167 3648 non
3186 3605 3252 3646 ex
3279 3591 3573 3658 operibus.
3599 3591 3653 3642 d.
3678 3593 3719 3650 4,

2217 3683 2257 3720 S.
2292 3673 2339 3720 9.

2153 3743 2383 3798 Concilii
2412 3745 2717 3800 Tridentini
2739 3747 2894 3800 locus
2913 3744 3221 3811 exponitur,
3240 3743 3311 3796 de
3336 3743 3517 3796 modo
3534 3743 3721 3796 adora·

2218 3819 2387 3874 tionis
2412 3819 2737 3888 imaginum,
2758 3822 2812 3875 d.
2834 3825 2915 3887 54,
2937 3835 2981 3874 s,
3006 3825 3053 3872 5.

2722 3950 3153 3992 commiscuerit.

2157 4047 2623 4113 concupiscentiae
2644 4046 3059 4113 repugnantiam
3080 4058 3191 4099 non
3210 4043 3421 4099 sentire
3442 4044 3723 4112 proprium

2220 4123 2327 4176 fuit
2352 4122 2568 4189 Christi,
2602 4124 2699 4178 sed
2721 4124 3179 4178 communicatum
3198 4125 3256 4176 B.
3282 4121 3521 4188 virgini,
3544 4123 3603 4174 d.
3650 4123 3721 4182 34,

2220 4214 2263 4252 S.
2299 4205 2345 4254 2.

2156 4273 2621 4404 ΰοίιιςῖιρξοοιιιίω
2644 4279 2843 4330 sanctae
2860 4288 2958 4330 seu
2982 4279 3221 4332 honestoe
3242 4281 3398 4330 actus
3419 4274 3482 4329 in
3516 4271 3723 4328 Christo

2242 4364 2299 4404 ui
2330 4392 2342 4416 ,
2367 4366 2382 4403 ι
2430 4393 2440 4403 .
3142 4390 3149 4396 .

2596 4469 2954 4510 consumtum
2982 4467 3258 4508 mnne!
3267 4496 3277 4505 .

2158 4581 2497 4636 Constantini
2531 4583 2705 4650 Magni
2746 4596 2873 4649 erga
2904 4583 3227 4637 Sanctorum
3254 4583 3529 4650 reliquias
3560 4583 3715 4648 pietas

2222 4657 2417 4724 qualiS,
2440 4658 2495 4712 d.
2516 4664 2599 4721 55,
2622 4673 2665 4712 s.
2692 4663 2741 4711 8.

2157 4733 2545 4788 Constantinus
2578 4735 2757 4788 statim
2795 4747 2859 4788 ac
2892 4735 3055 4790 tidem
3096 4734 3319 4802 aceepit,
3352 4734 3703 4788 Romanorum

2218 4809 2479 4862 vexillum
2502 4809 2561 4862 in
2592 4811 2819 4864 Crucem
2842 4812 3041 4866 Christi
3063 4810 3309 4875 mutavit,
3328 4811 3386 4864 d.
3424 4815 3513 4874 58,
3538 4825 3581 4862 s.
3612 4815 3651 4860 2.

2674 4941 2955 4985 comtcrus
2987 4941 3198 4982 cuatsrt.

2155 5035 2340 5100 Qualis
2365 5034 2562 5090 suflicit
2580 5043 2641 5090 ut
2662 5037 2854 5092 reddat
2876 5050 2992 5100 rem
3014 5034 3377 5102 adorabilem,
3398 5035 3463 5092 d.
3490 5042 3575 5100 54,
3596 5049 3634 5090 s.
3662 5039 3701 5084 ³.

2154 5111 2439 5165 contactus
2461 5111 2657 5166 Christi
2683 5127 2781 5180 per
2812 5126 2869 5166 se
2892 5121 2973 5168 est
3014 5113 3293 5167 sufficiens
3320 5124 3497 5166 causa
3536 5109 3703 5164 adora-

2214 5189 2398 5253 tionis,
2424 5191 2523 5244 sed
2542 5202 2655 5246 nou
2682 5203 2898 5258 semper
2924 5191 3141 5258 expedit
3159 5203 3225 5244 ea
3250 5189 3354 5252 uti,
3384 5188 3465 5242 ib.

2788 5288 3073 5364 ‘connium

496 5401 730 5458 Concilii
770 5403 1055 5460 Elibertini
1102 5418 1280 5460 canon
1313 5410 1606 5478 exponitur
1637 5425 1766 5481 erga
1799 5413 2067 5482 reliquia·-
2151 5417 2419 5474 contritio
2446 5424 2527 5474 cst
2568 5421 2759 5476 ultima
2798 5419 3082 5488 dispositio
3110 5420 3179 5475 ad
3210 5419 3446 5489 gratiam
3470 5423 3523 5474 ct
3562 5415 3703 5484 justi-

560 5493 682 5534 rum
705 5481 1132 5546 venerationem,
1169 5485 1223 5537 d.
1251 5491 1332 5552 55,
1361 5501 1402 5540 s.
1427 5493 1475 5552 a,

2216 5494 2367 5562 tiam,
2400 5496 2453 5550 d.
2483 5500 2531 5563 4,
2552 5511 2594 5550 s.
2626 5503 2685 5564 73
2711 5496 2959 5564 etlatius,
2982 5515 3023 5551 s.
3062 5501 3107 5550 8.
