3892 6167
85 5918 92 5929 .
83 5804 92 5905 ..ο-ι·-
82 5608 94 5761 ω--ψι
83 5583 85 5596 -
82 5463 91 5570 -r—
83 5441 85 5452 -
82 5289 89 5428 —ss-———

546 343 667 406 340
1765 337 1999 403 Quesr,
2038 338 2167 391 xlx.
2202 339 2403 394 Anne.
2440 341 2522 396 ΙΙΙ.

549 444 682 522 ipse
707 444 892 506 aliter
925 441 1186 508 forman
1215 435 1442 498 melius
1466 439 1684 500 autem
1707 435 1957 498 videtur
1990 435 2111 496 hoc

545 537 738 598 modo
784 534 1080 616 proponi:
1115 532 1264 610 quia
1300 531 1366 590 in
1409 529 1800 594 beatitudine
1825 535 1975 590 sunt
2001 528 2114 588 ali·

549 629 664 708 qui
686 631 993 692 babentes
1023 625 1289 706 gloriam
1313 625 1452 686 sine
1479 622 1732 704 proprio
1760 622 2009 695 merito,
2034 639 2115 683 ex

551 723 762 786 aliene
781 729 1052 794 tantum,
1075 721 1236 782 sicut
1261 717 1570 790 infantes3
1604 717 1708 778 alii
1736 721 1983 778 tantum
2007 714 2116 776 ha·

551 817 713 879 bant
735 835 818 879 ex
846 814 1100 897 proprio
1129 811 1376 886 merito,
1407 810 1573 873 siout
1599 808 1858 890 Angeli3
1889 805 1995 868 alii
2038 823 2116 868 ex

553 910 812 989 proprio
865 914 930 970 et
985 907 1190 968 alieno
1237 904 1466 979 simul,
1516 909 1587 964 ut
1633 903 1776 982 puri
1827 899 2115 962 homines

551 1002 748 1064 adulti
775 1020 792 1076 3
835 1019 988 1080 ergo
1039 998 1254 1060 decuit
1311 997 1392 1058 ad
1443 996 1900 1076 perfectionem
1945 993 2115 1056 illius

550 1101 786 1172 status,
817 1101 888 1156 ut
931 1097 1102 1155 esset
1127 1089 1352 1168 aliquis
1389 1089 1635 1152 habens
1659 1087 2115 1150 beatitudinem

551 1188 688 1250 sine
713 1188 842 1250 ullo
871 1186 1118 1248 merito.
1145 1183 1272 1246 Sed
1295 1182 1624 1263 imprimis,
1647 1181 1820 1244 unde
1849 1181 2117 1242 infertur

551 1280 722 1342 hunc
747 1280 1030 1342 futurum
1067 1277 1262 1340 inisse
1303 1277 1656 1337 Christum?
1679 1293 1792 1335 cur
1823 1274 1995 1336 enim
2023 1273 2111 1348 id,

549 1373 724 1454 quod
756 1374 874 1452 ipsi
899 1371 1157 1434 habenti
1198 1368 1499 1449 perfectio
1531 1387 1660 1430 non
1690 1376 1822 1446 est,
1867 1385 2113 1430 accom-

550 1465 942 1527 modandum
999 1477 1092 1526 est
1146 1463 1354 1543 potins
1397 1461 1643 1525 Christo
1685 1479 1880 1542 quam
1927 1461 2065 1522 aliis
2090 1503 2109 1536 ,

550 1559 742 1622 etiam
769 1559 820 1620 si
849 1557 934 1620 ad
960 1556 1412 1637 perfectionem
1441 1555 1630 1617 totius
1651 1553 2115 1618 communitatis

549 1652 867 1732 pertinere
891 1650 1216 1714 videatur?
1237 1647 1476 1710 Deinde
1497 1648 1724 1728 negari
1751 1653 1957 1727 potest
1974 1663 2117 1726 par·

549 1745 848 1806 titionem
887 1744 1060 1805 illam
1103 1742 1186 1803 ad
1215 1740 1667 1822 perfectionem
1711 1740 1814 1802 vel
1841 1739 2119 1820 comple·

549 1844 836 1902 mentum
851 1841 1048 1898 status
1066 1834 1338 1896 beatifici
1356 1835 1672 1914 pertinere
1681 1855 1700 1909 3
1721 1851 1820 1894 ma
1822 1833 1926 1913 jor
1945 1834 2116 1894 enim

553 1930 857 2009 perfectio
885 1928 1083 1990 videri
1112 1930 1338 2008 potest,
1379 1935 1448 1988 ut
1470 1932 1604 1989 tota
1627 1926 1955 1989 beatitudo
1982 1943 2120 1987 om-

551 2023 732 2086 nium
780 2023 1110 2085 beatorum
1138 2022 1205 2082 in
1249 2020 1470 2082 Christi
1500 2019 1738 2082 meritis
1781 2018 2114 2092 fundetur3

552 2116 722 2178 unde
768 2121 830 2178 et
873 2131 1072 2176 unum
1110 2113 1470 2176 membrum
1499 2113 1666 2174 illius
1689 2113 2121 2174 enumeratio-

551 2209 656 2270 nis
705 2209 934 2270 falsum
968 2215 1096 2283 est,
1141 2207 1288 2286 quia
1338 2206 1563 2285 Angeli
1589 2225 1721 2268 non
1749 2206 1834 2268 ita
1879 2205 2120 2267 habent

556 2300 826 2382 gloriam
871 2320 952 2364 ex
983 2301 1206 2364 merito
1256 2301 1546 2381 proprio,
1577 2301 1730 2380 quin
1777 2300 1967 2362 etiam
2007 2299 2120 2360 ha·-

551 2393 749 2458 beant
792 2413 870 2457 ex
911 2394 1134 2456 merito
1176 2393 1399 2458 Christi
1423 2439 1440 2468 ,
1486 2399 1558 2456 ut
1599 2393 1760 2456 infra
1809 2393 2113 2455 dicemus.

551 2489 744 2552 Sexta
763 2488 923 2552 ratio
945 2486 1260 2566 aliquibus
1279 2487 1528 2550 videtur
1547 2486 1918 2558 evidentior,
1941 2485 2115 2562 quia,

555 2582 608 2644 si
656 2582 938 2644 Christus
985 2581 1321 2643 meruisset
1368 2579 1635 2660 gloriam
1685 2577 1916 2640 animae
1962 2595 2115 2652 suoe,

554 2681 814 2756 propter
847 2675 1018 2736 illam
1047 2673 1360 2754 praecipue
1383 2673 1680 2748 venisset,
1713 2679 1778 2736 et
1823 2677 2119 2751 operatus

557 2773 728 2830 esset
765 2769 972 2848 potius
999 2771 1260 2846 propter
1299 2764 1786 2845 comparandam
1829 2765 1944 2826 sibi
1983 2764 2117 2845 glo·

554 2860 751 2934 riam,
799 2876 993 2939 quam
1037 2857 1262 2934 nobis;
1293 2858 1466 2937 quod
1509 2877 1640 2920 non
1675 2864 1767 2920 est
1807 2858 1997 2920 modo
2028 2859 2120 2920 lo-

555 2952 794 3032 quendi
833 2951 1166 3031 Scripturas
1208 2957 1726 3015 consentaneum.
1772 2953 1903 3014 Hoc
1930 2969 2119 3032 argu-

553 3050 770 3110 mento
800 3044 995 3108 utitur
1013 3043 1329 3121 Calvinus,
1357 3050 1428 3106 ut
1449 3043 1673 3123 probet
1691 3043 2003 3108 Christum
2024 3045 2121 3108 ni·

555 3139 647 3204 hil
674 3138 793 3200 sibi
821 3137 1171 3203 meruisso=
1204 3135 1477 3216 Alioqui,
1529 3137 1619 3198 ait
1637 3179 1660 3212 ,
1691 3138 1954 3216 frinone
1986 3157 2122 3204 con-

554 3231 830 3309 firmatio
855 3230 972 3294 illa
995 3231 1250 3304 amoris,
1277 3245 1458 3310 quam
1473 3228 1712 3294 Paulus
1729 3234 2117 3309 commendat,

553 3326 716 3406 qued
751 3342 868 3406 pro
897 3323 1071 3388 uobis
1119 3327 1365 3387 mortem
1408 3321 1698 3399 subierit,
1729 3323 1813 3386 ad
1841 3325 2023 3389 Rom.
2054 3328 2114 3391 8.

567 3417 737 3484 Um
763 3419 895 3496 ipse
917 3417 1098 3498 quasi
1123 3417 1226 3480 mi
1253 3414 1498 3492 oblitus,
1531 3421 1724 3481 totum
1739 3435 1918 3482 svam
1939 3422 2120 3482 meri-

557 3515 692 3574 tum
719 3511 803 3574 cd
833 3527 943 3576 nos
983 3507 1332 3585 transtulit,
1355 3509 1558 3572 dicens
1588 3511 1920 3576 :Promis
1946 3531 2120 3578 canc·

555 3604 720 3682 tifico
745 3621 840 3665 mo
868 3603 1092 3684 ipsum,
1119 3603 1306 3664 Joan.
1343 3604 1444 3664 17.
1469 3603 1596 3664 Sed
1626 3602 1749 3666 hoc
1779 3623 2118 3684 argumen-

555 3701 693 3758 tum
711 3695 1008 3758 frivolum
1029 3695 1221 3758 etiam
1241 3701 1355 3771 est,
1381 3712 1746 3776 quanquam
1770 3703 1961 3760 etmm
1982 3699 2119 3762 sine

555 3787 748 3850 dubio
797 3786 1196 3850 verissimum
1229 3793 1363 3860 est,
1411 3790 1610 3850 Deum
1655 3792 1858 3869 magis
1904 3809 2119 3854 amare

555 3879 822 3960 gloriam
849 3878 1044 3940 solius
1069 3879 1297 3940 animae
1337 3879 1584 3957 Christi,
1615 3899 1806 3961 quam
1835 3884 2119 3946 omnium

553 3973 885 4036 hominum
911 3978 974 4034 et
999 3971 1418 4052 Angelorum,
1443 3973 1578 4037 sive
1605 3973 1776 4036 illam
1805 3993 1920 4055 per
1950 3995 2018 4038 se
2044 3995 2119 4040 ac

554 4066 852 4146 primario
881 4067 1444 4146 praedestinaverit,
1473 4074 1544 4132 ut
1570 4086 1685 4132 nos
1733 4071 2119 4150 probabilius

559 4160 1011 4236 existimamus,
1041 4160 1172 4224 sive
1199 4161 1414 4226 obtata
1457 4164 1786 4228 occasione
1828 4170 2067 4246 peccati
2094 4187 2113 4242 ;

559 4251 710 4331 quia
743 4269 1122 4332 quacunque
1155 4254 1398 4318 ratione
1427 4257 1866 4335 praedestinata
1887 4261 1986 4335 sit,
2020 4266 2119 4325 est

561 4347 769 4422 maius
823 4345 1086 4422 bonum,
1139 4347 1468 4428 magisque
1513 4351 1838 4429 pertinens
1879 4353 1962 4414 ad
2008 4353 2121 4416 Dei

563 4435 854 4517 gloriam,
885 4454 1078 4515 quam
1125 4439 1318 4504 aliud.
1355 4441 1594 4504 Deinde
1649 4443 1838 4506 etiam
1880 4446 2121 4508 verissi-

559 4547 740 4591 mum
763 4537 880 4608 est,
903 4531 1214 4594 Christum
1241 4533 1576 4620 Dominum
1599 4538 1798 4616 magis
1821 4555 2035 4601 amare
2056 4546 2123 4602 et

559 4622 723 4686 velle
753 4623 1016 4702 gloriam
1043 4641 1225 4686 suam
1256 4645 1448 4706 quam
1477 4636 1786 4704 nostram;
1818 4631 1965 4711 quia
1988 4632 2123 4712 jux-

559 4722 626 4781 ta
671 4715 990 4780 charitatis
1019 4718 1306 4780 ordinem
1350 4721 1436 4783 ita
1481 4724 1684 4789 amari
1720 4726 1927 4805 debet,
1976 4727 2123 4806 quia

561 4806 719 4872 illud
744 4809 983 4888 bonum
1011 4815 1074 4872 et
1105 4809 1172 4870 in
1201 4829 1268 4872 se
1303 4813 1710 4878 excellentius
1733 4825 1828 4880 est
1845 4864 1865 4893 ‚
1897 4820 1963 4882 et
1990 4837 2124 4882 ma·-

559 4902 659 4982 gis
689 4903 1094 4982 conjunctum
1121 4904 1249 4966 Deo
1297 4913 1362 4966 et
1401 4905 1661 4972 Christo.
1705 4911 2119 4978 Nihilominus

559 5002 774 5058 tamen
811 5014 1034 5058 verum
1083 5003 1200 5073 est,
1241 4997 1468 5061 Filium
1511 5002 1626 5064 Dei
1675 5020 1805 5064 non
1863 5014 2120 5086 propter

557 5106 746 5153 suum
777 5089 1212 5166 commodum,
1245 5091 1360 5152 sed
1397 5101 1656 5174 propter
1683 5097 1973 5160 homines
2000 5099 2118 5162 hu-

555 5182 928 5246 manitatem
953 5184 1388 5263 assumpsisse,
1421 5189 1572 5266 quia
1601 5190 1738 5269 ipsa
1766 5192 2113 5258 incarnatio

551 5274 673 5338 fuit
702 5275 1112 5340 humanitatis
1143 5277 1462 5357 exaltatio,
1493 5300 1624 5344 non
1645 5284 1872 5348 divinae
1901 5303 2116 5365 perso-

553 5385 696 5446 nae3
725 5371 874 5451 qnia
903 5370 1124 5434 divinae
1154 5388 1442 5451 personae
1481 5375 1634 5438 nihil
1657 5377 1804 5441 inde
1834 5379 2115 5444 utilitatis

555 5465 851 5544 accessit,
901 5463 1014 5534 sed
1053 5465 1262 5547 potius
1307 5485 1372 5532 sa
1412 5469 1608 5550 ipsam
1638 5472 2015 5553 exinanivit,
2046 5481 2117 5540 nt

2192 434 2469 515 loquitur
2512 435 2681 498 Paul.
2692 477 2712 511 ‚
2752 436 2834 498 ad
2879 436 3033 498 Phil.
3066 439 3107 498 2
3128 481 3142 508 ,
3174 435 3245 498 id
3274 441 3393 509 est,
3420 441 3699 518 assumpsit

2194 537 2485 592 naturam
2511 531 2857 592 humanam
2898 528 3295 609 passibilem,
3328 545 3467 608 quoe
3500 548 3703 611 compa-

2193 622 2437 684 ratione
2466 622 2691 686 divinae
2715 629 2959 685 naturae
2982 629 3081 686 est
3112 622 3301 702 qnasi
3324 623 3476 686 nihil
3490 669 3511 699 ‚
3535 631 3589 686 et
3612 627 3701 688 suh

2196 733 2285 776 ea·
2300 716 2699 796 majestatem
2723 731 2905 778 suam
2933 715 3293 791 occultavit,
3316 721 3388 778 ut
3404 733 3605 778 omnes
3622 718 3703 780 Pa·

2194 813 2327 870 tres
2354 814 2717 890 exponunt3
2750 809 2905 872 etin
2944 810 3065 872 hoc
3090 827 3301 872 'sensu
3346 808 3537 872 utitur
3559 810 3705 874 inter·

2194 902 2349 962 dum·
2398 903 2507 964 illa
2555 901 3103 982 argumentatione
3154 907 3375 964 contra
3434 901 3705 966 haercfieos

2196 993 2382 1074 cyril.
2432 995 2640 1072 Alex„
2684 994 2793 1056 lib.
2828 996 2867 1056 3
2905 995 3120 1068 Thes„
3162 1010 3305 1072 cap.
3358 997 3427 1058 2..
3466 994 3706 1058 Similiter

2195 1087 2385 1150 etiam
2410 1105 2635 1152 verum
2658 1094 2775 1162 est,
2802 1087 3039 1163 omnia,
3070 1105 3209 1166 quse
3234 1086 3327 1148 ad
3353 1101 3613 1166 poenam,
3632 1088 3708 1148 do·

2194 1179 2401 1244 lorem-
2422 1188 2491 1246 et
2516 1181 3006 1246 satisfactionem
3028 1179 3471 1259 pertimuisse
3484 1178 3705 1259 denique

2194 1291 2337 1352 quse
2362 1275 2429 1336 in
2464 1291 2729 1354 corpore
2758 1273 3039 1354 passibili
3075 1279 3143 1338 ut
3174 1273 3271 1338 sie
3292 1279 3555 1352 peracta
3576 1283 3704 1350 suut,

2196 1375 2442 1430 tantum
2457 1377 2716 1450 propter
2736 1385 2855 1432 nos
2868 1366 3067 1431 fuisse
3090 1373 3425 1447 snscepta;
3451 1367 3561 1446 ipsi
3578 1368 3706 1430 enim

2196 1457 2443 1524 Christo
2495 1467 2753 1540 propter
2796 1477 2865 1522 se
2894 1477 3026 1525 non
3053 1460 3327 1524 fuissent
3372 1460 3704 1532 necessat-im

2196 1559 2263 1614 at
2296 1567 2449 1616 vero
2474 1561 2811 1634 postquam
2838 1554 2943 1617 illa
2972 1552 3339 1634 assumpsit,
3368 1569 3709 1632 consequen-

2196 1652 2293 1708 ter
2324 1649 2528 1726 potuit
2558 1648 2842 1710 Christus.
2868 1647 3107 1727 aliquid
3136 1665 3251 1727 par
3280 1665 3362 1711 ea
3398 1647 3514 1711 sibi
3540 1647 3709 1725 acqui·

2196 1757 2337 1804 rere
2356 1741 2423 1804 in
2445 1740 2836 1804 humanitate
2868 1759 3005 1804 sua.
3034 1743 3255 1820 Neque
3274 1740 3431 1812 inde
3456 1741 3516 1802 in
3546 1739 3709 1817 aliquo

2196 1835 2501 1898 minuitur
2536 1836 2807 1898 charitas
2836 1834 3099 1908 Christi,
3140 1834 3259 1898 sed
3280 1835 3353 1898 in
3392 1851 3467 1896 eo
3500 1839 3711 1913 apparet

2200 1927 2495 2004 maxima,
2520 1928 2696 2007 quod
2720 1945 2867 1990 cnm
2892 1927 2975 1990 ad
3000 1927 3271 2008 gloriam
3301 1945 3487 1990 suam
3508 1944 3619 1988 non
3640 1925 3711 1988 in-

2200 2021 2479 2101 diguerit
2504 2029 2729 2099 morte,
2760 2029 2827 2084 ut
2850 2041 2971 2084 nos
2992 2024 3249 2102 copiose
3268 2021 3617 2096 redimeret,
3631 2038 3711 2082 vo-

2200 2114 2315 2176 luit
2338 2133 2453 2194 pm
2480 2115 2663 2178 nobis
2688 2113 2887 2193 mori3
2918 2122 2983 2178 et
3011 2115 3157 2178 ideo
3182 2115 3251 2176 in
3274 2115 3583 2194 Scriptura
3604 2129 3711 2191 pas·

2200 2209 2291 2270 sio
2322 2214 2387 2270 et
2403 2214 2667 2282 mors,et
2686 2209 2935 2284 similia,
2962 2209 3044 2272 ad
3066 2225 3185 2270 nos
3210 2209 3583 2282 referuntur,
3599 2207 3711 2284 quia

2200 2303 2529 2366 occasione
2560 2302 2755 2366 nostri
2776 2303 3027 2382 peccati
3046 2307 3383 2381 assumpta
3406 2299 3652 2362 fuerunt.

2280 2397 2337 2457 ·.‘.
2384 2393 2673 2460 Christus
2706 2396 2825 2460 sibi
2842 2412 3027 2476 neque
3044 2395 3329 2474 aratiam
3354 2402 3619 2466 mmm,
3636 2410 3709 2454 ne·

2198 2505 2309 2568 que
2346 2489 2504 2552 alios
2552 2489 2799 2554 laabim
2841 2489 3079 2566 infusos
3112 2486 3368 2552 munde.
3392 2521 3469 2532 —
3491 2487 3565 2548 Ut
3596 2501 3708 2563 ergo

2196 2581 2411 2657 aliquo
2442 2579 2845 2660 probabiliori
2872 2579 3163 2643 discursu
3187 2580 3359 2643 banc
3388 2577 3709 2642 sententiam

2200 2673 2675 2760 confirmem-ue,
2700 2672 2841 2736 dico
2878 2673 3081 2752 primo
3114 2672 3443 2734 :Christus
3460 2670 3709 2732 Dominus

2198 2784 2329 2828 non
2355 2767 2585 2830 meruit
2606 2767 2725 2831 sibi
2756 2765 3023 2846 gratiam
3042 2771 3359 2842 creatam,
3381 2783 3575 2844 neque
3592 2763 3708 2824 aiios

2198 2861 2453 2924 habitus
2476 2860 2735 2925 infusos.
2768 2861 3097 2936 Probatur,
3116 2859 3271 2940 quia
3292 2855 3538 2922 duobus
3548 2855 3708 2918 modis

2198 2955 2461 3034 intelligi
2487 2961 2698 3034 posset
2720 2955 2853 3016 hoec
2871 2954 3201 3017 meruisse.
3226 2954 3457 3026 Primo,
3482 2969 3582 3032 per
3598 2967 3708 3029 ope·

2198 3067 2272 3112 ra
2298 3047 2745 3125 subsequentia
2772 3053 3059 3126 tempore
3088 3045 3191 3108 vel
3212 3053 3465 3120 natura,
3490 3061 3591 3107 seu
3606 3058 3709 3120 pro·

2202 3139 2488 3204 cedentia
2530 3140 2612 3202 ab
2650 3139 2805 3219 ipsis
2844 3138 3198 3215 habitibus,
3238 3145 3308 3202 et
3334 3157 3448 3218 per
3470 3135 3589 3201 hoec
3614 3150 3706 3192 uon

2202 3233 2432 3294 meruit
2480 3232 2841 3312 hujusmodi
2884 3232 3152 3294 habitus.
3207 3232 3455 3303 Primo,
3486 3228 3613 3308 quia
3652 3243 3708 3286 ex

2202 3331 2423 3389 natura
2466 3326 2562 3388 rei
2609 3327 2903 3389 meritum
2944 3325 3137 3389 debet
3170 3322 3553 3389 antecedere
3586 3335 3706 3397 μεὶ-

2200 3419 2397 3482 mium
2426 3418 2649 3482 saltem
2677 3418 2894 3481 ordine
2920 3425 3189 3494 naturai,
3214 3417 3343 3480 hoc
3362 3414 3706 3494 enimpostu·

2199 3513 2289 3576 lat
2314 3520 2543 3576 natura
2560 3513 2767 3593 ‘ipsius
2792 3513 3201 3588 maritimum
3233 3512 3319 3577 sit
3347 3528 3531 3574 causa
3560 3514 3615 3570 et
3636 3505 3705 3564 via

2200 3607 2279 3668 ad
2302 3609 2651 3688 praemium.
2680 3603 2867 3680 Quod
2885 3607 2939 3670 si
2962 3605 3285 3669 interdum
3316 3604 3497 3668 aliter
3521 3601 3704 3662 factum

2202 3709 2321 3774 est,
2350 3720 2429 3764 ex
2454 3700 2665 3762 divina
2700 3698 3164 3779 dispensatione
3202 3698 3325 3762 -fuit
3366 3702 3603 3778 prepter
3624 3690 3704 3752 ali-

2200 3814 2391 3877 quam
2432 3795 2859 3858 neeessariam
2884 3812 3163 3872 causam,
3196 3799 3262 3856 et
3284 3791 3600 3873 ,supposita
3622 3784 3705 3844 ali-

2202 3907 2328 3970 qua
2362 3889 2855 3969 imperfectione,
2884 3895 2951 3950 ut
2974 3888 3257 3952 dicemus
3270 3886 3472 3962 intra,
3492 3885 3703 3962 agentes

2198 3981 2279 4044 de
2326 3983 2529 4061 gratia
2577 3981 2725 4046 data
2760 3981 3037 4060 antiquis
3072 3979 3367 4044 Patribus
3400 3997 3477 4043 ex
3514 3970 3703 4036 metitis

2198 4073 2453 4147 chriam
2484 4083 2545 4138 et
2570 4075 2715 4138 ideo
2737 4079 3031 4155 respectu
3060 4075 3158 4136 sui
3186 4073 3412 4154 ipsine,
3428 4087 3547 4144 non
3564 4083 3704 4146 opor-

2198 4170 2337 4244 tuit,
2359 4186 2479 4232 nee
2498 4167 2710 4231 decuit
2744 4185 2884 4230 esse
2911 4169 2980 4228 in
3010 4167 3251 4233 Christo
3285 4169 3473 4230 talem
3495 4160 3701 4224 modum

2202 4262 2430 4324 meriti.
2480 4261 2799 4335 Secundo,
2856 4261 3223 4341 quiaquod
3270 4261 3455 4332 datur
3496 4258 3702 4336 propter

2200 4354 2423 4418 merita
2461 4354 2675 4419 futura
2690 4399 2711 4432 ,
2758 4355 2947 4419 datur
3001 4353 3437 4434 dependenter
3456 4369 3495 4412 a
3522 4343 3699 4412 fuimis

2204 4451 2533 4530 operibus;
2558 4451 2835 4514 Christus
2862 4455 3081 4512 autem.
3109 4467 3361 4529 semper
3384 4443 3583 4514 habuit
3601 4440 3701 4502 hac

2202 4543 2395 4620 dona,
2424 4549 2726 4624 tanquam
2752 4543 3171 4623 proprietates
3217 4542 3337 4607 sibi
3373 4541 3689 4605 connatura-

2202 4637 2319 4710 les,
2344 4644 2409 4700 et
2430 4643 2499 4698 ut
2524 4636 2811 4700 absolute
2835 4655 2953 4698 sua
2984 4637 3122 4700 sine
3148 4635 3359 4715 aliqua
3388 4627 3697 4712 dependen-

2202 4728 2288 4790 tia
2320 4747 2356 4790 a
2382 4729 2647 4804 futuris,
2686 4729 2835 4808 qnia
2883 4729 2988 4791 ille
3026 4729 3191 4795 alius
3230 4728 3453 4794 modus
3480 4712 3693 4784 habendi

2200 4821 2339 4883 haee
2380 4822 2549 4898 dona
2608 4821 3011 4902 imperfectus
3062 4827 3251 4886 esset.
3300 4817 3533 4894 Tertia,
3583 4807 3695 4890 quia

2198 4915 2579 4994 principium
2604 4917 2815 4979 meriti
2836 4916 2917 4978 de
2939 4916 3108 4981 facto
3136 4934 3272 4982 non.
3292 4913 3464 4978 cadit
3479 4907 3583 4970 sub
3595 4917 3693 4967 me·

2196 5011 2431 5085 ritum,
2462 5014 2529 5072 et
2552 5009 2697 5074 ideo
2725 5009 3001 5072 Christus
3042 5027 3171 5075 non
3196 5006 3692 5096 meruitincarnff·

2198 5103 2437 5164 tionem
2472 5120 2687 5177 suam3
2716 5121 2871 5182 ergo
2894 5103 3121 5169 eadem
3152 5086 3689 5179 rationesbabituahs

2198 5196 2399 5275 gratia
2435 5213 2567 5258 non
2608 5195 2774 5263 cadit
2816 5196 2937 5258 sub
2974 5195 3273 5261 meritum
3312 5193 3471 5259 illius
3504 5179 3687 5265 operis,
3811 5255 3812 5260 ,

2196 5291 2377 5368 cuius
2430 5289 2565 5370 ipsa
2604 5296 2699 5354 est
2746 5288 3479 5370 principium-,Quocirca
3517 5285 3686 5364 nunes

2194 5385 2491 5459 rationes,
2526 5383 2755 5462 quibus
2781 5401 2973 5463 supra
2994 5382 3421 5462 probavimus,
3434 5371 3685 5444 christum
3811 5391 3812 5438 3

2196 5495 2322 5540 non
2366 5478 2679 5545 meruisse
2728 5476 3228 5551 incarnationem
3252 5521 3269 5554 ,
3311 5471 3557 5556 probam
3588 5469 3681 5520 non
3811 5489 3812 5498 κ
