3892 6167
1353 313 1672 367 nzsrnu‘r.
1707 312 1949 366 xxxvii.
1984 312 2171 365 SECT:
2193 311 2249 364 Υ.
3286 310 3401 372 ’Βῆ

167 410 282 472 ille
315 417 508 472 notos
544 408 822 472 exterior
859 409 1479 490 petenham-fieri
1515 431 1630 494 per
1655 431 1770 474 vs·

169 503 314 566 rins
330 509 528 566 ,ειοιιιε
539 503 888 567 interiores
915 501 1308 568 diversorum
1335 506 1670 582 virtutum,
1703 513 1766 569 et
2466 505 2685 560 Sficno
2719 506 2775 557 V·

171 602 457 706 Fffll‘tef·
477 596 735 660 fflvm·
759 595 992 704 {nflfim
1011 641 1034 674 2
1077 597 1272 704 ‘stiam
1295 598 1352 668 Si
1378 606 1764 707 Pl'ffissffpmm
1845 624 2123 696 Quomodo
2148 625 2414 698 caristus,
2440 627 2631 685 videns
2660 641 2879 702 semper
2920 631 2977 685 in
3014 629 3179 688 Verbo
3217 645 3407 689 omnes

174 689 650 755 determnamt
724 694 1262 754 orreumstannas.
1294 697 1601 773 tempos-1⁸
1663 693 1765 756 vel
1988 719 2149 770 actm
2182 728 2329 783 suos,
2364 727 2459 771 eos
2496 713 2669 770 nom
2714 729 2979 772 exercere
2997 717 3261 788 potuer-sc.

173 782 336 856 loci,
369 783 474 845 vel
504 782 672 846 alins·
687 781 962 852 similes,
984 801 1116 844 non
1141 789 1244 846 est
1263 803 1530 848 neeesse
1551 803 1764 866 noque

173 881 693 940 memmenni
721 880 970 938 nature
998 876 1142 939 talis
1169 879 1468 959 praecepti
1488 924 1504 941 .
1535 885 1608 942 ut
1635 897 1764 942 om·
1927 883 1955 940 1
1972 923 1987 940 .
2034 880 2337 959 Superest
2363 881 2544 942 tertia
2574 880 2913 944 difficultas
2938 888 3077 944 orta
3106 897 3183 942 ex
3210 879 3406 942 besti-

171 969 340 1029 ninn
382 969 768 1037 determinet
801 969 1173 1032 interiorem
1211 977 1420 1033 notum
1456 973 1557 1034 vel
1584 973 1762 1035 moti-
1813 970 1965 1033 fies
1998 971 2225 1034 Christi
2270 971 2532 1050 visione,
2580 991 2698 1053 per
2737 992 2931 1053 quum
2976 980 3119 1036 aeto
3156 990 3408 1054 semper

171 1071 376 1138 sunu·
395 1060 732 1135 utin—aliis
759 1064 1106 1142 praeceptis,
1135 1079 1282 1144 qoae
1309 1065 1540 1128 dantur
1565 1066 1768 1130 homi-
1845 1064 2099 1126 videbat
2152 1063 2303 1144 quid
2352 1071 2415 1128 et
2460 1066 2781 1145 quomodo
2832 1068 2899 1131 in
2942 1067 3235 1130 omnibus
3268 1083 3407 1128 mo·-

175 1153 408 1231 uibus,
424 1154 656 1218 sidere
683 1155 852 1218 lieet.⁷
885 1156 967 1218 Et
993 1156 1112 1218 hoe
1141 1158 1290 1220 satis
1317 1166 1414 1222 est
1438 1160 1598 1223 utin
1623 1179 1766 1224 exe·
1843 1156 2075 1219 mentis
2102 1163 2269 1220 esset
2290 1167 2689 1237 operaturus·
2718 1160 2809 1222 Ex
2842 1159 2963 1222 hae
2990 1177 3143 1240 ergo
3164 1158 3405 1222 visione

171 1247 450 1310 cutione
469 1248 616 1312 talis
655 1248 945 1328 praeeepti
972 1251 1674 1316 maneatindifferentia
1701 1260 1768 1317 et
1845 1256 2133 1330 apparet,
2160 1250 2553 1314 voluntatem
2590 1254 2733 1332 ejus
2770 1251 2967 1316 fuisso
3012 1251 3267 1314 omnino
3297 1251 3409 1314 de·-

169 1340 468 1404 libertns.
489 1341 694 1404 Addo
713 1347 930 1404 tumen
964 1342 1222 1407 ulterius
1251 1395 1264 1414 .
1297 1345 1348 1408 si
1378 1353 1758 1428 praeceptum

168 1439 354 1496 osset
377 1435 748 1514 impositum
778 1435 1263 1500 determinando
1293 1439 1570 1519 aliquem
1599 1441 1760 1502 inte·

166 1527 418 1590 riorem
445 1533 686 1598 uotum,
722 1527 934 1608 quoad
963 1529 1272 1593 motivum
1303 1538 1364 1595 et
1392 1548 1616 1594 ornnes
1643 1533 1762 1596 eir-

165 1621 620 1696 cumstantias,
655 1620 832 1682 iilum
857 1621 1114 1701 quidem
1139 1624 1275 1687 fore
1303 1626 1754 1702 necessarium,

165 1713 510 1794 supposita
531 1713 811 1776 efficacia
825 1715 1088 1791 umoris3
1113 1717 1524 1780 nihilomiuus
1541 1724 1754 1782 tamen

161 1823 370 1886 posse
409 1807 804 1870 voluntatem
846 1809 1085 1873 hebere
1117 1810 1276 1874 ulios
1309 1818 1488 1874 setus
1524 1811 1754 1876 liberos

164 1918 251 1962 ex
273 1900 434 1962 aliis
459 1901 712 1963 motivis
739 1903 906 1964 eines
933 1902 1088 1965 illud
1115 1903 1285 1966 idem
1315 1905 1660 1985 objectum,
1691 1911 1754 1968 et

165 1994 566 2074 exteriorem
609 2000 846 2056 actum.
893 1996 1030 2057 Imo
1069 1995 1131 2057 in
1171 1997 1446 2077 ipsomet
1479 2005 1626 2062 actu
1663 1999 1752 2060 sie

159 2092 526 2166 praeeepto,
557 2091 768 2166 potest
795 2105 872 2150 ex
900 2107 1016 2149 sua
1041 2087 1336 2152 libertate
1357 2093 1538 2172 quasi
1565 2110 1756 2172 snpra

157 2179 392 2258 ipsum
415 2179 743 2258 objectum
761 2181 1024 2260 reflecti,
1047 2190 1112 2246 et
1139 2184 1390 2264 proeeise
1412 2185 1572 2248 velle
1599 2187 1756 2249 iliud

158 2277 446 2351 propter
461 2275 1086 2353 sunmfflhonestntetm
1117 2279 1296 2356 quusi
1322 2277 1440 2339 sub
1462 2278 1582 2342 hae
1603 2297 1754 2342 oon-

159 2363 420 2428 ditione
449 2366 554 2428 vei
579 2367 832 2440 affectu,
868 2369 1126 2446 scilieet,
1171 2371 1362 2433 etium
1393 2373 1444 2433 si
1471 2389 1616 2435 eum
1646 2374 1752 2435 ilio

159 2475 306 2519 non
337 2465 513 2520 esoet
537 2461 874 2540 conjuncta
905 2463 1247 2526 necessitas
1274 2467 1568 2544 praecepti
1589 2509 1612 2542 ,
1649 2467 1752 2528 vel

161 2551 376 2612 etiam
406 2551 462 2612 si
491 2552 852 2633 simpliciter
881 2573 1009 2616 non
1051 2563 1220 2619 esset
1246 2559 1640 2621 neeessariam
1667 2561 1751 2622 ad

165 2644 468 2705 divinum
495 2661 802 2711 amorem.
835 2647 910 2709 Et
933 2648 1036 2710 hic
1052 2649 1310 2711 ultimus
1329 2651 1556 2712 modus
1581 2669 1755 2714 exer-

169 2735 369 2800 cendi
405 2737 794 2814 libertatem,
835 2744 966 2802 tam
995 2741 1377 2805 intrinsecus
1409 2751 1504 2807 est
1529 2744 1754 2807 volun-

171 2831 320 2904 tati,
349 2837 613 2910 tumque
642 2831 968 2903 honestus,
1001 2840 1224 2898 utnon
1251 2837 1452 2917 possit
1479 2838 1756 2900 rationa-

173 2924 296 2986 bili
323 2931 644 3004 praeeepto
671 2924 1004 3004 impediri3
1045 2929 1194 3006 quia
1223 2945 1344 2992 nee
1366 2929 1520 3010 fingi
1550 2935 1756 3010 potest

177 3024 252 3080 nt
297 3035 420 3096 per
455 3026 840 3098 preceptum
880 3025 1142 3099 cogatur
1176 3022 1466 3084 voluntas
1497 3024 1584 3085 ad
1621 3023 1758 3086 effi-

179 3111 484 3172 ciendam
506 3129 766 3172 omnem
787 3111 1146 3191 hujusmodi
1174 3115 1581 3178 reflexionem
1603 3117 1756 3179 lihe-

178 3223 322 3266 ram
346 3251 392 3280 ,.
421 3221 614 3284 quum
641 3204 809 3268 eires
837 3211 1014 3268 aetus
1048 3223 1198 3270 suos
1225 3208 1472 3271 efficere
1501 3217 1708 3290 potest
1731 3231 1747 3285 ;

181 3301 336 3379 quia
379 3299 448 3360 in
488 3299 852 3378 hujusmodi
881 3300 1068 3362 modo
1098 3303 1402 3382 operandi
1425 3304 1616 3368 habet
1649 3323 1758 3367 vo·

183 3394 407 3454 luntas
427 3391 806 3457 infinitatem
841 3395 1178 3474 quomdam
1205 3442 1222 3471 ‚
1267 3403 1342 3457 ut
1377 3404 1536 3477 post·
1559 3397 1756 3476 quod-

183 3503 454 3566 eunque
469 3493 858 3566 praeoeptum
895 3488 1010 3550 sibi
1039 3488 1403 3568 impositum
1431 3492 1628 3570 possit
1655 3509 1754 3552 su-

186 3597 304 3660 pra
336 3579 552 3659 ipsum
577 3579 836 3652 reflecti,
875 3585 938 3642 et
964 3582 1384 3661 praescindere
1413 3584 1478 3644 in
1507 3584 1752 3664 objecto

181 3674 590 3734 honestatem
615 3691 652 3734 a
679 3675 1078 3748 necessitate,
1117 3681 1177 3736 et
1205 3675 1468 3738 alteram
1499 3677 1636 3738 sine
1664 3678 1754 3739 al-

181 3773 320 3828 tera
367 3769 630 3846 propter
683 3785 752 3828 se
803 3783 1050 3829 amare..
1103 3769 1240 3830 Non
1285 3775 1496 3848 potest
1539 3778 1750 3833 autem

183 3858 446 3938 praecipi
473 3857 802 3934 voluntati,
829 3864 898 3922 ut
922 3861 1104 3939 quasi
1129 3862 1458 3926 exhauriat
1475 3863 1642 3926 hane
1659 3868 1752 3925 to·

185 3957 314 4012 tam
339 3953 690 4031 potentiam
719 3970 934 4026 suanm
967 3958 1063 4016 est
1089 3953 1260 4016 enim
1281 3954 1748 4034 quasiinfinita,

187 4051 250 4108 et
271 4046 338 4108 in
363 4063 448 4106 ea
469 4063 601 4108 non
621 4045 812 4108 datur
827 4047 1090 4110 ultimus
1113 4053 1310 4123 aetus,
1337 4048 1450 4112 sed
1476 4067 1753 4130 quoeun-

186 4156 310 4218 que
337 4138 490 4202 dato
519 4145 724 4219 potest
745 4140 888 4202 dari
917 4140 1092 4204 alius.
1124 4143 1254 4204 Nee
1279 4159 1428 4205 vero
1455 4143 1609 4224 fingi
1634 4161 1753 4224 po-

185 4237 308 4294 test
345 4238 420 4294 ut
455 4249 574 4310 per
607 4238 994 4314 praeceptum
1029 4233 1409 4314 impediatur
1434 4237 1747 4312 volunteS,

185 4345 269 4389 ne
299 4326 666 4406 hujusmodi
692 4327 966 4389 liberum
1006 4327 1298 4390 affectum
1339 4329 1612 4408 habeat3
1653 4339 1753 4394 est

188 4420 358 4480 enim
391 4419 734 4481 intrinsece
765 4419 1072 4483 honestus
1099 4423 1414 4498 othonus,
1447 4429 1515 4485 et
1537 4423 1752 4486 ohser-

185 4513 506 4574 vationem
531 4511 802 4574 aliorum
834 4519 1294 4594 praeoeptorum
1336 4515 1596 4578 minime
1632 4516 1744 4578 im-

186 4605 450 4685 pediens
481 4650 498 4680 ,
541 4605 712 4668 unde
735 4620 870 4670 non
897 4611 994 4668 est
1021 4625 1134 4670 our
1157 4607 1506 4690 prudenter
1536 4609 1752 4689 prohi-

187 4699 436 4762 beatur.
467 4699 548 4760 Et
563 4698 706 4761 haeo
724 4699 1019 4762 videntur
1041 4701 1328 4764 sufficere
1351 4702 1432 4765 de
1455 4704 1751 4782 praesenti

191 4792 554 4859 diffieuinte
571 4837 591 4868 ,
637 4811 778 4874 quae
797 4840 816 4869 ,
863 4793 1010 4856 licet
1035 4793 1385 4876 legentium
1412 4795 1620 4858 studio
1643 4813 1750 4858 sa-

190 4889 268 4948 tis
301 4886 500 4950 muita
532 4891 597 4947 et
627 4886 870 4967 prolixa
901 4885 1102 4950 videri
1141 4889 1420 4969 possint,
1460 4891 1618 4952 mihi
1657 4900 1752 4952 tu·

191 4999 370 5054 men,
415 4997 536 5058 pro
559 4981 654 5042 rei
680 4981 1046 5043 difficultate
1075 4987 1137 5044 et
1163 4981 1505 5060 dignitate,
1549 5000 1750 5064 pauca

193 5090 327 5136 esse
353 5073 686 5150 videntur-3
719 5091 860 5154 quoe
879 5075 1226 5153 generatim
1249 5075 1439 5136 etiam
1462 5076 1749 5138 conferre

193 5171 446 5247 possent
484 5166 573 5228 ad
614 5166 1096 5247 intelligendum
1135 5169 1452 5247 quommio
1479 5168 1750 5231 liberum

196 5260 526 5324 arbitrium
547 5266 806 5322 monent
837 5262 906 5320 in
932 5260 1156 5334 beatis,
1185 5277 1315 5322 non
1344 5261 1751 5326 obstante-di-

195 5355 334 5416 vine.
372 5352 654 5430 visione,
703 5359 768 5416 et
797 5354 907 5416 Dei
937 5371 1186 5428 amore,
1237 5371 1366 5433 quo
1396 5354 1750 5418 redduntur

197 5447 526 5516 inu-inme
555 5447 1018 5528 impeccabiles.

1842 1342 2245 1406 terminatam
2276 1343 2359 1404 ad
2388 1345 2779 1425 operandum
2816 1363 2895 1408 eo
2938 1345 3125 1408 modo
3166 1359 3293 1424 quo
3320 1343 3407 1406 vi-

1839 1434 2033 1497 debat
2080 1453 2151 1498 se
2200 1445 2635 1516 operaturam,
2668 1439 2815 1516 quia
2862 1438 3119 1500 videbat
3164 1455 3231 1500 se
3275 1455 3405 1500 non

1837 1547 2027 1610 posse
2054 1531 2348 1592 resistere
2374 1530 2461 1592 ini
2490 1531 2834 1611 cognitioni
2850 1553 2871 1606 ;
2902 1549 3053 1612 ergo
3092 1529 3271 1592 nulla
3298 1549 3397 1592 re·

1835 1621 1985 1684 lietu
2004 1621 2119 1684 fuit
2146 1623 2563 1686 indifferentia
2596 1624 2661 1686 in
2690 1623 2799 1686 ilia
2818 1623 3157 1686 voluntate.
3184 1625 3403 1704 Neque

1837 1715 2007 1777 enim
2038 1715 2139 1777 hie
2163 1713 2356 1780 hebet
2382 1715 2593 1779 looum
2624 1717 2751 1778 ulla
2782 1715 3202 1780 indifferentia
3230 1733 3405 1778 sum-

1835 1814 1941 1890 pta
1970 1825 2049 1870 ex
2074 1809 2579 1880 circumstantiis,
2614 1811 2716 1872 vel
2750 1830 2828 1873 ex
2860 1811 3107 1872 motivis
3128 1810 3403 1888 objecto·

1833 1917 2001 1976 rum,
2018 1901 2215 1964 velex
2236 1902 2579 1966 reflexione
2599 1910 2877 1978 actuum,
2898 1904 3069 1983 quie,
3092 1901 3405 1982 quidquid

1835 1993 1902 2056 in
1931 1991 2053 2055 hoc
2080 2013 2317 2075 genere
2348 1995 2627 2060 futurum
2664 2003 2823 2070 erut,
2864 2002 3064 2058 totum
3112 2001 3245 2058 erat
3286 1994 3403 2058 de-

1835 2088 2243 2150 terminatum
2290 2089 2355 2151 in
2397 2089 2503 2150 illa
2550 2091 2811 2153 visione.
2844 2091 2921 2154 Et
2948 2089 3167 2168 augeri
3197 2095 3405 2168 potest

1834 2179 1975 2242 haec
2008 2181 2343 2244 difficultas
2370 2201 2449 2244 ex
2478 2200 2669 2262 supro
2700 2184 2881 2246 dietis
2902 2231 2917 2254 ,
2951 2184 3099 2262 quia
3146 2199 3275 2244 non
3304 2199 3403 2244 so-

1835 2271 1971 2334 lum
1996 2273 2504 2338 videbatChristi
2533 2276 2741 2338 anima
2772 2277 2928 2356 quid
2962 2274 3229 2354 singulis
3268 2291 3402 2337 mo-

1833 2368 2067 2428 mentis
2086 2373 2304 2428 actum
2324 2374 2481 2444 erat,
2505 2369 2619 2431 sed
2639 2369 2827 2432 etiam
2848 2367 3243 2431 videbethoe
3260 2384 3402 2430 esse

1834 2476 1872 2520 a
1897 2457 2029 2520 Deo
2066 2459 2642 2539 proedetinitum‚.et
2684 2480 2755 2524 se
2790 2461 3051 2524 minime
3079 2477 3265 2541 posse
3292 2464 3405 2524 out

1833 2551 1944 2614 tali
1960 2551 2213 2614 decreto
2224 2553 2333 2614 Dei
2347 2571 2727 2634 repugnare,
2740 2557 2995 2616 autnon
3018 2552 3397 2616 consentire.

1834 2643 2041 2720 nicee,
2070 2642 2236 2722 hune
2271 2645 2705 2710 difficultatem
2732 2647 3087 2710 coincidere
3118 2663 3263 2710 cum
3294 2644 3401 2708 illa

1836 2736 2079 2817 vulgari
2122 2737 2201 2802 de
2252 2739 2515 2802 scientia
2562 2741 2673 2804 Dei
2714 2746 3007 2821 respectu
3044 2745 3401 2802 nostrorum

1835 2836 2111 2894 actuum.
2153 2831 2279 2894 Sed
2320 2851 2450 2894 non
2476 2835 2565 2896 ite.
2596 2839 2728 2912 est3
2771 2834 3031 2898 seientia
3080 2833 3247 2896 enim
3288 2831 3403 2894 Dei

1839 2929 1934 2986 est
1962 2923 2145 2986 nobis
2174 2925 2561 3002 extrinseca3
2604 2927 2795 2998 uncle,
2848 2927 2995 2990 lieet
3032 2927 3201 2988 Deus
3248 2924 3403 2988 sciat

1837 3016 1992 3096 quid
2020 3035 2137 3097 ego
2166 3020 2283 3080 sim
2314 3024 2595 3096 noturus,
2636 3020 2779 3082 telis
2814 3020 3075 3084 seientia
3120 3037 3250 3080 non
3292 3017 3403 3080 de-

1834 3110 2063 3174 termin
2070 3117 2133 3172 at
2148 3129 2357 3175 meam
2373 3113 2757 3176 voluntatem
2780 3113 2861 3176 ad
2880 3113 3039 3178 illud
3054 3110 3395 3193 agendum.

1836 3204 2109 3268 Scientia
2148 3223 2299 3266 vero
2346 3207 2575 3268 animae
2620 3206 2843 3270 Christi
2888 3213 3023 3270 erat
3060 3205 3401 3270 intrinseca

1837 3296 2161 3376 dispositio
2194 3297 2387 3377 ipsius
2433 3299 2781 3381 operantis;
2824 3299 3147 3380 dispositio
3184 3301 3400 3362 autem

1837 3391 1937 3452 vel
1972 3390 2279 3478 judicium
2328 3392 2606 3456 existens
2654 3394 2719 3454 in
2768 3394 3033 3472 alicujus
3076 3391 3398 3456 intellectu

1835 3483 2029 3547 habet
2050 3485 2175 3546 vim
2196 3486 2491 3566 movendi
2512 3491 2577 3548 et
2602 3487 2959 3567 applicandi
2986 3481 3368 3550 voluntatem
3376 3501 3397 3562 ;

1835 3576 2031 3653 unde,
2063 3578 2116 3640 si
2142 3578 2269 3640 tale
2299 3585 2395 3642 est
2422 3585 2493 3640 nt
2516 3578 2809 3641 voluntas
2834 3597 2965 3642 non
2984 3580 3179 3659 possit
3196 3577 3283 3641 illi
3304 3593 3399 3640 re-

1833 3689 2157 3751 pugnare,
2190 3671 2439 3734 videtur
2482 3673 2741 3734 omnino
2774 3673 2946 3734 illam
2981 3670 3398 3734 determinare

1833 3763 1916 3827 ad
1939 3782 2159 3837 unum,
2190 3770 2379 3844 atque
2409 3765 2569 3828 adeo
2606 3765 2828 3828 tollere
2850 3765 3226 3828 libertatem.

1914 3860 1974 3919 2.
2006 3859 2148 3920 Haee
2176 3864 2385 3922 tamen
2417 3858 2747 3922 difficultas
2774 3859 3026 3922 brevius
3046 3877 3235 3938 quam
3255 3857 3393 3920 alioe

1836 3949 2117 4029 expediri
2154 3955 2387 4029 potest.
2442 3951 2595 4014 Dico
2642 3952 2811 4014 enim
2857 3952 3028 4014 illam
3068 3950 3395 4018 scientiam

1832 4043 2089 4106 visionis
2120 4043 2345 4108 animae
2388 4042 2615 4108 Christi
2637 4090 2653 4119 ‚
2700 4051 2889 4125 prout
2914 4045 3288 4108 terminatur
3312 4043 3399 4106 ad

1835 4141 2015 4198 aetus
2032 4154 2191 4217 quos
2212 4137 2435 4201 Christi
2460 4137 2751 4202 voluntas
2776 4139 3077 4204 effectura
3096 4142 3216 4211 est,
3242 4152 3394 4218 ιιι-ω-

1833 4247 2192 4310 supponere
2220 4230 2365 4292 illos
2390 4237 2567 4294 aetus
2596 4249 2735 4294 esse
2762 4231 3002 4294 futuros
3015 4247 3038 4309 3
3072 4249 3201 4292 non
3224 4230 3394 4294 enim

1831 4322 1977 4384 ideo
2010 4321 2203 4383 futuri
2250 4329 2397 4385 sunt
2440 4324 2591 4403 quia
2626 4324 2953 4400 videntur,
2983 4323 3095 4386 sed
3132 4323 3277 4384 ideo
3304 4322 3393 4384 vi-

1831 4415 2067 4480 demur
2086 4416 2233 4496 quia
2274 4417 2470 4480 futuri
2497 4423 2663 4480 sunt.
2689 4419 2781 4480 Ex
2806 4435 2937 4499 quo
2964 4419 3247 4496 sequitur
3272 4417 3394 4497 pri·

1831 4527 1959 4583 mo,
1990 4525 2131 4572 eom
2158 4510 2485 4574 seientiam
2507 4516 2575 4573 ut
2600 4511 2689 4574 sic
2715 4527 2847 4574 non
2876 4529 3015 4574 esse
3046 4529 3123 4574 ex
3142 4511 3220 4572 iis
3246 4527 3394 4591 sup-

1830 4603 2249 4685 positionibus
2279 4621 2422 4683 quee
2452 4605 2707 4668 omnino
2736 4604 3119 4668 antecedunt
3138 4604 3394 4668 libertu-

1830 4703 1962 4760 tem
1985 4697 2085 4758 vel
2114 4713 2298 4760 usum
2328 4697 2497 4776 ejus,
2528 4697 2639 4762 sed
2672 4697 2877 4778 potius
2902 4715 2981 4762 ex
3010 4699 3085 4760 iis
3122 4715 3263 4775 quoe
3287 4698 3389 4758 in·

1829 4791 2089 4853 volvunt
2113 4790 2215 4851 vel
2238 4795 2605 4872 supponunt
2630 4791 2897 4854 liberum
2925 4789 3395 4854 determinatio·

1831 4899 1981 4946 nem
2008 4885 2328 4963 potentiss,
2358 4883 2461 4946 vel
2488 4890 2558 4946 ut
2588 4892 2735 4946 actu
2764 4884 3165 4958 existentem,
3194 4883 3298 4948 vel
3326 4889 3397 4945 ut

1830 4977 2129 5040 futuram.
2178 4979 2609 5058 Proesupponit
2646 4978 2816 5040 enim
2857 4977 3027 5039 illem
3054 4977 3250 5055 visio,
3279 4993 3395 5039 vo-

1831 5070 2137 5132 luntatem
2156 5069 2380 5134 Christi
2403 5071 2537 5134 fore
2563 5070 3107 5134 determinandam
3130 5071 3211 5133 ad
3234 5071 3393 5140 tales

1835 5172 2033 5240 actae,
2080 5171 2147 5228 et
2186 5164 2329 5227 ideo
2375 5165 2515 5227 illos
2550 5166 2827 5228 intuetur
2839 5187 2860 5241 3
2904 5171 2969 5227 et
3014 5165 3219 5244 quood
3271 5164 3394 5230 hoo

1835 5259 2057 5322 eadem
2092 5265 2192 5322 ost
2217 5258 2375 5320 ratio
2396 5257 2479 5319 de
2502 5257 2611 5320 illa
2637 5265 2701 5320 et
2738 5259 2820 5321 de
2842 5259 3103 5322 seientia
3136 5258 3271 5321 Dei.
3302 5259 3394 5322 Ex

1831 5371 1960 5434 qno
2002 5351 2267 5414 eflicitur
2316 5349 2616 5426 seeundo,
2667 5351 2841 5414 illam
2888 5351 3218 5414 scientiam
3264 5367 3391 5414 non

1827 5463 2017 5527 posse
2040 5443 2367 5508 destruere
2390 5443 2703 5525 seipsam,
2722 5444 2823 5508 vel
2842 5461 3026 5510 suum
3050 5443 3389 5526 obiectum,
