3892 6167
1376 337 1610 405 QUAEST.
1644 335 1773 390 xvt.
1808 335 2011 389 Anne.
2050 339 2088 391 1.

239 453 291 512 6.
338 445 591 526 objectio
622 442 933 526 prima.--
952 440 1301 522 Responsio.
1324 473 1407 488 —
1428 438 1694 518 objectio

166 543 413 608 secunda.
438 571 521 586 -
542 537 896 618 Responsio.
922 525 1007 584 ’-
1030 535 1149 598 Sed
1203 535 1414 615 objicit
1453 535 1696 595 Duran-

168 639 287 704 du8‚
332 651 475 694 nam
517 633 598 692 de
652 633 825 692 Petro
872 629 1123 706 dicitur,
1156 631 1347 706 home,
1378 647 1491 708 per
1530 647 1596 690 se
1632 631 1695 688 et

166 725 573 794 essentialiter,
600 723 681 784 de
705 725 832 784 Deo
868 727 1080 784 autem
1112 724 1291 802 quasi
1326 721 1695 784 denomina-

168 825 316 890 tive;
364 836 513 896 ergo
569 835 701 878 non
746 823 879 878 tam
928 817 1201 896 proprie.
1264 816 1695 896 Respondetur

166 912 479 996 (quidquid
510 912 590 973 sit
616 911 695 972 de
718 909 1145 984 antecedenti,
1179 911 1258 972 de
1284 929 1408 990 quo
1442 910 1691 987 statim)

164 1007 425 1084 negando
454 1004 975 1083 consequentiam
997 1026 1015 1080 ;
1035 1009 1241 1084 potest
1270 1004 1439 1066 enim
1466 1020 1693 1084 propo-

166 1103 281 1164 sitio
315 1117 447 1160 esse
491 1099 752 1158 omnino
782 1099 1035 1176 propria
1064 1098 1128 1158 in
1159 1113 1533 1178 quacunque
1564 1113 1695 1157 ma·

168 1197 329 1266 teria,
360 1193 519 1254 etin
564 1209 945 1272 quacunque
985 1193 1284 1272 qualitate
1326 1191 1697 1274 propositio·

166 1289 263 1355 nis,
290 1286 335 1346 si
358 1293 571 1346 tamen
600 1292 809 1349 servet
831 1287 1145 1366 propriam
1174 1285 1695 1364 significationem

167 1381 565 1452 terminorum,
592 1386 657 1442 et
686 1379 960 1440 debitam
982 1381 1416 1442 habitudinem
1448 1395 1691 1440 eorum.

166 1477 304 1536 Sic-nt
338 1481 463 1534 tam
492 1473 754 1554 propria
797 1481 893 1536 est
939 1475 1092 1547 haec,
1122 1475 1322 1536 Homo
1364 1478 1456 1537 est
1498 1473 1692 1542 albus,

168 1569 299 1627 sicut
340 1567 492 1641 haee,
527 1567 735 1628 Homo
768 1572 858 1632 est
885 1567 1121 1631 anima-l
1140 1613 1160 1644 ,
1190 1567 1473 1646 quamvis
1500 1565 1696 1626 altera

164 1661 227 1720 sit
252 1659 711 1720 denominativa
760 1667 822 1721 et
866 1660 932 1722 in
974 1661 1235 1722 materia
1285 1658 1691 1737 contingenti,

168 1756 331 1814 altera
359 1751 715 1814 essentialis
750 1761 813 1814 et
848 1753 912 1814 in
942 1753 1203 1816 materia
1248 1753 1539 1814 naturali.
1572 1751 1696 1814 Sed

164 1854 315 1928 urget
335 1845 691 1918 DuranduS‚
724 1847 873 1927 quia
900 1849 965 1909 in
992 1847 1277 1910 terminis
1321 1847 1692 1908 substantia·

164 1941 297 2002 libus
342 1939 845 2020 significantibus
892 1940 1170 2003 diversas
1220 1946 1517 2014 naturaS,
1566 1959 1693 2000 non

162 2041 331 2114 potest
357 2035 491 2096 fieri
518 2035 784 2114 propria
812 2033 1173 2116 praedicatio
1206 2035 1394 2096 unius
1424 2033 1501 2095 de
1531 2033 1653 2095 alio
1672 2078 1689 2109 ‚

164 2130 470 2207 praesertim
490 2129 543 2190 si
572 2129 707 2190 sint
729 2129 977 2190 termini
1005 2129 1297 2204 absoluti,
1317 2134 1378 2190 et
1398 2147 1525 2189 nou
1547 2145 1695 2189 con-

162 2221 415 2294 notatisi,
461 2229 525 2280 et
576 2219 939 2301 significent
988 2227 1247 2282 naturas
1285 2220 1595 2298 perfectas
1634 2224 1695 2280 et

164 2313 467 2392 specificae,
508 2321 581 2376 ut
626 2321 776 2378 sunt
800 2315 966 2376 Dens
996 2321 1057 2378 et
1084 2315 1299 2377 homo.
1334 2313 1695 2394 Responde·

164 2415 263 2480 tur,
284 2409 597 2485 negativas
621 2409 1083 2488 propositiones
1102 2407 1241 2470 fieri
1270 2408 1526 2470 omnino
1556 2425 1694 2486 pro·

165 2501 302 2580 piias
324 2520 397 2564 ex
425 2503 797 2583 hujusmodi
830 2504 1133 2579 terminiS,
1166 2510 1236 2564 ut
1264 2521 1408 2564 cum
1443 2501 1688 2572 dicitur,

166 2594 329 2654 Homo
352 2613 463 2656 non
496 2602 590 2659 est
619 2614 830 2676 equus,
864 2597 1011 2674 quia
1039 2595 1467 2676 propriissime
1501 2593 1693 2673 signi-

166 2685 373 2760 fleatur,
416 2689 818 2768 suppositum
863 2691 1046 2772 uni-us
1088 2696 1328 2752 naturae
1377 2707 1507 2749 non
1554 2705 1693 2748 esse

168 2781 509 2858 suppositum
533 2782 819 2844 alterius,
837 2783 913 2844 Et
942 2789 1296 2863 propterca,
1326 2779 1695 2842 naturaliter

168 2873 464 2952 loquendo,
494 2877 889 2940 affirmativae
922 2879 1381 2958 propositIOnes
1415 2895 1491 2938 ex
1524 2875 1695 2938 sirni-

170 2967 299 3026 libus
338 2971 618 3030 terminis
661 2971 1059 3050 compositas,
1091 2991 1221 3032 non
1259 2976 1521 3048 possunt
1552 2987 1691 3030 esse

114 3121 121 3126 .
169 3079 321 3136 verre,
350 3063 489 3140 quia
517 3083 654 3124 non
698 3070 899 3144 potest
932 3083 1070 3125 esse
1102 3065 1267 3126 idem
1300 3063 1692 3144 suppositum

172 3155 447 3234 utriusque
484 3165 734 3220 naturae
757 3178 772 3230 ;
799 3159 1051 3236 tamen,
1088 3159 1138 3220 si
1186 3159 1515 3219 veritatem
1548 3173 1693 3236 pro-

171 3249 450 3324 positionis
490 3271 525 3312 ει
560 3249 1023 3330 significatione
1056 3252 1307 3330 propria
1339 3250 1691 3328 distingua-

172 3357 304 3414 muS,
328 3343 503 3404 ctiam
534 3345 681 3405 haee
709 3345 1047 3424 propositio
1072 3343 1464 3419 affirmativa,
1490 3343 1693 3404 Homo

173 3440 237 3495 est
262 3453 446 3515 equus,
479 3437 737 3518 proprie
773 3437 1115 3516 significat,
1148 3437 1316 3497 idem
1360 3454 1498 3498 esse
1545 3455 1693 3516 sup-

172 3527 399 3602 positum
445 3534 694 3592 naturae
742 3531 1036 3590 humanae
1069 3535 1131 3591 et
1174 3531 1421 3610 equinae
1445 3576 1460 3605 ‚
1495 3547 1695 3609 quan-

175 3633 324 3694 quam
352 3621 460 3684 hoc
486 3623 721 3684 falsum
752 3623 850 3684 sit.
870 3625 958 3684 Ac
986 3631 1341 3702 propterea,
1371 3623 1690 3702 supposito

180 3717 421 3789 mysterio
442 3715 918 3793 incarnationiS,
940 3717 1176 3794 absque
1198 3717 1544 3779 mutatione
1565 3717 1693 3777 ulla

182 3801 299 3867 facta
348 3809 409 3870 in
468 3810 1033 3892 significationibus
1080 3812 1493 3872 terminorum
1514 3857 1531 3884 ,
1586 3811 1691 3873 illa

180 3903 488 3981 propositio,
530 3907 701 3968 Deus
743 3910 835 3968 est
883 3905 1051 3967 homo
1074 3949 1093 3980 ,
1139 3911 1198 3966 et
1226 3905 1477 3984 propria
1509 3908 1693 3968 estet

178 4009 311 4069 vera,
336 3997 471 4074 quia
493 4017 613 4078 per
631 3997 803 4058 illam
826 3997 1077 4078 proprIe
1108 3997 1496 4078 signlficatur
1523 3997 1691 4059 idem

181 4101 285 4146 esse
308 4093 686 4170 suppositum
718 4089 1039 4172 utriusque
1070 4099 1309 4152 naturae
1336 4137 1353 4168 ‚
1387 4089 1557 4170 quod
1589 4109 1691 4152 ve-

178 4189 417 4244 mmem.

242 4275 290 4332 ἵ.
331 4273 575 4353 objectio
620 4277 825 4344 tertia.
853 4309 937 4324 —
959 4277 1307 4358 Responsio.
1329 4278 1549 4340 -Sed
1579 4274 1687 4338 ur-

181 4371 262 4438 get
284 4370 516 4430 tandem
545 4371 901 4444 DuranduS‚
928 4373 1075 4452 quia
1106 4373 1269 4432 Deus
1298 4371 1521 4432 dieitur
1548 4389 1689 4450 pro·

182 4459 284 4532 prie
309 4460 709 4538 humanatu53
738 4483 887 4544 ergo
910 4483 1032 4524 non
1062 4466 1143 4526 ita
1169 4464 1420 4544 proprie
1449 4463 1691 4524 dicetur

183 4544 353 4624 home,
390 4556 529 4632 quia
556 4556 726 4618 idem
761 4559 1066 4618 terminus
1110 4557 1531 4620 substantialis
1561 4574 1689 4617 non

186 4649 351 4716 potest
375 4655 627 4728 utroque
658 4649 849 4711 modo
872 4695 891 4726 ,
933 4658 994 4711 et
1041 4669 1219 4730 aeque
1250 4651 1499 4730 proprie
1537 4665 1691 4729 prae-

187 4731 341 4798 dicari
380 4739 452 4802 de
495 4743 717 4804 codem
762 4743 1065 4823 subjecte.
1099 4744 1533 4824 Respondetur
1578 4761 1691 4804 ne-

190 4831 354 4902 gando
380 4837 907 4916 consequentiam,
940 4843 1001 4900 et
1024 4839 1465 4918 probationem
1504 4839 1641 4916 ejus
1666 4855 1681 4908 ;

1776 441 2006 496 natura
2033 443 2092 498 et
2121 436 2270 500 unio
2302 439 2428 500 sint
2451 437 2916 512 substantialem
2941 440 3170 504 modus
3189 461 3346 524 prse-

1777 528 2106 591 dicationis
2150 537 2212 591 et
2255 531 2784 595 denominationis
2833 541 2928 597 est
2963 540 3267 616 tanquam
3310 557 3351 600 a

1774 620 1978 682 forma
2009 624 2349 688 adventitia
2382 633 2442 687 et
2471 635 2768 689 extranea
2796 673 2810 701 ,
2846 631 2908 690 et
2953 628 3094 692 ideo
3115 679 3134 702 ,
3191 631 3350 694 sieut

1776 732 1941 792 aqua
1971 735 2098 777 non
2132 717 2338 780 solum
2375 719 2600 781 dieitur
2629 720 2853 795 calida,
2883 721 2997 782 sed
3027 723 3219 785 etiam
3239 741 3344 786 ea-

1774 807 2024 883 lefacta‚
2055 811 2144 872 ita
2159 812 2437 875 Verbum
2459 833 2588 874 non
2611 820 2857 878 tantum
2883 815 3109 877 dicitur
3125 817 3341 897 homo,

1775 902 1887 964 sed
1933 903 2124 965 etiam
2161 904 2600 969 humanatum.
2636 907 2838 984 Adde,
2869 908 3034 971 hanc
3064 909 3347 974 denomi-

1773 997 2094 1059 nationem
2125 1017 2254 1059 non
2283 1001 2537 1080 proprie
2584 1002 2750 1062 sumi
2777 1001 2859 1064 ab
2893 1001 3032 1082 ipsa
3060 1004 3346 1066 humani·

1776 1095 1903 1152 tate
1942 1093 2014 1152 ut
2043 1090 2154 1167 sie,
2188 1093 2302 1154 sed
2329 1091 2410 1154 ab
2439 1094 2699 1168 unione,
2744 1113 2779 1156 a
2810 1113 2934 1174 qua
2971 1096 3206 1175 optime
3241 1097 3350 1160 de·

1775 1183 2140 1245 nominatur
2189 1187 2609 1265 suppositum,
2653 1189 2752 1250 cui
2799 1188 3160 1252 humanitas
3208 1192 3348 1254 uni-

1776 1282 1900 1352 tur,
1946 1295 2076 1339 non
2107 1295 2253 1340 vero
2285 1280 2455 1358 quod
2483 1297 2598 1362 per
2637 1281 2840 1361 ipsam
2885 1283 3248 1363 simpliciter
3275 1285 3343 1347 in

1779 1387 1917 1431 esse
1949 1372 2384 1446 constituitur;
2420 1381 2482 1436 et
2510 1374 2652 1437 ideo
2691 1377 2909 1439 Petrus
2945 1395 3075 1439 non
3117 1379 3344 1442 dieitur

1778 1463 2178 1540 humanatae,
2214 1468 2385 1546 quod
2432 1475 2644 1532 tamen
2697 1471 2948 1550 proprie
3000 1470 3228 1534 dicitur
3263 1473 3344 1534 de

1779 1557 1932 1618 Filio
1962 1559 2112 1633 Dei;
2144 1561 2224 1621 ab
2253 1561 2390 1642 ipsa
2415 1579 2564 1623 vero
2592 1563 2982 1625 humanitate
3005 1571 3344 1644 utrumque

1780 1655 2178 1733 suppositum
2200 1659 2453 1738 proprie
2479 1659 2926 1720 denominatur
2949 1659 3164 1724 homo,
3197 1661 3348 1725 Pro-

1777 1749 1984 1827 prium
2028 1767 2178 1810 vero
2226 1750 2635 1830 praedicatum
2682 1750 3218 1815 denominativum
3261 1753 3345 1817 ab

1776 1841 2169 1904 humanitate
2219 1851 2562 1923 sumptum,
2625 1849 2792 1907 esset
2843 1845 3192 1907 humanum
3210 1863 3231 1925 3
3282 1853 3346 1910 et

1776 1933 1894 1994 hoe
1920 1941 2016 1996 est
2043 1935 2436 2016 ambiguum,
2469 1955 2620 1999 nam
2647 1937 2967 2000 interdum
2991 1958 3120 2001 non
3152 1939 3346 2002 sumi-

1776 2032 1878 2088 tur
1910 2027 2040 2088 hoec
2082 2029 2507 2092 denominatio
2555 2049 2592 2092 a
2641 2032 3036 2094 substantiali
3087 2041 3337 2111 natura,

1779 2121 1891 2182 sed
1917 2123 1999 2184 ab
2027 2123 2395 2186 accidentali
2427 2125 2835 2204 perfectione,
2863 2134 2926 2189 et
2953 2127 3122 2190 idem
3150 2131 3343 2210 signi-

1778 2216 1923 2276 ficat
1975 2217 2146 2295 quod
2194 2219 2530 2298 benignuS,
2561 2226 2708 2297 ete.;
2739 2220 3057 2283 interdum
3083 2241 3234 2285 vero
3262 2223 3346 2286 si-

1777 2307 2036 2388 gnificat
2063 2312 2461 2373 essentialem
2495 2313 2934 2390 differentiam,
2971 2327 3038 2377 ut
3072 2335 3214 2378 cum
3246 2317 3342 2379 di-

1776 2401 1937 2464 citur
1957 2409 2179 2465 natura
2200 2403 2507 2478 humana;
2530 2407 2844 2470 interdurn
2859 2427 3007 2471 vero
3029 2409 3341 2488 signifieat

1778 2497 2256 2561 substantialem
2281 2499 2854 2564 denominationem
2875 2521 3160 2584 personae
3190 2522 3341 2566 con-

1776 2591 2002 2654 stitutae
2027 2609 2142 2671 per
2181 2600 2497 2669 naturam,
2530 2601 2600 2656 ut
2642 2613 2784 2657 cum
2817 2597 3046 2659 dieitur
3073 2615 3341 2678 persona

1776 2687 2088 2760 humana;
2123 2705 2263 2766 quae
2310 2687 2498 2748 etiam
2543 2689 2970 2752 denominatio
3019 2692 3338 2770 aequivoca

1777 2797 1915 2841 esse
1946 2785 2173 2860 potest,
2198 2781 2552 2859 significare
2581 2785 2746 2844 enim
2768 2789 2975 2863 potest
3002 2801 3340 2864 personam

1773 2876 2091 2956 propriam
2123 2880 2184 2937 et
2213 2879 2688 2939 connaturalem
2715 2877 3145 2952 humanitatiS,
3181 2880 3343 2942 sicut

1774 2987 2044 3047 persona
2091 2969 2410 3048 angelica,
2455 2976 2518 3032 et
2557 2971 2676 3033 boc
2716 2971 2904 3034 modo
2951 2991 3080 3033 non
3131 2979 3341 3054 potest

1773 3061 1910 3122 haec
1959 3062 2384 3126 denominatio
2425 3063 2665 3127 Christo
2717 3065 2927 3128 tribui.
2979 3067 3112 3128 Alio
3149 3067 3339 3129 modo

1774 3155 2127 3235 significare
2167 3162 2375 3235 potest
2417 3175 2748 3238 personam
2788 3159 3230 3222 subsistentem
3277 3161 3342 3222 in

1770 3249 2187 3326 humanitate,
2209 3255 2272 3312 et
2293 3249 2410 3310 hoc
2431 3251 2619 3312 modo
2647 3251 2960 3314 interdum
2988 3253 3343 3333 appellatur

1772 3343 2049 3406 Christus
2109 3363 2378 3424 persona
2433 3345 2714 3406 humana
2736 3392 2755 3421 ,
2807 3347 2968 3408 sicut
3017 3348 3337 3424 Ambros„

1776 3439 1958 3518 epist.
1991 3439 2067 3498 40
2094 3483 2110 3509 ‚
2144 3435 2290 3498 dicit
2317 3437 2382 3497 in
2407 3437 2649 3500 Christo
2681 3457 2818 3500 esse
2863 3459 3196 3518 personam
3229 3439 3339 3501 lio-

1774 3530 1998 3607 minis3
2053 3537 2115 3592 et
2155 3531 2466 3606 Damaso„
2514 3531 2623 3592 lib.
2657 3533 2718 3606 3,
2769 3551 2824 3594 e.
2861 3535 2960 3608 lt,
3008 3533 3156 3594 dicit
3201 3551 3341 3595 esse

1774 3623 2162 3705 hypostasim
2193 3624 2419 3698 earnis,
2452 3631 2513 3686 et
2531 3625 2730 3686 Deum
2758 3633 2822 3687 et
2847 3627 3170 3688 hominem
3199 3645 3339 3689 esse

1776 3718 2069 3780 eumdem
2091 3725 2346 3798 propter
2364 3737 2652 3800 personae
2680 3720 3024 3798 unitatem3
3053 3721 3140 3781 sie
3171 3721 3340 3782 enim

1776 3831 1851 3873 ex
1868 3829 2074 3891 graeco
2103 3812 2474 3875 vertendum
2505 3819 2618 3885 est,
2644 3817 2706 3874 et
2729 3829 2857 3874 non
2876 3833 2890 3874 :
2912 3815 3174 3894 Propter
3198 3831 3338 3893 per-

1774 3923 2073 3967 sonarum
2110 3905 2436 3981 unionem,
2477 3911 2547 3969 ut
2575 3906 2741 3967 male
2781 3907 2966 3968 vertit
2990 3907 3240 3980 Bittius3
3275 3913 3338 3970 et

1772 4000 1857 4060 ita
1887 4001 2232 4078 loquuntur
2257 3999 2574 4061 interdum
2609 3999 2932 4078 Theologi‚
2962 4006 3030 4061 ut
3055 4004 3230 4078 patet
3258 4016 3338 4062 ex

1772 4094 2067 4174 Cajetano
2099 4111 2314 4175 supra,
2357 4111 2418 4171 q.
2451 4095 2513 4169 Ξ,
2545 4098 2662 4154 art.
2697 4097 2733 4155 5
2752 4114 2770 4168 3
2802 4099 2867 4154 et
2888 4092 3147 4168 Marsil.,
3177 4094 3239 4155 in
3273 4095 3334 4168 3,

1772 4205 1833 4268 q.
1864 4189 1924 4264 6,
1960 4193 2077 4248 art.
2121 4189 2181 4262 3,
2216 4185 2366 4248 dub.
2413 4189 2475 4264 3,
2522 4192 2584 4248 et
2609 4186 2769 4260 aliis,
2800 4203 2959 4265 quos
2985 4187 3149 4248 infra
3179 4185 3340 4250 refe-

1771 4299 1930 4357 ram,
1968 4285 2084 4341 art.
2119 4281 2228 4351 12;
2265 4285 2326 4340 et
2354 4279 2492 4341 haee
2517 4278 2680 4341 cirea
2704 4297 2930 4359 eorpus
2961 4280 3227 4343 articuli.

1851 4375 1911 4434 8.
1959 4373 2049 4435 Do
2097 4373 2392 4452 qualitate
2446 4373 2710 4451 ejusdem
2773 4372 3232 4452 propositionis.
3259 4403 3340 4422 -—

1772 4465 1943 4529 Circa
1977 4467 2245 4544 primum
2267 4472 2713 4546 argumentum
2737 4467 2810 4528 D.
2840 4468 3094 4529 Thomae
3121 4485 3342 4530 oecur-

1773 4561 1853 4621 rit
1898 4565 2188 4639 quartum
2227 4559 2486 4620 dubium
2521 4558 2598 4622 de
2647 4559 2947 4640 qualitate
2978 4565 3040 4623 et
3072 4562 3338 4624 materia

1771 4654 1959 4734 hujus
1985 4653 2424 4733 propositionis
2451 4669 2464 4713 :
2500 4655 2664 4716 Deus
2690 4659 2780 4716 ost
2809 4655 3001 4727 homo,
3035 4670 3139 4726 an,
3175 4655 3338 4717 scili·

1771 4754 1891 4822 eet,
1918 4748 1997 4807 sit
2015 4765 2126 4828 per
2155 4763 2221 4807 se
2251 4744 2350 4806 vel
2373 4763 2488 4826 per
2510 4745 2823 4819 accidens,
2854 4749 3212 4810 necessaria
3232 4749 3340 4812 vel

1770 4841 2162 4920 contingenS,
2190 4857 2340 4900 nam
2371 4841 2436 4900 D.
2467 4839 2741 4900 Thomas
2769 4839 2870 4901 hic
2901 4841 3084 4902 docet
3117 4857 3250 4904 esse
3269 4843 3336 4904 in

189 4922 321 4996 quia,
355 4925 487 4990 lieet
526 4931 629 4990 illa
678 4931 977 5010 procedat.
1005 4931 1069 4991 in
1096 4931 1379 5010 subjecto
1408 4931 1505 4992 vel
1536 4947 1683 5009 sup·
1764 4935 2027 4996 materia
2056 4932 2323 4993 naturali
2354 4938 2416 4993 et
2439 4951 2552 5012 per
2579 4951 2666 4993 se.
2701 4932 2872 4994 Idem
2895 4933 2960 4992 in
2991 4936 3051 5006 3,
3077 4933 3140 4995 d.
3175 4937 3235 5007 7,
3262 4951 3326 5014 q.

191 5015 370 5090 Posito,
399 5023 558 5098 quod
594 5041 707 5102 per
754 5024 1021 5084 formam
1063 5025 1425 5104 simpliciter
1455 5022 1683 5085 consti-

1767 5031 1826 5104 1,
1855 5033 1970 5089 art.
2003 5031 2060 5088 t.
2105 5025 2280 5088 Idem
2311 5024 2504 5105 Cajet.
2538 5026 2639 5086 hie
2668 5025 3006 5098 latissime:
3037 5034 3101 5089 et
3127 5027 3328 5104 Fert„

195 5109 343 5174 luitur
366 5115 422 5176 in
451 5137 557 5198 suo
591 5139 750 5193 esse,
784 5129 1146 5183 nontamen
1176 5123 1239 5182 in
1267 5121 1545 5202 subjecto
1572 5141 1683 5182 seu
1765 5123 1805 5183 4
1838 5121 1952 5182 lib.
2001 5126 2215 5182 contra
2259 5119 2473 5196 flent„
2505 5137 2558 5182 c.
2600 5121 2714 5193 453
2745 5117 3038 5193 menard,
3073 5121 3135 5182 in
3171 5122 3230 5193 3,
3264 5119 3331 5182 d.

198 5209 481 5284 supposito,
526 5214 693 5292 quod
724 5213 786 5275 in
820 5234 933 5276 suo
972 5234 1107 5276 esse
1147 5215 1510 5293 simpliciter
1538 5233 1688 5294 sup-

201 5297 397 5366 ponitur
421 5303 621 5367 formae
660 5326 769 5368 seu
812 5315 1049 5370 naturae
1076 5309 1419 5370 formaliter
1456 5309 1687 5388 signifi·

203 5393 317 5448 ratze
334 5411 429 5470 per
448 5397 867 5484 praedicatum,
894 5410 955 5464 et
973 5422 1087 5484 per
1113 5404 1286 5464 illam
1312 5403 1515 5464 solum
1540 5417 1689 5464 con-

206 5479 421 5547 stituitur
442 5488 500 5551 in
528 5494 634 5555 tali
660 5513 797 5557 esse
829 5497 1137 5576 specifice.
1166 5497 1321 5559 Nam
1351 5493 1688 5574 tunc,liect

1768 5219 1830 5291 7,
1862 5221 1975 5276 art.
2014 5218 2071 5290 1,
2095 5231 2155 5293 q.
2192 5218 2252 5288 1,
2283 5211 2362 5273 ad
2388 5213 2446 5274 3.
2481 5213 2988 5274 Fundamentum
3012 5215 3080 5274 D.
3105 5211 3329 5274 Thom.

1770 5315 1880 5381 est,
1928 5308 2075 5387 quia
2131 5305 2320 5366 homo
2375 5305 2601 5367 dieitur
2631 5305 2710 5367 de
2762 5305 2887 5367 Deo
2919 5312 3216 5382 tanquam
3249 5305 3332 5368 de

1770 5402 2090 5482 supposito
2115 5399 2408 5460 hnmanae
2431 5406 2706 5472 naturae3
2741 5413 2892 5478 ergo
2915 5397 3142 5460 dicitur
3168 5397 3330 5464 sicut

1770 5495 2008 5576 speeies
2031 5493 2110 5558 de
2135 5491 2457 5556 individuo
2486 5511 2502 5566 ;
2536 5507 2686 5572 ergo
2727 5507 2844 5572 per
2871 5505 2940 5552 se
2969 5497 3032 5553 et
3077 5489 3326 5572 quitidi-
