3892 6167
539 433 579 496 6
1787 431 2037 498 ‚QUAEST.
2071 431 2135 492 X.
2168 433 2372 490 ARTIC.
2407 435 2494 490 111.

541 537 776 604 Filium
798 533 1062 600 nominis
1082 535 1114 598 ?
1140 534 1370 615 quibus
1392 533 1989 618 interrogationibus
2015 535 2110 597 in-

549 631 686 712 quit
721 630 918 694 fuisse
965 628 1276 692 Christum
1308 647 1494 692 usum
1531 629 1610 690 ad
1655 627 2113 692 ostendendam

547 726 982 806 ignorantiam⁸
1027 724 1319 786 humanae
1367 730 1607 786 naturae
1621 769 1642 801 ,
1691 724 1927 786 scilicet
1947 767 1971 800 ,
2018 741 2115 788 se·

547 819 824 882 cundum
847 837 938 894 se,
973 820 1035 880 et
1061 818 1410 880 secundum
1437 816 1600 880 vires
1625 818 1740 880 sibi
1763 817 2107 894 naturales;

549 914 867 994 quomodo
896 912 1085 974 etiam
1113 912 1268 974 dixit
1295 911 1510 989 Basil.,
1546 930 1647 992 ep.
1677 914 1785 974 14¹
1819 913 1884 974 in
1907 913 2114 974 Evan-

551 1010 674 1090 gel.
693 1053 716 1086 ,
745 1007 1019 1070 voluisse
1061 1006 1378 1068 interdum
1407 1005 1721 1067 Christum
1775 1023 1906 1070 oum
1933 1007 2113 1089 iquo-

547 1104 828 1168 rantibus
851 1099 1199 1177 numerari,
1224 1103 1470 1184 propter
1491 1100 1794 1178 infirmos.
1826 1099 2113 1178 Denique

548 1197 774 1258 eadem
806 1194 1053 1256 videtur
1081 1211 1220 1256 esse
1245 1193 1547 1274 expositio
1575 1192 1886 1256 Ambrosii
1915 1209 2109 1274 super

547 1309 604 1353 c.
639 1294 716 1354 17
740 1291 946 1352 Lucae.
979 1289 1128 1361 Quae
1149 1288 1454 1370 expositio
1479 1286 1820 1367 probabilis
1847 1293 1963 1365 est,
1995 1285 2111 1350 sed

546 1403 674 1447 non
695 1382 844 1446 satis
864 1381 1342 1445 circumstantiae
1357 1381 1477 1444 loci
1499 1387 1946 1458 consentanea,
1963 1381 2112 1461 quia

549 1478 829 1541 Christus
855 1477 1001 1540 ideo
1030 1476 1182 1538 dixit
1210 1493 1278 1538 se
1306 1475 1574 1548 nescire,
1603 1480 1674 1536 ut
1703 1475 1982 1556 Apostoli
2018 1476 2112 1536 in-

547 1571 901 1650 telligerent
935 1571 1080 1632 ideo
1108 1588 1220 1632 eos
1249 1569 1327 1631 de
1354 1568 1462 1631 illo
1493 1569 1592 1631 die
1616 1587 1746 1630 non
1777 1569 2065 1632 docuisse
2085 1616 2108 1647 ,

548 1665 710 1727 sieut
732 1665 1208 1738 desiderabant;
1234 1664 1284 1724 si
1305 1669 1518 1724 autem
1543 1663 1778 1724 sciebat
1801 1681 1879 1724 ex
1897 1663 2112 1726 divina

547 1758 950 1833 revelatione,
983 1759 1270 1837 quamvis
1298 1757 1572 1820 nesciret
1598 1759 1875 1820 humana
1906 1757 2111 1820 scien-

548 1853 655 1926 tia,
689 1870 908 1915 eorum
935 1852 1222 1933 petitioni
1253 1870 1383 1915 non
1413 1851 1820 1916 satisfaceret.

631 1949 692 2010 8.
746 1946 978 2021 Quinta
999 1947 1312 2030 expositio.
1335 1977 1416 1994 -
1447 1945 1642 2011 Semta
1686 1946 2007 2029 expositio.
2031 1977 2115 1993 -

553 2043 630 2104 Et
677 2043 935 2121 propter
975 2041 1266 2103 eamdem
1314 2041 1624 2103 rationem
1661 2043 1871 2105 minus
1907 2042 2117 2122 placet

553 2136 774 2218 quinta
823 2136 1128 2216 expositio
1177 2137 1460 2218 Origenis
1508 2155 1734 2218 supra3
1769 2145 1830 2202 et
1861 2137 2115 2220 Chrys„

555 2231 726 2292 hom.
761 2229 838 2292 de
865 2231 1035 2291 Trin.
1071 2231 1110 2291 3
1129 2245 1150 2307 ;
1183 2236 1248 2294 et
1293 2231 1515 2312 Epiph.
1551 2233 1615 2293 in
1666 2233 2001 2309 Ancorato,
2052 2240 2117 2298 et

551 2325 708 2387 haer.
735 2327 849 2399 693
889 2330 952 2386 et
983 2325 1313 2400 Bernard.,
1345 2325 1388 2386 1.
1423 2326 1501 2387 de
1533 2329 1610 2388 12
1638 2327 1825 2390 Grad.
1861 2329 2113 2405 humil„

555 2420 661 2499 qni
691 2419 868 2480 aiunt
903 2416 1218 2480 Christum
1244 2418 1522 2482 locutum
1563 2437 1702 2482 esse
1737 2421 1816 2483 de
1853 2423 2116 2485 scientia

554 2512 852 2592 practica,
889 2513 1038 2592 quia
1065 2511 1350 2574 nondum
1384 2520 1750 2577 exercuerat
1780 2515 2113 2594 judicium,

559 2613 620 2670 et
660 2607 750 2668 ita
797 2624 927 2667 non
973 2605 1213 2668 sciehat
1249 2607 1522 2686 practice
1552 2607 1733 2670 illum
1761 2609 1965 2684 diem;
2000 2609 2117 2672 sed

556 2701 680 2761 hoc
707 2700 895 2762 etiam
935 2717 1067 2761 non
1103 2706 1238 2764 crat
1264 2699 1346 2760 ad
1387 2717 1545 2775 rem,
1594 2701 1723 2764 imo
1771 2719 1891 2765 nec
1935 2705 2121 2766 Pater

557 2793 796 2854 sciebat
807 2794 1060 2873 proprie
1071 2793 1176 2856 illo
1200 2793 1411 2856 mod0.
1440 2795 1739 2874 Displicet
1761 2797 1954 2858 etiam
1978 2815 2123 2878 pro·

557 2893 699 2967 pter
733 2885 1023 2949 eamdem
1051 2903 1309 2949 causam
1344 2893 1518 2949 sexta
1547 2888 1872 2968 expositiO,
1906 2891 2122 2953 dicens

560 2980 876 3044 Christum
903 2981 988 3043 ibi
1027 2981 1222 3042 fuisse
1249 2981 1552 3056 locutum,
1597 2999 1728 3043 non
1754 2981 1820 3044 in
1850 3001 2124 3064 persona

561 3073 814 3154 propria
839 3118 855 3148 ,
911 3072 1025 3136 sed
1089 3091 1349 3136 suorum
1397 3074 1826 3138 membrorum
1848 3121 1864 3152 ,
1929 3095 2124 3158 quam

563 3168 758 3232 etiam
803 3169 995 3231 hahet
1021 3168 1326 3249 Origenes
1365 3185 1579 3248 supra,
1609 3169 2033 3254 Hieronymus
2065 3177 2129 3236 et

563 3263 922 3344 Gregorius,

653 3362 715 3422 9.
768 3358 1050 3440 Septima
1077 3357 1476 3438 emporium—
1501 3357 1732 3423 Ultima
1760 3377 1910 3442 ergo
1941 3365 2004 3423 et
2025 3377 2126 3424 ve-

567 3471 636 3515 ra
665 3453 972 3533 expositio
1001 3457 1118 3526 est,
1150 3451 1465 3515 Christum
1503 3465 1772 3534 negasse
1820 3471 1886 3516 se
1940 3455 2123 3532 scire,

567 3548 712 3628 quia
755 3545 946 3607 veluti
977 3545 1096 3606 sub
1125 3551 1367 3608 secreto
1394 3546 1551 3608 illud
1597 3547 1856 3621 sciebat,
1889 3553 1951 3612 et
1996 3565 2127 3610 non

567 3641 649 3702 ad
677 3639 1016 3702 dicendum
1045 3639 1202 3702 aliis.
1238 3639 1386 3716 Quae
1421 3639 1654 3720 optime
1686 3639 1954 3721 quadrat
1978 3660 2129 3704 con·

569 3735 788 3811 textui,
819 3741 882 3798 et
909 3733 1308 3815 responsioni
1325 3733 1546 3798 Christi
1565 3736 1834 3806 Domini,
1861 3739 1924 3798 et
1941 3738 2129 3817 phra-

569 3830 624 3892 si
661 3831 1017 3911 Scripturoe,
1073 3829 1133 3889 in
1183 3845 1312 3908 qua
1359 3829 1669 3892 interdum
1701 3831 1866 3892 Deus
1903 3829 2131 3892 dicitur

569 3927 754 4003 scire,
775 3925 922 4004 quia
958 3923 1115 3986 alios
1143 3921 1290 3985 facit
1320 3924 1498 4000 scire,
1521 3929 1590 3984 ut
1615 3923 1770 3988 Gen.
1803 3927 1916 3987 22:
1945 3923 2131 3990 Nunc

569 4021 835 4105 coynovi,
867 4024 1014 4093 etc.;
1043 4037 1079 4080 e
1110 4017 1420 4080 contrario
1450 4037 1600 4080 vero
1629 4017 1856 4080 dicitur
1883 4019 2127 4081 nescire

564 4115 716 4197 quia
743 4133 872 4175 non
898 4113 1048 4175 facit
1077 4113 1270 4190 scire3
1309 4117 1372 4174 et
1405 4111 1590 4174 Joan.
1643 4115 1720 4176 15
1773 4113 1922 4176 dicit
1952 4113 2129 4175 Chri·

567 4215 700 4272 stus
727 4207 1041 4288 Apostolis
1068 4223 1082 4266 :
1115 4205 1355 4283 Omnia,
1376 4225 1506 4288 quoe
1524 4207 1662 4272 novi
1690 4225 1729 4271 a
1755 4207 1949 4272 Patre
1975 4225 2123 4284 meo,

563 4307 712 4367 nota
735 4301 852 4378 feci
875 4301 1038 4366 vobis
1058 4345 1073 4374 ‚
1103 4319 1246 4362 cum
1271 4305 1486 4362 tamen
1509 4319 1638 4362 non
1659 4302 1870 4362 omnia
1895 4301 2129 4383 simpli-

568 4396 722 4460 citer
741 4395 862 4456 illis
884 4393 1248 4470 revelasset,
1282 4394 1492 4456 statim
1514 4395 1681 4456 enim
1703 4394 1890 4456 dixit:
1918 4395 2128 4460 Multa

569 4489 746 4553 liabeo
791 4489 956 4552 vobit
1009 4488 1224 4562 dicere,
1251 4505 1385 4570 quoe
1428 4503 1550 4550 non
1590 4487 1842 4572 potestis
1878 4495 2129 4571 portare

564 4584 733 4645 modo
749 4609 778 4656 ;
797 4599 926 4644 non
957 4599 1107 4662 ergo
1135 4581 1255 4644 illis
1282 4579 1528 4642 dixerat
1555 4582 1766 4644 omnia
1789 4599 1929 4663 quae
1959 4602 1996 4644 a
2018 4583 2127 4644 Pa-

565 4681 660 4737 tre
690 4677 976 4739 audierat
992 4722 1007 4750 ,
1025 4675 1139 4737 sed
1163 4691 1302 4754 quae
1320 4673 1604 4736 audierat
1623 4675 1742 4737 illis
1759 4675 2121 4754 revelanda,

566 4776 629 4832 et
655 4777 868 4832 tamen
896 4769 1003 4831 illa
1031 4775 1213 4833 vocat
1241 4769 1452 4830 omnia
1481 4769 1864 4850 simpliciter.
1893 4771 2126 4836 Conso·

565 4871 676 4926 nat
703 4865 896 4928 etiam
913 4863 1045 4926 haec
1075 4863 1374 4946 expositio
1395 4865 1800 4927 communiet
1828 4865 2125 4945 prudenti

561 4957 862 5039 loquendi
889 4957 1099 5033 modo,
1133 4975 1258 5037 quo
1287 4975 1386 5037 ea,
1419 4975 1558 5038 quae
1595 4957 1713 5020 sub
1744 4966 1986 5022 secreto
2018 4977 2123 5022 ac-

567 5053 854 5134 cipimus,
879 5053 1120 5116 nescire
1149 5051 1435 5115 dicimus,
1457 5053 1533 5115 Et
1555 5053 1687 5116 haec
1717 5059 1811 5115 est
1839 5071 2123 5116 commu-

567 5147 707 5208 nior
745 5145 1050 5226 expositio
1101 5147 1354 5208 Patrum
1401 5147 1468 5207 in
1519 5145 1624 5207 illo
1675 5145 1814 5208 loco
1867 5147 2117 5225 Matth„

561 5240 758 5317 Hier„
785 5237 1032 5322 Chrys,
1077 5238 1454 5322 Theophyl.,
1487 5245 1551 5302 et
1587 5237 1876 5318 aliorum,
1925 5259 2120 5322 quam

2276 541 2375 601 10.
2426 535 2709 618 objectio.
2734 571 2813 586 -
2841 537 3271 619 Responsio»
3304 537 3519 602 Solum
3544 543 3761 620 potest

2194 631 2405 712 objici,
2436 633 2583 712 quia
2626 631 2805 711 juxta
2850 631 3017 692 hanc
3064 633 3519 714 expositionem
3564 633 3763 695 etiam

2194 726 2383 787 Pater
2408 725 2626 787 nescit.
2660 723 2783 788 Sed
2815 725 2937 787 hoc
2962 725 3145 788 facile
3180 745 3259 788 ex
3294 727 3477 789 dictis
3502 727 3765 808 expedi·

2194 823 2316 894 tur,
2348 819 2639 900 negando
2688 819 3035 898 sequelam,
3077 819 3224 900 quia
3250 820 3432 882 Pater
3477 822 3565 883 ita
3610 821 3764 882 scie-

2194 913 2303 976 bat
2322 959 2339 988 ,
2374 919 2447 976 ut
2482 913 2707 976 §altem
2734 913 2976 975 homini
3000 911 3243 976 Christo
3270 915 3609 978 revelaret.
3640 915 3767 976 Sed
3861 936 3862 976 i

2194 1007 2470 1088 urgebis,
2505 1024 2655 1069 nam
2704 1025 2738 1070 e
2784 1005 3096 1069 contrario
3144 1008 3429 1090 sequitur
3478 1008 3769 1089 Angelos
3861 1007 3862 1018 ¹

2196 1101 2355 1163 scire
2396 1101 2563 1163 diem
2602 1099 2841 1181 judicii,
2896 1100 3183 1182 quamvis
3228 1101 3313 1163 ad
3344 1101 3765 1164 revelandum

2190 1193 2496 1257 nesciant.
2519 1194 2981 1274 Respondetur‚
3004 1211 3081 1254 ex
3104 1192 3225 1257 hoo
3249 1194 3391 1257 loco
3417 1199 3679 1257 tantum
3704 1195 3765 1254 in

2190 1289 2399 1369 rigore
2450 1287 2678 1368 colligi,
2720 1305 2829 1349 eos
2871 1287 3113 1350 nescire
3142 1287 3223 1350 ad
3250 1287 3593 1351 dicendum
3629 1305 3647 1363 3
3684 1303 3767 1348 an

2196 1401 2343 1447 vero
2374 1383 2632 1446 omnino
2656 1382 2966 1458 nesciant,
3010 1399 3087 1442 ex
3122 1381 3409 1445 hocloco
3448 1399 3581 1444 non
3638 1381 3769 1443 col·
3863 1366 3864 1420 ἶ

2194 1478 2329 1559 ligi,
2358 1479 2519 1540 sicut
2544 1493 2755 1555 neque
2782 1474 3161 1556 oppositum.
3186 1477 3365 1540 Unde
3396 1475 3763 1549 Abulensis,

2192 1571 2257 1635 in
2288 1575 2365 1634 24
2404 1589 2545 1652 cap.
2576 1571 2871 1649 Matthaei,
2895 1585 2957 1650 q.
2986 1571 3131 1648 209,
3160 1569 3430 1632 affirmat
3464 1587 3575 1633 eos
3598 1570 3767 1632 scire

2192 1667 2361 1729 diem
2370 1667 2612 1747 judicii.
2636 1667 2823 1728 Sotus
2844 1682 2994 1727 vero
3021 1681 3212 1746 supra
3241 1665 3499 1727 omnino
3530 1670 3763 1742 negat3

2192 1768 2463 1842 uterque
2479 1767 2697 1823 autem
2722 1759 2983 1838 divinat,
3006 1775 3372 1840 quanquam
3392 1757 3607 1838 opinio
3634 1758 3768 1820 Soti
3865 1837 3866 1848 ἵ

2194 1856 2417 1936 majori
2446 1856 2807 1934 conjectura
2835 1853 2948 1914 niti
2976 1853 3285 1929 videatur,
3317 1852 3467 1932 quia
3494 1867 3771 1914 necesse

2194 1965 2323 2010 non
2346 1954 2440 2011 est
2458 1948 2729 2028 Angelos
2746 1947 2903 2008 scire
2924 1945 3093 2009 diem
3112 1943 3357 2026 judicii,
3380 1961 3525 2007 cum
3550 1963 3769 2025 neque

2199 2041 2325 2104 sint
2347 2041 2622 2123 judices„
2648 2059 2859 2120 neque
2888 2041 3088 2103 sciant
3112 2039 3345 2113 omnia,
3383 2037 3543 2101 sicut
3584 2037 3773 2102 Chri-

2200 2142 2364 2215 stus;
2398 2142 2463 2198 et
2490 2135 2739 2198 aliunde
2772 2135 2947 2198 nulla
2980 2141 3078 2198 est
3103 2134 3263 2196 ratio
3290 2133 3391 2196 vel
3419 2133 3771 2195 auctoritas

2198 2249 2337 2312 quae
2369 2230 2451 2292 ad
2468 2229 2533 2292 id
2552 2230 2962 2292 asserendum
2994 2233 3199 2310 cogat.
3224 2226 3360 2289 Alia
3386 2233 3773 2307 argumenta

2196 2328 2518 2408 attingunt
2554 2323 2982 2389 difficultatem
3011 2321 3301 2406 sequenti
3335 2321 3772 2405 disputatione

2197 2419 2614 2484 tractandam.

2703 2621 3123 2688 ARTICULUS
3165 2621 3265 2684 111.

2217 2801 2436 2866 Utrum
2464 2797 2671 2864 anima
2710 2797 2949 2978 Chi-izit·
2978 2794 3276 2932 mirem,
3304 2797 3651 2878 coquom-ie
3683 2799 3775 2862 ia-

2909 2892 3042 2960 nita
3086 2938 3105 2955 .

2288 3087 2346 3147 1.
2393 3083 2501 3150 Aa
2524 3085 2772 3150 tertium
2808 3081 2901 3147 sic
2920 3079 3291 3164 proceditwr.
3338 3079 3587 3149 Videtur
3612 3081 3783 3164 quod
3871 3123 3872 3128 ,

2207 3179 2415 3244 anima
2439 3177 2673 3244 Christi
2692 3193 2812 3240 nou
2827 3173 3028 3258 possit
3053 3189 3397 3255 coynoecere
3418 3175 3679 3252 infinita
3710 3175 3779 3238 in

2225 3271 2429 3340 Verbo.
2474 3271 2645 3350 Quod
2681 3273 2835 3337 enim
2862 3268 3180 3348 infinitum
3226 3273 3642 3351 coynosoatur‚
3678 3285 3779 3334 re·

2207 3371 2448 3446 puynat
2476 3364 2815 3446 definitioni
2840 3361 3078 3442 infiniti
3097 3407 3113 3437 ,
3142 3367 3329 3442 prout
3372 3361 3601 3426 dicitur
3624 3363 3699 3425 in
3742 3365 3779 3424 3

2210 3459 2465 3540 Phyxia.
2488 3461 2538 3537 ²,
2566 3459 2723 3542 quod
2745 3457 3063 3536 infinitum
3093 3460 3217 3532 eet,
3250 3455 3424 3538 cujus
3454 3457 3781 3538 quantita-

2208 3560 2323 3618 tem
2353 3553 2806 3634 accipientibus,
2842 3567 3071 3630 semper
3097 3553 3185 3612 est
3214 3549 3455 3630 aliquid
3474 3555 3655 3614 extra
3676 3568 3781 3614 ac-

2209 3645 2422 3726 cipere.
2470 3643 2861 3727 Impossibile
2910 3647 3107 3706 autem
3150 3647 3241 3706 est
3283 3641 3685 3722 definitionem
3738 3663 3777 3705 a

2210 3740 2457 3816 definito
2483 3739 2789 3821 separari,
2820 3735 2963 3820 quia
2990 3735 3098 3799 Ῑιοο
3120 3739 3275 3800 esset
3295 3736 3779 3801 contradictoria

2210 3851 2333 3900 esse
2365 3833 2574 3898 simul.
2617 3829 2793 3914 ,Eo-qo
2838 3827 3203 3911 impossibile
3238 3833 3327 3894 est
3374 3829 3531 3911 quod
3560 3829 3780 3895 anima

2216 3928 2455 3994 Christi
2482 3927 2639 3992 sciat
2666 3925 2937 4004 infinita.

2291 4023 2353 4083 2.
2396 4021 2729 4096 Proeterea,
2752 4017 3138 4096 infinitorum
3161 4014 3416 4081 seientia
3444 4021 3535 4081 est
3558 4017 3781 4099 infini-

2214 4117 2299 4178 ta.
2336 4113 2467 4180 Sed
2488 4115 2741 4180 seientia
2774 4113 2992 4176 animoe
3022 4109 3260 4177 Christi
3278 4127 3397 4174 non
3420 4116 3616 4192 potest
3645 4131 3782 4178 esee

2210 4208 2462 4288 infinita
2481 4255 2502 4287 ,
2545 4213 2633 4274 eat
2674 4207 2829 4272 enim
2864 4207 3175 4288 capacitas
3202 4205 3335 4285 ejus
3376 4205 3564 4282 finita
3583 4253 3597 4282 ,
3632 4225 3780 4272 cum

2210 4303 2298 4369 sit
2327 4309 2547 4370 creata.
2588 4303 2741 4370 Non
2768 4318 2906 4383 erqo
2934 4301 3143 4368 anima
3185 4297 3423 4366 Christi
3442 4307 3641 4381 potest
3674 4319 3782 4366 co·-

2206 4413 2483 4480 qnoseere
2508 4397 2771 4478 infinita.

2290 4491 2351 4556 3.
2384 4491 2715 4565 Proeterea,
2744 4489 2985 4572 infinito
3012 4505 3130 4551 non
3153 4491 3351 4568 potest
3379 4505 3505 4553 esse
3531 4487 3785 4568 aliquid

2208 4587 2433 4666 majus.
2468 4586 2599 4652 Sed
2615 4584 2806 4668 phora
2834 4583 3215 4648 continentur
3237 4581 3304 4645 in
3333 4581 3588 4646 seientia
3610 4583 3779 4646 divi-

2208 4695 2313 4757 na,
2337 4681 2603 4746 absolate
2625 4679 2929 4762 loquendo,
2956 4694 3136 4760 quam
3162 4674 3231 4739 in
3257 4677 3513 4740 scientia
3541 4677 3781 4740 anim-ce

2212 4771 2479 4852 Christi,
2508 4779 2580 4838 ut
2606 4775 2829 4838 dictum
2875 4777 2962 4836 est
2986 4768 3037 4834 ⁸:
3081 4769 3256 4852 Eryo
3289 4769 3497 4834 anima
3527 4768 3779 4835 Christi

2202 4879 2321 4927 non
2346 4865 2645 4946 coquosoit
2672 4864 2944 4944 infinita.

2288 4957 2417 5024 Sed
2458 4967 2690 5037 eontra,
2722 4959 2930 5024 anima
2969 4955 3207 5024 Christi
3246 4957 3546 5040 eoqnosoit
3574 4961 3773 5022 totam

2203 5069 2375 5118 suam
2406 5054 2766 5136 potentiam,
2791 5057 2850 5120 et
2872 5051 3075 5118 omnia
3101 5049 3171 5117 in
3204 5067 3337 5134 quoe
3366 5051 3585 5130 potest.
3630 5047 3771 5112 Po-

2285 5243 2393 5318 11,
2422 5243 2616 5322 (1.14,
2647 5259 2707 5302 a.
2740 5241 2838 5318 12,
2876 5243 2937 5302 et
2965 5241 3039 5316 3,
3072 5237 3135 5303 d.
3170 5239 3270 5316 14,
3302 5255 3359 5300 a.
3395 5237 3456 5314 2,
3490 5253 3551 5318 q.
3580 5237 3643 5314 2,
3681 5235 3767 5299 ad

556 5333 750 5396 habet
785 5333 973 5395 etiam
1001 5335 1189 5415 Aug„
1223 5335 1251 5394 1
1284 5333 1362 5396 de
1389 5333 1584 5408 Trin.,
1619 5351 1674 5394 c.
1710 5337 1810 5410 ⁴2,
1843 5339 1952 5396 eti
2000 5333 2119 5397 Ge-
2198 5337 2261 5412 2,
2294 5342 2357 5398 et
2386 5337 2557 5413 Ver„
2590 5352 2651 5416 q.
2684 5335 2747 5411 2,
2790 5353 2848 5396 a.
2882 5335 2944 5410 4,
2980 5351 3182 5416 corp„
3231 5335 3294 5395 et
3328 5331 3410 5396 ad
3440 5333 3499 5402 1,
3530 5333 3570 5396 2
3601 5333 3665 5394 et
3693 5332 3759 5410 5,

557 5446 693 5490 nes.
733 5425 814 5489 ad
841 5427 962 5502 lit„
994 5446 1048 5490 c.
1093 5429 1208 5506 223
1239 5427 1481 5500 Amhr.‚
1527 5427 1856 5504 Athanas„
1889 5425 2111 5508 Hilar.,
2197 5436 2261 5493 et
2288 5427 2509 5506 Quodl.
2546 5429 2605 5504 3,
2634 5445 2696 5510 q.
2729 5429 2791 5506 2,
2836 5447 2894 5490 a.
2932 5431 2963 5490 1
3024 5431 3087 5491 et
3110 5445 3211 5508 op.
3240 5429 3303 5506 9,
3333 5441 3393 5508 q.
3422 5423 3523 5490 81.

554 5521 708 5583 locis
736 5520 939 5582 citatis
963 5542 980 5597 3
1012 5519 1230 5599 Basil.,
1253 5519 1360 5584 lib.
1386 5524 1427 5583 4
1449 5527 1669 5586 contra
1693 5523 2106 5599 Eunomium;

551 5621 613 5677 et
642 5613 1008 5678 Scholastici
1031 5613 1441 5694 frequentius.

2274 5523 2301 5564 ²
2338 5523 2515 5586 Text.
2550 5523 2652 5599 63,
2683 5528 2840 5585 tom.
2866 5526 2928 5585 2.

2276 5617 2301 5659 ⁸
2341 5614 2410 5690 Q.
2440 5633 2651 5699 praeo„
2685 5633 2741 5680 a.
2773 5617 2802 5678 1
2835 5622 2896 5678 et
2926 5631 3060 5697 seq.
