3892 6167
1207 376 1528 435 msrmn.
1561 375 1798 434 'xxxiva
1813 379 1987 435 SEGT.
2022 382 2085 437 li.

3132 382 3243 445 201

154 490 538 569 silicatipsum
569 487 910 567 appetitum
939 480 1323 565 expeditum,
1347 487 1412 543 et
1431 482 1610 562 qussi
1680 479 1973 561 ‚denique
1999 484 2399 563 purissimam
2448 502 2522 549 ue
2560 486 3021 551 sanctissimum
3060 490 3253 553 vitam

155 588 354 651 mxime
389 582 886 661 dispositumst
909 577 1264 658 praevenire
1293 576 1488 703 possit
1513 592 1612 637 ra·

154 696 308 744 onem
337 684 398 738 et
419 682 632 737 contra
659 670 832 734 iilam'
855 673 1116 734 moveri.

177 780 228 838 2.
253 772 381 834 Dico
403 782 551 848 ergo
569 767 796 848 primo,
823 766 890 827 in
917 765 1160 828 Christo
1189 764 1452 825 Domino
1479 778 1608 826 non

151 872 272 933 iisse
291 862 554 924 fomitem
583 860 806 939 quoad
821 866 1034 921 aetum
1063 858 1430 920 seeundum.
1465 858 1608 919 Haee

151 959 378 1025 οιιοίιιείο
417 960 584 1038 certa
625 958 760 1027 est,
795 953 864 1013 in
893 968 1022 1031 qna
1053 966 1274 1014 omnes
1305 950 1608 1031 Theologi

151 1062 222 1119 'me
241 1049 622 1113 dubitatione.
636 1049 1042 1123 conveniunt,
1069 1054 1132 1109 et
1159 1047 1306 1108 sotis
1327 1048 1502 1126 patet
1531 1062 1610 1107 ex

149 1143 426 1211 estimoniis
457 1140 662 1209 citatis
697 1143 974 1203 sectione
1001 1136 1380 1221 praecedenti
1406 1158 1422 1213 3
1453 1154 1609 1220 proe-

149 1262 192 1303 ffr
221 1254 340 1319 quie
373 1234 566 1297 videri
597 1241 806 1315 potest
836 1235 1050 1315 Qrii„
1077 1234 1186 1297 lib.
1223 1235 1262 1295 ³
1287 1236 1352 1295 iu
1379 1234 1605 1310 Levit.‚

150 1340 243 1397 iren
257 1330 406 1393 med.
433 1330 506 1391 at
525 1331 690 1391 ratio
711 1335 808 1392 est
827 1329 1092 1391 evidens
1119 1346 1198 1393 ex
1225 1328 1429 1401 dietis,
1456 1327 1604 1407 qnia

148 1436 378 1489 ..alensem
406 1429 499 1485 est
523 1424 772 1485 nullum
801 1430 1042 1487 motum
1071 1424 1386 1505 appetitus
1419 1422 1604 1484 fuisse

147 1542 170 1583 ι
187 1519 405 1589 christo,
427 1517 548 1577 nisi
569 1517 998 1580 voluntarium
1017 1537 1034 1593 3
1061 1518 1113 1579 si
1135 1533 1286 1597 ergo
1301 1516 1446 1578 talis
1473 1530 1610 1576 mo-

147 1632 198 1676 us
223 1618 364 1673 esset
389 1611 466 1671 de
499 1608 750 1690 objecto
791 1628 1008 1692 pravo,
1048 1616 1216 1673 esset
1241 1614 1602 1691 peecatum3

146 1713 240 1771 ient
270 1722 400 1784 ergo
445 1702 506 1765 ln
544 1705 792 1768 Christo
829 1722 960 1768 non
996 1705 1112 1769 l'uit
1139 1712 1492 1787 peceatum,
1519 1704 1608 1766 ita

145 1816 282 1881 neque
311 1816 440 1858 esse
469 1798 670 1876 potuit
695 1806 908 1861 motus
933 1800 1269 1881 appetitus,
1299 1798 1607 1860 inclinans

145 1897 183 1957 d·
199 1892 572 1975 peccandum.

177 1994 220 2051 3.
261 1984 512 2063 ωςίσσείο.
517 2014 600 2033 --
623 1983 1071 2066 Responsio.-
993 1987 1190 2049 ——Ex
1216 2002 1341 2066 qua
1365 1985 1608 2047 ratione

143 2082 319 2145 eluitur
356 2078 614 2158 objectio
643 2093 792 2157 quae
819 2078 924 2141 hie
957 2080 1094 2141 fieri
1133 2080 1314 2156 solet,
1345 2078 1604 2152 scilieet,

143 2170 404 2255 ›portuisse
430 2172 747 2234 Christum
775 2188 916 2235 esse
964 2176 1287 2235 tentatum
1315 2170 1610 2234 omnibus

143 2268 292 2339 nodis,
313 2273 378 2327 ut
402 2265 698 2327 omnibus
745 2272 913 2328 esset
942 2267 1260 2346 exemplo3
1285 2264 1399 2327 sed
1445 2277 1610 2325 unus

142 2360 292 2423 nodus
335 2358 714 2431 tentationi&
749 2366 810 2421 et
839 2360 1178 2435 maxinme,
1207 2366 1298 2421 est
1340 2374 1454 2438 per
1497 2358 1614 2419 bu·

142 2452 332 2515 usmedi
369 2458 572 2513 motus
642 2453 1166 2532 eoncupiscentiae
1219 2458 1287 2514 et
1345 2450 1606 2512 fomitiS.

141 2546 202 2607 lui
227 2544 528 2623 objectioni
553 2546 626 2607 D.
660 2544 940 2607 Thomas
965 2545 1127 2607 infra
1155 2542 1514 2625 respondet,
1539 2558 1605 2621 q.

141 2640 310 2710 [imit.
338 2640 388 2707 t,
412 2637 490 2697 ad
523 2638 815 2709 tertium,
842 2636 966 2699 hoe
1016 2654 1220 2718 genus
1249 2634 1610 2699 tentationis

139 2746 378 2807 nonquam
405 2744 542 2791 esso
565 2731 734 2791 -sine
777 2738 1063 2811 pensato,
1095 2730 1320 2792 saltem
1347 2727 1602 2799 veniali,

139 2828 170 2883 ιι
190 2822 304 2883 ideo
333 2837 450 2883 non
487 2823 772 2903 potuisse
813 2837 950 2885 esse
990 2825 1056 2885 in
1101 2823 1344 2885 Christo
1369 2867 1386 2897 ,
1417 2837 1608 2901 quem

139 2914 334 2995 aportuit
359 2916 606 2995 quidem
635 2933 784 2979 esse
810 2920 1106 2982 antaeum
1123 2932 1240 2997 per
1262 2917 1466 2979 omnia
1491 2932 1610 2995 pro

137 3009 472 3083 similitudine,
499 3010 722 3092 absque
742 3016 990 3091 peceato
1012 3018 1248 3085 temen,
1275 3015 1345 3072 ut
1379 3007 1608 3071 dieitur

138 3100 184 3159 ul
209 3102 358 3163 liebr.
381 3102 612 3175 &011oe
637 3105 974 3184 responsio
1001 3102 1408 3183 intelligenda
1435 3101 1604 3163 vide-

138 3202 202 3251 !ur
217 3194 358 3271 juxta
387 3196 696 3258 rationem
727 3197 978 3270 factam,
1005 3214 1132 3259 non
1163 3196 1335 3258 enim
1359 3194 1610 3257 nniver-

137 3302 176 3345 ιο
195 3288 243 3345 in
267 3288 530 3350 omnibns
549 3290 922 3352 bominibus
939 3290 1006 3352 hi
1034 3290 1450 3353 tentationum
1473 3304 1608 3349 mo-

137 3384 200 3439 lus
233 3396 450 3460 semper
494 3390 648 3445 sunt
697 3384 970 3445 *venialia
1026 3388 1319 3464 peecata3
1349 3386 1612 3461 possunt

137 3474 252 3531 enim
295 3472 584 3537 interdum
615 3492 766 3538 esse
798 3478 1060 3539 omuino
1095 3476 1518 3547 involuntarii‚
1551 3480 1613 3536 et

137 3572 312 3627 tantum
345 3575 540 3631 motus
581 3571 696 3650 qni
729 3570 932 3649 primo
973 3569 1156 3651 primi
1187 3568 1607 3649 appellantur,

137 3658 180 3716 in
201 3657 378 3735 quibus
401 3678 534 3723 nee
561 3664 822 3725 moralis
872 3662 1106 3725 malitie
1157 3668 1274 3736 est,
1301 3678 1420 3723 nee
1453 3662 1612 3724 ratio

139 3746 308 3827 eninm
331 3754 389 3813 in
413 3752 654 3817 Christo
699 3761 912 3818 autem
961 3758 1068 3836 qni
1110 3758 1354 3837 poterat
1391 3771 1613 3817 omnes

147 3842 226 3903 hos
253 3854 426 3909 motus
453 3850 810 3929 praevenire
857 3856 922 3913 et
973 3850 1293 3927 cohibere,
1324 3848 1613 3930 aliqualis

141 3934 268 4015 culpa
287 3948 426 4003 esset
459 3942 596 4004 illos
625 3943 697 4003 in
743 3962 812 4005 se
833 3944 1222 4024 permittere.
1249 3942 1428 4005 Addo
1457 3960 1614 4023 proe-

138 4033 276 4105 terea,
298 4030 398 4095 bos
435 4042 650 4098 motus
685 4054 804 4116 per
837 4054 980 4099 sese
1019 4038 1384 4100 indecentes
1445 4050 1607 4110 esse,

137 4124 238 4197 qnia
259 4132 444 4205 turpes
457 4136 524 4190 et
545 4130 634 4191 ad
655 4136 992 4208 peceatum
1019 4130 1416 4209 inclinantes,
1439 4129 1612 4191 unde

137 4218 180 4273 et
204 4218 422 4281 modesti
473 4222 770 4285 homines
831 4224 1229 4298 erubeseunt,
1277 4240 1422 4285 eum
1469 4223 1611 4286 illos

137 4307 414 4388 patientum
443 4320 503 4379 st
534 4306 698 4377 'ideo
741 4316 1000 4378 omnino
1028 4316 1277 4379 alienus
1309 4332 1346 4379 a
1369 4317 1610 4379 Christo

137 4398 214 4461 fuit
237 4403 554 4484 hujusmodi
575 4411 946 4471 tentationis
973 4410 1226 4483 modus,
1256 4410 1364 4489 qni
1381 4424 1501 4489 per
1521 4410 1612 4470 in-

137 4496 357 4559 ten‘orem
395 4504 854 4582 suggestionem
883 4520 1024 4566 esse
1061 4503 1314 4579 dieitur,
1343 4506 1414 4566 nt
1439 4508 1612 4566 reete

137 4584 291 4651 iacuit
326 4592 670 4675 (begarius,
725 4599 762 4658 3
812 4597 992 4671 Mor„
1033 4613 1090 4659 e.
1135 4599 1246 4672 203
1284 4602 1352 4660 et
1393 4596 1608 4673 Abul„

137 4678 292 4745 Metth.
316 4686 368 4757 4,
383 4702 442 4766 q.
460 4691 558 4752 m.
583 4689 764 4753 Unde
794 4688 878 4751 ad
901 4644 1332 4769 objectionem
1353 4704 1616 4771 respon-

137 4770 288 4852 detur,
301 4779 372 4840 ad
387 4782 736 4862 exemptum
765 4790 1052 4845 nostrum
1079 4788 1206 4845 non
1229 4782 1606 4891 oportuisse,

137 4861 374 4931 Christum
407 4875 516 4936 hee
561 4892 764 4956 genus
795 4876 1157 4938 tentationis
1191 4876 1259 4937 in
1301 4893 1372 4939 se
1407 4877 1610 4939 susei-

137 4972 274 5037 pere,
308 4968 426 5027 tum
452 4970 594 5049 quia
636 4974 772 5031 erat
805 4968 1131 5045 indecens,
1159 4974 1224 5032 et
1265 4985 1412 5033 eum
1459 4987 1612 5051 pee-

139 5056 240 5111 cato
275 5058 678 5137 conjonetum3-
710 5067 846 5123 tum
885 5063 1074 5124 etiam
1121 5064 1291 5143 quia,
1325 5080 1470 5125 cnm
1529 5064 1608 5125 sit

140 5139 384 5209 internum
425 5158 482 5215 et
519 5154 856 5233 oecultum,
891 5172 1018 5216 non
1045 5158 1246 5240 potuit
1285 5172 1402 5259 per
1437 5156 1607 5218 illius

145 5233 390 5302 victoriam
411 5248 846 5310 convenienter
871 5248 1013 5310 dari
1033 5250 1216 5311 nobis
1245 5250 1604 5331 exemplum

145 5325 363 5394 incendi
383 5342 772 5415 tentationes
805 5349 946 5403 tum
971 5338 1246 5422 denique
1292 5343 1465 5421 quia,
1497 5360 1610 5405 su·-

149 5426 358 5495 Pfflndo
395 5434 754 5497 tentationes
809 5437 1127 5510 externas,
1179 5440 1244 5497 et
1287 5437 1606 5517 patienter

151 5514 434 5583 sustinendo
459 5526 726 5608 injurias,
747 5526 1131 5607 ignominias
1147 5532 1214 5591 et
1233 5528 1506 5604 dolores,
1529 5548 1602 5591 ae

1695 572 1989 637 dueendo
1991 578 2549 659 ‚perfectissimum
2568 598 2641 642 ne
2656 580 3251 647 sufficientissimum

1693 670 2051 750 exemplum
2096 672 2281 735 nobis
2303 675 2521 737 tribuit
2561 674 2644 736 ad
2675 692 3085 758 quascunque
3112 680 3252 741 ten-

1691 760 1963 825 tationes
1994 768 2406 851 superandae.

1767 856 1830 918 4.
1879 856 2143 938 Obseeeio
2196 862 2472 925 scando.
2494 892 2579 911 --
2619 860 2972 941 Responsio.
3010 893 3093 911 --
3126 862 3251 927 Sed

1689 956 1930 1026 eontra,
1962 968 2109 1011 nam
2150 953 2434 1033 cyrillus,
2464 952 2570 1015 lib.
2624 958 2699 1017 io
2742 954 3067 1031 Thesauri,
3096 976 3151 1018 c.
3185 960 3247 1035 3,

1690 1042 1862 1116 dicit,
1891 1044 1957 1104 in
1984 1044 2231 1109 Christo
2272 1046 2471 1109 fuisse
2518 1052 2867 1111 commotus
2924 1050 3249 1131 passiones

1691 1137 2029 1217 appetitae,
2060 1156 2189 1200 non
2250 1146 2317 1202 ut
2356 1141 2534 1203 illum
2574 1139 2973 1223 superarent,
3028 1144 3137 1206 sed
3180 1150 3249 1207 ut

1689 1229 2091 1292 vincerentur
2138 1234 2367 1295 virtute
2412 1232 2820 1297 inhabitantis
2856 1236 3067 1299 Verbi.
3128 1236 3246 1302 Ubi

1686 1338 1842 1401 ergo
1871 1326 2225 1388 necessaria
2271 1327 2387 1389 l'nit
2416 1328 2697 1403 victoria,
2720 1330 3097 1409 supponitur
3138 1348 3251 1411 pu-

1691 1430 1814 1493 gna
1836 1434 1854 1491 3
1879 1432 2031 1498 ergo
2049 1417 2251 1480 fomes
2272 1436 2385 1481 seu
2404 1420 2651 1483 affectio
2672 1427 2888 1484 eontra
2915 1422 3245 1485 rationem.

1690 1506 2109 1573 Confirmatur
2140 1512 2366 1593 primo,
2396 1530 2545 1575 nam
2572 1515 2877 1591 Christus,
2906 1522 3139 1595 prester
3158 1518 3252 1579 vi·

1691 1602 1902 1666 sibiles
1941 1605 2251 1668 demonis
2278 1608 2677 1685 tentationes,
2708 1626 2937 1688 passus
2977 1614 3073 1671 est
3100 1610 3251 1673 alias

1695 1696 2058 1775 invisibiles,
2093 1706 2162 1763 ut
2216 1701 2387 1762 Beda
2440 1700 2651 1775 sentit,
2692 1702 2887 1764 Mare.
2938 1706 2968 1765 i
2994 1722 3009 1776 3
3058 1709 3123 1765 et
3176 1704 3245 1765 D.

1687 1792 1961 1854 Thomas
2002 1794 2190 1871 infru,
2232 1800 2456 1876 quaesi.
2501 1798 2603 1873 41,
2649 1800 2765 1859 art.
2800 1796 2859 1870 3,
2906 1796 2989 1859 ad
3024 1798 3104 1870 23
3136 1796 3250 1859 sed

1687 1886 2030 1950 invisibiles
2052 1890 2433 1952 tentationes
2459 1906 2589 1951 non
2616 1895 2786 1964 sunt,
2816 1890 2937 1951 nisi
2976 1892 3243 1952 internae

1691 1996 1806 2059 per
1829 1981 2175 2043 motionem
2200 1981 2455 2045 fomitis.
2494 1982 2914 2045 Confirmatur
2948 1982 3248 2058 secundo,

1689 2090 1840 2135 nam
1867 2072 2149 2136 Cin‘istus
2202 2091 2315 2157 per
2360 2077 2706 2157 appetitum
2744 2076 3111 2139 sensitivam
3136 2092 3253 2157 ap·

1689 2168 1946 2246 petebat
1972 2186 2099 2230 non
2124 2170 2307 2244 mori,
2338 2170 2509 2250 quod
2534 2178 2671 2233 erat
2698 2176 2917 2233 eontra
2940 2170 3251 2234 rationem

1694 2265 1758 2323 et
1787 2266 2171 2341 proeeeptum
2200 2254 2341 2337 D'ei3
2374 2278 2525 2344 ergo
2547 2282 2663 2345 per
2684 2264 3030 2345 appetitum
3066 2279 3251 2326 suum

1693 2352 2118 2417 inclinabatur
2148 2352 2227 2417 ad
2258 2357 2520 2434 malum,
2554 2362 2619 2420 et
2666 2362 3127 2439 consequenter
3156 2374 3255 2419 re-

1693 2446 2063 2509 tardabatur
2081 2448 2163 2509 ab
2184 2446 2455 2511 honesto
2485 2451 2857 2529 exequendo
2880 2472 2899 2527 3
2924 2464 3077 2530 ergo
3119 2454 3253 2513 erat

1691 2538 1756 2599 in
1785 2538 1894 2600 illo
1917 2556 2156 2621 pugna,
2180 2559 2321 2621 quie
2348 2542 2429 2603 ad
2458 2548 2669 2605 netum
2698 2543 2932 2606 fomitis
2954 2541 3248 2623 pertinet.

1692 2632 2132 2711 Respondetur
2154 2632 2451 2713 cyrillum
2478 2641 2695 2716 aperte
2720 2636 2893 2715 loqui
2936 2636 3017 2697 de
3072 2637 3257 2696 natu-

1688 2724 1928 2786 rulibus
1954 2732 2017 2787 et
2039 2726 2308 2789 innoxiis
2336 2728 2683 2803 affectibus,
2708 2736 2779 2792 ut
2806 2732 2955 2791 sunt
2978 2728 3250 2804 tristitia,

1687 2818 1789 2879 vel
1807 2818 1997 2881 timor
2016 2818 2235 2882 mortis
2246 2820 2436 2899 {dicit
2460 2828 2669 2883 autem
2692 2822 3005 2885 Christum
3028 2821 3252 2884 vicisse

1691 2912 1808 2974 bas
1848 2915 2206 2993 passiones,
2256 2916 2360 2978 vel
2404 2916 2613 2995 quoad
2670 2932 2807 2993 nos,
2868 2916 3043 2996 quin,
3094 2916 3253 2977 sicut

1692 3013 1894 3068 morte
1921 3024 2037 3069 sua
2066 3008 2375 3071 destruxit
2394 3014 2666 3072 mortem
2702 3014 3009 3084 nostram,
3038 3008 3127 3069 ita
3174 3007 3255 3071 ti·

1688 3114 1868 3161 more
1891 3116 2007 3162 suo
2034 3104 2267 3165 meruit
2293 3103 2476 3164 nobis
2499 3100 2947 3177 fortitudinem,
2980 3101 3061 3163 ad
3086 3116 3255 3162 mor-

1689 3198 1816 3255 tem
1868 3210 1985 3274 pre
2028 3195 2252 3258 virtute
2294 3196 2679 3274 obeundam,
2712 3202 2776 3258 et
2816 3196 2911 3259 sie
2946 3194 3029 3257 de
3076 3194 3249 3269 aliis3

1687 3286 1790 3348 vel
1819 3288 2032 3366 quoad
2056 3290 2357 3369 seipsum,
2382 3292 2528 3371 quia
2552 3290 2638 3353 ita
2668 3290 2729 3353 in
2756 3308 2827 3353 se
2854 3288 3109 3353 admisit
3134 3288 3252 3350 hos

1693 3380 1977 3456 affectus,
2000 3388 2067 3443 ut
2088 3400 2335 3445 summa
2354 3384 2679 3445 voluntate
2709 3400 2819 3447 eos
2838 3382 3249 3465 superaverit,

1691 3472 1973 3553 nihilque
2022 3476 2141 3537 illis
2194 3477 2276 3538 ab
2322 3478 2644 3557 irnplenda
2690 3476 2887 3540 Patris
2934 3476 3255 3539 voluntate

1691 3568 2047 3629 retardatus
2070 3571 2183 3643 sit3
2218 3570 2355 3632 illos
2383 3588 2537 3652 ergo
2564 3570 2816 3633 vincere
2846 3570 2983 3646 suit,
3008 3573 3093 3633 ita
3110 3570 3252 3631 illos

1691 3660 2053 3742 permittere
2103 3680 2176 3725 sc
2216 3662 2554 3738 moderari,
2584 3670 2657 3726 nt
2682 3672 2923 3727 naturae
2958 3664 3253 3727 effectum

1693 3754 2121 3832 ostenderent,
2146 3763 2209 3819 et
2234 3762 2447 3820 tamen
2472 3773 2681 3837 neque
2704 3758 2789 3820 ad
2808 3756 3044 3819 melum
3072 3756 3255 3819 incli-

1694 3854 1942 3912 narent.
1974 3848 2071 3913 Ad
2106 3848 2372 3931 primam
2424 3851 2963 3915 contii-mationem
2990 3866 3255 3931 respon-

1693 3941 1901 4019 detur,
1937 3961 2067 4005 non
2096 3946 2305 4007 vocari
2339 3946 2419 4007 ab
2448 3946 2573 4008 iliis
2602 3944 2885 4009 Patribus
2914 3942 3253 4007 invisibiles

1691 4036 2087 4113 tentationes,
2113 4056 2219 4100 eas
2242 4056 2383 4118 quse
2414 4058 2588 4102 mere
2618 4039 2879 4103 interius
2902 4039 3255 4101 excitantur

1692 4129 1756 4190 in
1803 4130 2253 4211 imaginatione
2282 4134 2383 4195 vel
2412 4133 2723 4214 appetitn3
2754 4152 2883 4197 non
2914 4132 3082 4196 enim
3110 4150 3257 4213 per·
3300 4203 3313 4215 ⁵

1691 4221 1957 4285 missum
1979 4231 2075 4287 est
2106 4224 2377 4289 domeni
2402 4226 2525 4287 hoe
2552 4228 2745 4289 modo
2772 4227 2998 4291 christi
3028 4232 3253 4307 poten-

1692 4313 1814 4379 tias
1858 4317 2191 4397 attingere‚
2232 4336 2343 4380 seu
2400 4320 2705 4394 excitare3
2763 4320 3055 4382 dicuutur
3101 4336 3251 4400 ergo

1693 4410 2077 4473 tentationes
2114 4411 2455 4473 invisibiles
2482 4414 2601 4474 illoe
2622 4415 2686 4474 in
2714 4414 2943 4493 quibus
2980 4417 3257 4475 tentator

1694 4520 1824 4565 non
1853 4510 2113 4584 apparet
2140 4504 2485 4582 visibiliter,
2516 4508 2803 4587 quamvis
2846 4522 2963 4587 per
2994 4514 3253 4569 externa

1697 4598 1876 4676 signs
1899 4604 2135 4663 terrere
2157 4606 2267 4661 aut
2284 4600 2653 4679 perturbere
2668 4604 2887 4664 tentet.
2915 4600 2999 4662 De
3024 4600 3253 4679 quibus

1695 4690 1902 4752 adhuc
1933 4690 2241 4755 incertum
2284 4697 2379 4754 est
2430 4710 2510 4754 an
2568 4692 2635 4755 in
2688 4692 2932 4756 Christo
2974 4690 3251 4769 fuerint3

1691 4782 1862 4865 quod
1887 4784 2271 4866 attingemus
2298 4786 2487 4863 infra,
2519 4792 2737 4866 quoest.
2768 4788 2871 4850 41.

1769 4879 1832 4941 5.
1878 4878 1971 4942 De
2014 4880 2169 4958 fuya
2220 4883 2277 4942 et
2320 4878 2566 4944 horrore
2608 4882 2825 4944 mortis
2854 4882 2925 4943 in
2978 4878 3255 4964 appetitu

1693 4970 2047 5037 Chrisci.-—
2067 4970 2159 5035 sd
2184 4970 2531 5034 secundam
2560 4972 3099 5036 confirmationem
3124 4989 3253 5034 res-

1690 5064 2025 5144 pondetur,
2055 5066 2317 5127 horrere
2346 5082 2421 5127 ae
2454 5064 2673 5146 fugere
2712 5073 3005 5137 mortem,
3032 5070 3251 5145 quate-

1689 5176 1810 5219 nus
1837 5158 2076 5220 malnm
2114 5165 2356 5220 natnrae
2395 5166 2512 5233 est,
2552 5176 2668 5241 per
2712 5158 3203 5241 displicentiame

1686 5250 1904 5329 fugem
1933 5250 2311 5329 naturalem,
2328 5268 2449 5315 non
2472 5268 2610 5315 esse
2634 5251 2903 5324 malum,
2888 5270 2904 5287 ·
2930 5251 3077 5333 quia
3099 5250 3209 5313 illu

1688 5344 2031 5423 objectum,
2056 5344 2267 5419 uteie,
2298 5344 2646 5407 seeundum
2676 5348 2911 5407 rectam
2944 5345 3251 5405 rationem

1683 5436 2081 5499 formidabile
2108 5444 2223 5510 est,
2256 5439 2319 5499 et
2364 5444 2544 5499 nctus
2600 5436 2703 5499 ille
2762 5436 3103 5501 conformis
3158 5444 3254 5499 est

1681 5529 2079 5593 inclinationi
2102 5532 2369 5605 naturis,
2398 5546 2540 5609 quas
2566 5530 2735 5591 bona
2754 5534 2885 5592 est·
2866 5574 2887 5606 ‚
2906 5528 3249 5609 presertim
