3892 6167
1393 375 1717 435 mst’urss.
1749 379 1916 436 xmtl.
1951 380 2121 438 SEGT.
2158 385 2220 438 ll.
3285 377 3404 440 395

158 483 333 544 hanc
380 479 701 544 virtutem
747 481 812 542 in
860 479 969 542 illo
995 478 1269 543 maxime
1312 478 1755 556 commendet;
1842 497 1956 544 seu
1985 483 2350 564 negativam
2379 501 2394 543 ε
2425 481 2488 548 Si
2513 481 2636 544 hoc
2675 497 2804 544 non
2833 481 3083 558 feceris,
3125 497 3252 544 non
3283 481 3407 544 eris

162 589 309 655 quae
340 575 627 654 proprie
650 573 1059 654 intelligenda
1088 579 1186 636 est
1204 570 1235 648 ,⁶
1259 591 1402 636 cum
1430 571 1759 636 commode
1842 577 1998 637 mihi
2024 579 2288 640 amicus.

162 667 363 748 possit
389 685 407 740 ;
442 685 613 730 vera
635 673 846 730 autem
869 685 944 728 ac
965 667 1221 747 propria
1252 666 1611 729 obedientia
1633 683 1763 728 non
1925 673 1985 733 9.
2031 671 2210 734 Unde
2238 671 2318 733 ad
2349 668 2694 734 secundam
2724 667 3262 732 confirmationem
3277 687 3406 732 res-

164 767 261 823 est
282 761 411 822 nisi
446 761 569 822 ubi
600 765 805 842 potest
828 759 1211 823 intervenire
1236 763 1648 841 praeceptum'.
1844 765 2179 845 pondetur,
2213 765 2521 830 Christum
2554 781 2694 827 esse
2721 763 3190 844 impeccabilem
3216 763 3408 826 ratio-

292 901 311 916 .
359 855 719 938 Responsio
750 855 831 917 ad
857 857 1195 938 ‹tryum—
1226 853 1333 920 Vis
1352 854 1768 918 coactivam
1844 875 1926 920 ne
1980 858 2304 939 suppositi,
2359 860 2744 921 voluntatem
2799 864 3011 919 autem
3057 857 3406 918 humanam

166 953 255 1013 ost
284 949 357 1011 de
385 949 759 1012 necesitate
780 946 1173 1028 proeoepti.—
1191 948 1409 1028 Neque
1426 949 1643 1008 contra
1662 961 1767 1008 ve·
1846 953 1982 1032 ejus
2011 969 2087 1014 ex
2113 971 2182 1014 se
2212 959 2274 1016 et
2303 972 2382 1016 ex
2409 957 2636 1015 natura
2671 970 2786 1015 sua
2825 969 2956 1013 non
2986 967 3124 1014 esse
3167 951 3406 1030 impec-

166 1045 429 1104 ritatem
464 1042 643 1103 hanc
683 1041 935 1104 obstant
975 1041 1252 1104 rationes
1280 1040 1481 1103 factoe.
1516 1039 1611 1101 Ad
1640 1039 1766 1120 pri-
1844 1046 2134 1122 nabilem,
2177 1055 2240 1110 et
2284 1047 2404 1110 1100
2433 1047 2581 1110 satis
2612 1064 2752 1122 0330
2781 1051 2849 1108 ut
2893 1047 2972 1107 sit
3003 1063 3200 1125 capax
3245 1059 3405 1127 prae.

170 1149 341 1198 mam
392 1135 585 1196 enim
639 1134 1059 1216 respondetur
1102 1133 1330 1216 primo,
1378 1133 1458 1195 de
1512 1133 1757 1196 ratione
1839 1141 2042 1220 cepti3
2081 1142 2364 1220 quamvis
2393 1143 2560 1203 enim
2595 1143 2674 1205 sit
2701 1140 2877 1204 unita
2901 1139 3132 1217 Verb0,
3157 1155 3408 1218 semper

170 1228 478 1310 P¹‘⁸⁴’“³‘³I>ti
508 1233 761 1292 tantum
798 1243 937 1291 0⁸³0
965 1233 1037 1290 Ut
1072 1227 1263 1290 ἶᾶθὶἃῒ
1289 1233 1500 1289 actum
1544 1243 1760 1289 neces·
1838 1237 2053 1296 tamen
2087 1241 2302 1297 manet
2327 1235 2586 1298 inferior
2611 1242 2674 1298 et
2703 1235 2974 1308 subdita,
3005 1233 3148 1294 licet
3177 1249 3292 1312 per
3312 1231 3408 1312 ip-

170 1324 409 1384 sarium
454 1323 549 1384 ad
579 1323 1021 1386 rectitudinem
1052 1329 1115 1385 et
1147 1324 1542 1384 honestatem
1570 1322 1762 1383 virtu·
1842 1333 2114 1390 sammet
2133 1331 2518 1411 superiorem
2549 1329 2940 1391 voluntatem
2968 1329 3056 1389 ita
3087 1325 3407 1408 guberne·

174 1418 275 1492 tis,
326 1417 569 1480 ethaeo
597 1417 850 1497 proprie
878 1409 1107 1478 dicitu'r
1132 1415 1225 1476 vis
1262 1415 1561 1478 directiva
1604 1429 1763 1494 pras·
1846 1426 1971 1494 tur,
2003 1427 2074 1484 ut
2101 1441 2230 1484 non
2259 1423 2458 1503 possit
2485 1442 2522 1486 a
2557 1423 2726 1486 bono
2749 1421 3045 1484 deficere.

172 1511 376 1590 cept13
406 1509 513 1572 vis
542 1515 762 1572 autem
790 1509 1097 1586 coactiva,
1128 1525 1271 1589 quoe
1300 1507 1557 1588 respicit
1596 1523 1769 1570 com·
1928 1519 2027 1578 10,
2075 1516 2172 1578 Ad
2203 1516 2489 1579 ultimam
2541 1515 3080 1579 confirmationem
3134 1513 3408 1594 primum

176 1604 605 1666 minationem
630 1621 855 1684 poenoe,
889 1619 1017 1665 non
1049 1609 1145 1665 est
1174 1621 1289 1683 per
1328 1619 1396 1666 se
1425 1620 1499 1665 ac
1530 1602 1767 1683 simpli·
1847 1609 2092 1683 dicitur,
2141 1611 2431 1688 quaedam
2465 1616 2778 1690 praecepta
2820 1627 2960 1670 esse
3007 1607 3264 1670 omnino
3305 1605 3408 1668 in·

176 1699 331 1760 citer
352 1699 728 1762 necessaria
762 1697 845 1759 ad
884 1703 1298 1778 praeceptum.
1334 1695 1491 1768 Quia
1519 1697 1582 1756 in
1611 1713 1767 1776 proe-
1848 1703 2332 1783 dispensabitia3
2365 1703 2594 1766 deinde
2635 1721 2763 1766 non
2800 1702 3016 1781 sequi:
3055 1701 3264 1762 Potest
3302 1715 3410 1759 se-

178 1797 361 1872 cepto
391 1809 517 1871 per
572 1807 645 1854 se
672 1797 920 1853 tantum
952 1796 1048 1853 est
1092 1792 1340 1852 intenta
1371 1789 1620 1852 moralis
1662 1788 1766 1851 de-

176 1885 553 1946 terminatio
580 1889 649 1946 et
672 1884 933 1946 directio
961 1884 1043 1946 ad
1072 1889 1251 1946 actus
1288 1882 1597 1957 morales3
1629 1882 1767 1944 haec

184 1983 397 2039 autem
430 1977 831 2040 sufficienter
860 1977 933 2039 fit
976 1995 1092 2058 per
1143 1977 1607 2039 intimationem
1650 1991 1767 2036 vo·-

182 2069 447 2132 lnntatis
488 2071 841 2151 superioris
878 2069 1237 2132 inducentis
1292 2067 1761 2147 obligationem.

185 2165 379 2244 Igitur
410 2164 831 2226 comminatio
854 2181 973 2245 per
1010 2181 1079 2226 se
1118 2161 1479 2236 necessaria
1516 2179 1644 2224 non
1676 2165 1770 2222 est

194 2257 270 2318 ad
296 2263 724 2337 praeceptum,
756 2258 891 2335 sed,
916 2257 997 2319 ad
1020 2273 1361 2332 summum,
1392 2253 1767 2317 secundario

198 2351 278 2412 ad
302 2351 458 2412 illud
484 2352 801 2433 pertinen
840 2357 904 2414 et
930 2349 1393 2413 accommodari
1422 2349 1613 2411 debet
1628 2350 1770 2426 jux-

198 2449 260 2506 ta
274 2445 700 2524 capacitatem
714 2445 855 2524 ejus
865 2444 969 2506 cui
984 2444 1328 2524 imponitur
1347 2447 1727 2522 praeceptum
1748 2459 1764 2514 3

200 2536 390 2614 unde,
442 2539 497 2600 si
549 2538 661 2602 ille
709 2555 837 2600 non
868 2539 963 2600 est
1006 2553 1206 2616 capax
1234 2533 1767 2615 transgressionis,

202 2631 370 2693 nulla
410 2633 751 2695 coactione
782 2638 889 2694 aut
912 2631 1399 2694 comminatione
1440 2645 1641 2710 poenae
1678 2628 1774 2688 in-

206 2723 392 2805 diget,
424 2729 493 2789 et
518 2725 673 2788 ideo
698 2725 765 2788 in
792 2743 869 2788 eo
899 2729 1101 2805 potest
1122 2723 1360 2785 habere
1387 2721 1596 2784 locum
1617 2735 1773 2801 prae·

210 2823 451 2896 ceptum
484 2819 705 2900 quoad
732 2819 857 2881 vim
888 2816 1253 2881 directivam
1284 2816 1421 2878 sine
1448 2814 1768 2886 coactiva3

208 2911 295 2971 sic
322 2913 498 2974 enim
522 2912 849 2975 interdum
874 2912 1165 2993 princeps
1190 2910 1502 2989 obligatur
1528 2907 1663 2970 suis
1684 2905 1776 2968 le·

212 3003 389 3083 gibus
408 3005 631 3088 quoad
657 3008 785 3070 vim
814 3005 1205 3080 directivam,
1226 3021 1356 3066 non
1378 3009 1593 3066 tamen
1620 3017 1777 3080 quo·

212 3097 289 3157 ad
304 3101 697 3178 coactivam3
728 3106 793 3162 et
812 3100 880 3162 in
894 3099 1097 3163 beatis
1124 3105 1272 3160 sunt
1296 3101 1611 3180 praecepta
1642 3093 1777 3158 sine

212 3189 343 3253 ulta
374 3195 896 3257 comminatione.

293 3289 351 3350 8.
395 3289 695 3351 Secundo
724 3287 952 3350 dicitur
980 3285 1057 3348 ad
1090 3290 1559 3368 argumentum,
1594 3284 1780 3346 simul

222 3399 355 3442 cum
394 3383 607 3463 prima
640 3381 1141 3457 confirmatione,
1183 3380 1251 3441 in
1280 3387 1595 3461 praecepto
1626 3395 1780 3458 prae·

222 3477 425 3538 sertim
457 3473 681 3539 divino
710 3475 1019 3538 contineri
1046 3476 1113 3536 in
1154 3475 1383 3536 virtute
1412 3473 1587 3534 illam
1608 3489 1783 3534 com-

220 3569 668 3646 minationem,
714 3585 857 3649 qnae
906 3585 1021 3650 per
1067 3568 1241 3631 illam
1294 3566 1782 3630 conditionalem

228 3773 363 3830 cun
400 3774 533 3821 non
572 3763 665 3820 est
694 3763 909 3820 tamen
948 3771 1217 3819 necesse
1240 3761 1312 3816 ut
1349 3753 1694 3816 formaliter
1723 3758 1787 3816 et

229 3853 287 3910 et
331 3849 573 3916 directe
614 3851 727 3913 fiat:
774 3851 915 3913 talis
962 3849 1386 3913 comminatio.
1438 3848 1517 3911 Ut
1570 3854 1783 3910 autem

233 3939 499 4010 Christus
524 3946 607 4008 sit
635 3963 831 4025 capax
858 3940 1159 4026 praecepti
1201 3941 1429 4004 virtute
1459 3943 1785 4005 continen-

232 4037 307 4098 tis
334 4041 894 4103 comminationem
922 4039 1119 4116 illam,
1145 4037 1294 4100 satis
1323 4043 1419 4100 est
1462 4043 1532 4098 ut
1558 4039 1785 4098 natura

236 4129 363 4210 ejus
399 4135 704 4212 humana,
756 4135 1104 4197 secundum
1150 4149 1221 4195 se
1274 4131 1689 4206 considerata,
1723 4135 1786 4193 et

234 4233 407 4302 prout
434 4245 573 4292 esse
594 4234 803 4310 posset
826 4229 894 4290 in
924 4227 1177 4310 proprio
1207 4226 1553 4308 supposito,
1581 4227 1659 4288 sit
1681 4241 1784 4287 ca·

237 4335 350 4398 pax
372 4323 539 4385 illius
566 4327 782 4398 status,
809 4329 869 4386 et
896 4339 1102 4402 poenae
1129 4337 1271 4402 quse
1298 4337 1415 4401 per
1442 4319 1613 4380 illam
1640 4335 1788 4380 con-

240 4411 596 4480 ditionalem
644 4417 1025 4498 explicatum
1059 4415 1161 4477 vel
1193 4420 1361 4477 certe
1392 4413 1543 4474 satis
1573 4418 1671 4474 est
1719 4417 1790 4473 ut

242 4506 370 4570 talis
394 4517 623 4574 natura
662 4513 896 4574 habeat
928 4511 1115 4572 aliam
1146 4509 1560 4589 superiorem,
1608 4507 1789 4587 cujus

244 4601 617 4669 voluntatem
648 4605 959 4688 respicere
998 4603 1227 4667 debeat
1272 4608 1574 4682 tanquam
1604 4617 1792 4681 regu·

242 4692 361 4760 lam
392 4719 527 4762 snae
556 4701 915 4764 voluntatis.
946 4701 1105 4763 Nam
1135 4715 1211 4761 ex
1258 4697 1380 4759 hoc
1422 4695 1493 4759 fit
1524 4701 1591 4758 ut
1623 4715 1660 4757 a
1686 4711 1794 4758 su-

244 4791 464 4866 periori
480 4796 589 4857 illa
616 4796 939 4858 voluntate
956 4791 1277 4876 praescribi
1304 4791 1499 4874 possit
1528 4788 1789 4870 aliquid,

254 4889 313 4944 ut
334 4891 760 4952 necessarium
795 4889 877 4950 ad
922 4889 1317 4950 honestatem
1350 4901 1623 4958 morum,
1679 4899 1792 4944 seu

252 4975 324 5037 ad
350 4983 711 5046 charitatem
754 4981 1271 5056 conservandam,
1298 4979 1364 5040 in
1396 4996 1521 5060 quo
1571 4979 1637 5039 in
1664 4975 1793 5038 vir-

250 5073 373 5134 tute
420 5079 776 5140 continetur
823 5077 928 5138 illa
968 5073 1401 5138 conditionalis
1427 5093 1446 5149 3
1509 5071 1795 5152 quamvis

254 5163 377 5244 ipsa
402 5171 556 5235 ratio
586 5171 883 5254 praecepti
910 5167 1139 5232 melius
1166 5165 1573 5230 etformalius
1602 5163 1799 5246 expli-

256 5269 419 5326 cetur
463 5285 579 5348 per
622 5265 789 5328 hanc
840 5263 1273 5328 affirmativam
1324 5267 1389 5324 et
1445 5258 1798 5322 absolutam

258 5359 769 5436 propositionem:
790 5359 921 5421 Hoc
946 5357 1369 5439 praescribitur
1388 5373 1505 5437 per
1516 5368 1801 5436 praecep-

260 5451 380 5511 tum
408 5459 702 5535 tanquam
732 5453 1157 5517 necessatium
1203 5453 1284 5514 ad
1336 5452 1629 5514 virtutem
1686 5467 1799 5511 seu

264 5539 607 5614 charitatem
625 5597 645 5630 ,
680 5567 873 5631 quam
927 5547 1240 5630 perillam
1290 5543 1797 5622 conditionalem,

1846 1813 1992 1858 cnm
2039 1797 2438 1877 dispensare3
2495 1815 2646 1877 ergo
2676 1815 2803 1858 non
2855 1799 3103 1857 tenetur
3136 1790 3405 1871 legibus.

1848 1889 2141 1969 Princeps
2192 1891 2360 1952 enim
2393 1889 2522 1952 suis
2553 1890 2799 1970 legibus
2841 1887 3176 1968 obligatur,
3223 1891 3288 1946 et
3320 1891 3414 1945 ta·

1846 2001 1994 2044 men
2018 1987 2222 2064 potest
2245 2001 2460 2046 secum
2479 1983 2844 2065 dispensare
2877 1985 3036 2044 sicut
3063 1997 3210 2042 cum
3235 1978 3407 2052 aliis;

1846 2075 1974 2138 imo
2027 2095 2105 2139 ex
2133 2077 2604 2159 dispensatione
2651 2075 2956 2158 possibili,
2987 2075 3195 2156 potius
3223 2071 3413 2134 infer-

1844 2177 1951 2233 tur
1973 2169 2268 2253 obligatio
2290 2172 2470 2252 legis,
2505 2171 2800 2252 quia‘non
2831 2169 3026 2231 habet
3051 2167 3259 2230 locum
3289 2165 3411 2227 dis-

1846 2263 2156 2346 pensatio,
2187 2265 2307 2326 nisi
2359 2265 2468 2326 ubi
2507 2263 2836 2326 intercedit
2866 2261 3184 2342 obligatio.
3241 2261 3414 2321 Tau-

1852 2357 1996 2418 dem
2029 2358 2221 2436 (quod
2250 2357 2332 2419 ad
2359 2375 2493 2420 rem
2515 2359 2799 2438 spectat),
2836 2356 2984 2418 licet
3013 2354 3309 2429 Christus,
3343 2355 3414 2414 ut

1852 2449 2044 2527 Deus,
2063 2451 2141 2512 sit
2169 2468 2503 2530 supremus
2533 2451 2812 2513 omnium
2839 2449 3156 2524 dominus,
3189 2453 3253 2509 et
3269 2447 3412 2508 ideo

1852 2550 1923 2607 ut
1955 2545 2044 2607 sic
2077 2563 2205 2606 non
2237 2545 2319 2606 sit
2364 2563 2562 2627 capax
2611 2543 2930 2625 praecepti,
2983 2548 3200 2604 tamen
3237 2539 3414 2604 Chri·

1854 2641 2014 2715 stus,
2045 2643 2119 2700 ut
2166 2637 2383 2713 homo,
2431 2657 2562 2700 non
2590 2638 2781 2700 habet
2807 2654 3169 2718 supremum
3215 2633 3416 2697 domi-

1852 2733 2030 2793 nium
2057 2748 2172 2812 per
2213 2731 2601 2795 voluntatem
2627 2731 3006 2804 humanam:
3035 2731 3164 2792 imo
3192 2745 3417 2791 secun-

1854 2825 2008 2889 dum
2039 2825 2212 2886 illam
2235 2843 2364 2888 non
2391 2831 2600 2906 potest
2622 2841 2752 2888 non
2781 2843 2924 2887 esse
2953 2823 3074 2886 sub
3105 2827 3416 2904 potestate

1858 2919 2137 2998 alterius,
2181 2923 2244 2982 et
2266 2919 2411 2984 ideo
2441 2919 2578 3004 ejus
2605 2918 2848 3001 legibus
2877 2917 3060 2982 subdi
3083 2921 3311 3000 potest.

2477 3091 2696 3148 SECTIO
2733 3094 2798 3148 11.

1860 3219 2063 3294 Quibus
2093 3220 2299 3296 leqibus
2317 3221 2490 3298 fuerit
2519 3219 2765 3278 christus
2792 3219 3085 3298 subjectus,
3112 3221 3199 3277 vel
3224 3217 3422 3289 subiici

2497 3307 2763 3380 potuerit.

1944 3481 2006 3539 1.
2051 3476 2182 3540 Leo
2227 3475 2438 3539 divina
2483 3474 2832 3557 quotupleoe.
2871 3505 2949 3520 --
2977 3473 3124 3534 Haec
3160 3471 3422 3552 quaestio

1861 3569 2217 3652 praesertim
2249 3568 2581 3632 tractanda
2626 3575 2724 3630 est
2759 3565 2838 3629 de
2876 3566 3102 3629 divinis
3141 3565 3422 3647 legibus;

1864 3682 2016 3726 nam
2044 3663 2328 3726 hocloco
2352 3663 2665 3743 praecipue
2703 3661 2951 3740 agimus
2983 3660 3062 3722 de
3089 3658 3427 3738 subjectio-

1867 3777 1947 3821 ne
1979 3757 2202 3820 Christi
2236 3756 2316 3819 ad
2355 3757 2590 3828 Deumz
2623 3759 2838 3818 tamen
2865 3770 2982 3833 per
3005 3754 3425 3828 occasionem,

1866 3859 1930 3914 et
1985 3851 2067 3914 ad
2123 3851 2659 3934 complementum
2711 3847 2993 3910 materiae
3019 3891 3036 3917 ‚
3092 3845 3432 3909 dicendum

1868 3947 2060 4008 etiam
2088 3946 2206 4007 erit
2233 3945 2312 4007 de
2341 3943 2588 4026 legibus
2615 3941 2948 4017 humanis3
2977 3939 3079 4004 lex
3104 3944 3315 4002 autem
3341 3937 3430 4000 di-

1863 4041 2011 4102 vina
2042 4040 2272 4120 duplex
2305 4045 2443 4115 est,
2475 4039 2672 4100 altera
2703 4035 3008 4098 naturalis
3028 4079 3044 4108 ‚
3087 4033 3284 4095 altera
3317 4049 3432 4112 po·

1866 4135 2085 4208 sitiva,
2124 4152 2266 4214 quae
2315 4133 2508 4196 dividi
2552 4129 2814 4194 ulterius
2855 4134 3060 4210 potest
3105 4129 3172 4188 in
3221 4126 3430 4205 legem

1866 4243 2291 4302 communem,
2324 4245 2438 4290 seu
2465 4225 2846 4308 generaliter
2867 4221 3158 4285 Ecclesioe
3185 4227 3294 4282 aut
3322 4237 3432 4299 po-

1866 4322 2018 4402 pulo
2040 4322 2155 4384 Dei
2188 4321 2600 4402 propositam,
2631 4325 2702 4380 ut
2727 4317 2845 4380 fnit
2867 4319 2970 4379 lex
2994 4321 3178 4379 vetus
3199 4361 3216 4386 ‚
3249 4320 3311 4376 et
3337 4316 3432 4376 est

1865 4435 2040 4479 nunc
2067 4417 2171 4478 lex
2200 4417 2413 4496 gratiae
2430 4429 2452 4495 3
2483 4421 2547 4477 et
2575 4413 2644 4476 in
2683 4411 3044 4493 specialem,
3075 4415 3146 4472 ut
3175 4409 3228 4470 si
3257 4407 3436 4471 Chri·-

1870 4517 2004 4576 stus
2030 4507 2257 4572 habuit
2301 4507 2559 4590 aliquod
2585 4505 2856 4589 speciale
2897 4510 3283 4586 praeceptum
3311 4499 3432 4563 sibi

1872 4605 2259 4686 impositum.
2289 4603 2380 4667 De
2406 4603 2527 4666 hoc
2556 4603 2840 4666 dicemus
2861 4600 3137 4663 sectione
3167 4613 3434 4676 sequen·

1872 4701 1952 4779 ti;
1982 4705 2209 4763 caetera
2239 4697 2342 4759 hic
2365 4699 2642 4761 breviter
2673 4694 2953 4777 expediri
2977 4695 3262 4774 possunt.

1954 4795 2014 4855 2.
2043 4792 2194 4854 Dico
2223 4809 2374 4872 ergo
2399 4791 2604 4874 primo
2629 4813 2644 4852 z
2669 4791 2949 4854 Christus
2963 4787 3266 4850 Dominus
3285 4782 3437 4845 sub-

1867 4888 2077 4968 jectus
2104 4885 2222 4948 fuit
2269 4885 2394 4966 legi
2431 4885 2542 4946 Dei
2580 4889 2834 4946 aeternse
2876 4899 2988 4944 seu
3015 4877 3310 4942 naturali.
3341 4877 3436 4940 Ita

1874 4979 2059 5042 docet
2085 4980 2149 5041 S.
2183 4979 2435 5053 Thom.,
2460 4983 2520 5042 2.
2545 4979 2608 5055 2,
2639 4994 2704 5057 q.
2731 4979 2834 5049 93,
2867 4981 2984 5038 art.
3027 4979 3090 5049 4,
3124 4972 3204 5035 ad
3230 4976 3291 5047 2,
3325 4971 3436 5033 ubi

1875 5072 1954 5135 de
1981 5076 2214 5134 aeterna
2241 5072 2383 5152 lege
2411 5071 2720 5151 loquitur3
2753 5069 2870 5133 sed
2902 5075 2997 5131 est
3025 5063 3246 5130 eadem
3277 5063 3437 5126 ratio

1877 5166 1960 5230 de
1981 5166 2274 5230 naturali.
2297 5168 2372 5229 Et
2409 5183 2552 5228 eam
2593 5165 2779 5228 docet
2805 5163 2932 5225 late
2951 5163 3135 5225 Joan.
3159 5157 3435 5233 Medina,

1878 5261 2092 5324 codice
2129 5261 2208 5323 de
2251 5261 2429 5322 Poen.
2455 5308 2472 5336 ,
2501 5264 2683 5322 tract.
2731 5258 2790 5332 3,
2837 5275 2902 5337 q.
2939 5259 3004 5328 1,
3037 5253 3168 5326 ubi,
3201 5251 3346 5313 licet
3373 5251 3440 5311 in

1880 5355 2020 5418 aliis
2061 5353 2272 5416 multis
2301 5354 2380 5416 de
2409 5354 2633 5416 merito
2667 5357 2730 5414 et
2759 5347 3182 5414 satisfactione
3215 5341 3440 5406 Christi

1878 5449 2094 5510 minus
2122 5448 2314 5527 digne
2345 5445 2598 5523 sentiat,
2625 5447 2694 5506 in
2739 5443 2860 5506 hoc
2887 5447 3106 5504 tamen
3149 5438 3313 5500 bene
3343 5434 3443 5497 lo-

1881 5545 2134 5624 quitur3
2168 5543 2479 5607 immerito
2507 5549 2723 5606 tamen
2753 5539 3062 5602 existimat
3091 5537 3250 5598 hanc
3281 5531 3442 5595 obli-
