3892 6167
1325 336 1561 400 QUEM.
1597 334 1724 389 xxi.
1757 334 1961 389 Amic.
2001 338 2058 391 ΙΙ.

162 438 508 507 voluntatem,
532 451 638 498 seu
655 432 1036 499 desiderium
1063 434 1394 502 obtinendi
1409 436 1645 517 aliquid

161 563 188 601 a
217 540 342 607 Deo,
373 550 476 595 sen
503 548 616 609 ope
651 528 896 602 dii-inm
931 546 1074 609 quae
1101 532 1392 595 voluntas
1413 550 1646 613 suppo-

157 634 244 706 nit,
271 630 445 690 Deum
467 621 748 701 cognosci
767 629 838 685 ut
867 629 1192 690 auctorem
1223 626 1366 691 talis
1401 625 1579 701 boni,
1605 644 1644 689 a

159 744 252 803 quo
281 716 708 799 expectandum
742 722 835 779 est
863 724 927 781 et
966 718 1358 798 petendum3
1411 719 1642 791 deinde

159 814 364 881 includit
403 784 590 875 ossatio
641 808 1094 878 ordinationem
1147 812 1490 893 quamdam
1532 814 1646 875 hu-

151 906 374 993 jusmodi
409 902 749 977 voluntatis,
807 922 920 969 seu
949 904 1238 971 desiderii
1281 906 1362 969 ad
1415 908 1641 985 Deum,

155 1025 250 1089 qua
266 1003 430 1063 homo
455 995 810 1063 manifestat
833 998 962 1065 Deo
983 1016 1168 1065 suum
1195 1000 1514 1075 affectum,
1536 1018 1643 1063 cu-

155 1100 294 1178 piens
320 1100 373 1155 et
393 1110 646 1173 sperans
675 1090 958 1157 obtinere
986 1093 1158 1173 quod
1200 1095 1438 1174 appetit
1448 1110 1470 1171 ς
1513 1094 1642 1157 sive

155 1192 298 1271 igitur
331 1189 449 1253 haee
477 1184 807 1261 ordinatio,
844 1186 944 1251 vei
979 1188 1306 1267 explicatio
1351 1187 1643 1255 desiderii

153 1282 280 1363 apud
304 1283 506 1351 Deum.
553 1278 636 1339 ad
679 1278 1088 1351 intellectum,
1139 1282 1268 1345 eive
1317 1282 1400 1343 ad
1426 1282 1648 1345 volun-

155 1385 297 1439 tatem
345 1372 682 1455 pertineat,
715 1378 960 1438 constat
1013 1378 1226 1444 tamen
1257 1374 1478 1444 Christi
1513 1374 1643 1440 ani·

151 1487 278 1529 mam
315 1480 596 1546 capacem
647 1463 842 1528 fuisse
898 1466 1182 1532 omnium
1215 1467 1478 1533 istorum
1537 1487 1644 1531 ac·-

151 1571 304 1633 tuum‚
331 1577 464 1620 cum
487 1562 698 1619 creata
723 1558 822 1633 sit,
855 1560 1106 1637 Deoque
1137 1558 1420 1640 subjecta
1459 1566 1522 1627 et
1549 1562 1641 1625 in-

147 1655 314 1717 terior.

205 1752 254 1809 3.
293 1745 562 1813 christu
587 1762 700 1812 cur
726 1748 1014 1813 oraverit.
1033 1780 1114 1799 —-
1137 1748 1378 1813 Solutio
1401 1748 1484 1811 ad
1508 1750 1640 1829 pri-

145 1858 279 1903 mum
303 1837 569 1901 nonnihil
613 1838 996 1903 difficultatis
1043 1841 1278 1920 habet3
1307 1860 1642 1923 argumen-

147 1943 246 1995 tum
264 1934 409 1993 enim
440 1936 592 2007 erat,
617 1932 930 2000 Christum
950 1952 1082 1999 non
1106 1935 1388 2017 indigere
1416 1936 1642 2000 oratio·

145 2046 344 2099 ascum
358 2026 558 2094 omnia
571 2044 688 2107 per
711 2046 778 2089 se
809 2030 1022 2107 possit.
1038 2030 1404 2111 Respondet
1427 2037 1638 2099 autern

145 2120 362 2201 primum
396 2120 462 2179 D.
508 2120 807 2197 Thomas,
846 2120 1156 2184 Christum
1203 2130 1276 2190 ut
1317 2124 1640 2190 homiuem

145 2234 240 2275 non
276 2212 530 2292 potuisse
575 2212 886 2293 perficere
927 2215 1144 2277 omnia
1192 2234 1334 2295 quae
1363 2217 1638 2295 volebat,

145 2308 244 2365 sine
286 2304 565 2377 oratione,
610 2306 760 2387 quia
801 2312 870 2369 ut
899 2306 1092 2375 homo
1121 2326 1248 2371 non
1279 2316 1414 2372 erat
1442 2310 1641 2371 omni-

145 2404 317 2477 potens
325 2414 344 2475 3
374 2398 573 2459 subdit
599 2418 752 2461 vero
800 2399 1031 2463 deinde
1059 2401 1334 2465 voluisse
1389 2402 1474 2463 ad
1530 2402 1641 2465 Pa-

147 2498 266 2551 trem
291 2491 620 2554 orationem
654 2494 1000 2575 porrigere,
1028 2514 1158 2560 non
1185 2495 1334 2575 quia
1361 2496 1498 2576 ipse
1543 2515 1640 2559 es-

147 2592 215 2647 set
246 2585 551 2665 impotens,
593 2586 712 2649 sed
749 2595 1002 2669 propter
1044 2595 1326 2656 nostram
1373 2590 1640 2655 instruc-

147 2680 328 2741 tionem
354 2686 410 2741 et
439 2682 822 2761 exemptum.
854 2682 1002 2757 Quas
1029 2682 1156 2745 duo
1185 2702 1314 2750 non
1353 2684 1642 2752 videntur

145 2772 266 2833 inter
291 2791 348 2833 se
377 2780 834 2852 consentanea;
864 2776 1012 2857 quia
1050 2776 1100 2839 si
1149 2784 1485 2857 propterea
1527 2777 1643 2842 fuit

145 2886 294 2947 capax
321 2867 632 2941 orationiS,
654 2868 802 2948 quia
831 2877 898 2933 ut
924 2868 1114 2936 homo
1137 2888 1268 2937 non
1297 2872 1510 2937 omnia
1535 2890 1642 2951 po-

143 2966 280 3037 terat,
308 2978 446 3040 ergo
472 2978 702 3025 revera
732 2963 930 3028 oravit:
963 2962 1112 3043 quia
1137 2970 1276 3030 erat
1299 2964 1636 3045 impotens.

143 3056 194 3113 Et
217 3054 614 3131 confirmatur,
642 3056 788 3137 quia
818 3058 870 3119 si
897 3062 1140 3124 tautum
1166 3059 1366 3126 oravit
1389 3064 1642 3141 propter

144 3148 554 3211 instructionem
575 3156 642 3211 et
659 3148 1041 3231 exemplum,
1067 3171 1188 3217 nec
1208 3172 1378 3217 nunc
1407 3158 1640 3231 oraret,

141 3260 304 3321 neque
325 3243 382 3303 in
404 3243 501 3307 via
521 3252 789 3320 orasset,
807 3246 924 3310 nisi
945 3254 1190 3312 tantum
1217 3249 1642 3327 pubiicefles·

142 3337 400 3417 pendetur
420 3344 700 3404 mentem
724 3338 798 3404 I).
831 3342 1090 3403 Thomas
1117 3359 1283 3417 esse,
1305 3361 1448 3406 cum
1471 3343 1644 3411 Chri·

141 3434 242 3489 stus
284 3432 352 3493 sit
395 3430 576 3507 Deus,
609 3434 992 3498 assumendo
1021 3434 1500 3513 humanitatem,
1529 3456 1644 3517 po-

141 3524 290 3584 tuisse
317 3524 397 3583 itti
421 3526 915 3601 communicare,
930 3534 1000 3593 ut
1023 3530 1236 3600 emnia
1263 3546 1406 3609 quse
1429 3530 1640 3609 vellet,

142 3620 449 3693 operaretur
475 3618 720 3698 absque
749 3620 1050 3683 orationis
1081 3622 1182 3683 vel
1207 3622 1526 3701 petitionis
1548 3624 1642 3685 in-

140 3706 394 3787 digentia3
427 3716 489 3773 et
537 3712 668 3785 hoe
713 3714 902 3784 modo
950 3712 1176 3780 dicitur
1227 3733 1464 3795 orasse,
1511 3736 1642 3779 non

140 3802 249 3877 quia
267 3804 332 3864 sit
351 3804 684 3885 impotens,
703 3802 998 3869 nimirum
1023 3810 1160 3887 ipsa
1181 3827 1456 3889 persona
1470 3808 1644 3875 Chri·

141 3894 196 3955 sti
219 3894 286 3957 ad
308 3898 692 3977 operandum
707 3900 828 3967 hoc
847 3900 1036 3971 modo
1055 3920 1170 3983 per
1189 3903 1644 3973 humanitatem

139 4006 310 4069 suam3
336 3992 410 4052 de
454 3992 626 4055 facto
679 3994 894 4059 tamen
935 3996 1136 4057 noluit
1177 3998 1644 4061 communicare

139 4082 264 4144 hanc
289 4085 623 4149 efficaciam
649 4104 774 4149 snae
810 4088 1208 4167 humanitati,
1231 4090 1356 4151 nisi
1384 4108 1496 4169 per
1523 4092 1646 4154 hoe

141 4176 370 4239 medium
395 4179 696 4249 orationis
719 4187 783 4251 et
823 4180 1143 4263 petitionis
1157 4199 1181 4262 3
1211 4189 1278 4251 et
1303 4184 1446 4250 ideo
1475 4190 1644 4247 recte

143 4269 288 4330 etiam
315 4272 530 4335 dicitur
571 4273 642 4337 in
673 4282 978 4355 quantum
1007 4274 1332 4344 hominem
1359 4296 1488 4341 non
1514 4296 1644 4343 om·

144 4363 219 4422 nia
243 4382 406 4443 posse
451 4367 589 4438 sine
641 4369 949 4437 oratione.
979 4370 1053 4436 Et
1089 4370 1212 4436 hoc
1240 4390 1430 4437 sensu
1455 4372 1644 4442 etiam

141 4460 304 4531 potest
323 4477 462 4526 vere
491 4459 644 4533 diei,
670 4459 984 4533 Christum
1013 4468 1080 4530 ut
1101 4460 1425 4528 hominem
1453 4466 1646 4535 intar-

141 4548 254 4609 dum
277 4570 496 4647 orasse,
507 4572 640 4623 non
662 4555 864 4621 solum
893 4562 1150 4639 propter
1169 4556 1646 4624 instructionem

142 4650 188 4701 et
209 4645 562 4727 exemplum,
589 4648 704 4717 sed
733 4650 880 4729 quia
920 4650 1054 4713 sine
1103 4650 1386 4717 oratione
1426 4672 1646 4717 revera.

141 4752 237 4795 non
261 4746 454 4815 posset
469 4738 774 4821 perficere
802 4743 972 4823 quod
993 4742 1262 4820 volebat,
1281 4762 1644 4827 quanquam

141 4826 230 4892 hoc.
243 4834 422 4898 totum
446 4832 528 4899 ad
549 4841 828 4905 uestram
849 4836 1334 4906 instructionem
1359 4844 1424 4911 ot
1435 4856 1640 4911 exem·

3169 344 3275 403 431

1809 439 1870 501 4.
1917 438 2279 503 Secundum
2358 446 2802 521 argumentum
2862 440 3021 506 duas
3077 458 3285 525 parte-s

1721 530 1918 595 habet
1950 548 1969 593 z
2000 532 2199 595 altera
2228 539 2343 607 est,
2377 534 2695 613 quomodo
2717 533 2995 599 Christus
3032 541 3287 619 petebat

1727 623 1992 700 orando,
2046 643 2187 703 quae
2238 632 2409 687 certo
2452 626 2691 687 sciebat
2744 643 2881 687 esse
2926 627 3161 693 futura.
3208 633 3289 696 Et

1725 716 1892 783 hanc
1918 718 2102 783 facile
2121 718 2403 784 dissolvit
2430 720 2506 783 D.
2522 720 2818 793 Thomas,
2844 720 3109 787 dicendo
3140 723 3285 789 ideo

1727 828 1963 885 orasse,
1988 812 2137 891 quia
2166 813 2533 893 praesciebat
2570 830 2685 893 per
2728 814 3074 877 orationem
3103 834 3285 879 suam

1723 904 1920 967 fuisse
1950 904 2178 968 futuru.
2206 906 2417 972 Altera
2439 924 2581 989 pars
2604 908 3083 984 eiat‚quomodo
3106 928 3287 973 omn·

1723 1000 1808 1062 do
1837 999 2097 1078 petebat
2114 999 2431 1064 interdum
2460 1018 2597 1081 quae
2628 998 2867 1063 sciehat
2892 1000 3067 1065 nullo
3098 1003 3285 1065 modo

1725 1110 1866 1155 esse
1891 1092 2125 1162 futura.
2156 1093 2231 1155 Et
2255 1093 2401 1157 huic
2444 1094 2610 1175 parti
2646 1092 2800 1156 nihil
2834 1096 3171 1173 respondet
3208 1098 3281 1158 D.

1725 1185 2035 1258 Thomas;
2081 1185 2345 1247 fortasse
2390 1187 2555 1249 enim
2582 1186 2787 1249 omisit
2818 1185 2885 1247 iu
2940 1192 2979 1249 4
3032 1192 3151 1251 art.
3180 1206 3286 1249 ex-

1725 1278 2104 1357 plicandam.
2156 1280 2503 1358 Responsio
2556 1298 2706 1341 vero
2762 1286 2879 1352 cst,
2930 1280 3289 1359 simpliciter

1727 1390 1856 1435 non
1884 1372 2141 1452 petiisse
2174 1390 2277 1437 res
2298 1372 2685 1452 hujusmodi,
2716 1374 2829 1435 sed
2856 1374 3057 1437 sotum
3088 1374 3285 1438 iuter-

1721 1464 1874 1528 dum
1893 1465 2011 1533 sub
2030 1465 2389 1530 conditione
2402 1466 2749 1545 explicasse
2766 1466 3057 1531 aflectum
3074 1486 3282 1543 suum,

1721 1563 1979 1639 propter
2018 1558 2503 1623 instructionem
2552 1563 2877 1635 nostram,
2922 1560 3025 1624 vet
3076 1579 3283 1627 exem·

1720 1652 1920 1733 ptum,
1951 1652 2051 1715 vet
2075 1650 2229 1717 alias
2255 1654 2557 1719 honestas
2586 1671 2833 1718 causas.

1801 1749 1860 1807 5.
1907 1747 1981 1809 In
2024 1746 2333 1808 solutione
2354 1746 2437 1807 ad
2479 1745 2729 1811 tertium
2756 1747 3004 1813 videtur
3048 1748 3283 1815 sentire

1720 1843 1796 1905 D.
1824 1841 2101 1904 Thomas
2125 1838 2435 1905 Christum
2456 1858 2671 1909 orasse
2694 1842 2895 1905 Deum
2938 1858 3055 1921 per
3083 1842 3279 1921 ipsam
3308 1890 3311 1899 .

1723 1932 2323 2013 contemplationem
2350 1933 2606 1999 beatam
2636 1955 2655 2009 ς,
2690 1939 2753 1997 et
2798 1934 2919 1998 hoc
2956 1934 3147 1997 modo
3176 1954 3285 2015 ap·

1721 2028 1918 2109 plicat
1945 2027 2216 2091 orationi
2254 2026 2479 2092 Christi
2508 2026 2937 2095 definitionem
2968 2029 3283 2104 Damaso„

1721 2122 1981 2199 seilicet,
2016 2122 2367 2186 orationem
2398 2139 2539 2185 esse
2568 2138 2901 2188 ascensum
2951 2123 3180 2186 mentis
3218 2122 3285 2187 in

1720 2218 1949 2291 Deum,
1968 2221 2059 2289 ut,
2084 2214 2343 2288 scilicet,
2376 2216 2441 2277 in
2468 2212 2709 2277 Christo
2728 2216 3135 2294 intelligatur,
3155 2234 3283 2279 non

1723 2310 1804 2375 de
1857 2310 2071 2390 aliquo
2110 2326 2279 2377 novo
2327 2327 2617 2383 ascensu,
2653 2309 2767 2373 sed
2806 2309 2885 2371 de
2930 2310 3041 2373 ilio
3092 2328 3282 2389 quem

1720 2409 2031 2485 perpetuo
2050 2401 2241 2466 habet
2262 2420 2374 2481 per
2393 2401 2987 2481 contemplationem
3004 2402 3277 2468 beatam.

1721 2500 1794 2561 Et
1821 2504 1916 2562 est
1947 2498 2071 2561 hoe
2126 2495 2381 2573 quidem
2424 2512 2669 2570 verum,
2696 2494 2845 2575 quia
2868 2495 2883 2577 ί
2905 2495 3065 2563 sicut
3092 2514 3285 2575 supra

1720 2589 2009 2669 diximus)
2040 2588 2246 2668 potuit
2288 2588 2499 2653 anima
2526 2587 2777 2663 Christi,
2822 2588 3147 2669 supposita
3192 2589 3285 2651 vi-

1722 2683 1898 2747 sione
1925 2681 2065 2759 Dei,
2096 2699 2395 2746 exercere
2409 2682 2573 2748 circa
2601 2688 2923 2748 creaturas
2950 2682 3015 2744 in
3040 2684 3171 2749 Deo
3197 2682 3283 2743 vi-

1723 2794 1828 2839 sas
1879 2782 2059 2839 actus
2113 2774 2431 2841 charitatis
2478 2774 2931 2855 proximorum,
2963 2775 3197 2840 liberos
3222 2780 3287 2840 et

1725 2868 2103 2943 meritorios,
2128 2873 2193 2932 et
2218 2868 2305 2931 ita
2334 2868 2527 2933 etiam
2554 2869 2761 2949 potuit
2784 2868 3143 2934 desiderare
3168 2868 3287 2936 iuis

1723 2962 1918 3037 bona,
1940 2968 2131 3043 atque
2160 2960 2321 3028 adeo
2350 2978 2427 3024 ea
2448 2967 2665 3041 petere
2699 2980 2736 3027 a
2764 2962 2921 3025 Deo.
2940 2960 3107 3026 Addi
3134 2980 3284 3028 vero
3330 3034 3335 3039 ,

1721 3061 1951 3137 potest,
2008 3072 2123 3135 per
2166 3059 2343 3117 actus
2390 3054 2665 3120 scientias
2712 3054 2961 3130 insuam,
3002 3057 3283 3135 potuisse

1723 3150 2003 3214 animam
2049 3146 2277 3214 Christi
2332 3146 2567 3216 babere
2632 3166 2823 3214 novas
2886 3148 3285 3215 ascensiones

1721 3244 1954 3308 mentis
1982 3242 2047 3306 in
2090 3242 2309 3313 Deum,
2348 3259 2519 3306 nunc
2550 3260 2665 3321 per
2716 3260 2913 3306 unum
2964 3243 3279 3320 affectum,

1725 3342 1946 3418 postea
1978 3354 2092 3415 per
2122 3334 2341 3409 alium,
2380 3340 2445 3397 et
2468 3334 2589 3400 hoc
2610 3334 2801 3398 modo
2832 3354 3027 3398 novas
3065 3336 3285 3403 oratio*

1723 3450 1837 3499 nes
1867 3429 2135 3495 tundere
2186 3435 2361 3499 extra
2388 3430 2983 3509 contemplationem
3004 3430 3281 3495 beatam.

1723 3528 1874 3601 Quae
1905 3524 2121 3591 omnia
2144 3523 2329 3588 facile
2358 3540 2437 3589 ex
2466 3542 2657 3603 supra
2682 3524 2955 3587 tractatis
2982 3524 3066 3589 de
3084 3525 3286 3591 noien-

1722 3620 1812 3683 tia
1839 3622 1904 3684 et
1923 3617 2247 3684 voluntate
2276 3614 2503 3683 Christi
2524 3623 2815 3681 constare
2840 3624 3121 3697 possunt.

2235 3823 2655 3889 ARTICULUS
2696 3826 2770 3886 11.

1777 3996 1841 4063 U
1845 4001 2015 4061 trum
2056 3996 2305 4065 oliv-mo
2349 4000 2659 4065 maeoniae
2700 4018 2899 4077 orare,
2924 4002 3246 4069 umdmn

2130 4110 2305 4155 suam
2342 4092 2805 4159 carnalitatem
2830 4095 2871 4161 ¹.

1807 4282 1870 4345 i.
1910 4282 2019 4346 Ad
2083 4280 2409 4349 semor-dum
2462 4280 2555 4349 ’ἑο
2602 4284 2977 4366 proceditur.
3032 4284 3285 4353 Viam»-

1725 4378 1884 4457 quod
1924 4377 2173 4443 (ἕω-ἰώ
2208 4379 2523 4445 ommia!
2556 4396 2733 4447 orara
2763 4380 3087 4446 seeundum
3112 4400 3285 4447 mm
3316 4446 3330 4455 ,

1724 4469 2203 4537 mulum.
2242 4472 2501 4543 Dicitur
2538 4472 2697 4539 anian
2740 4472 2813 4537 in
2851 4472 3033 4539 Psal.
3070 4478 3171 4549 83,
3214 4494 3287 4539 ew

1715 4580 1981 4644 persona
2013 4562 2252 4627 chtisti
2270 4592 2293 4627 .·
2328 4564 2453 4629 Car
2472 4582 2673 4629 metm
2696 4570 2755 4627 et
2774 4584 2919 4629 cam
2944 4584 3081 4629 mea
3110 4566 3285 4631 amul-.-

1725 4660 2009 4721 tavmmt
2034 4658 2106 4721 in
2139 4658 2339 4723 Dewm
2360 4657 2581 4723 vium,
2624 4656 2757 4723 Sed
2790 4659 3163 4725 sensualitas
3184 4660 3287 4723 di-

1726 4749 1888 4817 citur
1909 4746 2221 4831 appetitu·
2244 4750 2469 4815 ommis.
2494 4750 2675 4832 Erae
2701 4752 3070 4818 sensualitas
3095 4750 3289 4819 Chri·-

1724 4842 1810 4907 σέο·
1835 4844 2043 4925 potuit
2070 4844 2387 4909 ascendere
2410 4845 2481 4905 iu
2508 4844 2704 4909 Deum
2730 4843 2954 4915 dvm,
2998 4840 3285 4909 multan-

139 4918 276 4995 Plum
300 4922 649 4996 ordinatum
677 4928 778 4997 sit.
809 4926 906 5003 Ad
946 4928 1492 5004 confirmationem
1517 4950 1649 4999 res·
1735 4936 1831 5010 do,
1863 4938 1920 4998 et
1939 4936 2097 5017 pan·
2120 4938 2299 5005 modo
2317 4937 2565 5007 mado.

139 5014 424 5097 nonciatur,
445 5018 587 5088 illas
612 5040 756 5094 esse
782 5025 1052 5103 optimas
1075 5028 1374 5105 rationes,
1394 5024 1654 5096 sednon

1813 5032 1871 5091 2.
1905 5024 2244 5102 Praeterea,
2272 5028 2403 5107 eius
2425 5028 2669 5095 videtur
2706 5048 2833 5097 osse·
2864 5048 3041 5095 orare
3064 5082 3079 5109 ,
3116 5032 3288 5111 cm‘us

139 5108 450 5193 adaequatas
466 5137 484 5191 ;
516 5132 664 5180 nam
689 5117 878 5179 etiam
914 5118 1110 5181 voluit
1138 5122 1304 5183 Deus
1338 5118 1652 5185 Christum
1733 5126 1816 5184 est
1849 5120 2195 5186 desiderare
2208 5121 2377 5185 illud
2398 5126 2827 5205 Μαριέων.
2848 5124 2983 5191 Sed
3006 5122 3289 5190 Clm'stces

139 5206 508 5272 inhominem
537 5208 820 5275 oratione
851 5212 1160 5293 indigere,
1187 5221 1258 5277 ut
1292 5220 1646 5279 servaretur

140 5298 342 5367 debitus
357 5304 505 5367 ordo
531 5302 840 5369 inferioris
863 5313 1106 5371 natura}
1128 5307 1208 5371 ad
1225 5308 1639 5389 superiorem.

139 5398 186 5543 {t
207 5398 262 5455 nt
281 5396 548 5461 debitum
571 5398 866 5463 orationis
882 5402 1120 5465 cultum
1146 5400 1452 5465 divinitati
1479 5418 1645 5481 pree-

171 5494 298 5548 eret.

1723 5214 1949 5295 petivit
1976 5214 2221 5295 aliqwid
2249 5218 2413 5295 quod
2442 5217 2809 5283 desideravit
2831 5218 2959 5299 ejus
2982 5217 3287 5282 sensuali-

1813 5404 1830 5441 ²
1863 5402 2053 5479 Intra,
2084 5422 2143 5465 a.
2186 5408 2249 5477 t,
2291 5422 2491 5485 corp„
2524 5412 2586 5469 et
2614 5406 2697 5471 ad
2722 5411 2785 5481 4,
2816 5414 2885 5469 et
2910 5410 2969 5475 3,
3010 5405 3150 5469 dist.
3182 5403 3282 5481 17,

1728 5500 1844 5557 art.
1876 5496 1938 5573 3,
1968 5500 2029 5557 et
2058 5512 2159 5575 op.
2196 5498 2256 5570 Ξ,
2290 5515 2345 5557 c.
2376 5498 2518 5575 240,
2543 5505 2607 5561 et
2634 5515 2813 5578 opus.
2847 5502 2905 5559 ¹1.
2941 5553 2950 5562 .
