3892 6167
587 411 709 472 534

589 513 826 576 minem
857 527 996 574 esse
1024 511 1260 585 Deum3
1287 511 1512 574 eodem
1539 511 1709 574 enlm
1754 509 1946 573 modo
2002 525 2155 590 prae·

593 605 976 669 destinatum
1024 611 1119 668 est
1172 603 1344 668 hunc
1383 603 1708 667 hominem
1751 617 1892 666 esse
1930 603 2155 664 Filium

591 697 729 776 Dei,
753 697 1290 780 predestinando,
1321 694 1582 776 scilieet,
1609 697 1808 780 ipsam
1853 695 2155 760 unionem

593 792 1001 857 humanitatis
1033 791 1115 856 ad
1143 793 1363 854 Deum.

673 889 772 950 10.
818 885 940 950 Alii
993 903 1144 950 vero
1173 885 1389 949 dicunt
1425 885 1746 968 proprium
1777 901 2037 950 sensum
2080 883 2153 948 il·

589 981 716 1042 lius
749 980 1083 1044 locutionis
1123 996 1287 1054 esse,
1319 975 1591 1041 Verbum
1629 980 2048 1054 incarnatum,
2080 981 2154 1041 ιιι

593 1075 704 1146 sic.
723 1074 1230 1156 praedestinatum
1256 1089 1422 1152 esse,
1451 1079 1524 1136 nt
1543 1076 1818 1140 existens
1836 1077 1899 1138 in
1929 1075 2151 1136 huma·

591 1169 785 1232 nitate
833 1170 911 1231 sit
953 1167 1144 1229 Filius
1171 1167 1282 1231 Dei
1314 1167 1640 1231 naturalis.
1689 1168 1782 1232 Ita
1815 1169 2152 1248 cajetanus

590 1262 716 1337 hie,
747 1261 858 1342 q’ui
889 1261 1068 1324 addit
1095 1261 1411 1342 objectum
1444 1263 1632 1344 hujus
1661 1263 2153 1345 pmdestinatio·

589 1355 690 1418 nis
719 1373 856 1419 esse
887 1353 1162 1416 Verbum
1193 1357 1624 1430 incarnatum,
1669 1360 1741 1419 ut
1784 1355 2087 1418 abstrahit
2114 1373 2153 1418 a

587 1463 740 1512 vera
782 1455 846 1512 et
875 1447 1273 1511 substantiali
1309 1450 1774 1526 incarnatione,
1822 1453 1886 1512 et
1929 1470 1971 1511 a
2006 1447 2155 1512 ficta

587 1542 1020 1605 incarnatione
1066 1559 1258 1622 quam
1304 1542 1578 1605 haeretici
1617 1542 1895 1622 fingunt3
1941 1543 2155 1606 termi-

590 1651 744 1698 num
790 1651 937 1697 vero
977 1635 1166 1716 hujus
1202 1635 1766 1716 proedestinationis
1813 1635 1967 1698 dicit
2013 1651 2155 1698 esse

589 1728 870 1792 Verbum
898 1727 1387 1792 substantialiter
1416 1729 1833 1793 incarnatum.
1865 1727 1993 1792 Sed
2020 1727 2157 1791 baec

591 1823 750 1884 mihi
775 1839 900 1886 non
931 1822 1304 1902 probantur,
1325 1827 1459 1886 tum
1485 1822 1811 1904 quiaillud
1839 1821 2155 1903 objectum

589 1916 729 1979 talis
753 1915 1322 1998 praedestinationis
1361 1923 1456 1980 est
1484 1917 1678 1996 gratis
1703 1917 2065 1994 confictum,
2095 1923 2158 1980 et

589 2015 822 2092 preter
870 2016 1150 2072 mentem
1197 2009 1400 2086 Pauli,
1447 2017 1512 2073 et
1557 2011 1632 2072 D.
1679 2010 1977 2089 Thomoe3
2021 2017 2155 2074 tum

591 2103 781 2166 etiam
831 2103 980 2184 quia
1029 2103 1334 2166 terminus
1375 2103 1544 2164 illius
1589 2103 2157 2183 praedestinationis

589 2211 811 2258 revera
839 2211 966 2257 non
991 2202 1090 2258 est
1119 2195 1439 2260 hominem
1469 2213 1609 2260 esse
1633 2197 1859 2260 Filium
1887 2197 2023 2272 Dei,
2048 2197 2161 2260 sed

591 2289 802 2370 potius
837 2295 932 2352 est
974 2291 1178 2352 Deum
1233 2307 1374 2354 esse
1423 2307 1648 2354 verum
1691 2289 2015 2352 hominem
2044 2307 2161 2372 per

589 2398 806 2446 veram
835 2385 900 2445 et
927 2381 1400 2446 substantialem
1451 2383 1988 2457 incarnationem3
2020 2391 2159 2447 tum

591 2477 868 2558 denique
899 2475 1051 2558 quia
1077 2477 1142 2538 in
1181 2477 1287 2539 illo
1331 2477 1578 2558 objecto
1609 2476 1800 2555 hujus
1825 2477 2159 2558 proedesti-

593 2571 862 2633 nationis
889 2569 1229 2634 includitur
1254 2571 1392 2652 lpse
1431 2567 1623 2632 Filius
1667 2571 1815 2645 Dei;
1849 2587 2002 2652 ergo
2032 2587 2160 2632 non

595 2663 1077 2746 praedestinatur
1097 2668 1172 2727 ut
1198 2665 1280 2728 sit
1303 2663 1498 2726 Filius
1523 2664 1680 2736 Dei,
1712 2663 1826 2726 ssd
1852 2659 2064 2744 potius
2094 2671 2163 2726 ut

596 2757 676 2820 sit
701 2771 887 2820 verus
913 2759 1130 2821 bomo.
1163 2757 1240 2820 Et
1276 2757 1500 2820 eadem
1535 2759 1778 2820 ratione
1806 2759 2000 2821 etiam
2042 2775 2171 2820 non

599 2851 902 2913 satisfacit
947 2851 1124 2932 quod
1177 2849 1284 2914 aiii
1334 2849 1554 2914 dicunt
1572 2895 1595 2928 ‚
1647 2857 1987 2932 sequentes
2037 2851 2169 2915 fere

599 2945 895 3007 eumdem
929 2960 1187 3008 sensum
1206 2988 1228 3022 ‚
1273 2944 1565 3008 videlicet
1619 2943 1938 3027 objectum
1980 2945 2171 3027 hujus

599 3038 1174 3120 predestinationis
1210 3057 1350 3103 esse
1377 3040 1605 3104 Filium
1631 3041 1742 3104 Dei
1787 3048 1852 3104 et
1875 3041 2169 3106 hnmani-

598 3136 819 3210 tatem,
844 3135 1157 3214 quatenus
1185 3133 1754 3215 praeintelliguntur
1779 3135 2025 3213 unioni,
2049 3141 2171 3198 ter-

599 3223 846 3286 minum
867 3241 1017 3288 vero
1047 3241 1189 3289 esse
1209 3227 1434 3288 Filium
1458 3224 1566 3291 Dei
1590 3225 1673 3290 ad
1703 3227 1822 3290 boc
1850 3228 2171 3309 praedesti-

597 3329 842 3392 natum,
873 3330 945 3381 ut
967 3318 1088 3381 sub
1112 3319 1511 3384 humanitate
1553 3321 1828 3384 existens
1871 3324 1951 3385 sit
1976 3322 2168 3386 Filius

596 3409 727 3474 Dei.
759 3412 987 3476 Contra
1015 3413 1136 3477 hoc
1185 3415 1357 3479 enlm
1403 3413 1691 3495 procedit
1723 3414 1949 3478 eodem
1975 3414 2165 3480 modo

593 3506 752 3570 ratio
781 3505 945 3570 facta
965 3551 982 3582 ‚
1020 3509 1170 3588 quia
1199 3509 1264 3571 in
1297 3507 1411 3571 iilo
1437 3507 1688 3590 objecto
1720 3525 1975 3590 semper
2019 3527 2167 3593 sup-

593 3601 853 3683 ponitur
877 3601 1117 3665 iucludi
1144 3601 1339 3666 Filius
1369 3602 1512 3679 Del,
1537 3607 1604 3665 et
1631 3597 1775 3665 ideo
1801 3617 1928 3665 non
1958 3609 2169 3684 potest

597 3709 748 3758 vere
775 3711 849 3758 ae
879 3695 1134 3778 proprie
1162 3695 1480 3777 pertinere
1511 3695 1592 3759 ad
1625 3697 1965 3759 terminum
1996 3699 2164 3778 ejus-

597 3785 747 3852 dem
769 3788 1357 3868 praedestinationis.
1387 3789 1568 3865 Quod
1587 3795 1807 3872 aperte
1829 3789 2165 3853 conflrma-

597 3887 742 3960 tur,
794 3884 945 3964 quia
993 3883 1167 3964 quod
1204 3883 1400 3946 Filius
1446 3882 1560 3946 Dei
1607 3881 1726 3946 sub
1769 3883 2165 3948 humanitate

600 3975 874 4038 existens
901 3975 984 4038 sit
1019 3973 1211 4039 Filius
1237 3977 1374 4052 Dei,
1417 3991 1548 4039 non
1573 3975 1767 4040 habet
1789 3993 1866 4039 ex
1893 3976 2164 4059 praedes·

603 4069 926 4147 nuatione,
958 4073 1072 4135 sed
1114 4087 1192 4136 ex
1234 4075 1462 4136 natura
1489 4087 1605 4134 sua
1624 4093 1644 4150 3
1681 4069 1878 4136 habet
1905 4071 2163 4154 quidem

599 4179 678 4225 ex
731 4162 1284 4244 praedestinatione
1352 4163 1527 4245 quod
1586 4161 1707 4228 sub
1766 4167 2163 4231 humanitate

599 4253 848 4330 existat,
880 4256 1054 4337 quod
1081 4265 1296 4322 autem
1325 4258 1446 4320 sub
1471 4257 1580 4320 illa
1608 4259 1880 4321 retineat
1921 4258 2164 4322 filiatio-

597 4361 747 4408 nem
777 4345 1080 4426 divinam,
1111 4349 1233 4412 hoc
1262 4349 1452 4412 veluti
1491 4351 1781 4413 naturale
1817 4356 1931 4413 est.
1965 4349 2158 4429 Sicut,

595 4437 745 4501 licet
781 4439 973 4503 homo
1017 4457 1095 4504 ex
1132 4441 1690 4523 pradestinatione
1729 4443 1964 4506 habeat
1992 4445 2165 4526 quod

599 4529 830 4594 beatus
856 4535 958 4609 sit,
991 4539 1206 4598 tamen
1233 4533 1406 4616 quod
1447 4536 1566 4598 sub
1593 4535 2009 4614 beatitudine,
2048 4555 2163 4600 seu

597 4623 825 4688 beatus
855 4626 1126 4690 existens
1156 4629 1234 4691 sit
1275 4629 1465 4692 etiam
1503 4629 1727 4708 homo,
1756 4630 1876 4692 boc
1917 4645 2046 4692 non
2074 4638 2164 4694 est

595 4719 850 4800 proprie
881 4737 960 4783 ex
997 4722 1567 4802 praedestinatione,
1605 4737 1814 4803 neque
1843 4725 1926 4786 ad
1952 4725 2165 4788 termi-

597 4828 753 4874 num
783 4815 924 4894 ejus
951 4815 1246 4894 pertinet.
1279 4815 1460 4878 Unde
1507 4831 1637 4878 non
1685 4817 1910 4880 dicitur
1937 4817 2162 4899 aliquis

599 4921 749 4968 vere
778 4912 840 4969 et
880 4909 1133 4992 proprie
1162 4907 1616 4991 proedestinari.
1647 4913 1716 4972 ut
1743 4908 1864 4972 sub
1889 4908 2163 4974 beatitu-

599 4993 747 5061 dine
778 5001 857 5063 sit
881 5001 1070 5065 bomo
1090 5045 1112 5079 ‚
1144 5003 1258 5064 sed
1287 5019 1324 5064 e
1351 5016 1656 5065 converso
1682 5002 2167 5083 praedestinatur

599 5089 819 5168 bomo,
843 5099 915 5154 ut
933 5093 1161 5157 beatus
1177 5096 1275 5159 sit.
1291 5095 1394 5158 Sic
1414 5109 1566 5176 ergo
1581 5095 1857 5158 Verbum
1879 5096 2163 5161 divinum

599 5183 788 5246 simul
835 5201 980 5247 cnm
1025 5185 1416 5251 humanitate
1455 5195 1967 5272 praeconceptum
2014 5196 2162 5256 ante

593 5277 923 5357 unionem,
942 5281 1372 5360 praedestinari
1392 5278 1516 5345 dici
1535 5283 1787 5363 poterit,
1807 5288 1881 5345 ιιι
1901 5285 2022 5347 snb
2048 5287 2162 5348 hn-

595 5371 898 5436 manitafe
929 5373 1156 5437 existat
1173 5392 1190 5450 3
1215 5391 1346 5439 non
1365 5381 1580 5438 tamen
1603 5377 1853 5459 proprie
1881 5382 1952 5440 ut
1970 5379 2049 5440 sit
2066 5377 2161 5443 Fi-

1799 405 2037 474 Quaesr.
2070 406 2241 463 xxiv.
2276 405 2479 462 Att'rtc.
2514 409 2595 464 w.

2320 512 2417 573 ii.
2448 507 2737 574 Clarum
2764 509 3049 594 quomodo
3086 507 3181 572 ete
3191 505 3673 590 predestinatus
3692 507 3769 570 Fi-

2235 601 2363 666 lius
2387 601 2524 667 Dei.
2543 633 2625 652 —
2643 603 2969 680 Quocirca,
3000 615 3193 665 venis
3226 615 3307 662 ae
3349 597 3645 680 proprius
3666 615 3771 662 raa-

2234 711 2346 759 sus
2372 696 2563 779 hujus
2581 697 2915 760 locutionis
2944 700 3061 773 est,
3090 693 3441 768 Christum,
3496 699 3572 754 ιιι
3594 701 3683 754 est
3700 693 3769 756 hic

2234 789 2452 864 homo,
2502 790 3014 872 pmdestinamm
3050 805 3193 852 esse
3226 794 3300 850 ιιι
3344 787 3435 850 sit
3482 785 3677 848 Filius
3700 788 3773 850 Dei
3823 813 3824 816 ¹

2230 883 2559 946 naturalis.
2608 881 2801 966 cujus
2852 881 3433 964 predestinationis
3502 878 3775 960 objectum

2234 983 2329 1040 est
2356 978 2455 1040 bic
2483 978 2675 1041 bomo
2712 983 2784 1041 ut
2840 978 2951 1052 sic,
2997 979 3062 1041 in
3110 976 3299 1059 cnjus
3346 973 3617 1057 proprio
3658 993 3775 1036 aaa·

2232 1077 2417 1152 cepta
2468 1089 2597 1134 non
2652 1067 2993 1135 includitur
3022 1071 3433 1151 suppositum
3488 1065 3629 1130 Filii
3672 1069 3773 1140 Dei.

2234 1165 2350 1228 sed
2380 1165 2583 1228 solum
2613 1162 2679 1228 id
2702 1165 2876 1244 qnod
2902 1164 3184 1228 subsistit
3227 1163 3295 1225 in
3344 1161 3480 1225 bae
3528 1161 3777 1224 humani-

2232 1264 2396 1332 tate;
2428 1259 2577 1340 quia
2606 1261 2699 1338 (ut
2726 1277 2943 1341 supra,
2992 1275 3056 1340 q.
3094 1260 3133 1321 8
3162 1257 3417 1320 dictum
3448 1257 3571 1332 est)
3608 1255 3685 1318 de
3704 1273 3779 1317 ra-
3825 1311 3826 1334 ¹

2234 1351 2405 1414 tione
2428 1351 2622 1432 hujus
2640 1352 2913 1415 hominis
2941 1368 3068 1414 non
3088 1357 3185 1414 est
3212 1351 3338 1412 boe
3382 1349 3779 1429 suppositum,

2238 1444 2351 1507 sed
2360 1444 2565 1507 solum
2588 1447 2938 1509 subsistens
2956 1445 3019 1506 in
3036 1445 3155 1506 bac
3171 1441 3593 1506 humanitate
3620 1443 3778 1504 utsic.

2236 1537 2568 1600 Terminus
2610 1546 2819 1602 autem
2848 1539 3041 1619 hujus
3088 1535 3677 1618 predestinationis
3714 1543 3784 1596 est

2238 1649 2373 1694 esse
2402 1631 2540 1696 Filii
2564 1631 2700 1710 Dei,
2730 1634 2881 1712 quia
2910 1634 3309 1713 suppositum
3342 1629 3494 1692 Filii
3524 1629 3643 1690 Dei
3686 1645 3783 1688 nat

2238 1725 2579 1788 includitur
2598 1727 2664 1787 in
2695 1726 2987 1806 pra-dicto
3014 1725 3287 1806 objecto,
3336 1739 3467 1784 sen
3514 1736 3785 1801 concepit

2240 1818 2427 1899 hujus
2456 1819 2750 1882 bominis.
2786 1818 3277 1899 Praeconcipitur
3324 1817 3535 1896 igitur
3560 1813 3661 1876 bic
3702 1816 3787 1874 ho-
3827 1821 3828 1824 ’

2238 1929 2363 1989 ιιιο,
2398 1919 2467 1974 ιιι
2506 1913 2619 1986 sic,
2664 1913 2839 1994 prius
2882 1909 3149 1984 ratione,
3186 1927 3385 1990 quam
3428 1909 3785 1986 concipiatur

2239 2024 2378 2069 esse
2408 2007 2601 2070 Filius
2626 2006 2753 2083 Dei,
2778 2013 2841 2070 et
2866 2021 2983 2087 per
3002 2005 3285 2068 divinam
3322 2001 3789 2084 proedestinstio-

2238 2117 2389 2162 nem
2419 2099 2766 2176 ordinatur,
2794 2107 2866 2163 ut
2902 2099 2981 2163 sit
3024 2101 3299 2180 ipsemet
3340 2097 3553 2160 Filius
3584 2095 3787 2156 Deian-

2242 2195 2487 2271 turaiis,
2515 2211 2657 2275 quse
2686 2201 2779 2258 est
2800 2208 3095 2275 suprema
3148 2191 3443 2274 dignitas
3484 2189 3677 2270 hujus
3708 2189 3785 2248 ho-
3829 2255 3830 2266 χ

2239 2289 2451 2364 minis,
2486 2304 2681 2371 quam
2708 2303 2789 2350 ex
2810 2305 2926 2350 sua
2950 2288 3201 2350 ratione
3254 2291 3329 2348 οι
3360 2283 3637 2366 proprio
3678 2299 3785 2344 em·

2242 2389 2429 2463 ceptu
2458 2401 2589 2445 non
2612 2379 2825 2456 habet,
2858 2379 2972 2443 sed
2992 2393 3072 2442 ex
3096 2379 3303 2461 gratia
3326 2385 3399 2441 et
3428 2377 3785 2440 ordinatim

2242 2477 2491 2553 divinag
2542 2477 2623 2540 ab
2666 2481 2901 2538 aeterno
2946 2475 3119 2536 enim
3166 2471 3475 2536 decrevit
3520 2473 3703 2544 Deus,
3740 2481 3785 2530 m

2243 2569 2585 2633 subsistens
2613 2571 2677 2632 in
2700 2569 2819 2631 hae
2848 2567 3242 2629 humanitate
3262 2573 3451 2628 esset
3478 2565 3621 2646 ipss
3643 2564 3783 2626 Pilius
3831 2588 3832 2678 1

2243 2665 2356 2726 Dei
2385 2663 2704 2727 naturalis.
2743 2663 2821 2725 Ει
2854 2661 2959 2724 hic
2984 2661 3144 2723 ordo
3180 2659 3462 2722 rationis
3494 2659 3785 2722 sufflatae
3831 2685 3832 2734 3

2250 2757 2419 2821 banc
2457 2757 3076 2840 proedestinationem
3110 2755 3649 2837 intelligendam,
3680 2755 3787 2832 quii

2252 2869 2383 2915 non
2406 2857 2653 2932 oportet
2686 2859 2760 2914 ut
2788 2853 3107 2934 objectum
3138 2849 3721 2931 predestinationis
3746 2847 3791 2906 ia

2250 2947 2475 3029 reipsa
2494 2947 2669 3028 prius
2688 2951 2919 3008 natura
2942 2947 3169 3008 existat
3184 2957 3389 3026 quam
3414 2939 3792 3006 habeatillnd

2254 3059 2415 3117 esse,
2434 3061 2544 3104 seu
2574 3041 2843 3103 formam
2868 3055 3007 3121 quie
3030 3043 3127 3101 est
3152 3039 3485 3101 terminus
3515 3035 3793 3118 predesti-

2248 3135 2558 3208 nationis;
2601 3133 2714 3198 sed
2742 3134 2893 3196 satis
2916 3139 3011 3196 est
3046 3135 3119 3195 ιιι
3155 3132 3225 3194 in
3258 3133 3523 3193 ratione
3556 3145 3673 3193 sna
3700 3129 3793 3190 for-

2249 3229 2423 3308 mali,
2465 3234 2529 3292 et
2573 3234 2882 3310 conceptu
2918 3225 3114 3289 veluti
3142 3222 3503 3306 objoetlvo,
3524 3223 3610 3286 sit
3634 3221 3791 3304 prius.
3833 3311 3834 3314 Ἴ

2250 3324 2397 3402 quia
2412 3321 2881 3404 proedestinatio
2900 3326 2998 3383 est
3018 3326 3199 3383 actus
3224 3320 3475 3382 mentia
3498 3317 3793 3380 includam

2248 3417 2572 3481 decretum
2596 3416 2823 3479 divinoe
2848 3413 3211 3488 voluntatis,
3244 3419 3321 3476 ut
3350 3413 3613 3476 dictum
3644 3419 3745 3474 est.

2329 3513 2428 3575 12.
2474 3509 2548 3572 Et
2598 3509 2746 3573 hinc
2798 3509 2981 3572 facile
3040 3507 3307 3570 solvitur
3358 3506 3709 3570 difficultas
3750 3505 3793 3564 in

2246 3604 2552 3686 principio
2566 3609 2754 3684 tacta,
2777 3603 2927 3684 quia
2950 3603 3015 3664 in
3040 3607 3360 3682 conceptu
3390 3601 3601 3681 hujus
3626 3598 3793 3661 bomi-

2246 3697 2367 3776 niS,
2380 3705 2453 3761 ut
2466 3699 2576 3775 sic,
2591 3714 2723 3761 non
2736 3697 3075 3760 includitur
3086 3695 3377 3758 divinum
3394 3696 3793 3776 suppositum.

2246 3789 2425 3868 Quod
2452 3793 2505 3854 si
2547 3807 2803 3872 urgeas,
2847 3791 2997 3872 quia
3043 3805 3082 3852 a
3138 3793 3325 3871 parts
3378 3789 3483 3851 rei
3536 3789 3797 3852 cons-mi:

2242 3881 2392 3947 huic
2413 3884 2655 3948 homini
2680 3890 2750 3948 ut
2772 3885 2853 3948 sit
2884 3883 3077 3947 Filius
3098 3881 3215 3946 Dei
3238 3883 3567 3946 naturalis
3584 3897 3701 3963 per
3716 3897 3797 3941 aa·

2244 3981 2476 4055 turam,
2509 3985 2571 4041 et
2586 3979 2731 4042 ideo
2752 3995 2883 4040 non
2897 3991 3083 4059 posse
3106 3977 3189 4039 ad
3210 3975 3337 4038 boo
3355 3975 3795 4056 praedestinari.

2244 4071 2685 4152 respondetur,
2720 4071 2786 4132 in
2814 4069 2936 4133 boc
2962 4071 3219 4134 bomine
3250 4087 3287 4131 a
3320 4075 3517 4150 parte
3542 4070 3641 4132 rei
3666 4070 3797 4130 exis-

2246 4171 2437 4241 tente,
2469 4182 2659 4247 posse
2688 4163 3075 4228 considerari
3115 4163 3184 4228 id
3232 4163 3414 4243 quod
3456 4162 3723 4244 requirit
3748 4161 3795 4220 in

2244 4267 2550 4340 quantum
2580 4259 2681 4322 hic
2708 4259 2897 4321 bomo
2922 4265 3041 4336 est,
3068 4263 3131 4321 et
3160 4257 3225 4320 id
3264 4257 3447 4339 quod
3484 4257 3681 4320 babet
3716 4273 3795 4316 ra-

2246 4353 2420 4416 tione
2446 4352 2589 4416 talis
2618 4353 3064 4416 subsistentias.
3094 4352 3163 4414 Si
3182 4349 3309 4414 hoc
3328 4353 3670 4432 posteriori
3690 4365 3793 4410 mo·

2246 4445 2327 4508 do
2358 4445 2812 4522 consideretur,
2844 4461 2924 4509 ex
2950 4461 3019 4508 se
3044 4445 3237 4508 babet
3276 4443 3461 4525 quod
3510 4445 3593 4508 sit
3634 4443 3791 4507 Filius

2226 4539 2357 4602 ·Dei
2383 4539 2685 4602 naturalis
2705 4557 2723 4614 ς
2756 4545 2972 4602 tamen
2992 4538 3435 4602 consideratus
3464 4539 3661 4620 priori
3680 4553 3789 4598 mo-

2246 4633 2350 4706 do,
2404 4633 2525 4694 hoc
2572 4632 2771 4695 habet
2817 4650 2896 4695 ex
2952 4631 3538 4713 predestinatione,
3600 4637 3661 4692 et
3700 4645 3787 4709 per

2246 4725 2511 4806 gratiam
2541 4725 2789 4788 unionis
2806 4725 2953 4788 huic
2968 4725 3348 4788 humanitati
3364 4725 3625 4787 saetam
3642 4719 3787 4795 Quod

2244 4820 2394 4881 satis
2422 4823 2513 4882 est
2538 4823 2609 4883 ut
2638 4821 2739 4883 hic
2768 4820 2983 4898 homo,
3012 4823 3082 4882 ut
3111 4819 3225 4896 sic,
3250 4817 3379 4880 dici
3406 4819 3619 4898 possit
3652 4831 3787 4897 pne·

2242 4913 2589 4975 destinatus
2610 4912 2802 4976 Filius
2823 4913 2957 4988 Dei,
2976 4911 3125 4994 quia
3154 4915 3250 4990 (ιιι
3278 4911 3667 4991 pra-cedenti
3684 4923 3791 4970 see·

2247 5005 2417 5068 tione
2472 5005 2825 5086 dicebam),
2878 5003 3025 5068 lieet
3084 5004 3565 5086 praedestinatio
3616 5004 3693 5065 sit
3724 4999 3793 5063 ad

2246 5115 2405 5178 opus
2429 5099 2665 5181 gratiae,
2688 5115 2817 5162 non
2846 5105 3061 5163 tamen
3087 5103 3335 5181 oportet
3350 5104 3437 5161 ιιι
3480 5099 3679 5180 gratia
3702 5095 3793 5156 fiat

2242 5191 2333 5256 mi
2346 5193 2453 5272 qni
2472 5189 2950 5276 praedesfinatm
2968 5193 3441 5268 denominatur,
3466 5185 3791 5257 seeundum

2243 5301 2496 5347 omnem
2522 5287 2859 5360 rationem,
2895 5297 3024 5366 qua
3052 5285 3141 5348 sic
3180 5285 3669 5356 denominatur:
3694 5279 3791 5344 sed

2242 5377 2392 5442 satis
2417 5385 2512 5443 est
2548 5385 2618 5443 ut
2644 5379 2848 5462 gratia
2875 5373 2990 5442 flat
3022 5385 3286 5458 natum,
3316 5383 3395 5442 ιιι
3434 5377 3595 5442 inde
3618 5375 3791 5458 possit

595 5459 718 5523 lius
731 5459 1190 5548 Dei,ioquendo
1205 5469 1634 5550 propriissime
1649 5469 1730 5532 de
1745 5465 1900 5534 Filio
1919 5469 2029 5533 Dei
2042 5485 2161 5552 per
2236 5469 2668 5536 denominatio
2694 5471 2763 5534 in
2792 5471 3213 5552 suppositum,
3246 5485 3367 5536 seu
3412 5469 3787 5535 individuum

595 5559 894 5619 aeternam
921 5561 1420 5642 generationem,
1449 5571 1515 5630 ut
1549 5575 1717 5628 nune
1745 5561 2085 5644 loquimur.

2238 5563 2379 5628 talis
2405 5569 2650 5630 naturus
2684 5563 3065 5632 redundare.
