3892 6167
1404 374 1726 429 ntsruu'r.
1761 376 1937 431 xxxt.
1975 378 2145 433 SECT.
2181 378 2243 431 11.

203 480 376 543 unita
418 478 684 543 retinuit
739 476 1030 541 eamdem
1073 476 1330 539 omnino
1376 484 1668 539 naturam
1711 480 1776 537 et

211 572 494 637 eamdem
531 572 845 649 formam3
877 588 1028 653 ergo
1057 570 1138 633 de
1177 588 1247 633 se
1287 569 1542 633 retinuit
1583 569 1775 632 etiam

213 666 495 729 eamdem
529 666 836 729 virtutem
859 710 878 741 ,
909 670 974 727 et
1021 664 1368 745 potentiam
1413 662 1666 743 agendi.
1695 662 1778 725 Et

211 758 804 839 confirmatur,quia
818 758 1098 821 Verbum
1121 758 1396 835 unitum,
1417 764 1488 819 nt
1513 758 1623 832 sic,
1643 774 1773 819 non

209 853 392 917 habet
451 854 704 917 ratione
763 853 1013 917 unionis
1073 851 1408 933 specialem
1463 851 1774 915 inflexum

207 948 536 1029 physicum
573 947 644 1011 in
693 948 980 1011 actiones
1004 946 1436 1023 humanitatis,
1465 947 1618 1027 qnia
1659 947 1774 1009 hu-

3345 380 3423 441 93

1855 477 2055 555 gratia
2084 476 2387 541 dimanat.
2408 477 2831 557 Congruentia
2849 496 2999 541 vero
3026 432 3161 543 est-2
3194 482 3425 563 prima,

1853 568 2127 649 dignitas
2182 569 2379 650 ipsius
2429 588 2750 651 personam
2784 572 3061 635 secunda
3078 618 3095 646 ,
3146 575 3423 637 officium

1853 660 2127 724 doctoris
2149 682 2166 736 ς
2196 681 2347 725 nam
2374 682 2519 727 cum
2548 666 2825 727 Christus
2838 665 3091 730 doceret
3108 685 3337 731 novam
3360 674 3427 731 et

1855 756 2398 835 supernaturalem
2427 758 2661 837 legem,
2684 758 2959 838 oportuit
2980 765 3052 822 ut
3074 758 3425 825 doctrinam

1855 865 2033 909 suam
2054 848 2279 911 divinis
2298 849 2493 929 signis
2518 850 2943 927 confirmaret,
2962 858 3027 915 et
3050 854 3423 931 presertim,

1855 958 2001 1003 cum
2040 960 2111 1005 se
2134 943 2335 1004 Deum
2366 950 2429 1005 et
2456 942 2681 1007 Filium
2708 945 2819 1007 Dei
2846 962 2988 1007 esse
3016 944 3275 1019 diceret,
3312 946 3423 1009 de-

205 1042 476 1122 jusmodi
499 1042 782 1105 influxus
811 1040 896 1105 ad
923 1043 1120 1115 extra,
1149 1040 1502 1103 communis
1547 1044 1642 1103 est
1669 1038 1774 1101 tri·
1852 1033 1993 1095 buit
2034 1033 2157 1096 hoc
2194 1034 2491 1115 operibus
2530 1036 2883 1099 ostendere.
2912 1037 3093 1101 Unde
3142 1039 3325 1101 Joau.
3359 1041 3421 1113 5,

209 1135 320 1197 hus
345 1135 666 1215 personis.
1513 1204 1536 1225 ο

277 1230 340 1289 5.
373 1226 1318 1311 objectio.-Rosponsio.—-sed
1341 1230 1600 1291 contre:
1631 1244 1780 1289 uam

201 1318 544 1399 perfectior
567 1321 898 1385 existentia
918 1322 1214 1385 conducit
1233 1320 1318 1385 ad
1341 1319 1778 1401 perfectiorem

199 1414 686 1495 operationem
715 1415 832 1479 sed
859 1417 1218 1479 humanitas
1255 1416 1502 1490 Christi,
1533 1414 1778 1476 ratione

199 1508 488 1583 unionis,
524 1508 718 1571 habet
751 1509 1190 1589 perfectiorem
1223 1508 1650 1580 existentiam;
1683 1524 1782 1568 er-

195 1622 280 1683 go
303 1621 428 1683 per
447 1604 756 1667 unionem
771 1605 1120 1668 formaliter
1135 1603 1452 1685 potentior
1473 1603 1638 1665 facta
1657 1608 1774 1665 est.

197 1697 470 1777 Propter
510 1698 636 1761 hoc
662 1706 1107 1778 argumentum
1133 1697 1425 1761 Richard.
1445 1742 1464 1772 ,
1493 1696 1636 1758 dist.
1675 1698 1774 1769 ¹4,

195 1808 258 1849 a.
297 1792 364 1863 2,
393 1808 462 1870 q.
493 1794 562 1865 2,
593 1796 813 1855 contin
840 1790 1006 1855 hane
1039 1791 1508 1854 conclusionem
1533 1789 1778 1871 opinari

190 1882 474 1945 videtur.
521 1882 651 1947 Sed
685 1884 972 1964 procedit
1015 1902 1093 1947 ex
1135 1883 1294 1947 falso
1339 1884 1775 1957 fundamento,

193 1976 574 2039 humanitas
595 1977 766 2041 enim
787 1996 868 2041 ex
893 1980 954 2041 vi
979 1978 1234 2041 unionis
1255 1996 1386 2041 non
1413 1976 1609 2041 habet
1631 1994 1776 2058 per-

195 2070 540 2133 festiorem
593 2070 992 2135 existentiam
1021 2116 1037 2145 ,
1095 2072 1210 2135 sed
1265 2069 1730 2135 subsistentiam
1752 2116 1770 2146 ,

195 2180 342 2242 quae
389 2180 530 2225 non
568 2163 814 2227 confert
848 2182 963 2244 per
1001 2164 1274 2244 seipsam
1319 2183 1394 2227 ac
1431 2163 1780 2227 formaliter

198 2256 280 2319 ad
299 2256 754 2336 perfectiorem
773 2257 1065 2321 effectum
1085 2258 1439 2338 physicum,
1457 2262 1528 2319 ut
1545 2256 1780 2320 dictum

197 2356 312 2411 est.
345 2349 626 2423 Deinde,
656 2350 714 2413 si
751 2352 1026 2415 essentia
1051 2357 1260 2414 ereata
1293 2357 1461 2415 esset
1487 2350 1780 2412 distincta

202 2442 436 2505 entitas
463 2442 552 2505 ab
575 2442 930 2520 existentia,
954 2449 1024 2506 ut
1047 2444 1342 2507 Richard.
1369 2444 1614 2507 videtur
1637 2460 1784 2523 sup·

206 2555 444 2617 ponere
461 2582 488 2613 ,
523 2537 615 2599 sic
643 2539 1012 2619 negandum
1041 2544 1208 2603 esset
1245 2538 1638 2602 existentiam
1667 2555 1783 2616 per

210 2649 276 2695 se
315 2632 612 2695 conferre
652 2632 736 2693 ad
785 2632 1098 2695 actionem
1143 2639 1214 2694 ut
1255 2631 1634 2711 principium
1659 2632 1784 2697 for-

203 2725 374 2787 male
417 2724 732 2805 operandi
751 2772 768 2793 .
799 2724 912 2789 sed
949 2726 1154 2787 solum
1195 2743 1332 2789 esse
1359 2724 1786 2789 conditionem

203 2818 584 2897 requisitam
595 2834 620 2897 3
649 2824 714 2881 et
735 2817 906 2891 ideo,
925 2818 1214 2898 quamvis
1233 2818 1414 2899 juxta
1441 2817 1613 2880 illam
1641 2835 1784 2881 sen-

203 2914 474 2975 tentiam
498 2910 866 2973 hnmanitas
889 2909 1110 2975 Christi
1135 2911 1432 2976 existeret
1458 2910 1785 2973 existentia

199 3004 488 3067 increata
507 3049 525 3078 ,
554 3022 687 3067 non
717 3010 1054 3085 propterea
1097 3003 1441 3067 dicendum
1481 3009 1645 3067 esset
1669 3020 1785 3083 per

202 3098 408 3177 ipsam
436 3098 746 3161 unionem
771 3097 1116 3161 formaliter
1133 3097 1368 3163 factam
1395 3115 1538 3161 esse
1567 3102 1783 3176 poten·

207 3191 434 3254 liorem
461 3192 548 3255 ad
573 3190 920 3271 agendum.

844 3366 1062 3421 saeuo
1096 3369 1160 3423 11.

212 3509 288 3565 An
315 3510 536 3566 ratione
555 3507 784 3564 unionis
809 3506 942 3564 data
965 3506 1038 3565 sit
1063 3507 1264 3565 anina-‘e
1288 3504 1494 3563 Christi
1519 3519 1788 3579 superna·

281 3592 488 3651 ruralis
512 3592 718 3666 μνεία,
751 3604 854 3649 seu
879 3592 1056 3649 virtus
1081 3591 1436 3665 adludentia
1457 3596 1788 3664 supernatu-

279 3678 436 3735 ralia
453 3692 632 3750 opera
657 3690 758 3735 scu
779 3676 1078 3735 miracula.

293 3849 352 3909 1.
399 3846 691 3911 Dubium.
712 3878 796 3895 —
817 3846 1176 3926 Responsio.
1207 3876 1288 3893 -
1309 3846 1382 3907 In
1401 3842 1520 3907 hac
1557 3862 1628 3906 re
1656 3843 1790 3905 fere

219 3940 386 4003 nulla
415 3946 514 4003 est
535 3940 960 4003 controversia
981 3940 1146 4003 inter
1168 3936 1544 4017 Theologos,
1569 3944 1632 3999 et
1652 3936 1792 4001 ideo

219 4034 497 4096 breviter
520 4033 666 4097 dico
699 4032 932 4114 primo,
969 4033 1282 4095 Christum
1311 4031 1656 4095 Dominum
1678 4050 1795 4113 per

223 4127 678 4190 humanitatem
707 4146 892 4191 suam
917 4146 1066 4190 vera
1093 4126 1399 4189 miracula
1427 4125 1620 4189 fuisse
1645 4143 1793 4207 ope·

221 4229 448 4295 ratum,
497 4220 674 4283 unde
731 4220 1096 4285 necessario
1151 4220 1222 4284 fit
1277 4218 1368 4281 illi
1421 4217 1794 4281 humanitati

222 4313 750 4377 communicatam
765 4330 906 4375 esse
923 4312 1218 4375 virtutem
1247 4311 1791 4393 supernaturalem

223 4408 299 4470 ad
323 4405 638 4469 miracula
664 4403 972 4469 facienda.
1008 4405 1340 4469 Conclusio
1389 4410 1486 4468 est
1527 4404 1608 4467 de
1639 4402 1788 4479 fide,

223 4506 287 4563 ut
325 4518 405 4563 ex
425 4498 726 4561 universa
757 4498 1120 4579 evangelica
1148 4496 1407 4560 historia
1433 4502 1700 4573 constat,
1732 4502 1796 4559 et

224 4592 578 4675 specialiter
602 4592 820 4655 Matth.
851 4594 914 4666 9,
947 4592 1148 4671 inquit
1194 4592 1470 4655 Christus
1495 4610 1520 4661 ,·
1571 4590 1654 4655 Ut
1683 4607 1788 4655 au·

225 4694 332 4753 tem
361 4687 588 4751 sciatis
613 4687 758 4769 quia
805 4684 1021 4749 Filius
1051 4684 1312 4749 hominis
1335 4684 1506 4749 habet
1533 4684 1604 4747 in
1627 4688 1794 4748 terra

220 4786 574 4861 potestatem
597 4778 942 4845 remittendi
960 4784 1229 4861 peccata,
1243 4778 1400 4843 dicit
1407 4775 1753 4861 paralytico
1770 4802 1793 4838 .-

227 4874 456 4961 Suo-90,
487 4880 640 4947 etc„
668 4872 776 4935 nbi
803 4889 882 4933 ex
909 4889 1035 4934 uno
1063 4871 1288 4933 effectu
1333 4869 1794 4952 supernaturali

231 4976 608 5049 potestatem
641 4966 724 5029 ad
748 4966 941 5029 alium
967 4964 1368 5028 efficiendum
1419 4963 1749 5027 confirmat
1775 5006 1792 5039 ,

229 5080 350 5125 non
377 5063 528 5143 qnia
566 5061 830 5123 effectus
875 5058 979 5121 ille
1019 5058 1223 5139 major
1265 5062 1455 5133 osset,
1481 5056 1595 5119 sed
1648 5057 1796 5135 quia

232 5155 602 5233 evidentior,
636 5158 700 5215 et
726 5152 894 5226 ideo,
919 5155 992 5212 ut
1027 5150 1427 5231 Evangelista
1455 5148 1792 5224 concludit,

233 5252 494 5315 homines
517 5247 938 5332 glorificabant
965 5246 1194 5321 Deum,
1223 5246 1331 5327 qui
1355 5244 1516 5307 dedit
1531 5248 1795 5323 potesta-

233 5351 342 5409 tem
373 5343 560 5408 talem
575 5338 940 5405 hominibus.
971 5338 1156 5400 Plura
1186 5337 1544 5401 testimonia
1573 5338 1796 5398 affere·

232 5455 368 5499 mus
395 5436 460 5499 in
489 5431 925 5517 sequentihus.
949 5431 1128 5495 Ratio
1157 5448 1306 5495 vera
1325 5430 1529 5511 prima
1549 5434 1612 5493 et
1635 5446 1804 5515 prae--⁴

234 5534 404 5613 cipua
436 5538 532 5595 est
577 5528 792 5593 divina
840 5525 1154 5603 voluntas,
1183 5544 1222 5589 a
1251 5542 1376 5605 qua
1419 5522 1622 5587 omnis
1667 5523 1800 5587 haec

1857 1126 2061 1206 inquit
2086 1127 2403 1191 Christus:
2434 1126 2652 1209 Opera,
2684 1148 2819 1211 μω
2844 1131 3007 1195 dedit
3045 1132 3201 1197 mihi
3231 1134 3427 1197 Pater

1857 1226 1930 1284 ut
1954 1219 2185 1298 faciam
2201 1268 2219 1297 ,
2250 1222 2387 1303 ipsa
2426 1226 2571 1285 sunt
2606 1240 2737 1304 μω
2772 1222 3181 1289 caerimoniam
3215 1226 3429 1309 perlai-

1859 1312 1993 1375 ὅσα
2012 1313 2083 1377 da
2108 1332 2239 1385 mu
2264 1319 2329 1376 et
2350 1332 2407 1375 c.
2454 1317 2580 1377 ¹0:
2616 1313 2698 1379 St·
2724 1314 2879 1379 mihi
2904 1334 3023 1379 non
3062 1318 3255 1383 vultis
3292 1332 3429 1384 0¹⁰5-

1859 1408 2025 1481 dcrss,
2054 1408 2330 1487 operibus
2364 1406 2618 1483 credin,-
2650 1414 2715 1471 et
2740 1427 2797 1470 c.
2832 1412 2953 1473 15:
2986 1410 3071 1475 Si
3098 1428 3281 1493 opera
3305 1430 3427 1477 non

1857 1502 2141 1578 fecissem
2166 1502 2237 1563 in
2260 1502 2351 1565 eis
2371 1519 2503 1582 quoe
2528 1520 2695 1567 nmo
2718 1501 2879 1565 alius
2922 1504 3093 1581 fovit,
3114 1510 3429 1586 peceatum

1857 1611 1980 1659 non
2032 1593 2444 1669 merovinci
2478 1594 2623 1657 ideo
2672 1612 2871 1657 unum
2918 1614 2997 1659 ex
3028 1595 3221 1677 signis
3254 1598 3424 1677 quod
3470 1666 3489 1689 ⁰

1859 1686 2125 1751 dederat
2173 1689 2339 1750 Deus
2394 1687 2475 1749 ad
2528 1688 3041 1769 cognoscendum
3092 1690 3381 1753 Messinm
3400 1736 3423 1767 ,

1857 1778 1997 1855 fuit,
2018 1778 2191 1859 quod
2222 1779 2383 1841 mira
2410 1796 2603 1859 opera
2628 1786 2796 1843 esset
2820 1779 3123 1857 facturus,
3154 1788 3227 1844 ut
3270 1800 3429 1845 con-

1859 1878 1985 1935 stat
2008 1874 2089 1935 Is.
2120 1874 2221 1946 35,
2240 1878 2305 1935 et
2324 1872 2496 1937 Matt.
2515 1875 2614 1936 ll:
2644 1874 2763 1949 Ite,
2786 1879 2845 1939 ot
2864 1875 3211 1941 renuntiato
3230 1876 3285 1940 J
3287 1894 3429 1941 oan-

1857 1967 1928 2029 πὶ
1956 1985 2089 2048 quoe
2108 1966 2390 2042 audistis,
2412 1971 2469 2031 et
2495 1966 2767 2043 vidistis,
2792 1966 2933 2033 coect'
2966 1965 3191 2043 vident,
3228 1969 3431 2035 claudi

1857 2059 2195 2136 ambulant,
2220 2066 2339 2123 etc.
2354 2058 2480 2123 Sed
2508 2067 2752 2139 quaeret
2778 2061 3005 2141 aliquis
3018 2080 3103 2123 an
3124 2061 3259 2127 haec
3276 2080 3429 2126 con·-

1859 2151 2056 2215 clusio
2086 2170 2213 2215 non
2238 2151 2443 2215 solum
2462 2158 2635 2215 certa
2662 2153 2762 2230 sit,
2794 2154 2909 2217 sed
2938 2156 3127 2219 etiam
3146 2155 3421 2229 evidens,

1861 2246 2195 2327 suppositis
2246 2246 2321 2307 iis
2350 2264 2493 2327 qnae
2528 2244 2609 2309 de
2656 2246 2901 2311 Christo
2946 2253 3305 2311 narrantur.
3348 2250 3427 2311 Et

1861 2345 1959 2401 est
1994 2338 2155 2401 ratio
2202 2337 2401 2413 dubii,
2432 2339 2580 2419 quia
2628 2338 2751 2419 ipsi
2784 2340 2818 2403 J
2826 2340 3007 2415 udaei,
3062 2341 3173 2421 qui
3226 2342 3425 2423 ipsius

1860 2431 2087 2494 Christi
2126 2448 2323 2513 opera
2354 2431 2673 2509 videbant,
2698 2432 3267 2511 calumniabantur,
3296 2452 3427 2499 non

1859 2524 2051 2587 fuisse
2098 2543 2247 2587 vera
2300 2524 2629 2603 miracula,
2668 2526 2782 2589 sed
2828 2528 3194 2608 apparentia
3246 2526 3429 2609 signa

1860 2620 2089 2681 virtute
2128 2618 2491 2681 daemonum
2536 2619 2727 2683 facta.
2754 2620 2882 2683 Nec
2924 2620 3259 2685 defuerunt
3294 2620 3425 2695 alii,

1867 2714 1980 2793 qui
2001 2714 2285 2777 dicerent
2321 2713 2431 2774 illa
2458 2731 2655 2795 opera
2696 2712 2835 2777 fieri
2866 2714 3168 2794 potuisse,
3208 2714 3306 2777 vel
3348 2734 3429 2779 ex

1863 2808 2116 2885 virtute,
2154 2812 2219 2869 et
2266 2806 2634 2871 efficacitate
2680 2808 2899 2889 optimi
2955 2810 3430 2891 temperamenti

1864 2899 2147 2981 corporis
2174 2900 2397 2963 Christi
2422 2900 2697 2977 Domini,
2726 2902 2825 2963 vel
2854 2901 3099 2965 virtutis
3126 2901 3433 2985 imagina-

1862 2995 2005 3057 tives
2033 2992 2254 3055 animm
2282 2994 2442 3075 ejus,
2460 3002 2529 3055 ut
2552 2993 2845 3057 Richard.
2869 2994 2971 3057 hic
2989 2995 3203 3070 refert,
3228 2996 3291 3059 d.
3326 3000 3427 3071 15,

1865 3105 1924 3149 a.
1958 3091 2021 3163 2,
2053 3104 2115 3167 q.
2143 3089 2181 3149 3
2206 3102 2227 3165 3
2270 3090 2335 3151 et
2380 3087 2567 3151 latius
2614 3089 2869 3165 Castro,
2900 3096 3119 3153 contra
3161 3090 3381 3153 haeres.
3412 3134 3431 3164 ,

1863 3179 2040 3243 verb.
2072 3178 2389 3245 Miracula
2408 3203 2435 3252 ,·
2462 3186 2527 3243 et
2572 3181 2839 3246 Michael
2894 3182 3171 3258 Medina,
3204 3182 3245 3245 l.
3278 3186 3317 3245 2
3352 3184 3435 3247 de

1862 3276 2055 3337 Recta
2092 3273 2155 3335 in
2184 3275 2383 3337 Deum
2408 3272 2559 3349 fide,
2590 3293 2647 3336 c.
2680 3278 2741 3353 7,
2770 3276 2877 3338 ubi
2921 3276 3219 3341 latissime
3262 3278 3433 3341 hunc

1865 3384 2146 3430 errorem
2194 3366 2545 3449 impugnat,
2586 3368 2757 3449 quod
2806 3372 3195 3451 superfluum
3242 3372 3430 3448 duco,

1866 3460 2017 3539 quia
2043 3478 2155 3541 per
2182 3477 2249 3523 so
2282 3466 2379 3523 est
2409 3460 2811 3537 incredibilis,
2841 3470 2903 3527 et
2927 3482 3184 3547 prorsus
3218 3466 3437 3529 absur-

1865 3554 2011 3616 dus.
2034 3554 2472 3635 Respondetur
2498 3572 2674 3635 ergo,
2702 3574 3059 3621 sermonem
3082 3576 3223 3623 esse
3247 3576 3433 3640 posse

1869 3654 1980 3711 aut
2021 3646 2101 3709 de
2144 3648 2219 3709 iis
2251 3646 2359 3726 qui
2388 3664 2581 3727 opera
2621 3647 2837 3711 Christi
2866 3650 3289 3725 intuebantur,
3322 3652 3437 3715 ho·-

1869 3740 2169 3813 minibuS,
2192 3746 2299 3801 ant
2316 3740 2590 3819 Angelis,
2622 3748 2731 3803 aut
2752 3742 2829 3805 de
2857 3744 2931 3805 iis
2954 3745 3065 3823 qui
3091 3746 3293 3807 solum
3324 3763 3439 3807 au-

1870 3834 2162 3897 diverunt
2184 3851 2262 3895 ea
2290 3850 2428 3895 esse
2448 3832 2651 3907 facta;
2684 3835 2907 3915 Angeli
2928 3854 3079 3917 ergo
3103 3837 3437 3901 evidentis-

1875 3929 2033 3990 sime
2066 3933 2499 4009 cognoverunt
2523 3926 2628 3989 illa
2648 3944 2788 3989 esse
2819 3945 2967 3991 vera
2986 3929 3317 4007 miracula,
3342 3930 3439 3993 di·

1873 4021 2021 4083 vina
2056 4020 2281 4083 virtute
2304 4018 2507 4090 facta;
2540 4025 2605 4081 et
2636 4018 2714 4083 de
2738 4020 2919 4083 bonis
2948 4022 3205 4102 quidem
3228 4026 3441 4105 Ange·

1871 4114 1951 4176 lis
1978 4132 2076 4175 res
2106 4118 2199 4175 est
2226 4112 2395 4175 clara
2420 4130 2439 4185 3
2468 4111 2545 4175 de
2572 4111 2961 4175 daemonibus
2994 4120 3207 4179 autem
3234 4115 3441 4179 decla-

1873 4212 2089 4282 ratur,
2121 4205 2269 4283 quia
2324 4204 2644 4267 evidenter
2696 4207 3179 4287 experiebantur
3222 4208 3349 4271 vim
3376 4214 3441 4271 et

1875 4299 2217 4361 efficaciam
2242 4298 2647 4361 humanitatis
2676 4298 2897 4362 Christi
2940 4301 3005 4363 in
3032 4300 3223 4383 ipsos.
3255 4300 3442 4365 Dein-

1872 4392 1953 4456 de
1982 4391 2389 4455 intuebantur
2418 4391 2717 4466 animam,
2744 4392 2917 4456 verbi
2944 4394 3169 4475 gratia,
3197 4394 3435 4473 Lazari,

1875 4502 2025 4547 vere
2074 4484 2267 4547 fuisse
2298 4503 2335 4545 a
2378 4501 2642 4565 corpore
2677 4492 3058 4565 separatam,
3088 4493 3279 4567 atque
3328 4490 3443 4553 ite-

1873 4596 2019 4639 rum
2050 4576 2255 4639 eidem
2282 4577 2531 4658 corpori
2551 4578 2689 4659 conj
2700 4584 2948 4641 unctam
2971 4598 3086 4659 per
3104 4598 3321 4643 veram
3342 4583 3441 4643 in·

1874 4672 2355 4745 formationem3
2388 4670 2673 4734 similiter
2697 4672 2905 4737 visum
2950 4673 3147 4737 fuisse
3196 4678 3443 4739 restitu-

1873 4771 2015 4827 tum
2042 4764 2101 4827 ei
2128 4764 2237 4844 qui
2263 4764 2370 4827 illo
2400 4773 2688 4828 caruerat
2714 4784 2730 4841 ;
2764 4785 2909 4829 cnm
2952 4768 3123 4831 enim
3154 4768 3219 4831 hi
3248 4770 3443 4833 effec-

1873 4866 2005 4937 tus,
2029 4859 2175 4923 licet
2222 4859 2680 4941 supernaturali
2728 4859 2917 4923 modo
2964 4860 3211 4939 fierent,
3253 4864 3319 4925 in
3372 4883 3439 4929 se

1874 4960 2093 5016 tamen
2132 4970 2244 5015 seu
2276 4951 2341 5014 in
2370 4953 2637 5015 termino
2664 4954 2787 5016 sint
2818 4957 3155 5033 naturales,
3188 4959 3441 5023 eviden-

1875 5052 1975 5109 ter
2002 5046 2291 5109 videntur
2315 5045 2397 5107 ab
2432 5048 2687 5127 Angelis
2731 5054 2917 5128 prout
2942 5049 3011 5112 in
3036 5068 3105 5114 so
3136 5058 3301 5129 sunt,
3337 5072 3443 5117 co-

1879 5142 2159 5223 gnitione
2194 5140 2485 5203 naturali.
2518 5140 2626 5202 Est
2653 5147 2869 5205 autem
2915 5144 3151 5207 eisdem
3187 5147 3445 5227 Angelis

1879 5235 2132 5299 evidens
2158 5233 2516 5314 hujusmodi
2541 5235 2799 5298 effectus
2823 5236 2929 5297 illo
2950 5237 3137 5299 modo
3154 5256 3284 5299 non
3304 5258 3445 5319 pos·
3470 5244 3475 5247 '

1876 5348 1946 5393 se
1985 5329 2119 5393 fieri
2168 5327 2437 5390 naturali
2479 5327 2731 5405 virtute,
2754 5333 2817 5391 et
2853 5330 2997 5393 ideo
3056 5331 3247 5393 etiam
3293 5333 3447 5395 mali

1875 5423 2105 5505 Angeli
2126 5420 2517 5505 tergiversari
2537 5439 2664 5483 non
2684 5426 2991 5503 poterant.
3024 5424 3319 5487 Homines
3336 5444 3447 5488 ve-

1879 5538 1952 5583 ro
1981 5536 2109 5581 nou
2138 5520 2479 5599 potueruut
2506 5514 2742 5579 habere
2775 5522 2903 5579 tam
2931 5516 3167 5581 claram
3194 5518 3447 5583 evideue
