3892 6167
565 406 644 464 22

568 506 861 590 eligenda
903 513 1022 584 est,
1068 526 1214 572 cum
1259 527 1381 590 qua
1431 511 1660 576 melius
1704 512 1936 576 veritas
1983 512 2135 576 fidei

569 602 912 666 consistere
941 602 1164 684 possit.

1183 793 1398 848 SECTIO
1425 795 1511 850 111.

575 920 762 980 Utrum
789 921 980 978 ariima
1008 920 1214 980 Christi
1237 923 1424 984 videat
1447 926 1505 982 in
1535 925 1701 984 Verbo
1727 929 1914 984 omnia
1937 928 2130 1002 possi-

725 1006 864 1064 bilia
887 1021 1004 1078 quas
1027 1007 1088 1064 in
1115 1006 1228 1065 Deo
1257 1009 1564 1068 eminenter
1591 1013 1962 1070 continentur.

647 1175 703 1234 1.
753 1165 958 1237 Prima
981 1175 1285 1238 sententia
1308 1177 1578 1239 affirmat
1598 1177 1816 1239 videre
1846 1177 2128 1238 animam

565 1266 790 1328 Christi
829 1267 897 1328 in
935 1268 1142 1331 Verbo
1186 1271 1396 1332 omnia
1439 1289 1581 1350 quse
1613 1273 1777 1333 Deus
1805 1275 2013 1350 potest
2039 1270 2129 1330 fa-

565 1377 708 1422 cere
755 1360 834 1422 de
883 1379 996 1424 sua
1053 1365 1336 1442 potentia
1393 1364 1704 1427 absoluta.
1775 1366 1867 1426 Ita
1921 1364 2129 1426 tenuit

565 1454 746 1534 Hugo
767 1499 782 1526 ‚
819 1455 884 1515 in
912 1456 1020 1518 lib.
1054 1457 1134 1520 de
1166 1459 1442 1520 Scientia
1471 1460 1699 1520 animae
1723 1459 1985 1534 Christi,
2018 1457 2129 1538 qui

562 1547 720 1609 falso
745 1548 1152 1612 fundamento
1187 1553 1427 1640 nititur,
1459 1554 1718 1625 scilicet,
1742 1556 1893 1632 quia
1915 1553 2128 1614 anima

565 1641 791 1703 Christi
819 1643 986 1706 videt
1013 1645 1293 1706 Verbum
1324 1647 1562 1708 visione
1599 1648 1897 1709 increata.
1954 1646 2131 1718 Quod

565 1752 754 1814 supra
795 1737 1100 1816 rejectum
1144 1745 1278 1814 est;
1328 1746 1497 1802 etex
1525 1740 1626 1802 hic
1657 1740 1838 1803 dictis
1867 1741 2133 1822 intelligi

565 1835 792 1908 potest,
825 1831 1016 1894 etiam
1042 1833 1244 1912 posito
1266 1833 1372 1895 illo
1399 1833 1829 1908 fundamento,
1857 1835 1977 1895 hoc
2003 1853 2129 1896 non

564 1924 781 2002 sequi,
829 1925 978 2004 quia
1023 1934 1234 2006 posset
1279 1929 1576 2008 intelligi,
1622 1928 1924 1990 visionem
1956 1929 2128 1989 illam

562 2016 764 2096 magis
793 2020 888 2080 vel
914 2019 1126 2080 minus
1152 2022 1606 2082 communicari
1633 2039 1748 2102 pro
1784 2022 2129 2102 capacitate

563 2110 981 2190 suscipientis.
1017 2112 1268 2193 Alioqui
1297 2115 1636 2177 dicendum
1667 2123 2131 2196 consequenter

565 2209 750 2282 esset,
784 2205 1062 2266 animam
1089 2207 1311 2270 Christi
1337 2209 1871 2288 comprehendere
1897 2213 2122 2286 Deum,

561 2297 710 2376 quia
759 2299 914 2360 visio
956 2300 1263 2376 increata,
1313 2304 1794 2382 comprehensio
1833 2305 1943 2365 Dei
1984 2312 2123 2380 est3

559 2411 752 2471 quam
779 2413 927 2455 vero
957 2395 1184 2457 falsum
1211 2398 1289 2458 sit
1318 2416 1734 2478 consequae,
1777 2403 2020 2461 constat
2048 2419 2125 2462 ex

560 2487 835 2548 sectione
877 2490 1296 2568 praecedente.
1349 2493 1524 2554 Hanc
1558 2511 1710 2554 vero
1751 2495 2127 2555 sententiam

563 2585 735 2642 tenet
761 2581 1005 2664 Magist.
1029 2628 1052 2658 ‚
1087 2584 1150 2644 in
1179 2586 1220 2645 4
1243 2631 1260 2658 ‚
1298 2583 1443 2647 dist.
1481 2590 1557 2648 14
1581 2609 1598 2662 3
1647 2591 1712 2649 et
1744 2587 1830 2648 ibi
1859 2587 2125 2664 Albert„

561 2679 679 2734 art.
707 2674 766 2747 1,
797 2683 856 2736 et
882 2676 1270 2755 probabilem
1299 2687 1516 2740 censet
1544 2681 1737 2757 Scot.,
1770 2699 1830 2760 q.
1857 2685 1918 2758 2,
1949 2685 2126 2760 cujus

561 2775 938 2844 argumenta
967 2787 1189 2848 parum
1221 2774 1510 2850 urgentia
1544 2780 1709 2846 sunt,
1750 2780 1811 2834 et
1841 2792 1917 2836 ex
1944 2782 2125 2855 parte

559 2859 730 2921 idem
778 2865 974 2924 lenuit
1020 2864 1260 2938 Ateus„
1299 2867 1338 2928 3
1379 2884 1470 2945 p.,
1520 2885 1582 2944 q.
1622 2870 1719 2943 13,
1773 2868 2009 2930 memb.
2042 2873 2119 2942 Ἲς

563 2953 932 3031 Durandus,
977 2975 1038 3036 q.
1069 2959 1110 3020 2
1134 3003 1154 3034 ,
1197 2958 1345 3020 dicit
1384 2960 1554 3020 enim
1594 2959 1804 3022 videre
1845 2963 2125 3022 animam

562 3046 784 3110 Christi
811 3049 876 3110 in
905 3049 1110 3112 Verbo
1139 3053 1352 3114 omnia
1383 3071 1524 3132 quse
1555 3055 1618 3114 in
1647 3055 1779 3118 Deo
1807 3062 1953 3118 sunt
1977 3056 2127 3117 emi·

563 3149 812 3218 neuter,
840 3145 1063 3206 saltem
1087 3154 1398 3227 quatenus
1423 3147 1744 3228 possibilia
1770 3157 1915 3212 sunt
1931 3175 1951 3228 ;
1983 3170 2127 3214 con-

569 3236 756 3297 sentit
796 3238 986 3300 etiam
1027 3257 1102 3302 ex
1147 3249 1322 3320 parte
1367 3243 1640 3318 Henric„
1678 3243 2027 3314 Quodlibet.
2062 3244 2123 3320 7,

568 3348 630 3410 q.
657 3333 698 3392 4
718 3338 778 3393 et
801 3337 863 3407 5,
895 3335 1006 3414 qui
1035 3336 1152 3398 hoc
1177 3337 1445 3399 affirmat
1469 3337 1546 3398 de
1573 3339 1902 3417 speciebus
1927 3341 2128 3419 possi-

563 3425 816 3504 bilibus,
861 3447 990 3490 non
1039 3435 1247 3492 tamen
1292 3431 1371 3493 de
1407 3432 1768 3494 individuis.
1815 3434 2125 3510 Altisiod„

563 3516 672 3579 lib.
709 3521 748 3582 3
779 3521 1045 3596 Summ.‚
1088 3529 1267 3586 tract.
1306 3529 1368 3600 1,
1401 3543 1456 3587 c.
1491 3531 1554 3601 5,
1599 3525 1708 3604 qui
1752 3527 1870 3588 hoc
1914 3528 2127 3592 tribuit

561 3613 832 3677 scicntiae.
859 3617 1109 3680 unionis
1129 3664 1146 3692 ,
1177 3637 1309 3680 non
1341 3620 1542 3682 beatae
1573 3625 1642 3682 ut
1672 3619 1798 3694 sic;
1846 3622 1961 3683 sed
1988 3623 2123 3684 haec

561 3705 874 3771 distinctio
905 3717 1002 3771 est
1029 3712 1458 3791 impertinenS‚
1499 3720 1566 3777 ut
1596 3734 1785 3794 supra
1826 3716 2116 3779 vidimus.

559 3797 1066 3867 Fundamentum
1112 3807 1387 3889 Magistri
1435 3811 1703 3872 sumitur
1743 3827 1820 3870 ex
1862 3810 2118 3888 quibus-

559 3899 703 3960 dam
729 3903 1120 3976 testimoniiS,
1149 3904 1230 3965 ad
1251 3905 1486 3968 coloss,
1521 3907 1597 3966 2:
1629 3905 1713 3967 In
1739 3923 1802 3967 eo
1829 3912 1972 3967 sunt
1999 3926 2120 3968 om-

553 4009 658 4054 nes
702 3995 972 4058 thesauri
1021 3997 1332 4078 sapientia»
1381 4005 1434 4062 et
1476 4000 1746 4061 scientim
1796 3999 1914 4060 Dei
1939 4044 1961 4074 ,
2009 3999 2117 4059 ubi

551 4083 895 4166 Chrysost„
929 4087 1098 4151 hom.
1145 4094 1208 4168 5,
1259 4093 1526 4154 affirmat
1561 4091 1871 4153 Christum
1913 4094 2116 4156 omnia

547 4181 740 4256 scire,
772 4188 828 4242 et
865 4183 1027 4244 nihil
1051 4183 1334 4263 iynorare
1354 4209 1380 4254 ,·
1421 4186 1469 4246 si
1498 4195 1708 4246 autem
1741 4202 1867 4245 non
1899 4185 2114 4247 omnia

549 4271 812 4346 videret,
843 4275 1055 4354 aliqua
1085 4278 1354 4340 nesciret
1384 4285 1445 4339 et
1471 4279 1817 4358 ignoraret.
1851 4277 2114 4358 Propter

551 4365 724 4445 quod
767 4367 930 4428 hanc
971 4372 1344 4433 sententiam
1383 4372 1626 4434 videtur
1664 4373 1852 4433 etiam
1894 4377 2111 4436 tenere

551 4455 940 4538 Fulgentius.
959 4462 1019 4522 in
1040 4461 1143 4523 lib.
1171 4464 1252 4525 ad
1271 4463 1680 4536 Ferrandum,
1701 4466 2110 4544 responsione

551 4549 636 4611 ad
661 4555 698 4613 3
727 4554 1156 4629 quoestionem.
1203 4557 1278 4618 Et
1301 4556 1557 4630 Euseb.,
1595 4557 1935 4635 discipulus
1968 4560 2113 4622 Hie-

543 4646 816 4726 ronymi,
849 4645 914 4708 in
943 4649 1120 4728 epist.
1153 4667 1345 4728 quam
1374 4650 1452 4712 de
1485 4658 1682 4714 morte
1715 4652 1852 4731 ejus
1880 4650 1963 4713 ad
1992 4655 2111 4714 Da·

543 4754 792 4800 masum
819 4742 1084 4822 scripsit,
1119 4750 1181 4807 et
1207 4743 1478 4806 habetur
1503 4752 1656 4806 tom.
1687 4749 1722 4808 9
1756 4765 1928 4826 oper.
1964 4747 2109 4808 Hie-

544 4853 710 4908 ron.,
741 4835 954 4910 refert,
987 4838 1192 4918 ipsum
1223 4841 1714 4922 Hieronymum,
1749 4843 1936 4904 morti
1965 4861 2107 4923 pro-

542 4929 804 5004 ximum,
839 4930 936 4992 his
959 4933 1163 4995 verbis
1185 4952 1326 4995 cum
1347 4933 1586 4998 Christo
1614 4935 1806 4997 fuisse
1833 4936 2103 4997 collocu-

548 5025 683 5082 tum
708 5045 722 5082 ε
751 5023 886 5087 Tua
906 5028 1111 5090 anima
1135 5030 1346 5092 statim
1374 5049 1444 5094 ao
1461 5030 1957 5110 inseparabiliter
1971 5031 2103 5106 ficit

539 5117 717 5180 unita
752 5119 1110 5198 divinitati,
1145 5123 1348 5186 omnia
1381 5123 1560 5186 scit-it
1595 5128 1652 5188 et
1686 5123 1922 5203 potuit,
1968 5141 2101 5205 quoe

540 5210 678 5290 ipsa
705 5213 822 5276 scit
850 5219 903 5275 ec
927 5219 1120 5294 potest
1154 5215 1465 5278 divinitas.
1505 5217 1578 5277 Et
1611 5217 1968 5280 confirmari
1998 5236 2099 5278 ra-

536 5301 706 5366 tione
736 5311 978 5384 potest,
1025 5308 1171 5387 quia
1203 5327 1326 5370 non
1355 5309 1635 5390 implicat
1663 5311 2096 5374 contradictio·

535 5415 710 5474 nem,
739 5398 902 5462 hanc
926 5403 1373 5479 perfectionem
1403 5405 1928 5466 communicatam
1960 5423 2099 5467 esse

537 5491 878 5555 intellectui
907 5495 1161 5571 Christi;
1197 5515 1347 5577 ergo
1375 5517 1505 5561 non
1535 5507 1628 5562 est
1654 5519 1766 5562 cur
1791 5517 2099 5580 negemus

539 5583 730 5650 fuisse
757 5587 846 5652 illi
877 5588 1128 5666 datam3
1158 5591 1282 5654 imo
1307 5593 1576 5657 Durand.
1613 5599 1674 5656 et
1701 5593 1954 5657 Hem-ic.
1983 5613 2099 5674 pu-

1814 413 2049 475 QuAEs'r.
2084 411 2148 466 Χ.
2184 411 2387 466 Anne.
2423 413 2505 467 tv.

2212 519 2349 576 taut
2370 513 2461 588 id,
2492 513 2660 594 quod
2689 515 2807 595 ipsi
2836 515 3173 588 affirmant,
3206 514 3591 578 necessario
3620 521 3781 598 sequi

2215 625 2294 670 ex
2316 609 2555 671 visione
2576 609 2711 682 Dei,
2743 609 2911 670 unde
2936 625 3063 670 non
3085 608 3369 671 tribuunt
3397 609 3533 670 hoc
3556 609 3783 672 Christo

2213 708 2514 782 tanquam
2538 703 2853 784 singulare
2876 703 2989 780 illi,
3020 702 3133 766 sed
3155 707 3471 784 tanquam
3500 704 3784 768 omnibus

2210 796 2415 860 beatis
2450 817 2807 862 commune.

2294 896 2353 956 2.
2412 893 2704 956 Secunda
2780 895 3090 956 sententia
3158 893 3440 956 affirmat
3512 893 3783 958 animam

2210 987 2430 1050 Christi
2460 1005 2573 1067 per
2600 988 2815 1050 lumen
2846 987 3060 1067 glorioe
3102 987 3263 1050 scire
3298 986 3361 1048 in
3396 986 3635 1049 habitu
3666 1007 3784 1050 om-

2208 1082 2315 1142 nia
2345 1099 2485 1161 quoe
2517 1089 2663 1144 sunt
2690 1082 2755 1142 in
2786 1081 2936 1154 Deo,
2970 1085 3183 1144 tamen
3216 1081 3281 1140 in
3310 1087 3469 1142 actu
3514 1083 3781 1144 secundo

2210 1193 2340 1236 non
2372 1193 2555 1254 posse
2587 1175 2773 1238 simul
2808 1175 3023 1237 videre
3057 1175 3267 1236 omnia
3297 1223 3312 1249 ,
3354 1174 3483 1236 sed
3522 1175 3667 1238 haec
3692 1177 3781 1238 vel

2208 1269 2313 1330 illa
2339 1288 2453 1331 suo
2476 1269 2801 1341 arbitratu,
2830 1270 2931 1330 vel
2954 1275 3138 1348 prout
3163 1269 3331 1330 Deus
3353 1269 3661 1330 revelare
3686 1289 3779 1332 vo·

2207 1363 2413 1426 luerit.
2448 1365 2538 1426 Ita
2564 1370 2734 1426 tenet
2758 1363 3130 1436 Bonavent.‚
3156 1362 3219 1426 d.
3246 1366 3348 1437 14,
3380 1367 3513 1424 art.
3539 1365 3605 1434 2,
3629 1381 3689 1442 q.
3710 1365 3776 1436 3;

2211 1467 2270 1522 et
2290 1459 2551 1532 Marsil.,
2572 1475 2633 1537 q.
2657 1459 2752 1530 ¹0,
2782 1463 2899 1520 art.
2924 1459 2985 1520 2.
3010 1457 3234 1520 Scotus
3259 1461 3482 1518 autem
3508 1454 3625 1530 ibi,
3642 1475 3701 1535 q.
3724 1459 3777 1532 2,

2210 1553 2485 1633 primum
2535 1550 2852 1630 improbat
2890 1552 3055 1612 hanc
3100 1550 3515 1630 opinionem,
3565 1549 3779 1612 deinde

2213 1666 2361 1709 vero
2406 1647 2471 1708 in
2512 1645 2683 1708 illam
2726 1647 2859 1709 fere
2892 1646 3152 1721 incidit,
3194 1645 3315 1707 alio
3343 1645 3553 1707 modo
3586 1645 3777 1708 minus
3839 1652 3840 1706 ἲ

2214 1741 2545 1822 probabili.
2598 1739 2820 1820 Objicit
2856 1758 3007 1818 ergo
3059 1746 3274 1802 contra
3313 1739 3493 1800 illam
3544 1739 3741 1818 primo
3760 1787 3776 1814 ,
3839 1741 3840 1744 ’

2214 1835 2360 1916 quia
2391 1835 2593 1896 omnis
2621 1835 2871 1896 habitus
2899 1841 3105 1915 potest
3146 1833 3381 1895 habere
3419 1839 3645 1894 actum
3678 1831 3777 1894 sibi

2212 1927 2635 2008 adaequatum.
2689 1927 2835 2000 Quas
2886 1927 3045 1988 ratio
3104 1945 3234 1988 non
3280 1929 3375 1988 est
3426 1927 3695 2001 efficax,
3734 1929 3776 1986 si

2212 2041 2436 2085 sensus
2481 2024 2558 2084 sit
2595 2023 2685 2100 (ut
2724 2041 2793 2084 re
2838 2039 2986 2084 vera
3016 2039 3155 2082 esse
3184 2026 3433 2099 oportet
3468 2021 3557 2082 ad
3588 2021 3777 2082 effica-

2210 2120 2371 2181 ciam
2402 2118 2819 2200 argumenti),
2854 2118 3141 2179 habitum
3174 2117 3411 2180 habere
3446 2135 3655 2178 unum
3684 2133 3775 2178 ac-

2209 2220 2342 2274 tum
2372 2213 2778 2292 adaequatum
2806 2213 2965 2274 circa
2996 2217 3188 2274 totam
3216 2213 3553 2274 materiam
3580 2229 3769 2272 suam.

2208 2308 2601 2369 Contrarium
2645 2307 2813 2368 enim
2853 2306 2985 2367 fere
3026 2307 3341 2385 reperitur
3379 2307 3449 2368 in
3490 2304 3772 2367 omnibus

2210 2401 2528 2462 habitibus
2558 2407 2619 2462 et
2650 2401 2713 2460 in
2750 2400 3048 2478 potentiis
3090 2399 3317 2460 animm
3344 2445 3361 2472 ‚
3402 2400 3645 2477 quibus
3672 2416 3771 2458 suo

2208 2495 2398 2557 modo
2424 2496 2627 2556 simile
2655 2500 2749 2558 est
2773 2493 2987 2555 lumen
3015 2493 3249 2573 gloriae.
3302 2493 3545 2556 Deinde
3576 2493 3769 2554 subdit

2210 2589 2567 2668 opinionem
2603 2605 2782 2649 suam
2804 2633 2821 2661 ,
2862 2587 3099 2660 dicens,
3144 2587 3421 2648 animam
3456 2586 3687 2649 Christi
3712 2586 3767 2645 in

2210 2689 2353 2744 actu
2384 2683 2585 2762 prImo
2610 2681 2823 2743 videre
2856 2681 3091 2754 omnia,
3112 2699 3241 2743 non
3270 2681 3341 2741 in
3370 2687 3523 2743 actu
3560 2697 3767 2742 secun-

2209 2777 2327 2854 d03
2355 2777 2527 2836 illurn
2554 2781 2762 2836 autem
2785 2781 2993 2837 actum
3008 2775 3283 2854 primum
3303 2774 3455 2836 dicit
3486 2793 3631 2836 esse
3654 2791 3767 2834 non

2208 2890 2323 2951 per
2355 2871 2571 2932 lumen
2612 2868 2823 2952 gloriae
2853 2914 2868 2941 ‚
2916 2870 3027 2930 sed
3068 2888 3183 2950 per
3222 2871 3565 2949 ipsammet
3596 2868 3763 2928 visio·

2209 2981 2355 3026 nem
2381 3009 2399 3039 ,
2444 2981 2635 3042 quam
2672 2962 2819 3024 dicit
2845 2964 3161 3025 interdum
3200 2969 3455 3025 actuare
3498 2979 3617 3041 per
3640 2977 3762 3022 mo-

2210 3059 2359 3119 dum
2400 3063 2577 3119 actus
2620 3057 2878 3118 secundi
2916 3057 3078 3119 circa
3123 3057 3337 3136 aliqua
3374 3057 3652 3136 objecta,
3692 3052 3763 3114 ad
3841 3135 3842 3140 ἵ

2210 3169 2351 3232 quae
2382 3151 2514 3231 ipse
2544 3151 2897 3212 intellectus
2926 3151 3228 3223 attendit;
3271 3151 3596 3214 interdum
3625 3165 3761 3209 vero
3841 3161 3842 3212 ἒ

2208 3251 2455 3307 tantum
2484 3263 2594 3324 per
2619 3243 2877 3306 modum
2908 3251 3083 3306 actus
3104 3244 3312 3324 primi,
3340 3245 3389 3304 si
3418 3243 3763 3306 intellectus
3841 3237 3842 3246 ’

2208 3359 2338 3401 non
2360 3339 2640 3401 attendat
2662 3357 2677 3410 ;
2702 3345 2920 3398 contra
2941 3356 3130 3417 quam
3152 3339 3533 3424 sententiam
3556 3353 3764 3414 urgen-

2212 3435 2331 3496 tius
2368 3433 2649 3514 procedit
2680 3436 3125 3512 argumentum
3152 3433 3349 3512 ipsius
3377 3431 3551 3494 Scoti
3575 3481 3590 3505 ‚
3629 3428 3763 3508 quia

2206 3529 2359 3590 visio
2394 3527 2808 3590 essentialiter
2837 3531 2931 3587 est
2964 3532 3141 3588 actus
3170 3525 3485 3587 secundus
3528 3531 3593 3586 et
3632 3518 3759 3582 ulti·

2204 3639 2347 3682 mus
2370 3668 2389 3697 ,
2442 3627 2503 3682 et
2536 3623 2747 3682 actuat
2774 3619 3120 3699 potentiam
3146 3665 3167 3696 ,
3216 3637 3343 3681 non
3375 3620 3611 3690 active,
3662 3611 3760 3676 sed

2203 3715 2585 3788 formantem
2614 3713 2782 3774 unde
2806 3713 2857 3774 si
2877 3719 3019 3774 actu
3046 3719 3162 3788 est,
3186 3731 3315 3774 non
3340 3713 3547 3774 solum
3572 3711 3759 3792 potest

2202 3809 2437 3870 habere
2476 3809 2767 3868 effectum
2812 3807 3139 3868 formalem
3174 3807 3289 3867 sibi
3334 3805 3747 3885 adaequatum,

2203 3901 2314 3962 sed
2344 3902 2529 3962 etiam
2556 3902 2914 3963 necessario
2938 3901 3115 3962 illum
3143 3901 3355 3978 habet,
3382 3902 3532 3980 quia
3552 3915 3751 3962 neces·

2200 3993 2361 4055 sario
2392 3993 2654 4056 inhaeret
2674 3994 2957 4074 subjecto
2986 3996 3333 4058 secundum
3358 4001 3559 4057 totam
3584 4007 3751 4055 suam

2200 4089 2520 4149 entitatem
2544 4091 2608 4149 et
2628 4089 2970 4162 rationem;
3000 4089 3139 4151 fieri
3165 4097 3375 4152 autem
3398 4107 3529 4150 non
3558 4087 3752 4168 potest

2198 4191 2267 4244 ut
2304 4184 2572 4264 qualitas
2616 4192 2759 4248 actu
2810 4185 3126 4247 inhaerens
3170 4187 3453 4265 subjecto
3486 4203 3618 4246 non
3648 4183 3752 4242 ha-

2195 4279 2342 4340 beat
2367 4279 2429 4340 in
2452 4279 2557 4340 illo
2584 4297 2765 4340 suum
2796 4282 3087 4344 effectum
3111 4281 3441 4343 formalem
3462 4281 3751 4358 adaequa-

2196 4381 2327 4437 tum
2352 4393 2368 4448 ;
2404 4381 2496 4436 est
2522 4393 2671 4454 ergo
2700 4375 2805 4435 illa
2834 4374 3143 4438 distinctio
3168 4383 3344 4438 actus
3370 4376 3554 4456 primi
3580 4380 3641 4437 et
3664 4388 3749 4432 se-

2194 4467 2382 4530 cundi
2414 4469 2668 4529 omnino
2699 4485 3063 4548 repugnans
3092 4469 3209 4552 ipsi
3238 4471 3486 4534 visioni.

2274 4563 2333 4624 3.
2378 4563 2457 4624 Ut
2498 4561 2993 4641 respondeamus
3039 4565 3392 4642 quaestioni‚
3439 4577 3741 4645 suppum,

2194 4673 2271 4716 ex
2300 4654 2611 4716 sententia
2640 4655 2972 4734 Augustini
3012 4662 3075 4718 et
3096 4657 3378 4718 omnium
3405 4659 3743 4733 Theologu-

2188 4767 2327 4810 rum
2354 4793 2374 4824 ,
2422 4749 2642 4828 paucis
2698 4749 3129 4812 Nominalibus
3190 4752 3463 4832 exceptis
3487 4799 3508 4829 ,
3567 4764 3743 4831 posse

2186 4842 2444 4903 beatum
2473 4887 2489 4918 ,
2551 4840 2867 4906 videntem
2926 4845 3123 4907 Deum
3145 4893 3167 4924 ,
3226 4847 3437 4908 videre
3490 4847 3557 4907 in
3614 4847 3739 4925 ipso

2187 4943 2508 4998 creaturas
2533 4953 2671 5014 quae
2700 4937 2763 4998 in
2789 4939 2913 5000 Deo
2946 4942 3296 5003 eminenter
3323 4942 3735 5009 continentur,

2182 5049 2310 5091 non
2344 5033 2584 5092 tantum
2616 5031 2918 5106 effective,
2964 5051 3078 5096 seu
3107 5036 3465 5110 causaliter,
3510 5043 3581 5098 ut
3616 5032 3739 5114 qui·

2182 5123 2329 5184 darn
2361 5115 2599 5198 dicuni,
2634 5123 2695 5184 id
2730 5132 2842 5201 est,
2892 5127 3061 5206 quod
3102 5146 3179 5190 ex
3220 5130 3458 5192 visione
3502 5128 3612 5191 Dei
3650 5144 3737 5188 re-

2180 5219 2367 5280 sultet
2398 5219 2515 5280 alia
2544 5219 2812 5302 cognitio
2839 5228 3264 5284 creaturarum
3290 5241 3405 5303 per
3424 5224 3731 5304 propriam

2183 5314 2490 5392 speciem;
2532 5315 2644 5375 hoc
2679 5315 2846 5376 enim
2874 5335 2999 5376 non
3036 5323 3131 5378 est
3158 5319 3409 5396 proprie
3443 5317 3649 5379 videre
3672 5315 3733 5374 in

2183 5407 2414 5480 Verbo,
2450 5409 2563 5470 sed
2598 5411 2802 5490 potius
2832 5411 2895 5472 in
2928 5415 3179 5492 proprio
3210 5431 3441 5494 genere
3470 5433 3486 5484 ς
3538 5425 3730 5492 neque

2183 5503 2453 5582 cognitio
2487 5505 2619 5564 haec
2650 5510 2817 5565 esset
2842 5507 3171 5580 matutina,
3216 5505 3329 5568 sed
3360 5506 3723 5588 vespertina,

2182 5601 2246 5656 et
2273 5597 2335 5656 in
2368 5597 2606 5658 Christo
2640 5597 2778 5660 talis
2806 5600 3079 5676 cognitio
3107 5601 3191 5663 ad
3227 5599 3551 5664 scientiam
3580 5597 3724 5660 infu-
