3892 6167
558 353 673 414 524

557 457 825 539 gratuito
874 453 1101 519 collata
1138 453 1373 520 habere
1413 461 1617 536 potest
1648 455 1962 520 rationem
2009 453 2118 516 ad-

556 551 1073 634 optionis,ueque
1100 556 1323 612 natura
1353 557 1417 612 ut
1438 556 1661 612 natura
1692 549 1979 630 adoptari
2003 567 2118 632 po-

555 651 674 710 test
700 665 715 719 ;
751 663 879 707 non
909 645 1056 726 quia
1084 663 1214 708 non
1240 643 1435 726 possit
1474 645 1667 724 gratis
1698 643 1893 726 diligi,
1923 651 1986 706 et
2016 661 2118 706 or·

556 739 703 802 diue
726 745 969 803 naturae
994 739 1389 820 praeexistere
1408 743 1471 800 et
1489 744 1788 800 extranea
1807 755 1976 810 esse;
2005 735 2118 800 sed

554 833 703 917 quia
735 840 959 896 natura
985 837 1055 896 ut
1086 829 1173 896 sic
1203 849 1327 894 non
1352 835 1558 911 potest
1581 829 1699 892 nisi
1727 831 1809 894 ad
1834 831 2118 894 substan·

554 927 768 990 tialem
803 927 1099 990 unionem
1147 925 1403 998 assumi,
1431 943 1577 986 nam
1606 925 1760 986 alias
1802 943 2118 1006 suppone-

553 1027 728 1082 retur
774 1019 1120 1083 subsistens
1168 1019 1233 1081 iu
1280 1017 1532 1099 propria
1579 1037 1881 1099 persona,
1917 1025 1982 1082 et
2029 1019 2120 1080 ita

546 1115 681 1194 jam
702 1133 829 1176 non
853 1120 1117 1190 naturae,
1138 1114 1247 1176 sed
1270 1131 1552 1194 persouae
1575 1113 1755 1176 fieret
1770 1114 1996 1194 gratia.
2021 1109 2116 1174 Ad

556 1208 859 1270 Hilarium
891 1207 1230 1288 respondet
1248 1207 1318 1269 D.
1346 1207 1645 1282 Thomas,
1678 1215 1741 1269 et
1768 1206 2116 1269 communi-

551 1306 649 1362 ter
670 1300 1055 1376 Scholastici,
1073 1299 1411 1383 improprie
1432 1319 1689 1364 vocasse
1710 1300 2116 1382 adoptionem

552 1395 758 1456 carnis
806 1395 1071 1475 gratiam
1141 1395 1415 1459 unioniS.
1484 1393 1835 1457 Alexander
1899 1399 2116 1456 autem

550 1485 793 1565 Alens„
839 1489 879 1550 3
905 1509 996 1570 p.,
1023 1507 1085 1570 q.
1121 1491 1223 1566 10,
1256 1489 1493 1552 memb.
1534 1493 1574 1552 4
1597 1535 1617 1568 ,
1650 1488 1736 1550 ait
1784 1487 1848 1550 id
1878 1487 2114 1552 dictum

551 1599 691 1642 esse
719 1587 976 1664 propter
1005 1583 1461 1648 humanitatem
1492 1583 1557 1644 in
1589 1581 1799 1666 specie
1826 1581 2113 1644 conside·

552 1682 779 1753 ratam,
805 1696 933 1739 non
963 1678 1028 1739 in
1059 1677 1378 1740 individuo
1408 1685 1594 1759 prout
1621 1678 1805 1739 estin
1824 1675 2105 1752 Christ03

554 1770 725 1850 qnod
778 1777 993 1852 posset
1040 1771 1303 1852 intelligi
1359 1773 1439 1836 ad
1490 1790 1633 1834 eum
1685 1769 1943 1832 modurn
1987 1788 2112 1852 quo

553 1861 785 1924 Paulus
829 1863 951 1938 ait,
1002 1882 1117 1926 nos
1160 1865 1617 1929 consurrexisse
1644 1866 1711 1927 in
1738 1864 2017 1940 Christo,
2051 1869 2114 1926 et

554 1957 917 2022 consedisse
945 1957 1011 2020 in
1038 1958 1416 2024 scelestibus,
1450 1958 1573 2022 Sed
1605 1961 1721 2022 hoc.
1750 1977 1877 2022 non
1906 1959 2111 2040 solum

553 2057 646 2113 est
671 2051 1107 2133 improprium,
1137 2072 1358 2118 verum
1388 2055 1579 2118 etiam
1607 2053 1865 2138 omnino
1892 2059 2110 2118 contra

550 2151 825 2208 mentem
880 2147 1119 2212 Hilarii.
1166 2149 1286 2212 Alii
1338 2149 1694 2228 conjectant
1740 2147 2110 2213 mendosam

552 2256 691 2300 esse
712 2237 981 2306 litteram
996 2241 1213 2304 Hilarii
1231 2262 1247 2318 ;
1278 2247 1340 2307 et
1357 2241 1465 2304 ubi
1484 2242 1738 2322 legitur,
1755 2243 2106 2324 adoptatur,

550 2332 892 2414 legendum
919 2354 1080 2412 esse,
1107 2339 1421 2402 adoratur.
1438 2337 1692 2400 Dixerat
1722 2337 1889 2400 enim
1916 2335 2109 2416 paulo

551 2431 697 2488 ante
716 2443 732 2489 τ
752 2427 989 2494 Adeunt
1003 2429 1203 2514 Magri,
1228 2431 1562 2496 involutum
1574 2430 1797 2510 pannis
1826 2429 2112 2540 ador-gne,-

543 2535 658 2600 ριν
682 2521 900 2605 Maqot
929 2541 1223 2588 cunarum
1248 2525 1455 2589 sordes
1478 2525 1837 2600 adorantur,
1864 2529 2109 2608 vaqttue

543 2631 658 2698 per
691 2613 1063 2696 Amydon-um
1092 2619 1299 2684 divina
1338 2621 1566 2702 aaudiat
1607 2619 2000 2684 honorantur.
2036 2617 2111 2680 Et

548 2707 712 2770 infra
738 2730 751 2774 ε
780 2709 977 2774 Aliud
998 2713 1394 2798 iutelliyitur,
1419 2714 1597 2777 aliud
1618 2715 1875 2788 videtur,
1900 2713 2110 2792 infans

547 2803 743 2884 vaqit,
773 2805 1086 2870 laudantes
1111 2806 1335 2888 Anyali
1369 2808 1723 2880 audiuntur,
1752 2807 1946 2889 panni
1978 2824 2108 2871 sor-

549 2897 709 2972 dent,
760 2897 924 2964 Deua
969 2901 1285 2976 adoratur,
1339 2902 1436 2966 ita
1474 2900 1796 2982 potestatis
1836 2897 2108 2982 diynitas

548 3007 668 3054 non
694 2993 1027 3072 amittitur,
1056 2995 1199 3060 dum
1213 2995 1421 3060 carnis
1440 2993 1759 3060 humilitas
1787 2993 2110 3063 adoratur,-

550 3083 642 3144 sic
671 3085 839 3146 enim
869 3088 1101 3168 optime
1130 3089 1399 3170 quadrat
1416 3087 1573 3151 ratio
1596 3105 1611 3161 3
1638 3085 1911 3150 ostendit
1935 3086 2105 3164 enim

550 3177 944 3258 majestatem
958 3181 1175 3244 Christi
1200 3201 1327 3246 non
1356 3201 1493 3246 esse
1519 3181 1917 3242 imminutam
1942 3179 2107 3243 inter

548 3271 827 3352 vagiluS,
872 3280 1015 3346 etc„
1056 3274 1565 3357 quandoquidem
1594 3274 1661 3336 in
1694 3275 1847 3354 ipsis
1880 3274 2105 3336 adora-

550 3371 671 3428 tur.
720 3367 799 3430 Et
838 3367 969 3430 haec
1011 3367 1195 3432 lectio
1223 3369 1492 3432 habetur
1523 3370 1586 3430 in
1618 3369 1893 3432 editione
1930 3369 2104 3431 Pari-

549 3459 737 3522 siensi
776 3461 925 3523 anni
962 3465 1139 3526 1544.
1180 3465 1365 3528 Juxta
1394 3481 1585 3544 quam
1616 3463 1974 3538 lectionem,
2003 3463 2107 3524 illa.

548 3553 874 3636 particula,
898 3555 1040 3620 dum
1067 3560 1276 3623 carnis
1292 3559 1612 3622 humilitas
1638 3559 1954 3628 adoratur.
1978 3575 2106 3620 non

549 3655 643 3710 est
670 3649 1004 3713 causaliter
1031 3652 1375 3731 sumenda3
1407 3651 1679 3734 dignitas
1719 3651 1887 3714 euim
1912 3651 2108 3714 Verbi

550 3741 667 3802 sub
697 3761 884 3806 carne
932 3744 1183 3808 latentis
1218 3764 1347 3807 non
1386 3745 1531 3808 ideo
1578 3746 1803 3810 amissa
1848 3764 1977 3810 non
2013 3750 2108 3808 est

548 3837 693 3916 quia
718 3834 1035 3914 adoratur,
1071 3839 1183 3902 sed
1210 3839 1352 3904 ideo
1382 3840 1680 3902 adoratur
1702 3837 1851 3922 quia
1875 3840 2105 3902 amissa

548 3948 677 3992 non
728 3937 855 4006 est3
888 3951 1017 3996 non
1054 3940 1262 4016 potest
1288 3955 1439 4018 ergo
1480 3936 1584 4001 illa
1628 3935 1934 4018 particula
1963 3935 2104 3998 red·

546 4023 696 4087 dere
726 4044 1005 4105 causam,
1043 4029 1156 4091 sed
1182 4031 1458 4112 signum,
1476 4037 1549 4096 ut
1570 4049 1795 4096 sensus
1824 4033 1903 4102 sit
1924 4079 1939 4106 ,
1963 4033 2106 4096 dum

545 4117 861 4196 adoratur,
885 4119 952 4184 id
973 4127 1089 4194 est,
1108 4121 1423 4202 siquidem
1451 4125 1771 4188 adoratur.
1798 4123 1875 4191 Et
1900 4125 2105 4188 solum

545 4211 740 4273 videri
773 4217 980 4292 potest
1008 4214 1235 4277 durum
1263 4217 1327 4280 in
1354 4217 1474 4281 hac
1494 4217 1787 4296 lectione,
1823 4219 1972 4300 quia
2000 4217 2106 4280 illa

544 4302 850 4386 particula
887 4306 955 4366 iu
992 4310 1313 4370 communi
1343 4329 1488 4386 usu,
1515 4317 1581 4374 et
1604 4312 1797 4376 latina
1830 4313 2106 4392 proprie·

545 4403 673 4460 tate
693 4415 823 4460 non
844 4398 1091 4462 videtur
1110 4400 1277 4463 illam
1303 4404 1823 4486 significationem
1842 4405 2100 4480 habere;

548 4497 640 4552 est
668 4497 879 4553 tamen
902 4493 1305 4557 nihilominus
1325 4497 1668 4576 probabilis
1686 4498 1870 4561 lectio
1895 4505 1958 4562 et
1979 4519 2107 4562 res·

544 4585 789 4666 ponsi0.
818 4584 944 4647 Sed
970 4605 1096 4650 non
1132 4595 1229 4651 est
1255 4589 1379 4652 alia
1404 4591 1887 4666 contemnenda,
1912 4611 2104 4674 quam

546 4677 779 4741 habent
806 4681 1191 4744 recentiores
1220 4683 1485 4759 codiceS,
1526 4704 1793 4766 eamque
1830 4705 1967 4749 esse
1996 4705 2108 4748 an·

548 4774 780 4854 tiquam
822 4781 885 4837 et
926 4793 1351 4856 communem,
1382 4785 1628 4844 constat
1658 4799 1735 4844 ex
1762 4779 1837 4842 Ι).
1862 4779 2106 4844 Thoma

546 4874 609 4930 et
636 4868 1054 4934 Scholasticis.
1101 4871 1177 4934 Et
1210 4879 1418 4954 potest
1458 4873 1725 4937 reddere
1766 4874 1918 4936 satis
1965 4893 2106 4956 ger-

540 4953 802 5024 manum
832 4983 1112 5027 sensum.
1135 4965 1324 5028 Docet
1354 4965 1522 5028 enim
1543 4985 1620 5029 eo
1637 4967 1777 5030 loco
1808 4967 2100 5042 HilariuS,

544 5053 733 5116 Verbi
774 5057 1165 5138 maiestatem
1208 5077 1335 5120 non
1374 5059 1567 5123 fuisse
1597 5061 1990 5124 imminutam
2021 5059 2103 5122 ob

542 5148 1039 5229 assumptionem
1066 5159 1291 5215 nostrae
1320 5159 1594 5231 naturoe,
1637 5155 1827 5235 idque
1854 5156 2104 5218 conclu·

544 5241 634 5306 dit
658 5261 735 5304 ex
763 5243 862 5305 his
892 5245 1111 5326 quaein
1126 5245 1347 5311 Christi
1368 5249 1690 5314 nativitate
1714 5250 2096 5327 accidet-unu

542 5354 693 5398 nam
734 5336 1079 5401 infantulus
1112 5339 1178 5404 in
1205 5359 1482 5425 praesepe
1498 5343 1755 5423 2positus
1786 5343 1869 5406 ab
1896 5346 2104 5424 Ange-

542 5430 623 5492 lis
644 5431 1017 5512 praedicatur
1052 5442 1115 5497 et
1140 5435 1457 5516 laudatur,
1486 5439 1787 5504 adoratur
1810 5458 1847 5502 a
1876 5437 2098 5520 Magis.

546 5526 725 5590 Unde
755 5527 1066 5593 concludit
1091 5576 1113 5607 ‚
1164 5548 1239 5593 ex
1273 5531 1625 5596 humilitate
1662 5531 1869 5597 carnis
1892 5531 2104 5594 Verbo

1762 353 1994 418 QUAEST.
2033 353 2206 410 xxm.
2241 355 2442 410 Amic.
2475 357 2556 412 w.

2197 458 2548 538 conjunctae
2589 475 2718 520 non
2769 456 2963 519 fuisse
3014 458 3203 520 Verbi
3258 462 3598 542 majestatem
3637 487 3680 539 et

2195 552 2546 632 potentiam
2575 553 2870 614 amissam
2889 573 2910 628 3
2933 557 2996 614 et
3019 553 3141 615 hoc
3164 562 3280 630 est,
3305 559 3466 636 quod
3486 563 3588 623 ait:
3607 570 3682 634 Ῑιι

2192 645 2516 725 potestatis
2540 645 2823 730 difinitur·
2839 663 2958 708 uon
2983 647 3322 734 amittitur,
3355 650 3505 723 dem,
3524 656 3582 716 id
3597 671 3679 737 est,

2199 739 2478 819 quando,
2501 757 2614 802 seu
2640 758 2718 801 ex
2746 757 2822 802 eo
2851 739 3044 819 quod,
3077 741 3286 806 earnis
3311 743 3592 813 humilitas
3615 760 3683 818 aa

2200 835 2468 912 optatur,
2503 831 2571 893 id
2606 836 2723 903 est,
2752 831 3109 894 assumitur.
3169 835 3322 897 Haec
3367 854 3508 918 ergo
3547 848 3684 909 rerba

2199 925 2417 987 Hilarii
2459 925 2640 1006 juxta
2672 926 2836 988 hanc
2879 926 3261 1006 lectionem,
3305 935 3368 991 et
3409 932 3520 994 alia
3559 937 3682 1000 Marii

2201 1018 2496 1082 Victorini
2518 1017 2838 1081 declarant
2857 1019 3026 1100 quod
3051 1019 3350 1096 diximus,
3369 1024 3578 1089 habere
3593 1050 3688 1112 gra-

2197 1111 2346 1174 tiam
2398 1111 2646 1174 unionis
2713 1117 3004 1193 respectu
3055 1115 3460 1179 humanitatis
3509 1121 3688 1202 aliquas

2195 1207 2610 1288 proprietates
2654 1210 2716 1272 et
2766 1207 3195 1288 conditiones,
3250 1210 3320 1271 in
3364 1211 3568 1292 quibus
3590 1237 3688 1282 cum

2199 1297 2538 1378 adoptione
2604 1301 2938 1375 convenit,
3009 1303 3258 1365 ratione
3329 1322 3576 1384 quarum
3613 1329 3690 1390 per

2197 1391 2676 1456 translationem
2706 1399 2769 1456 et
2793 1395 3232 1476 metaphoram
3265 1397 3426 1459 solet
3451 1397 3692 1467 interdum

2193 1483 2449 1566 adoptio
2479 1488 2722 1564 vocari:
2759 1489 3102 1570 praesertim
3138 1489 3224 1550 ad
3251 1489 3692 1574 significandum,

2191 1578 2651 1642 humanitatem
2679 1582 2873 1662 gratis
2916 1599 3057 1644 esse
3098 1589 3384 1645 amatam
3427 1590 3485 1646 et
3517 1605 3696 1651 assum

2191 1678 2364 1754 ptam
2388 1692 2424 1736 e
2443 1674 2683 1749 Verbo;
2719 1676 2784 1737 in
2809 1693 2936 1758 qua
2967 1679 3350 1757 metaphora
3377 1678 3440 1738 in
3469 1698 3536 1741 eo
3561 1701 3694 1744 sensu

2193 1778 2443 1847 sumpta
2490 1765 2702 1829 nullus
2751 1773 2842 1830 est
2870 1787 3083 1842 error3
3127 1770 3241 1832 sed
3271 1771 3460 1832 nobis
3487 1778 3696 1838 carenda

2194 1865 2310 1938 est,
2342 1866 2474 1923 tum
2506 1863 2674 1942 quia.
2709 1869 2780 1925 ut
2807 1861 3222 1942 ostendimus,
3249 1881 3409 1926 vere
3439 1871 3496 1927 et
3512 1873 3696 1948 proprie

2191 1953 2297 2014 illa
2337 1971 2465 2016 non
2503 1959 2597 2016 est
2645 1953 2948 2038 adopti03
2989 1961 3126 2018 tum
3158 1957 3360 2018 etiam
3393 1959 3530 2035 quia
3557 1965 3698 2021 meta-

2192 2047 2393 2127 phora
2421 2048 2528 2108 illa
2553 2049 2873 2111 rarissime
2902 2055 2991 2111 est
3019 2047 3275 2126 usitata,
3308 2056 3378 2111 et
3409 2057 3696 2132 potestesse

2193 2139 2439 2203 occasio
2466 2141 2721 2204 erroris.
2751 2143 2826 2204 Et
2845 2141 2969 2205 hoc
2998 2141 3200 2204 solum
3233 2141 3467 2224 probat
3495 2147 3697 2207 testimo-

2191 2233 2366 2296 nium
2397 2231 2652 2298 Consilii
2681 2235 3114 2310 Francoford„
3153 2233 3242 2297 ibi
3283 2235 3360 2296 in
3389 2239 3694 2300 contrarium

2193 2327 2486 2401 citatum3
2531 2327 2937 2409 distinguitur
2964 2329 3132 2391 enim
3169 2329 3520 2409 assumptio
3545 2331 3609 2392 ab
3625 2333 3696 2393 ad-

2192 2421 2446 2499 optione
2469 2422 2721 2503 proprie
2749 2426 3024 2504 sumpta,
3055 2421 3136 2484 de
3167 2441 3297 2504 qua
3345 2423 3604 2484 haeretici
3637 2427 3696 2485 lo-

2191 2513 2546 2594 quebantur
2571 2560 2587 2590 ,
2629 2523 2847 2578 contra
2881 2533 3040 2598 quos
3083 2513 3446 2579 Concilium
3491 2515 3696 2580 illndls-

2190 2609 2423 2690 quitur,
2457 2614 2527 2671 ut
2553 2611 2618 2672 in
2654 2610 3083 2692 superioribus
3109 2610 3322 2671 visum
3365 2617 3483 2672 est.

2667 2817 3019 2894 QUAESTIO
3069 2815 3286 2880 XXIV.

2187 3009 2264 3058 ΒΕ
2304 3009 2860 3060 ΡΒΕΒΕὸΤΙΝΑΤῘΟΝΕ
2897 3010 3154 3070 allusu,
3186 3009 3252 3058 m
3281 3009 3560 3064 Quarum
3583 3011 3700 3054 Διπ-

2741 3105 2918 3154 cums
2959 3105 3183 3153 mvtsA.

2263 3269 2488 3336 Deinde
2507 3269 2996 3336 midan-andum
3024 3273 3114 3334 est
3135 3269 3202 3332 ds
3221 3267 3699 3352 praedmiaatim

2191 3359 2446 3428 Christi.
2479 3363 2574 3428 Et
2598 3365 2762 3430 circa
2789 3365 2895 3427 boo
2921 3368 3286 3448 quen-untur
3307 3367 3588 3444 quatuor.

2268 3455 2509 3532 Primo,
2537 3463 2746 3523 utrum
2771 3457 3048 3522 olco-istm
3075 3457 3165 3519 sit
3196 3455 3662 3536 predestinatus.

2275 3551 2548 3618 Secundo
2561 3599 2579 3628 ,
2632 3557 2842 3616 utrum
2888 3552 2976 3616 sit
3019 3549 3504 3632 predestinatus
3549 3565 3704 3612 sem-

2189 3643 2329 3708 dum
2357 3645 2516 3727 quod
2535 3645 2723 3708 homo.

2269 3739 2474 3803 Per-tio
2503 3787 2518 3814 ,
2553 3744 2762 3804 utrum
2796 3737 2929 3818 ejus
2953 3737 3422 3822 proedestinoetio
3453 3736 3534 3800 sit
3555 3751 3704 3800 esen·

2181 3831 2329 3915 plur
2363 3837 2586 3897 nostroe
2605 3831 3190 3916 praedestinationis.

2271 3925 2523 4001 Quarto,
2574 3931 2783 3992 utrum
2831 3927 2916 3990 sit
2968 3943 3151 3990 causa
3197 3921 3706 4008 praedestinationis

2186 4025 2431 4084 nostroe.

2267 4212 2693 4292 Supponenda
2746 4218 2893 4274 sunt
2929 4211 3052 4275 hoc
3099 4212 3266 4289 loco,
3315 4230 3462 4292 quae
3491 4209 3566 4272 de
3588 4225 3704 4289 pre-

2187 4301 2595 4368 destinatione
2626 4307 2689 4368 in
2720 4308 3063 4380 communi,
3096 4311 3126 4370 1
3157 4325 3220 4388 p.
3253 4352 3270 4382 ,
3305 4324 3373 4387 q.
3407 4307 3506 4380 23,
3536 4303 3704 4364 doceri

2187 4398 2412 4470 solent,
2435 4403 2497 4459 et
2522 4399 2892 4463 abstinendo
2914 4399 2994 4462 ab
3016 4399 3153 4462 aliis
3175 4399 3594 4480 opinionibus,
3610 4413 3704 4456 cer-

2185 4500 2319 4554 tum
2351 4499 2443 4554 est
2468 4493 3081 4571 praedestinationem
3107 4492 3207 4555 vel
3243 4508 3607 4574 supponere,
3631 4487 3702 4548 vel

2185 4583 2507 4648 includere
2561 4590 2772 4648 actum
2825 4587 3180 4649 intellectus
3247 4594 3312 4647 et
3373 4583 3698 4648 voluntatis:

2187 4680 2481 4760 supponit
2508 4679 2677 4741 enim
2706 4680 3094 4744 voluntatem
3125 4679 3452 4742 efficacem
3488 4677 3624 4752 Dei,
3655 4683 3700 4736 et

2185 4771 2332 4835 dicit
2382 4773 2688 4835 rationem
2720 4772 3071 4836 mediorum
3107 4793 3225 4856 per
3273 4793 3412 4855 quae
3460 4773 3700 4834 voluntas

2185 4865 2288 4928 illa
2339 4865 2660 4947 implenda
2712 4873 2826 4930 est.
2877 4867 3057 4932 Unde
3107 4869 3258 4948 quia
3312 4866 3592 4930 voluntas
3629 4867 3700 4924 est

2186 4959 2365 5040 quasi
2417 4958 2595 5022 radix
2639 4961 2828 5022 totius
2873 4961 3484 5042 praedestinationis,
3525 4959 3596 5020 de
3619 4955 3700 5018 illa

2187 5069 2437 5133 semper
2462 5052 2818 5132 loquemur,
2843 5061 2905 5116 et
2923 5055 2992 5115 in
3020 5073 3097 5116 ea
3127 5053 3568 5134 explicabimus
3587 5050 3698 5108 doc·

2183 5148 2411 5210 trinam
2442 5148 2606 5211 hanc
2636 5148 2715 5212 de
2745 5149 3305 5230 praedestinatione
3329 5147 3566 5211 Christi.

2843 5401 3048 5432 ..ι-.-
