3892 6167
539 403 710 465 tione
751 401 1122 482 cognovisse
1168 401 1552 464 veluntatem
1597 407 1658 462 et
1713 401 2099 480 praeeeptum

541 497 736 561 Patris
781 497 862 559 de
909 501 1112 557 morte
1153 495 1448 558 obeunda
1475 511 1592 576 pro
1623 493 1957 556 hominum
2004 508 2102 552 re·

539 591 932 672 demptione;
966 590 1064 652 cui
1093 588 1418 664 voluntati,
1451 596 1514 650 et
1551 593 1854 668 praecepto
1887 583 2099 645 divino

541 684 750 746 statim
773 684 910 762 ipse
929 681 1160 754 obedit,
1185 699 1511 744 assensum
1539 680 1828 760 praebens
1851 695 1965 758 per
1990 677 2099 738 hu·

539 795 794 839 manem
835 777 1218 837 voluntatem
1239 819 1258 850 ,
1285 777 1357 835 in
1382 791 1502 855 qua
1529 772 1830 836 voluntate
1855 775 1876 850 (
1899 770 2101 849 inquit

542 871 812 949 Paulus)
841 868 1206 947 sanctificati
1262 883 1494 930 snmus.
1548 867 1684 928 Non
1733 883 1884 946 ergo
1919 869 2099 924 ante·

543 963 726 1025 cessit
749 964 814 1023 in
845 964 963 1022 hoc
1002 961 1253 1040 negotio
1299 962 1578 1021 humana
1611 957 1833 1020 Christi
1879 957 2097 1018 volun-

542 1062 661 1130 tas,
705 1055 1020 1126 divinam,
1066 1053 1178 1114 sed
1233 1053 1568 1114 subsecuta
1617 1056 1732 1112 est.
1791 1051 1919 1112 Nec
1946 1065 2097 1112 vcro

543 1148 694 1226 fingi
740 1153 980 1226 potest,
1035 1146 1178 1208 ideo
1225 1147 1420 1206 Deum
1473 1146 1536 1206 in
1592 1144 1936 1206 oeternitate
1987 1159 2100 1202 sne

541 1239 1028 1321 praedefinivisse
1059 1241 1388 1319 imponere
1431 1237 1673 1299 Christo
1704 1237 1824 1297 hoc
1865 1251 2103 1315 proece-

543 1335 741 1414 ptum,
773 1332 921 1412 quin
947 1331 1255 1412 praescivit
1279 1332 1485 1410 ipsum
1511 1335 1868 1392 amaturum
1903 1335 1967 1390 et
1994 1345 2103 1408 pe·

543 1427 801 1489 fiturum
831 1424 986 1486 illud
1005 1469 1023 1500 ,
1073 1431 1202 1486 tum
1243 1426 1388 1504 quin
1423 1426 1540 1485 hoc
1569 1425 1757 1486 etium
1799 1423 1932 1484 sine
1958 1422 2105 1482 fun-

545 1519 842 1582 damento
859 1518 1118 1590 dicitur;
1145 1525 1275 1578 tum
1297 1523 1599 1597 prm-terea
1625 1517 1770 1594 quia
1787 1517 1951 1576 Deus
1974 1533 2100 1576 non

544 1612 850 1692 praescivit
877 1612 994 1672 nisi
1019 1610 1185 1688 quod
1215 1629 1434 1671 revera
1456 1610 1736 1670 futurum
1762 1609 1910 1681 suin
1931 1608 2103 1670 Chri-

545 1712 648 1768 tus
695 1711 908 1766 autem
961 1721 1282 1784 nunquam
1337 1704 1516 1784 petiit
1564 1709 1672 1765 aut
1735 1703 1932 1765 voluit
1980 1703 2103 1762 hoc

546 1811 924 1878 praeceptum
953 1842 972 1872 ,
1013 1796 1196 1876 quasi
1231 1801 1302 1856 ιιι
1343 1795 1650 1858 obtineret
1677 1813 1714 1856 a
1752 1795 1930 1858 Patre
1976 1794 2101 1854 tale

548 1895 950 1972 praeceptum,
983 1890 1096 1953 sed
1124 1889 1323 1950 solum
1365 1895 1436 1950 ut
1465 1889 1846 1950 consentiret
1873 1905 2103 1968 praece-

548 1989 658 2065 pto
703 1983 1011 2062 imposito,
1055 1983 1202 2062 quia
1231 1981 1295 2043 in
1319 1983 1548 2062 reipsa
1581 1997 1834 2060 semper
1871 1997 2105 2061 praece-

547 2085 728 2158 ptum
760 2085 822 2138 et
863 2077 1133 2156 cognitio
1177 2077 1314 2156 ejus
1351 2077 1574 2138 saltem
1611 2075 1832 2140 ordine
1859 2081 2103 2138 naturae

545 2173 900 2234 antecessit.
949 2173 1230 2251 Denique
1261 2173 1392 2234 hoec
1437 2171 1664 2232 solutio
1695 2171 1898 2232 solum
1927 2171 2105 2251 ponit

543 2263 896 2327 libertatem
915 2265 980 2325 in
1003 2265 1140 2344 ipsa
1161 2263 1480 2326 voluntate
1503 2264 1600 2325 vel
1621 2265 1922 2344 petitione
1945 2279 2103 2344 proe·

543 2359 728 2438 cepti,
769 2375 900 2420 non
943 2357 1011 2418 in
1041 2358 1176 2437 ipsa
1227 2357 1627 2432 obedientia,
1677 2375 1841 2436 qum,
1897 2357 2101 2436 posito

541 2457 875 2532 precepto,
903 2467 1034 2514 non
1063 2451 1178 2513 erit
1203 2451 1266 2511 in
1297 2467 1366 2511 se
1397 2457 1460 2513 et
1477 2450 1824 2516 formaliter
1863 2450 2098 2526 libera3

541 2543 660 2605 nisi
689 2544 932 2607 dicutur
959 2544 1165 2624 ipsum
1189 2551 1570 2624 proeceptum
1596 2559 1844 2623 semper
1865 2542 2102 2624 depen-

543 2636 712 2700 disse
733 2653 772 2700 a
797 2637 1026 2698 Christi
1055 2637 1399 2713 voluntate,
1429 2637 1582 2716 quia
1605 2655 1858 2716 semper
1895 2636 2103 2698 aufer-

544 2736 742 2807 retur,
767 2731 820 2792 si
843 2730 1122 2792 Christus
1143 2729 1442 2792 voluisset
1463 2749 1480 2804 3
1505 2729 1674 2810 quod
1699 2737 1759 2793 et
1787 2729 1983 2810 gratis
2010 2729 2103 2790 di·-

545 2828 818 2899 ceretur,
863 2831 926 2884 et
975 2829 1200 2903 praeter
1229 2841 1303 2884 ea
1359 2839 1500 2903 quse
1530 2823 1807 2884 Christus
1849 2823 1985 2903 ipse
2032 2823 2101 2884 in

542 2916 882 2996 Evangelio
925 2914 1297 2996 significavit
1321 2961 1336 2990 ,
1373 2915 1714 2995 proesertim
1753 2918 1940 2978 Joan.
1976 2919 2095 2978 12:

549 3009 670 3084 Qui
697 3009 862 3074 misit
891 3027 984 3072 m
1019 3008 1232 3083 Pater,
1279 3011 1408 3090 ipso
1445 3011 1602 3072 mili
1625 3011 1977 3074 mandatum
2005 3011 2105 3074 de-

545 3103 638 3168 dit
659 3147 676 3177 ,
725 3103 874 3184 quid
917 3104 1113 3166 dicam
1157 3110 1214 3168 et
1243 3104 1390 3184 quid
1421 3103 1640 3184 loquar
1661 3147 1682 3178 ‚
1725 3108 1778 3165 et
1807 3105 1928 3166 seio
1958 3104 2103 3184 quia

545 3198 898 3260 mandatum
943 3197 1076 3276 ojus
1115 3197 1244 3261 vita
1291 3203 1518 3260 ceteram
1555 3203 1686 3266 est,·
1711 3213 1842 3276 quoe
1889 3215 1993 3278 eyo
2022 3197 2105 3259 lo-

547 3309 698 3373 qvor
719 3337 736 3366 ,
763 3290 926 3356 eim
953 3291 1116 3354 dizit
1149 3291 1302 3354 mihi
1327 3292 1554 3366 Pater,
1583 3293 1673 3353 sic
1703 3291 1933 3371 loquor.
1970 3291 2107 3352 Non

549 3403 702 3466 ergo
727 3385 982 3465 reliquit
1000 3387 1182 3448 Pater
1200 3385 1321 3448 boc
1342 3386 1712 3448 mandatum
1739 3384 2107 3463 dependens

547 3480 760 3561 quoad
787 3479 1238 3560 obligationem
1277 3480 1360 3541 ab
1407 3481 1686 3541 humana
1725 3479 1953 3542 Christi
2000 3497 2107 3540 vo-

546 3571 809 3635 luntate.
842 3572 1042 3645 Adde,
1067 3573 1120 3632 si
1148 3589 1294 3634 vere
1323 3572 1676 3653 loquamur,
1705 3573 1769 3634 id
1794 3578 1965 3636 esset
1984 3572 2107 3634 tol-

454 3711 470 3726 .
546 3665 678 3728 lere
709 3672 1120 3747 proeoeptum.
1153 3665 1352 3740 Quale
1387 3667 1554 3728 enim
1577 3672 1958 3747 praeceptum
1985 3671 2104 3741 est,

547 3760 718 3840 quod
747 3759 1022 3840 positum
1051 3766 1148 3820 est
1167 3759 1236 3819 in
1265 3758 1582 3822 voluntate
1615 3760 1752 3839 ejus
1779 3760 1882 3820 cui
1907 3760 2108 3840 impo-

547 3853 739 3928 nitur,
769 3859 841 3916 ut
869 3854 948 3916 sit
988 3852 1092 3914 vel
1138 3870 1266 3913 non
1309 3853 1409 3925 sit,
1461 3859 1524 3916 et
1549 3859 2012 3931 consequenter
2038 3858 2107 3915 ut

545 3947 799 4028 obliget,
817 3948 916 4010 vel
949 3953 1015 4010 ut
1040 3947 1338 4028 obligatio
1368 3947 1658 4010 tollatur?

627 4043 688 4103 7.
725 4042 1064 4106 Evasio.--
1077 4040 1953 4122 Consulatum—Respondent
1997 4043 2111 4103 nli-

545 4137 678 4216 qui‚
706 4135 788 4197 ad
817 4135 1246 4197 sustinendam
1287 4135 1852 4216 explicandamque
1879 4136 2108 4198 melius

545 4228 714 4289 hanc
741 4227 1137 4304 solutionem,
1169 4237 1550 4309 praeceptum
1583 4229 1782 4291 Patris
1809 4229 2107 4308 simpliei-

547 4325 646 4382 ter
665 4320 972 4400 obligasse
1003 4321 1336 4394 Christum,
1365 4327 1432 4383 et
1454 4339 1582 4384 non
1609 4321 1801 4384 fuisse
1827 4325 1892 4384 in
1917 4323 2107 4385 abso·-

543 4412 678 4476 luta
707 4413 840 4494 ejus
864 4415 1208 4482 voluntate.
1244 4413 1466 4478 tollere
1486 4415 1588 4478 vel
1614 4433 1854 4497 ponere
1873 4431 2104 4497 proece-

544 4515 767 4588 ptum;
799 4507 1202 4569 nihilominus
1237 4513 1448 4572 tamen
1505 4509 1700 4572 fuisse
1746 4527 2001 4590 semper
2026 4510 2103 4572 li-

543 4600 770 4664 berum
795 4600 1034 4664 Christo
1080 4600 1248 4663 illius
1301 4601 1830 4682 dispensationem
1859 4609 2099 4684 petere,

545 4712 738 4772 quam
765 4694 816 4756 si
839 4695 1138 4776 petiisset,
1162 4714 1277 4776 pro
1327 4715 1441 4758 sue
1459 4697 1814 4761 reverentia
1843 4685 2102 4760 ex'audi-

545 4798 648 4852 tus
667 4788 929 4862 fnisset;
963 4791 1111 4869 quia
1135 4807 1288 4871 ergo
1329 4791 1864 4871 dispensationem
1885 4797 2101 4871 petere

544 4881 748 4944 noluit
772 4900 850 4942 ex
897 4899 1014 4943 sua
1055 4882 1342 4946 libertate
1373 4884 1507 4946 sola
1537 4885 1678 4963 (nec
1707 4885 1877 4947 enim
1927 4883 2103 4945 aliud

542 4981 926 5058 praeceptum
967 4976 1188 5040 hebuit
1223 4994 1350 5040 non
1399 4977 1652 5058 petendi
1683 4977 2103 5060 dispensatio-

543 5069 742 5148 nem),
769 5068 908 5130 ideo
942 5069 1228 5132 absolute
1268 5071 1427 5133 liber
1451 5071 1568 5133 fuit
1611 5070 1696 5133 ad
1719 5077 2103 5153 praeceptum

547 5161 960 5242 implendum,
982 5164 1143 5226 sieut
1163 5163 1337 5227 Mati.
1361 5166 1442 5226 26
1467 5163 1622 5228 dixit
1640 5166 1774 5246 ipse
1795 5165 2095 5230 Christus:

549 5255 656 5319 An
687 5273 808 5318 nou
826 5273 1070 5334 possum
1107 5274 1327 5338 roqaro
1368 5259 1624 5323 Patrem
1649 5274 1866 5330 meum,
1888 5265 1943 5323 et
1976 5261 2107 5340 ipse

550 5349 844 5414 eoekibebit
861 5349 1016 5414 milti
1031 5350 1358 5433 plusquam
1373 5351 1674 5416 duodecim
1693 5352 1953 5432 bytom
1974 5351 2106 5417 An·

550 5439 868 5522 palm-nam?
907 5441 1010 5506 Sic
1037 5444 1207 5507 enim
1238 5442 1448 5508 dicere
1471 5445 1777 5529 potuisset
1805 5461 1822 5508 t
1853 5448 1949 5513 An
1976 5463 2107 5508 non

1739 293 1976 360 Qcffisr.
2010 291 2179 348 xvun.
2214 288 2418 346 sario.
2453 293 2536 348 ιν.
2586 285 2593 292 “

2181 411 2435 476 possum
2474 411 2699 476 rogare
2734 395 2982 456 Patrem
3010 409 3263 470 meum,
3296 401 3359 457 et
3402 397 3515 476 ipse
3540 399 3661 460 aute-

2180 494 2278 552 ret
2306 490 2725 552 mandatum?
2764 489 2890 552 Sed
2938 489 3071 552 haec
3119 489 3445 568 responsio
3482 488 3589 553 fers
3618 493 3663 556 in
3773 485 3779 528 ’Ξ

2182 583 2472 645 eamdem
2510 582 2695 646 redit.
2734 583 2807 644 Et
2848 587 3153 662 praeterea
3200 581 3549 643 universatis
3576 601 3661 644 non

2182 681 2310 751 est3
2340 693 2468 736 non
2498 675 2667 738 enim
2684 675 2875 737 habet
2896 675 3098 736 locum
3126 675 3191 736 in
3212 675 3524 755 praeceptis
3540 683 3665 737 natu·
3770 659 3778 716 Ᾰ

2179 769 2438 845 ralibuS‚
2466 769 2529 830 in
2552 787 2693 848 quae
2722 787 2847 829 non
2874 768 3045 830 eadit
3067 767 3468 849 dispensatio.
3496 769 3665 830 Deinde

2180 879 2307 924 non
2358 863 2660 943 procedit,
2696 862 2750 923 si
2802 877 3235 942 supponamus
3257 905 3275 931 ,
3306 860 3533 923 christo
3574 876 3667 920 esee

2178 960 2567 1036 praeceptum
2620 955 3001 1036 impositum,
3032 971 3111 1016 ea
3150 953 3355 1017 etiam
3390 953 3668 1016 conditione
3770 959 3779 1004 2?

2180 1054 2248 1111 ιιι
2289 1051 2455 1112 illius
2504 1049 3041 1130 dispensationem
3098 1065 3230 1108 non
3278 1052 3530 1128 peteret,
3552 1047 3669 1126 quud

2180 1141 2317 1204 fleri
2346 1144 2545 1223 potuit
2574 1161 2589 1217 ς
2622 1150 2813 1222 atque
2834 1143 2921 1203 ita
2950 1159 3077 1202 non
3124 1140 3407 1202 salvatur
3434 1183 3453 1215 ,
3484 1139 3669 1221 quodsi

2182 1249 2565 1318 praeceptum
2615 1241 2887 1316 ponetur
2932 1251 3077 1296 eum
3121 1233 3671 1297 omnibuscircum-
3777 1277 3778 1282 η

2184 1329 2447 1406 stentiis,
2482 1347 2609 1392 non
2638 1329 2881 1390 auferat
2904 1327 3290 1389 libertate-m.
3318 1326 3567 1390 Ulterius
3577 1325 3673 1404 jux·

2182 1429 2247 1485 tn
2306 1423 2477 1483 illam
2536 1423 3033 1502 responsionem,
3084 1421 3383 1484 voluntas
3438 1419 3675 1479 moriendi

2187 1533 2312 1576 non
2342 1525 2431 1576 est
2456 1515 2521 1577 in
2548 1535 2615 1578 se
2640 1516 2862 1589 libera,
2895 1515 3005 1577 sed
3034 1515 3101 1575 in
3134 1514 3264 1575 elia
3296 1509 3479 1592 priori
3517 1511 3673 1572 volun·

2183 1614 2313 1672 tate
2368 1627 2491 1671 non
2543 1607 2794 1691 petendi
2850 1607 3413 1689 dispensationem.
3468 1604 3675 1676 Deinde,

2182 1703 2352 1766 unde
2380 1709 2623 1765 constat
2651 1701 2844 1783 quod,
2879 1703 2932 1764 si
2984 1701 3273 1762 Christus
3321 1697 3573 1779 petiisset
3593 1697 3675 1757 dis-

2182 1797 2618 1876 pensationem
2653 1841 2676 1872 ,
2718 1795 3093 1857 obtinuisset
3168 1794 3349 1856 illam
3378 1795 3407 1852 ‘t
3444 1791 3597 1852 Dices
3634 1790 3677 1849 id

2184 1897 2473 1952 eonstnre
2502 1909 2580 1952 ex
2620 1889 2954 1952 concordia
2985 1889 3393 1950 voluntatum
3434 1885 3617 1946 Christi
3638 1893 3677 1946 et

2186 1985 2399 2047 Putris.
2416 1986 2498 2046 At
2516 1984 2662 2046 hinc
2674 1984 2883 2064 potius
2906 1983 3247 2064 colligitur,
3273 1997 3353 2042 ex
3383 1979 3677 2060 suppositio-

2185 2099 2267 2142 ne
2292 2079 2433 2140 tulis
2466 2079 2783 2160 praecepti,
2811 2083 2996 2157 prout
3016 2076 3393 2158 impositum
3422 2074 3543 2148 fuit,
3564 2071 3677 2133 Chri·
3776 2079 3779 2124 i

2183 2180 2345 2236 stum
2396 2189 2521 2233 non
2554 2171 2833 2252 potuisse
2892 2176 3109 2252 petere
3154 2167 3676 2249 dispensationem,

2186 2267 2467 2329 oratione
2496 2265 2769 2346 profecta
2800 2281 2874 2325 ex
2926 2263 3164 2326 efficaci
3210 2269 3282 2326 et
3324 2260 3583 2324 absoluta
3602 2276 3677 2318 ro·

2182 2362 2421 2423 luntate
2452 2359 2783 2420 obtinendi
2802 2358 3001 2425 illam.
3032 2358 3179 2437 quia
3212 2362 3481 2418 noverat
3498 2355 3677 2414 Patrem

2183 2454 2555 2534 imposuisse
2598 2459 2984 2532 praeceptum
3016 2469 3096 2513 ex
3122 2451 3455 2512 voluntate
3478 2445 3673 2513 efficaci.

2181 2554 2249 2609 ut
2280 2547 2729 2628 perduceretur
2756 2546 2838 2608 ad
2862 2547 3179 2620 effectum,
3192 2550 3265 2606 et
3282 2546 3677 2619 consequente-r

2184 2657 2327 2704 cum
2358 2639 2811 2703 deliberatione
2848 2657 2964 2700 seu
3004 2637 3265 2700 decreto
3300 2635 3571 2698 absoluto
3592 2649 3675 2693 non

2182 2733 2613 2815 dispensandi,
2638 2751 2758 2796 nec
2786 2731 3109 2794 auferendi
3138 2737 3677 2810 praeceptum30130
3776 2797 3778 2806 γ

2184 2827 2267 2889 ob
2332 2827 2733 2889 concordium
2788 2826 3185 2888 voluntatum
3248 2823 3465 2903 potius
3522 2819 3677 2881 debuit

2182 2921 2456 2982 Christus
2488 2926 2557 2982 ut
2593 2921 2784 2982 bomo
2814 2938 2943 2982 non
2994 2925 3211 2999 petere
3258 2917 3447 2979 talem
3490 2915 3677 2992 dispen-

2184 3015 2491 3078 sationem
2513 3060 2534 3091 ,
2578 3031 2769 3094 quam
2822 3013 3003 3077 Pater
3057 3013 3229 3076 illam
3280 3007 3677 3080 concedere,si

2184 3109 2459 3172 Christus
2504 3109 2675 3170 illam
2714 3108 3081 3188 postularet.
3123 3105 3243 3168 Vel
3288 3111 3483 3176 certe,
3508 3101 3572 3173 si,
3592 3115 3679 3160 non

2184 3201 2475 3264 obstante
2522 3207 2835 3282 praecepto
2884 3219 2961 3262 ex
3010 3199 3123 3262 tali
3176 3199 3385 3261 Patris
3426 3195 3681 3258 voluntati·-

2186 3295 2487 3376 prot'ectO,
2512 3295 2717 3375 potuit
2756 3295 3035 3358 Christus
3062 3292 3581 3373 dispensationem
3608 3303 3681 3366 pe

2189 3395 2319 3450 tere
2347 3388 2625 3468 potentia
2658 3387 2953 3468 quedam,
2992 3403 3133 3466 quae
3180 3401 3509 3465 nunquam
3528 3379 3681 3442 fuitin

2188 3486 2395 3542 actum
2452 3480 2813 3543 reducenda
2854 3482 2927 3542 in·
2982 3495 3172 3541 sensu
3232 3477 3598 3558 composito,
3622 3472 3680 3531 itt

2188 3574 2399 3648 etiam,
2446 3591 2573 3634 non
2620 3574 2909 3636 obstante
2966 3573 3073 3634 illo
3140 3575 3493 3653 praeopto,
3538 3563 3681 3646 potuit

2186 3666 2465 3730 Christus
2488 3685 2617 3728 non
2637 3667 2869 3730 habere
2892 3667 3069 3729 illum
3094 3673 3310 3730 actum
3338 3665 3678 3747 proeceptm·

2188 3760 2274 3822 ita
2298 3767 2511 3822 tamen
2536 3765 2607 3822 nt
2631 3761 2955 3824 infallibile
2980 3767 3170 3830 esset,
3198 3759 3373 3822 illa-m
3402 3754 3681 3840 potentiam

2190 3871 2319 3916 non
2370 3854 2559 3916 fuisse
2589 3856 2655 3917 in
2688 3862 2894 3919 actum
2950 3853 3408 3926 reducendum,
3430 3851 3577 3914 facta
3606 3845 3679 3908 illa

2191 3949 2615 4029 suppositione
2638 3967 2653 4022 ;
2686 3950 2811 4026 vel,
2828 3949 2880 4011 si
2899 3947 3035 4011 hoec
3060 3953 3345 4029 potestas
3366 3963 3491 4008 non
3510 3947 3681 4004 estve-

2190 4062 2259 4104 ra
2286 4049 2583 4124 potestas,
2612 4043 2776 4106 facta
2810 4043 2918 4105 illa
2948 4042 3408 4125 suppositione,
3434 4051 3611 4117 neque
3630 4029 3678 4093 il-

2188 4136 2251 4198 la
2294 4137 2448 4212 erit;
2482 4143 2543 4200 et
2574 4138 2661 4199 ita
2712 4137 2939 4201 eadem
2970 4143 3187 4199 menet
3226 4137 3295 4197 in
3338 4141 3583 4209 utraque
3602 4123 3681 4187 ‹iii-

2186 4229 2453 4292 ficultas.
2486 4229 2598 4292 Illa
2652 4248 2805 4312 ergo
2852 4230 3177 4312 responsio
3222 4244 3433 4307 neque
3486 4225 3541 4286 in
3586 4217 3679 4280 uni·

2185 4341 2439 4386 versum
2468 4324 2535 4385 in
2566 4325 2736 4386 omni
2765 4329 3079 4405 proecepto
3110 4321 3211 4384 vel
3244 4339 3399 4384 casu
3435 4310 3677 4399 possibili,

2184 4435 2395 4498 neque
2424 4418 2612 4481 etiam
2636 4417 2717 4480 de
2742 4419 2909 4481 facto
2932 4415 3251 4482 satisfacit.

2262 4513 2322 4573 8.
2368 4511 2701 4592 Rupmasio
2736 4517 2961 4594 quarta
2980 4556 3001 4589 ‚
3036 4527 3261 4594 ponens
3306 4509 3609 4573 mentuunt
3634 4499 3677 4559 iu

2182 4607 2691 4671 oirmaetantiis.
2720 4637 2805 4654 -
2838 4603 3120 4686 objectio.
3156 4635 3241 4652 -·
3276 4597 3595 4685 Responsio.
3624 4623 3676 4638 -

2181 4697 2619 4778 Respondetur
2676 4715 2829 4780 ergo
2890 4704 3115 4780 quarto
3148 4744 3165 4772 ,
3230 4694 3578 4778 generaliter
3612 4686 3674 4747 1⁰-

2182 4791 2435 4875 quendo
2450 4835 2471 4868 ,
2522 4792 2601 4854 de
2643 4793 2978 4874 praeceptis
3028 4792 3257 4871 quibus
3312 4785 3555 4868 obligari
3598 4797 3675 4861 po-

2180 4887 2299 4950 tuit
2327 4885 2617 4947 voluntas
2648 4883 2897 4963 Christi,
2940 4903 3039 4962 ea,
3081 4903 3221 4966 quse
3249 4882 3525 4965 negativa
3548 4877 3672 4942 suni,

2182 4997 2311 5042 non
2366 4973 2595 5040 inferre
2650 4981 3091 5042 necessitatem
3144 4977 3443 5042 voluntati
3485 4971 3554 5034 ad
3594 4963 3673 5027 ali·

2183 5090 2372 5154 quem
2420 5080 2631 5135 actum
2667 5072 3043 5136 eliciendum
3066 5117 3085 5148 ,
3132 5073 3283 5150 quin
3326 5069 3405 5132 sd
3444 5067 3671 5129 observa·

2181 5166 2421 5229 tionem
2472 5167 2765 5248 pmcepti
2808 5166 3084 5248 negativi
3140 5165 3351 5228 nunus
3402 5167 3555 5224 actus
3593 5169 3671 5214 ne·

2185 5259 2495 5324 cassarius
2532 5267 2655 5336 est,
2706 5259 2819 5323 sed
2854 5261 3065 5341 potius
3102 5259 3381 5322 carentia
3414 5259 3582 5318 actus.
3618 5243 3669 5305 Εἰ

2186 5354 2335 5416 lieet
2364 5353 2763 5416 admittamus
2802 5355 3110 5417 Christum
3148 5353 3439 5416 habuisse
3460 5337 3669 5408 necessi-

2190 5453 2383 5516 tatem
2416 5447 2667 5512 carendi
2700 5455 2841 5511 actu
2858 5445 3047 5517 malo,
3062 5445 3303 5512 nullum
3325 5440 3665 5509 essetincom·
