3892 6167
1353 341 1672 399 niseum.
1707 342 1882 397 xxxi.
1917 342 2090 399 8801.
2123 344 2205 396 Vl.
3248 345 3363 408 ΗΒ

135 444 344 505 sibile.
375 444 454 507 Et
493 445 686 518 ratio,
723 457 928 524 qnam
953 439 1228 517 adducit,
1259 440 1344 503 ad
1369 442 1493 505 hoc
1535 442 1728 506 etiam
1809 460 1961 523 qua,
1992 460 2187 523 quam
2208 443 2397 517 Deus,
2420 448 2491 507 ut
2519 445 2724 523 prima
2740 450 2805 509 et
2825 449 3197 515 universalis
3222 468 3367 515 cau·

131 537 368 609 tendit,
390 536 658 611 seilicet,
678 538 830 617 quia
850 536 1058 597 divina
1085 535 1544 615 omnipotentia
1571 535 1726 597 nulli
1805 555 1878 599 sa
1907 538 1972 599 in
2016 537 2187 599 omni
2228 536 2475 613 ordine,
2522 536 2749 601 dicitur
2794 538 3153 621 imprimere
3194 543 3367 607 omni

129 637 452 691 creaturas
477 630 936 693 communicari
959 634 1196 709 potest;
1216 628 1298 691 de
1324 646 1448 708 qua
1477 629 1722 691 ratione

123 742 262 785 non
287 730 392 785 est
412 723 522 787 hic
545 724 800 787 dicendi
825 724 1036 795 locus;
1061 740 1316 784 sensum
1340 728 1552 785 tamen
1581 722 1720 801 ejus

125 834 274 879 esse
303 818 606 880 existimo
623 862 642 892 ‚
671 836 782 893 ea,
809 836 954 898 quae
981 822 1128 879 sunt
1155 816 1406 897 propria
1439 816 1719 897 omnipo-

125 912 354 973 tentiae
383 911 526 987 Dei,
575 918 892 993 qnatenus
921 910 1182 972 infinita!
1227 910 1470 972 virtutis
1509 917 1628 981 est,
1657 914 1722 971 et

131 1022 336 1084 snpra
367 1010 582 1067 totum
605 1006 894 1067 ordinem
921 1010 1160 1065 naturae
1191 1010 1416 1067 creatae
1435 1048 1454 1075 ‚
1483 1010 1614 1065 tiam
1649 1004 1720 1064 in

133 1118 254 1159 suo
277 1116 454 1177 esse,
481 1116 680 1179 qnam
701 1100 770 1160 in
801 1118 916 1161 sua
939 1098 1192 1171 virtute,
1219 1096 1497 1159 dominio
1523 1103 1585 1160 et
1611 1116 1723 1178 po-

129 1198 394 1269 taetate,
419 1211 554 1255 non
578 1212 770 1275 posse
795 1193 1246 1255 communicari
1275 1197 1609 1268 creaturae,
1635 1192 1722 1253 ita

129 1294 206 1347 nt
231 1306 318 1348 ex
345 1288 418 1347 vi
434 1304 574 1349 sues
615 1292 860 1350 naturai
891 1288 972 1349 sit
997 1286 1278 1349 effectrix
1307 1286 1523 1347 talium
1567 1303 1720 1364 ope-

129 1398 306 1457 rum,
333 1380 476 1443 sive
499 1380 928 1461 principaliter
963 1380 1096 1442 sive
1131 1379 1712 1443 instrumentaliter.

219 1476 324 1537 15.
375 1474 582 1535 Aliam
593 1492 748 1537 vero
773 1474 964 1555 hujus
981 1473 1074 1535 rei
1093 1490 1376 1547 causam,
1397 1490 1540 1552 quae
1557 1472 1716 1535 mihi

129 1566 330 1629 valde
362 1584 619 1649 semper
663 1568 992 1648 probatur,
1026 1585 1220 1647 snpra
1245 1585 1364 1647 ego
1413 1566 1596 1629 attuli
1637 1584 1716 1629 ex

131 1660 438 1723 doctrina
463 1661 754 1741 ejusdem
779 1663 856 1725 D.
883 1662 1142 1723 Thomoe
1191 1661 1258 1723 in
1286 1662 1318 1724 l
1351 1679 1444 1741 μ,
1497 1678 1560 1740 q.
1601 1662 1706 1737 45,

135 1761 264 1817 art.
295 1757 364 1831 5,
395 1754 654 1829 scilicet,
677 1755 827 1835 quia
857 1756 996 1817 haec
1021 1756 1223 1817 virtus
1275 1774 1388 1817 seu
1443 1754 1711 1835 qualitas

133 1856 350 1911 creata
386 1866 520 1911 non
561 1856 768 1929 petest
794 1849 1030 1911 habere
1077 1849 1388 1911 actionem
1429 1849 1708 1928 aliquam

135 1943 472 2022 propriam
501 1948 565 2005 et
603 1948 1178 2005 commensuratam
1205 1958 1336 2003 euae
1387 1941 1598 2004 virtuti
1643 1942 1710 2003 in

137 2036 368 2097 ordine
383 2036 471 2098 ad
499 2037 616 2098 hos
637 2036 932 2110 effeetus3
965 2036 1210 2099 nullum
1241 2039 1458 2099 autem
1485 2036 1711 2099 instru-

137 2136 456 2206 mentum,
486 2130 658 2210 quod
687 2148 771 2193 ex
799 2136 1031 2191 natura
1075 2146 1191 2191 sua
1235 2130 1585 2191 institutum
1617 2135 1712 2191 est

137 2228 202 2285 et
251 2224 624 2286 ordinatum
667 2224 748 2285 ad
775 2223 1055 2304 aliquem
1084 2223 1378 2287 effectum
1425 2224 1713 2304 superio-

139 2334 298 2393 rem,
321 2316 646 2379 concurrit
669 2317 754 2378 ad
793 2316 1000 2392 illum,
1050 2315 1170 2379 nisi
1211 2316 1426 2398 aliqua
1478 2316 1712 2395 proevia

147 2411 262 2472 sibi
287 2411 764 2473 accommodata
799 2417 862 2473 et
881 2410 1136 2491 propria
1167 2410 1437 2484 actione,
1471 2415 1535 2473 et
1581 2428 1712 2473 non

155 2504 494 2566 excedente
515 2505 838 2585 propriam
863 2504 1316 2586 perfectionem
1348 2524 1367 2579 3
1401 2510 1466 2567 et
1501 2504 1714 2585 quoad

156 2598 270 2659 hoc
297 2616 526 2659 revera
579 2604 676 2659 est
721 2596 1248 2661 demonstrativus
1294 2596 1610 2659 discursus
1633 2600 1708 2661 D.

149 2693 396 2753 'rhome
443 2691 512 2752 in
541 2690 650 2752 illo
687 2690 976 2765 articulo,
1014 2698 1086 2753 ut
1131 2692 1360 2753 iterum
1407 2692 1714 2771 attingam

147 2788 288 2847 sect.
309 2802 448 2865 seq.
465 2784 780 2865 Explicari
808 2792 1024 2847 antem
1043 2786 1313 2868 amplius
1328 2792 1538 2866 potest
1549 2792 1712 2847 utra-

149 2896 266 2957 que
315 2896 398 2939 ex
443 2877 548 2939 his
589 2876 974 2954 rationibus,
1025 2879 1176 2956 quia
1221 2879 1712 2941 instrumentum

147 2972 558 3033 connaturale
587 2988 840 3051 semper
863 2970 1014 3033 dicit
1039 2971 1476 3035 habitudinem
1491 2972 1574 3035 ad
1601 2972 1713 3035 ali-

147 3064 308 3143 quod
327 3080 538 3144 agens
578 3062 1154 3145 principale‚}quod
1180 3082 1310 3126 non
1338 3064 1546 3129 solum
1571 3082 1714 3145 pos-

148 3160 218 3219 sit
243 3176 443 3237 agere
467 3156 682 3219 medio
717 3155 820 3219 tali
864 3156 1306 3234 instrumente,
1363 3158 1477 3221 sed
1521 3159 1712 3221 etiam

145 3253 238 3313 vel
261 3252 370 3313 illo
395 3250 688 3330 indigeat
709 3249 792 3313 ad
818 3250 1011 3313 talem
1037 3250 1356 3327 effectum,
1409 3250 1510 3314 vel
1541 3258 1710 3313 certe

147 3346 338 3425 magis
363 3350 838 3407 consentaneus
864 3344 944 3407 sit
969 3344 1212 3407 naturis
1234 3362 1478 3421 rerum,
1508 3344 1606 3407 vel
1633 3364 1712 3407 cx

147 3446 316 3518 parte
345 3436 629 3518 agentiS,
658 3436 758 3498 vel
787 3454 865 3499 ex
887 3442 1063 3516 parte
1089 3436 1377 3513 effectus,
1407 3443 1479 3500 ut
1497 3438 1715 3499 induc·

149 3533 305 3595 tione
325 3529 588 3593 ostendi
615 3534 852 3610 potest,
883 3534 946 3593 et
970 3547 1086 3610 per
1110 3547 1180 3593 se
1221 3548 1290 3591 se
1319 3534 1416 3593 est
1439 3532 1713 3593 maxime

155 3633 644 3688 consentaneum
671 3624 1046 3705 rehusipsis.
1071 3624 1202 3687 Hoc
1231 3632 1444 3689 autem
1469 3626 1531 3687 in
1558 3645 1713 3707 prze-

164 3722 308 3781 senti
327 3720 448 3782 dici
475 3738 610 3781 non
651 3725 880 3801 potest,
911 3719 1059 3799 quia
1086 3720 1322 3798 gratiae,
1351 3720 1526 3783 verbi
1574 3740 1713 3801 gra-

167 3814 260 3885 tia,
284 3815 558 3877 maxime
586 3812 1000 3875 connaturale
1029 3820 1125 3876 est
1151 3812 1288 3875 fieri
1317 3833 1352 3875 a
1389 3814 1526 3875 solo
1551 3814 1707 3890 De0,

157 3909 310 3969 nullo
334 3910 766 3971 instrumento
791 3907 1046 3984 medi03
1073 3914 1136 3971 et
1166 3908 1300 3969 Deo
1323 3907 1438 3987 ipsi
1470 3907 1592 3970 hoc
1615 3915 1710 3970 est

153 4001 414 4063 maxime
437 4002 768 4083 proprium
797 4007 862 4063 et
879 4000 1319 4077 connaturale,
1350 4018 1560 4079 neque
1583 4002 1709 4064 ullo

149 4095 566 4159 instrumento
609 4094 890 4175 indigen
941 4092 1119 4157 nulla
1161 4112 1316 4173 ergo
1367 4096 1710 4173 excogitari

147 4196 339 4268 potest
364 4188 666 4268 qualitas,
693 4206 834 4267 quoe
862 4194 1090 4251 natura
1119 4206 1230 4249 sua
1274 4188 1571 4267 postulet,
1604 4190 1711 4250 ha-

145 4282 284 4344 here
329 4281 706 4361 hujusmodi
743 4282 1038 4344 effectum
1081 4280 1186 4343 vel
1242 4282 1554 4343 actionem
1595 4301 1712 4361 per

141 4376 396 4436 modum
439 4374 972 4437 instrumentarius
991 4374 1236 4437 virtutis
1259 4376 1706 4439 connaturalis,

215 4472 318 4531 16.
358 4469 547 4541 Quod
579 4468 634 4529 si
660 4468 930 4548 qualitas
955 4468 1198 4529 infundi
1221 4486 1351 4530 non
1375 4469 1574 4548 potuit
1595 4470 1714 4531 hu·

141 4560 428 4624 manitati
451 4561 701 4636 christi,
729 4580 870 4641 quae
896 4560 1004 4642 huj
1015 4562 1579 4625 usmodiwirtutem
1602 4563 1716 4626 ha·

137 4658 332 4733 beret,
367 4656 766 4719 convincitur
779 4657 1020 4719 nullam
1043 4676 1185 4719 esse
1211 4656 1570 4738 ponendam
1593 4658 1714 4719 hu·-

131 4750 409 4829 jusmodi
443 4751 840 4830 qualitatem,
872 4750 1046 4831 quia,
1105 4751 1156 4812 si
1199 4760 1427 4813 natura
1473 4770 1586 4814 sua
1630 4752 1710 4814 sit

134 4844 704 4925 improportionem
737 4843 818 4906 ad
850 4845 1039 4907 talem
1059 4844 1397 4918 actionem,
1423 4844 1705 4925 imperti-

136 4956 290 5001 nens
311 4946 416 5001 est
441 4937 530 4999 ad
571 4939 880 5001 rationem
935 4938 1358 5014 instrumenti,
1391 4956 1537 5000 cnm
1565 4936 1706 5000 nul-

137 5032 254 5095 lam
282 5033 592 5095 virtutem
616 5032 846 5109 agendi
878 5030 964 5111 illi
1003 5032 1195 5112 possit
1224 5032 1530 5094 conferre.
1583 5030 1706 5093 Ad·

141 5126 214 5187 do
235 5126 523 5206 denique
551 5143 914 5187 sermonem
933 5144 1073 5187 esse
1097 5125 1179 5187 de
1217 5124 1544 5203 qualitate,
1567 5130 1706 5205 qu‘ae

141 5222 212 5282 sit
248 5219 456 5283 virtus
508 5220 1020 5281 instrumentaria
1061 5236 1177 5299 per
1221 5218 1481 5281 modum
1533 5225 1710 5281 actus

139 5316 312 5393 primi
334 5313 680 5377 necessarii
715 5331 792 5375 ex
818 5319 996 5393 parte
1025 5312 1222 5393 ipsius
1263 5312 1702 5388 instrumenti3

145 5409 302 5485 quod
329 5408 500 5483 dice,
527 5413 597 5468 ut
622 5406 974 5467 abstineam
1005 5407 1086 5469 ab
1113 5406 1236 5469 alia
1262 5406 1610 5485 quaestione
1643 5412 1708 5469 et

1803 648 2009 693 eausae
2036 630 2351 707 secundae,
2382 636 2510 691 tam
2547 630 2874 711 principali
2914 654 3107 715 quam
3136 638 3368 701 instru-

1801 722 2085 797 mentali‚
2112 722 2199 785 ad
2214 722 2533 802 agendum
2576 728 2639 785 et
2666 729 3171 793 concurrendum
3216 746 3367 808 cunt

1799 816 1904 879 illa
1939 836 1955 888 ς
1990 834 2139 879 nam
2170 816 2361 877 etiam
2390 816 2443 877 si
2482 815 2707 880 demus
2732 819 3049 885 licentiam
3081 821 3367 903 fingendi

1799 910 1967 971 hanc
2012 910 2379 989 qualitatem
2418 912 2539 987 (est
2594 911 2759 975 enim
2798 932 3015 978 revera
3072 916 3363 990 conficta,

1803 1008 1872 1063 ut
1899 1002 1963 1063 in
1986 1002 2515 1083 disputationibus
2538 1006 2991 1087 metaphysicis
3035 1010 3228 1072 latius
3262 1028 3365 1073 os-

1801 1095 2047 1174 tendo),
2078 1095 2161 1155 ad
2208 1105 2585 1174 praesentem
2614 1101 3027 1177 questionem
3076 1102 3233 1165 nihil
3268 1120 3367 1165 re-

1801 1191 1946 1264 fert,
1978 1189 2127 1270 quia
2146 1190 2253 1251 illa
2274 1190 2543 1269 qualitas
2568 1191 2667 1255 vel
2692 1194 2942 1272 entitas,
2972 1213 3363 1277 quoecunque

1801 1282 1906 1345 illa
1935 1284 2041 1359 sit,
2066 1302 2198 1347 non
2214 1284 2395 1363 ponit
2420 1284 2483 1347 in
2510 1304 2705 1349 causa
2732 1289 3007 1352 secunda
3034 1291 3367 1371 principali

1800 1377 1900 1439 vel
1929 1376 2395 1441 instrumentali
2417 1384 2642 1441 actum'
2651 1382 2925 1459 primum
2946 1402 3073 1462 quo
3094 1384 3199 1445 illa
3214 1402 3366 1463 ope-

1795 1476 2013 1533 ratura
2038 1476 2155 1546 est,
2184 1470 2297 1535 sed
2330 1474 2627 1551 supponit
2654 1473 2855 1553 illum,
2884 1477 3249 1557 praebetque
3272 1478 3363 1539 illi

1793 1564 2139 1627 motionem
2168 1564 2267 1627 vel
2298 1582 2671 1629 concursum
2695 1586 2775 1629 ex
2794 1574 2976 1648 parte
2998 1588 3205 1631 causae
3235 1570 3363 1651 pri·

1793 1675 1911 1719 mae
1937 1657 2387 1733 necessarium,
2422 1665 2493 1720 ut
2519 1678 2709 1721 causa
2739 1660 3015 1725 secunda
3054 1669 3205 1743 agat
3222 1680 3241 1740 ;
3280 1663 3365 1724 ad

1791 1751 1961 1813 hunc
1991 1752 2163 1813 enim
2192 1751 2383 1814 finem
2413 1754 2668 1833 ponitur
2702 1752 2813 1817 illa.
2849 1757 3121 1835 qualitas
3148 1757 3231 1819 ab
3264 1756 3363 1819 his

1791 1844 2174 1920 auctoribus,
2206 1864 2243 1907 a
2272 1844 2502 1923 quibus
2547 1849 2897 1928 excogitata
2926 1856 3062 1927 est3
3100 1859 3163 1913 et
3215 1850 3363 1913 ideo

1791 1956 1921 2001 non
1952 1940 2157 2001 solum
2186 1940 2249 2000 in
2278 1940 2575 2019 operibus
2600 1942 2821 2019 gratiae
2854 1949 2917 2005 et
2944 1944 3359 2019 miraculosiS,

1793 2032 1908 2095 sed
1928 2033 2117 2095 etiam
2156 2032 2220 2095 in
2252 2034 2551 2113 operibus
2578 2041 2849 2111 naturae,
2870 2037 3043 2099 illam
3070 2056 3362 2101 necessa-

1792 2126 1953 2190 riam
1982 2144 2121 2189 esse
2164 2126 2565 2201 existiman
2621 2146 2743 2191 nec
2796 2129 2999 2191 solum
3042 2131 3104 2191 in
3154 2133 3363 2195 causis

1791 2220 2401 2298 instrumentalibuS,
2432 2221 2543 2283 sed
2574 2221 2765 2284 etiam
2792 2222 2853 2283 iu
2880 2223 3359 2305 principalibus,

1793 2314 2199 2394 quantumvis
2227 2332 2341 2394 per
2367 2314 2655 2395 proprias
2702 2314 2941 2379 formas
2988 2324 3051 2379 et
3092 2318 3355 2381 virtutes

1793 2406 2011 2469 sintin
2036 2412 2183 2471 actu
2216 2408 2419 2487 primo
2472 2408 2659 2489 plene
2694 2428 2769 2471 ac
2814 2410 3091 2489 perfecte
3132 2410 3199 2473 in
3244 2430 3361 2473 suo

1795 2500 2014 2561 ordine
2044 2500 2394 2563 constitutae
2422 2520 2437 2574 ;
2474 2502 2669 2581 quod,
2687 2520 2876 2581 quam
2892 2504 3219 2566 sitabsurd
3230 2522 3357 2581 um,

1794 2602 1858 2657 et
1885 2614 1965 2657 ex
1989 2592 2145 2657 falsa
2178 2594 2593 2674 intelligentia
2620 2596 2813 2658 divini
2845 2614 3187 2663 concursus
3216 2617 3362 2679 pro-

1793 2687 2051 2762 fectum,
2082 2688 2377 2768 praedicto
2404 2689 2568 2764 loco,
2604 2695 2666 2753 et
2694 2690 2753 2751 in
2793 2693 2823 2755 1
2857 2710 2949 2770 p.‚
2980 2691 3105 2755 late
3148 2699 3362 2757 osteu-

1793 2800 1933 2843 sum
1986 2786 2101 2843 est.
2134 2784 2313 2843 Nunc
2346 2789 2557 2844 autem
2600 2782 2926 2863 (quidquid
2972 2784 3051 2847 de
3095 2787 3215 2849 hoc
3261 2785 3359 2868 sit)

1793 2875 1999 2937 solum
2012 2875 2403 2939 excludimus
2421 2877 2787 2955 qualitatem
2814 2896 2927 2957 per
2949 2878 3360 2957 quamChri's-

1793 2970 1836 3031 ti
1864 2968 2227 3031 hnmanitas
2262 2969 2328 3030 in
2382 2969 2627 3033 ratione
2674 2969 3076 3035 instrumenti
3128 2973 3360 3035 consti·

1789 3067 2005 3124 tuetur
2038 3062 2101 3123 in
2122 3068 2269 3125 actu
2296 3063 2524 3142 primo,
2566 3062 2668 3125 cui
2694 3062 2941 3125 dandus
2984 3066 3065 3127 sit
3102 3065 3358 3129 divinus

1791 3174 2159 3232 concursuS,
2200 3156 2659 3236 qualiscunque
2698 3157 2802 3219 ille
2854 3157 2976 3231 sit;
3012 3164 3075 3221 et
3128 3159 3191 3220 in
3238 3160 3359 3221 hac

1793 3250 2091 3329 qualitate
2120 3248 2435 3328 neganda,
2459 3250 2783 3314 nobiscum
2796 3252 3197 3313 consentiunt
3206 3270 3359 3331 prae·

1793 3342 1940 3405 dicti
1964 3349 2281 3419 auctores,
2312 3345 2599 3422 quamvis
2622 3344 2887 3407 tortasse
2906 3346 2971 3406 in
2986 3344 3361 3409 fundamen·

1793 3443 1881 3510 to,
1913 3443 1977 3500 et
2004 3436 2247 3500 ratione
2274 3436 2647 3499 excludendi
2678 3438 2873 3517 illam,
2901 3457 3031 3500 non
3086 3458 3355 3503 consen-

1794 3530 1975 3593 tiant.

1879 3626 1979 3685 17.
2022 3622 2235 3689 Virtus
2260 3622 2799 3689 instrumentorum
2822 3624 2939 3689 Dei
2956 3644 3075 3689 non
3102 3634 3191 3693 est
3204 3628 3360 3709 play·

1793 3714 1957 3781 aiom
1975 3722 2175 3781 motus
2197 3716 2330 3779 iuis
2350 3715 2967 3781 inditum—Tertium
2981 3719 3359 3799 principium

1793 3816 1911 3885 est,
1941 3810 2155 3872 divina
2180 3811 2599 3873 iustrumenta
2628 3811 2979 3875 formaliter
3004 3823 3067 3877 ct
3107 3814 3358 3895 proprie

1789 3922 1919 3968 non
1950 3905 2241 3967 constitui
2266 3904 2329 3965 in
2360 3910 2505 3967 actu
2534 3906 2739 3985 primo
2772 3906 2855 3969 ad
2906 3906 3223 3987 agendum
3262 3908 3361 3969 in·

1793 3999 2287 4061 strumentaliter
2304 4016 2416 4078 per
2434 4003 2679 4059 motum
2704 3998 2979 4078 aliquem
2998 4001 3359 4081 physicum,

1791 4091 1910 4173 ipsi
1950 4092 2369 4158 instrumento
2406 4090 2905 4171 superadditum.
2952 4092 3182 4155 Dicunt·
3220 4095 3363 4173 qui-

1791 4188 1940 4249 dem
1974 4185 2165 4265 aliqui
2204 4204 2283 4247 ex
2319 4185 2681 4247 auctoribus
2728 4187 3055 4249 contraria?
3108 4192 3361 4251 senten·

1791 4280 1893 4343 tiae
1911 4326 1931 4357 ,
1984 4278 2359 4360 regulariter
2412 4279 2731 4359 loquendo
2756 4324 2773 4354 ‚
2828 4299 2958 4343 non
3012 4280 3103 4343 nti
3160 4283 3359 4345 Deum

1791 4374 2015 4438 Christi
2044 4373 2457 4451 humanitate,
2494 4380 2602 4436 aut
2630 4374 2753 4435 alia
2782 4382 3097 4449 creatura,
3137 4376 3223 4437 ad
3250 4395 3357 4439 su·-

1791 4466 2221 4548 pernaturalia
2248 4484 2467 4547 opera,
2498 4466 2619 4529 nisi
2646 4467 2881 4547 praevio
2910 4468 3125 4547 aliquo
3156 4475 3359 4541 motu,

1794 4554 1896 4623 hel
1943 4560 2313 4643 operatione
2368 4564 2695 4637 creaturae,
2728 4560 2859 4623 sive
2888 4560 2993 4623 ille
3044 4563 3123 4625 sit
3153 4568 3361 4625 motus

1793 4656 2021 4735 aliquis
2066 4654 2308 4725 localis,
2353 4654 2485 4715 sive
2536 4658 2885 4729 contactuS,
2916 4654 3049 4717 sive
3100 4655 3360 4732 locuti0‚

1791 4748 1923 4811 sive
1958 4748 2171 4827 aliqua
2210 4746 2493 4826 operatio
2522 4745 2896 4821 immanem,
2921 4747 3103 4827 juxta
3128 4748 3361 4813 doctri·

1787 4861 1938 4904 nam
1966 4841 2314 4905 D.Thomae
2339 4840 2525 4917 infra,
2538 4858 2602 4921 q.
2620 4842 2725 4918 62,
2747 4845 2864 4903 ert.
2890 4846 2946 4917 l,
2966 4848 3029 4905 et
3046 4844 3109 4915 4,
3128 4848 3267 4909 ete.
3295 4846 3359 4918 2,

1789 4954 1853 5016 q.
1877 4938 2018 5011 178,
2048 4954 2107 4997 a.
2130 4935 2365 5011 1,ad1,
2386 4954 2576 5014 quem
2598 4935 2662 4997 in
2692 4952 2769 4997 eo
2797 4953 3013 5011 sensu,
3030 4953 3219 5015 quem
3244 4936 3364 5017 ipsi

1791 5029 1981 5093 etiam
2010 5028 2311 5103 indicant,
2336 5027 2521 5091 facile
2565 5026 2991 5103 admittimus;
3024 5048 3151 5091 non
3190 5030 3361 5093 enim

1789 5129 2015 5204 putant
2061 5124 2232 5185 hunc
2282 5127 2521 5184 motum
2566 5120 2765 5201 ipsius
2792 5121 3188 5185 instrumenti
3220 5141 3361 5187 csse

1791 5218 2158 5298 simpliciter
2204 5213 2633 5277 necessarium
2685 5219 2756 5276 ut
2804 5214 2887 5277 ad
2927 5215 3255 5295 physicam
3300 5222 3365 5277 et

1790 5312 2338 5392 supernaturalem
2396 5308 2792 5371 efficientiam
2866 5307 3179 5381 elevetur3
3245 5308 3368 5369 hoc

1789 5407 1959 5467 enim
2002 5404 2191 5485 plane
2238 5402 2617 5465 convincunt
2669 5420 2810 5480 quae
2857 5400 2921 5461 in
2970 5400 3365 5479 praecedente

148 5501 436 5581 opinione
487 5516 657 5563 nove
685 5498 965 5579 inventa,
1021 5498 1102 5563 de
1140 5499 1440 5579 qualitate
1485 5498 1704 5564 nescio
1785 5499 2065 5565 sectione
2092 5502 2311 5565 contra
2329 5494 2677 5558 secundam
2704 5492 3083 5557 sententiam
3116 5510 3155 5555 a
3184 5491 3368 5555 nobis

467 5619 589 5667 XVI]
595 5622 640 5668 1·

3010 5594 3051 5656 8

3694 6093 3815 6105 ⁴
