3892 6167
1296 328 1622 385 uiscu'ru.
1648 326 1772 383 Lm.
1807 328 1978 385 SEGT.
2013 332 2076 387 ΙΙ.
3146 334 3266 395 573

182 446 235 503 2.
272 438 351 497 Ex
396 434 515 495 hoc
552 430 859 511 principio
904 428 1189 509 sequitur
1235 428 1405 491 aliud
1438 429 1629 501 etiam

124 536 181 599 de
207 531 309 591 tide
337 534 599 601 certum,
630 525 865 587 scilicet
898 525 1067 585 hunc
1099 524 1419 585 hominem
1460 523 1629 583 Chri·

124 634 251 689 stum
280 639 397 682 una
440 625 501 681 et
544 618 767 679 eadem
812 617 1180 679 adoratione
1238 617 1433 679 latriae
1478 616 1627 677 ado-

124 720 350 795 rariqua
374 711 675 773 adoratur
722 711 907 771 Deus.
962 711 1173 772 Potest
1222 716 1435 771 autem
1491 710 1627 771 haee

126 809 339 875 assertio
366 804 679 885 duplicem
712 804 947 867 habere
978 820 1265 869 sensum:
1302 804 1471 883 prior
1508 808 1625 877 est,

126 909 248 967 hanc
269 916 447 961 uuam
492 896 931 961 adorationem
958 914 1073 977 per
1112 897 1630 959 communicatio-

126 1014 232 1059 nem
268 992 479 1055 saltem
497 989 871 1053 idiomatum
900 1008 1301 1053 communem
1328 1009 1469 1052 esse
1496 991 1625 1051 Deo

129 1100 173 1153 et
188 1085 412 1158 homini,
446 1090 513 1145 et
544 1084 649 1145 hic
678 1103 901 1147 sensus
925 1091 1020 1147 est
1068 1090 1274 1147 certus
1303 1090 1369 1147 et.
1390 1084 1621 1161 clarus,

130 1203 181 1246 ac
212 1178 493 1261 imprimis
530 1177 828 1241 definitus
879 1184 1097 1241 contra
1150 1178 1504 1241 Nestorium
1556 1179 1624 1239 iu

127 1276 279 1339 citatis
302 1271 469 1333 locis.
502 1270 657 1335 Cum
700 1271 871 1333 enim
904 1271 1227 1335 Nestorius
1274 1272 1625 1333 seeundum

126 1365 527 1435 subsistentiam
558 1364 974 1445 distingueret
1001 1364 1307 1427 Christum
1330 1384 1369 1427 a
1387 1366 1623 1438 Vei-be,

124 1464 523 1537 consequenter
574 1458 851 1539 negabat
876 1458 1189 1522 Christum
1218 1458 1469 1521 adorari
1522 1476 1627 1521 ea-

126 1558 233 1619 dem
278 1551 635 1613 adoratione
666 1569 793 1629 qua
840 1552 1144 1623 Verbum,
1174 1552 1285 1613 sed
1318 1552 1625 1631 quodam-

128 1648 267 1711 modo
291 1644 605 1707 coadorari
630 1651 887 1725 propter
914 1645 1400 1707 accidenter-iam
1446 1644 1622 1706 unio-

126 1760 253 1807 nem.
279 1738 537 1801 Concilia
567 1756 721 1799 vero
750 1744 987 1819 negant
1014 1738 1365 1811 coadorari,
1402 1748 1467 1803 et
1512 1738 1622 1799 de«

126 1836 301 1896 finiunt
340 1850 449 1911 per
494 1848 563 1891 se
609 1849 685 1893 ac
739 1850 888 1893 vere
944 1830 1217 1905 adorari,
1263 1832 1433 1911 quia,
1466 1832 1623 1893 sicut

128 1947 221 1992 non
264 1924 654 2005 distinguitur
708 1926 1123 2005 personaliter
1160 1946 1199 1987 a
1246 1927 1475 2000 Verbo,
1534 1926 1623 1989 ita

130 2042 213 2083 nec
250 2022 433 2099 potest
472 2018 845 2081 adoratione
894 2021 1163 2099 sejungi.
1198 2022 1287 2082 Ex
1325 2022 1445 2083 hoc
1472 2038 1622 2085 vern.

130 2134 266 2179 sensu
287 2113 472 2173 solum
512 2113 807 2187 habetur,
843 2116 1011 2175 hunc
1057 2116 1377 2177 hominem
1412 2113 1623 2195 quoad

128 2207 449 2287 suppositum
505 2206 719 2285 ipsum
768 2207 1017 2271 adorari
1072 2210 1187 2271 hac
1226 2208 1615 2279 adoratione,

130 2319 219 2361 non
252 2316 379 2363 vero
430 2298 605 2378 quod
656 2300 785 2361 haec
834 2300 1116 2363 adoratio
1168 2302 1377 2382 aliquo
1430 2300 1621 2363 modo

130 2393 553 2473 comprehendat
574 2393 1035 2455 humanitatem
1066 2395 1405 2474 ipsam;ut‚
1430 2396 1485 2457 si
1512 2413 1627 2457 rex

132 2490 185 2549 sit
204 2490 475 2567 peccator,
504 2486 619 2565 qui
648 2485 871 2548 adorat
901 2506 1141 2568 regem,
1164 2488 1384 2549 adorat
1406 2507 1624 2567 pecca·

134 2588 275 2641 torem
302 2579 499 2658 quoad
527 2580 929 2659 suppositum
957 2581 1159 2661 ipsum
1182 2600 1199 2653 ;
1226 2580 1510 2643 adoratio
1535 2587 1627 2643 ta-

130 2693 233 2735 men
253 2692 363 2733 non
392 2674 749 2736 extenditur
779 2674 907 2735 ullo
928 2675 1141 2747 modo,
1168 2692 1285 2737 nec
1308 2674 1623 2737 redundat

128 2770 173 2829 in
218 2769 391 2846 ipsum
437 2774 793 2847 peccatum.
827 2769 1143 2831 Posterior
1198 2786 1351 2847 ergo
1398 2786 1621 2829 sensus

128 2862 267 2939 hujus
293 2861 641 2923 assertionis
670 2880 807 2923 esse
830 2868 1057 2940 potest,
1084 2863 1201 2925 hac
1234 2882 1359 2925 una
1394 2862 1619 2925 adora·

129 2956 250 3017 tione
276 2954 453 3015 latriae
478 2955 565 3017 ita
598 2954 847 3017 adorari
877 2957 1069 3017 Deum
1089 2956 1433 3029 hominem,
1464 2962 1529 3017 ut
1551 2956 1619 3017 in

125 3048 275 3126 ipsam
288 3048 461 3109 etiam
478 3049 942 3112 humanitatem
971 3050 1283 3112 redundet
1309 3050 1615 3113 adoratio.

128 3144 179 3203 Et
200 3142 277 3201 hic
318 3161 527 3205 sensus
572 3142 883 3207 difficilior
934 3152 1053 3220 est,
1087 3146 1235 3225 quia
1283 3146 1616 3213 obseunim

130 3236 369 3314 explicatu
394 3244 505 3308 est,
524 3237 846 3317 quomodo
865 3239 1243 3311 humanitas,
1261 3258 1403 3301 cum
1427 3242 1617 3301 etiam

128 3338 225 3409 post
247 3332 513 3393 unionem
548 3334 633 3395 sit
652 3337 963 3405 creatura,
990 3334 1241 3397 adorari
1272 3335 1395 3397 ullo
1424 3336 1615 3397 modo

128 3426 271 3501 possit
294 3426 502 3489 eadem
534 3426 905 3489 adoratione
942 3428 1235 3507 perfectae
1261 3428 1459 3489 latriae
1490 3444 1615 3507 qua

130 3518 343 3579 Verbum
392 3520 715 3583 adoratur.
772 3521 901 3583 Sed
952 3521 1031 3583 de
1082 3522 1203 3585 hac
1252 3521 1615 3585 difficultate

130 3613 447 3675 commodius
498 3633 581 3677 ae
630 3614 831 3675 fusius
874 3614 1157 3677 dicemus
1208 3618 1485 3679 sectione
1520 3635 1617 3679 se·

130 3707 311 3783 quenti.

686 3866 902 3921 sueno
934 3868 993 3921 ll.

132 3998 274 4056 [trum
293 4002 547 4074 Christus,
578 4006 639 4061 in
672 4014 937 4077 quantum
961 4010 1144 4078 lemno,
1170 4008 1435 4066 ado-retur
1480 4008 1621 4065 ado·-

174 4089 576 4233 thgtligi'elzitgriae,
602 4092 687 4149 ita
726 4100 789 4147 ut
816 4094 1010 4151 cedem
1034 4094 1357 4151 atioratione.
1402 4096 1621 4152 colatur

188 4360 227 4415 1.
249 4358 409 4421 Ratio
430 4361 761 4424 dubitandi
778 4368 897 4438 est,
912 4362 1061 4441 quia
1078 4364 1429 4426 humanitas
1447 4366 1619 4429 Chri·

128 4449 177 4509 sti
210 4469 316 4513 uon
358 4461 557 4532 potest
594 4456 845 4517 adorari
872 4457 1056 4517 latria
1090 4456 1253 4519 sicut
1292 4458 1613 4536 divinitas;

127 4558 237 4620 ergo
264 4544 549 4621 chrisum,
572 4548 633 4608 in
668 4556 983 4627 quantum
1010 4550 1225 4623 home,
1245 4570 1369 4613 uon
1395 4551 1619 4615 adora·

126 4636 199 4693 tur
214 4634 389 4701 latria.
408 4641 797 4704 Antecedens
824 4649 1019 4723 patet,
1042 4646 1215 4721 quia,
1234 4643 1383 4707 licet
1399 4645 1618 4707 huma-

127 4728 251 4787 nitas
290 4732 361 4792 sit
403 4735 577 4796 unita
619 4736 847 4809 Verbo,
894 4754 1219 4816 nunquam
1265 4742 1476 4803 tamen
1522 4744 1615 4801 est

124 4823 329 4899 aequalis
369 4826 431 4887 in
462 4828 829 4891 excellentia
864 4836 927 4893 et
954 4829 1261 4909 dignitate
1290 4830 1407 4910 ipsi
1452 4830 1615 4891 divi-

124 4930 193 4973 noe
230 4924 477 4995 naturae;
533 4938 681 5003 ergo
732 4940 941 5001 neque
990 4922 1215 5001 aequali
1247 4922 1615 4985 adoratione

124 5006 335 5069 colenda
392 5019 503 5077 est.
562 5014 637 5075 Et
702 5016 1111 5078 contii-matur
1162 5018 1403 5094 primo,
1468 5016 1617 5094 quia

125 5096 369 5177 Christus,
410 5110 477 5167 ut
528 5106 741 5182 homo,
782 5126 913 5169 nou
952 5114 1045 5170 est
1084 5108 1285 5183 Deua,
1318 5127 1437 5169 nec
1472 5107 1619 5169 finis

124 5188 479 5269 ultimuS‚nec
530 5214 893 5277 supremum
936 5198 1177 5261 bonum
1216 5206 1525 5276 nostrum,
1556 5204 1619 5261 et

125 5278 231 5342 ideo
276 5294 336 5347 ut
386 5289 470 5351 sic
507 5308 635 5352 non
690 5300 785 5353 est
832 5292 1187 5373 diligendus
1242 5310 1433 5372 super
1482 5310 1619 5355 om·

124 5374 235 5450 ”1³3
270 5397 405 5459 ergo
450 5384 667 5448 eadem
718 5387 962 5449 ratione
1022 5405 1228 5467 neque
1286 5394 1383 5448 est
1430 5386 1613 5449 latria

126 5466 455 5551 adorandus3
480 5484 571 5540 est
600 5480 767 5544 enim
792 5480 1015 5549 eadem
1041 5482 1389 5556 ratio,nam
1416 5480 1635 5544 latriae.

1710 436 1909 505 actus,
1941 430 2116 493 verbi
2173 430 2402 511 gratia,
2443 430 2838 507 sacrificium,
2879 434 3163 513 procedit
3189 454 3268 499 ex

1710 524 1829 583 hac
1858 524 2344 599 existimatione,
2377 526 2550 605 quod
2596 526 2672 597 is,
2711 526 2808 587 cui
2863 526 3140 602 offertur,
3171 535 3268 591 est

1706 616 1849 677 finis
1875 618 2152 689 ultimus,
2205 624 2269 681 et
2321 618 2594 697 primum
2643 618 3017 699 principium
3055 638 3266 681 rerum

1714 710 2036 789 omniurn;
2066 710 2294 790 loquor
2322 710 2494 773 enim
2544 712 2624 773 de
2669 712 2850 774 latria
2885 712 3158 790 perfecta
3205 720 3268 777 et

1710 802 2024 875 absoluta,
2057 822 2182 866 non
2229 804 2308 866 de
2360 804 2712 885 respectiva
2757 810 2820 865 et
2873 803 3262 885 imperfecta.

1710 894 2132 961 Confirmatur
2169 900 2474 973 secunde,
2506 906 2569 961 et
2593 900 2958 979 explicatur.
2991 899 3268 979 Angelus

1710 988 1905 1064 enim,
1935 992 2111 1053 verbi
2141 993 2364 1073 gratia,
2415 997 2560 1054 ante
2589 992 3084 1055 incarnationem
3117 994 3267 1055 ado-

1706 1083 1886 1146 rabat
1917 1084 2190 1146 Verbum
2221 1086 2426 1159 latria,
2460 1092 2524 1147 et
2567 1105 2735 1149 nunc
2783 1088 2969 1147 etiam
3010 1087 3262 1161 adoran

1705 1177 2025 1257 interrogo
2053 1179 2242 1258 igitur
2268 1199 2352 1241 an
2381 1179 2605 1243 eodem
2635 1180 2892 1243 omnino
2923 1187 3068 1243 actu
3098 1200 3268 1243 nunc

1706 1271 1925 1333 adoret
1946 1290 2072 1351 quo
2113 1278 2326 1349 antea,
2366 1291 2606 1346 necne;
2644 1292 2792 1335 nam
2829 1274 2884 1335 si
2927 1288 3023 1337 est
3069 1274 3262 1341 idem.

1708 1382 1857 1444 ergo
1885 1366 1992 1427 illa
2015 1365 2300 1429 adoratio
2334 1384 2466 1427 non
2514 1367 3014 1431 communicatur
3067 1369 3262 1444 carni,

1706 1458 1858 1545 quia
1900 1464 2079 1521 actus
2122 1458 2360 1533 finitus,
2392 1458 2444 1519 si
2475 1460 2535 1519 in
2577 1478 2646 1521 se
2679 1480 2807 1522 non
2838 1467 2932 1523 est
2960 1466 3260 1535 mutatus,

1706 1569 1915 1631 neque
1944 1558 2188 1623 auctus,
2219 1570 2348 1613 non
2375 1557 2579 1631 potest
2613 1570 2740 1614 uno
2769 1560 3054 1634 tempore
3083 1555 3264 1635 plura

1706 1643 1958 1722 obJecta
1983 1644 2316 1725 attingere,
2352 1663 2542 1724 quam
2573 1645 2716 1707 alio.
2751 1647 2816 1709 Si
2847 1656 3060 1711 autem
3087 1655 3266 1710 actus

1701 1754 1833 1797 nou
1863 1744 1962 1799 est
1985 1738 2241 1799 omnino
2267 1737 2457 1810 idem,
2491 1744 2738 1819 oportet
2760 1747 2825 1801 ut
2857 1740 2958 1801 vel
2979 1742 3059 1802 sit
3089 1747 3264 1803 actus

1703 1829 2050 1903 distinctus,
2083 1830 2185 1893 vel
2209 1836 2276 1893 ut
2297 1830 2556 1909 aliquod
2581 1838 2993 1913 augmentum
3017 1851 3128 1895 seu
3159 1834 3267 1895 ad·

1704 1922 1856 1984 ditio
1884 1923 2052 1985 facta
2097 1924 2178 1986 sit
2207 1924 2312 1985 tali
2345 1924 2541 1997 actui;
2594 1926 2902 2005 quidquid
2933 1944 3080 1989 vero
3110 1926 3266 1989 illud

1704 2016 1785 2078 sit
1802 2018 1974 2096 quod
1999 2018 2282 2080 additum
2305 2026 2562 2093 est,n0u
2589 2022 2796 2098 potest
2808 2039 2944 2083 esse
2977 2021 3266 2099 ejusdem

1702 2110 2104 2189 perfectionis
2131 2112 2195 2173 in
2217 2112 2460 2173 ratione
2491 2112 2712 2185 latrice,
2736 2114 2884 2191 quia
2905 2115 2996 2191 (ut
3026 2113 3264 2177 dictum

1704 2208 1821 2281 est)
1850 2222 1980 2265 non
2023 2205 2304 2284 procedit
2359 2222 2438 2266 ex
2475 2213 2606 2267 tam
2641 2205 2920 2283 perfecta
2950 2206 3264 2271 existima—

1706 2296 1873 2359 tione
1930 2297 2338 2361 humanitatis
2383 2306 2746 2379 assumptae,
2779 2306 3014 2377 quanta
3043 2307 3136 2363 est
3163 2303 3262 2383 ip-

1706 2392 1966 2453 siusmet
1996 2391 2357 2463 divinitatis,
2381 2392 2529 2472 quia
2566 2391 2924 2453 humanitas
2957 2392 3130 2453 unita
3161 2392 3262 2453 in-

1705 2483 1897 2545 ferior
1925 2492 2023 2546 est
2052 2485 2407 2547 divinitate:
2443 2502 2620 2563 ergo,
2650 2484 2900 2565 proprie
2931 2490 2994 2547 et
3031 2486 3262 2549 forma-

1706 2578 1849 2641 liter
1872 2578 2214 2658 loquend0‚
2246 2578 2524 2643 Christus
2562 2586 2628 2641 ut
2653 2580 2844 2642 homo
2875 2598 3008 2641 non
3033 2580 3262 2643 adora·

1702 2678 1805 2736 tur
1833 2676 2104 2754 perfecta
2137 2675 2346 2739 latria.

1780 2772 1840 2831 2.
1872 2770 1950 2831 Ut
1973 2768 2470 2848 respondeamus
2497 2769 2644 2831 huie
2685 2769 3044 2849 quaestioni,
3083 2788 3264 2850 opor-

1700 2868 1790 2925 tet
1835 2862 2224 2942 distinguere
2255 2862 2571 2943 duplicem
2617 2880 2874 2925 sensum
2911 2864 3078 2943 ejus3
3111 2882 3266 2927 nam

1700 2958 1805 3019 illa
1835 2957 2164 3037 particula,
2194 2958 2262 3019 in
2309 2964 2622 3039 quantum,
2654 2963 2864 3037 potest
2889 2963 2953 3018 et
2991 2958 3264 3038 redupli-

1700 3052 1899 3113 cative
1944 3058 2008 3115 et
2047 3051 2464 3131 specificative
2493 3051 2696 3128 sumi3
2729 3058 2789 3113 et
2835 3051 3026 3132 priori
3073 3051 3260 3113 modo

1698 3143 2037 3223 inquiritur
2073 3162 2288 3219 causa,
2318 3151 2382 3205 et
2427 3145 2588 3206 ratio
2643 3144 2834 3223 hujus
2877 3145 3262 3207 adorationis

1698 3238 1915 3307 latriae,
1937 3257 2042 3312 an,
2061 3238 2321 3307 scilicet,
2347 3240 2542 3318 possit
2559 3257 2696 3299 esse
2717 3240 2852 3318 ipsa
2877 3240 3257 3312 humanitaS,

1696 3330 2076 3393 includendo
2103 3330 2166 3391 in
2201 3332 2584 3393 humanitate
2613 3330 2781 3393 dona
2809 3340 3260 3411 supernatura-

1696 3424 1801 3500 lia,
1835 3431 1897 3487 et
1918 3424 2152 3505 gratias
2173 3424 2234 3485 in
2263 3424 2370 3486 ilia
2405 3424 2772 3496 existentes;
2811 3442 2960 3485 nam
3011 3425 3092 3488 de
3124 3425 3261 3487 sola

1695 3538 1769 3579 ac
1792 3518 1960 3578 nuda
1977 3524 2206 3579 natura
2230 3517 2490 3595 praecise
2516 3524 2790 3596 sumpta,
2817 3534 2932 3596 per
2951 3537 3016 3579 se
3036 3524 3256 3579 notum

1698 3618 1793 3675 est
1822 3629 1947 3673 non
1991 3628 2170 3691 posse
2213 3626 2349 3671 esse
2379 3610 2690 3673 rationem
2719 3610 2908 3689 hujus
2951 3611 3258 3673 adoratio-

1697 3706 1817 3767 nis.
1843 3703 2173 3766 Posteriori
2203 3710 2414 3765 autem
2441 3703 2630 3765 modo
2657 3704 2990 3783 inquiritur
3013 3711 3255 3767 tantum

1700 3818 1779 3859 an
1810 3798 2167 3859 humanitas
2194 3798 2271 3857 sit
2297 3798 2516 3859 saltem
2539 3814 2644 3859 res
2672 3798 2930 3859 adorata
2961 3798 3257 3877 praedicta

1700 3892 2088 3955 adoratione.
2119 3890 2298 3952 Unde
2340 3890 2726 3971 distinguere
2769 3891 2958 3951 etiam
3014 3897 3258 3970 oportet

1697 4002 1835 4049 rem
1864 3985 2211 4057 adoratam,
2245 4001 2384 4063 quae
2415 3982 2534 4045 dici
2565 3989 2770 4062 potest
2791 3984 3055 4047 materia
3092 3984 3256 4046 eima

1699 4096 1889 4159 quam
1921 4083 2205 4139 versatur
2236 4077 2540 4148 adorati0,
2567 4083 2628 4139 et
2655 4078 2964 4139 rationem
2991 4076 3256 4139 adoran-

1700 4174 1787 4243 di,
1827 4189 1970 4251 quae
2005 4172 2098 4249 (ut
2150 4170 2444 4249 diximus)
2492 4174 2586 4231 est
2633 4170 2844 4249 aliqua
2883 4168 3252 4231 excellentia

1700 4265 2014 4328 interdum
2045 4263 2400 4339 intrinseca,
2429 4262 2748 4325 interdum
2787 4280 2938 4325 vero
2961 4263 3257 4325 extrinse-

1700 4376 1797 4433 ca,
1820 4364 1889 4419 ut
1934 4356 2004 4419 in
2047 4356 2412 4419 adoratione
2447 4354 2814 4435 respectiva,
2845 4372 2986 4435 quae
3035 4355 3106 4415 fit
3144 4371 3258 4433 per

1698 4450 2134 4514 habitudinem
2165 4450 2250 4511 ad
2294 4448 2485 4510 aliud.
2519 4450 2686 4511 Inter
2725 4466 2884 4525 quos
2913 4447 3135 4509 modos
3165 4454 3260 4509 est

1698 4545 2071 4620 differentia,
2104 4544 2254 4622 quia
2307 4541 2560 4621 quando
2609 4540 2976 4605 excellentia
3029 4546 3122 4603 est
3169 4541 3258 4603 in·

1696 4641 1990 4710 trinseca,
2014 4643 2078 4699 et
2103 4636 2290 4699 veluti
2309 4652 2455 4714 pars
2481 4636 2576 4696 rei
2599 4634 2895 4711 adoratae,
2913 4634 3097 4695 simul
3118 4652 3258 4695 esse

1696 4737 1901 4811 potest
1949 4730 2107 4791 ratio
2142 4729 2474 4804 adorandi,
2508 4735 2571 4792 et
2618 4747 2722 4790 res
2771 4728 3258 4805 adorata3recte

1697 4826 1866 4887 enim
1902 4824 2264 4905 fieripotest
2288 4823 2542 4885 utidem
2571 4823 2672 4899 sit,
2703 4823 2872 4903 quod
2903 4829 3020 4899 est,
3043 4835 3108 4885 et
3131 4838 3258 4902 quo

1696 4924 1816 4994 est,
1842 4918 2190 4996 praesertim
2217 4917 2286 4980 in
2327 4917 2713 4995 simplicibus
2731 4931 2754 4993 3
2785 4922 2852 4977 at
2879 4934 3028 4978 vero
3059 4935 3259 4997 quan-

1696 5010 1778 5074 do
1806 5012 1967 5072 ratio
1993 5016 2090 5071 est
2117 5010 2484 5081 extrinseca,
2517 5026 2644 5069 non
2689 5014 2934 5087 oportet
2983 5015 3051 5071 ut
3095 5028 3258 5071 sem·

1697 5122 1813 5183 per
1836 5104 1915 5165 sit
1958 5104 2206 5183 proprie
2246 5102 2626 5164 adorationis
2676 5100 2959 5163 materia.
3019 5104 3256 5163 Rursus

1698 5198 1761 5258 in
1792 5198 1929 5277 ipsa
1951 5195 2330 5258 adorationis
2359 5194 2620 5257 materia
2640 5200 2887 5273 oportet
2916 5195 3255 5274 distingue-

1696 5308 1767 5352 re
1794 5291 1859 5353 id
1886 5290 2057 5369 quod
2097 5308 2212 5369 per
2233 5308 2300 5350 se
2329 5288 2524 5367 primo
2551 5287 2875 5361 adoratur,
2907 5296 2970 5348 et
2997 5288 3058 5349 id
3086 5288 3256 5367 quod

1695 5384 1761 5444 in
1784 5384 1906 5443 alio
1936 5383 2331 5446 coadoratur.
2367 5380 2570 5443 Primo
2593 5380 2758 5457 enim
2781 5399 2852 5443 ac
2880 5399 2992 5460 per
3019 5399 3088 5443 se
3108 5381 3257 5443 ado-

1692 5481 1867 5539 ratur
1892 5494 2187 5557 persona,
2219 5481 2284 5537 ut
2318 5475 2388 5537 D.
2423 5474 2695 5536 Thomas
2721 5473 2896 5549 dixit,
2931 5475 3104 5552 quod
3155 5493 3256 5535 ve-

3587 5706 3794 6143 Δ
