3892 6167
569 300 688 367 122

566 414 755 471 antea
781 410 948 484 erat3
967 420 1144 488 ergo,
1165 408 1238 471 ut
1254 408 1422 473 Deus
1445 406 1648 488 possit
1673 406 1912 471 habere
1940 406 2137 469 talem

564 501 977 575 voluntatem,
1021 500 1212 565 debet
1257 500 1616 565 necessario
1659 517 2021 581 supponere
2066 501 2135 561 in

567 601 856 661 creatura
893 594 1024 657 vim
1057 594 1356 674 aliquam,
1384 600 1456 658 ut
1489 595 1688 677 possit
1735 594 1989 657 efficere
2033 611 2137 657 ac-

569 689 834 753 cedente
877 688 1148 769 imperio
1179 690 1314 764 Dei,
1341 695 1406 754 et
1432 706 1744 753 concursu
1781 706 2135 752 accommo-

567 783 714 847 dato
757 782 842 845 ad
881 781 1196 863 agendum
1218 827 1236 857 ,
1261 782 1394 864 qui,
1415 782 1658 847 ratione
1693 782 1858 845 illius
1881 780 2133 863 imperii

567 894 684 941 seu
721 876 1058 941 voluntatis
1081 876 1331 953 divium,
1359 877 1676 941 tribuitur.

646 972 748 1035 3⁴.
777 969 884 1035 Aa
901 965 1408 1035 secandum—Et
1427 972 1574 1035 hinc
1595 976 1772 1053 patet
1795 973 2131 1053 responsio

566 1065 646 1127 ad
671 1064 1063 1138 secundnm;
1097 1070 1302 1127 totum
1330 1064 1502 1128 enim
1521 1063 1590 1127 id
1615 1065 1786 1145 quod
1809 1065 2041 1129 dicitur
2064 1067 2133 1131 in

569 1158 1011 1234 antecedente,
1041 1157 1122 1221 de
1139 1159 1417 1223 efficacia
1441 1159 1634 1221 divini
1647 1159 1918 1240 imperii,
1933 1162 2133 1224 veris-

567 1256 796 1317 simum
821 1259 952 1327 est;
993 1271 1244 1333 semper
1281 1258 1498 1317 tamen
1547 1254 1944 1335 supponitur,
1976 1255 2133 1317 divi-

561 1366 718 1409 num
745 1348 1102 1427 imperinm,
1129 1366 1274 1411 cum
1299 1349 1376 1411 sit
1401 1348 1981 1429 prudentissimum,
1996 1368 2131 1413 non

564 1442 787 1504 cadere
815 1440 937 1503 nisi
957 1442 1023 1503 in
1051 1460 1190 1504 rem
1217 1442 1618 1522 possibilem3
1649 1448 1712 1505 et
1735 1459 2131 1524 consequen·

563 1542 680 1610 ter,
711 1535 812 1597 vel
841 1552 1221 1615 supponere,
1252 1536 1354 1599 vel
1373 1535 1662 1599 conferre
1681 1544 1987 1600 creaturae
2010 1556 2129 1619 po·

560 1630 824 1693 tentiam
855 1630 1194 1710 proestandi
1219 1630 1286 1693 id
1317 1631 1490 1711 quod
1523 1632 1893 1713 imperatur,
1925 1634 2015 1695 ita
2056 1638 2127 1697 nt

562 1724 616 1785 si
652 1724 990 1804 imperinm
1017 1725 1098 1786 sit
1125 1722 1204 1787 de
1249 1724 1637 1805 recipiendo,
1691 1732 2010 1807 supponat
2060 1726 2123 1788 in

564 1824 852 1881 creatura
897 1818 1306 1898 capacitatem
1355 1819 1672 1899 passivam
1705 1838 1724 1893 ;
1759 1820 1812 1881 si
1859 1838 2013 1883 vero
2042 1820 2127 1884 sit

563 1912 644 1975 de
663 1913 937 1992 agendo,
965 1916 1280 1994 supponat
1304 1914 1598 1977 virtutem
1627 1914 1898 1995 aliquam
1928 1933 2127 1995 agen-

563 2006 650 2079 di,
687 2012 748 2069 et
779 2007 946 2086 quod
975 2006 1176 2081 deest,
1209 2006 1522 2087 suppleat,
1555 2008 1654 2069 vel
1683 2008 1766 2071 de
1815 2027 1981 2071 novo
2015 2010 2123 2073 det

562 2101 730 2163 illam
746 2117 768 2179 3
818 2118 968 2162 nam
995 2101 1062 2163 in
1105 2102 1304 2163 altero
1349 2102 1610 2165 istorum
1662 2102 1800 2185 ejus
1843 2103 2121 2165 efficacia

562 2194 864 2259 consistit.
899 2194 1078 2259 Unde
1107 2196 1162 2256 si
1187 2195 1254 2256 in
1277 2202 1724 2274 consequente,
1757 2197 1928 2278 quod
1953 2196 2021 2259 in
2046 2198 2122 2260 il-

560 2290 622 2352 lo
649 2294 1022 2370 argumento
1049 2288 1334 2364 infertur,
1379 2307 1590 2352 sermo
1619 2296 1786 2355 esset
1817 2292 1900 2355 de
1941 2310 2123 2355 cons-

559 2384 848 2447 titutione
871 2383 940 2443 in
965 2388 1106 2445 actu
1129 2384 1358 2464 primo,
1389 2384 1850 2464 coadjuvando,
1873 2386 1973 2448 vel
1998 2387 2122 2448 cle-

557 2478 764 2541 vando
790 2478 1138 2559 potentiam
1167 2478 1524 2541 inchoatam
1553 2484 1618 2541 et
1661 2479 2119 2559 imperfectam,

560 2572 794 2652 optima
807 2576 976 2634 esset
999 2571 1222 2647 illatio,
1247 2578 1312 2634 et
1339 2572 1428 2634 sic
1449 2575 1654 2635 totum
1679 2580 2123 2653 argumentum

558 2670 728 2727 recte
757 2664 1182 2739 concluderet,
1228 2666 1666 2729 affirmandam
1715 2683 1858 2729 esse
1909 2670 2119 2749 potius

559 2776 751 2838 quam
783 2758 1142 2839 negandam
1169 2762 1516 2839 potentiam
1529 2760 1800 2823 activam
1821 2760 2121 2824 ohedien-

557 2850 774 2915 tialcm
796 2853 1364 2915 instrumentorum
1389 2854 1524 2929 Dei,
1539 2859 1636 2929 ut,
1669 2872 1746 2917 ea
1765 2856 2117 2935 supposita,

557 2946 800 3026 possint
827 2946 892 3007 in
917 2945 1024 3007 illo
1063 2946 1256 3009 modo
1308 2948 1376 3008 in
1405 2954 1550 3010 actu
1591 2948 1794 3028 primo
1824 2950 2121 3013 constitui

557 3057 676 3120 per
707 3039 988 3101 divinum
1011 3040 1344 3122 imperium
1366 3040 1629 3120 efficax,
1659 3044 1798 3105 sine
1833 3043 1940 3105 illa
1968 3062 2119 3107 vero

559 3138 654 3195 est
679 3132 1086 3213 impossibilis
1113 3135 1253 3198 talis
1289 3135 1516 3199 modus
1560 3138 2017 3201 constitutionis
2050 3140 2121 3201 in

555 3232 700 3287 actu
721 3226 951 3306 primo,
969 3234 1044 3289 ut
1071 3232 1394 3291 ostensum
1421 3237 1540 3292 est.

637 3322 740 3383 35.
785 3320 890 3385 Aa
913 3322 1180 3385 tertium.
1227 3356 1308 3373 -
1348 3326 1624 3387 Tertium
1673 3334 2119 3406 argumentum

555 3413 790 3476 nullius
815 3419 914 3477 est
943 3418 1244 3479 momenti
1273 3440 1293 3493 ς
1323 3436 1476 3480 nam
1505 3420 1666 3483 actio
1709 3421 1977 3502 simplex
2004 3441 2121 3502 po·

555 3514 680 3572 test
725 3527 763 3569 a
803 3508 1040 3588 duplici
1088 3512 1314 3573 virtute
1353 3513 1656 3593 pendere,
1685 3521 1757 3577 ut
1799 3532 1838 3575 a
1889 3516 2120 3577 virtute·

559 3620 764 3665 causat
794 3604 1084 3666 secundae
1111 3612 1176 3669 et
1201 3607 1438 3686 primas.
1491 3609 1588 3683 Et,
1629 3609 1916 3688 quamvis
1954 3611 2117 3672 actio

559 3697 846 3777 simplex,
875 3705 948 3761 ut
975 3700 1086 3776 sic,
1125 3720 1206 3763 ex
1231 3720 1302 3763 se
1321 3720 1451 3763 non
1485 3704 1764 3781 requirat
1799 3704 2117 3783 duplicem

554 3791 850 3854 virtutem
871 3793 938 3855 in
961 3802 1214 3873 agente,
1245 3802 1480 3871 tamen,
1527 3801 1598 3859 ut
1649 3798 1844 3878 possit
1897 3816 2117 3877 proce-

555 3886 708 3949 dere
735 3904 774 3949 a
800 3888 1047 3951 dnobus
1071 3891 1326 3970 proprie
1351 3897 1412 3954 et
1439 3910 1556 3972 per
1581 3910 1674 3965 se,
1719 3910 1798 3953 ex
1825 3898 2003 3972 parte
2044 3893 2117 3954 il-

555 3982 763 4043 lorum
823 3983 1089 4061 requirit
1130 3985 1197 4046 in
1249 3990 1516 4064 utroque
1551 3985 1878 4059 virtutem;
1911 3989 1977 4047 et
2029 3986 2119 4048 ita

557 4076 822 4155 requirit
853 4076 1014 4137 duas
1031 4076 1314 4150 virtuteS,
1339 4078 1439 4141 vel
1469 4079 1694 4140 totales
1723 4078 2117 4141 diversorum

557 4168 872 4245 ordinum,
899 4174 989 4239 nt,
1015 4172 1192 4232 verbi
1213 4172 1436 4251 gratia,
1463 4190 1668 4235 causas
1692 4173 1908 4252 primae
1927 4179 2119 4237 etse-

557 4262 778 4325 cundae
803 4278 824 4339 ;
853 4263 955 4325 vel
991 4264 1284 4341 partiales
1323 4266 1612 4344 ejusdem
1663 4266 1921 4342 ordinis,
1958 4274 2027 4329 ut
2052 4268 2119 4328 in

557 4356 806 4418 duabus
833 4358 1036 4419 causis
1059 4360 1356 4438 proximis
1375 4359 1560 4421 simul
1573 4361 2113 4436 concurrentibus3

437 4514 448 4523 ‚
557 4450 658 4512 vel
687 4452 1096 4531 principalem
1111 4458 1176 4515 et
1195 4453 1762 4531 instrumentalem,
1787 4454 1940 4516 utin
1962 4473 2121 4537 prse-

559 4554 756 4606 sente.
783 4544 962 4617 Quod
989 4552 1200 4607 autem
1223 4546 1472 4622 dicitur,
1491 4548 1784 4611 virtutem
1807 4550 2120 4630 principa-

556 4638 636 4699 lis
661 4640 902 4719 agentis
953 4642 1404 4703 communicari
1435 4642 1874 4717 instrumento,
1924 4644 2122 4705 verba

557 4739 802 4795 tantum
823 4738 969 4795 sunt
998 4735 1132 4796 sine
1159 4754 1230 4797 re
1255 4736 1337 4797 ad
1363 4742 1743 4817 praesentem
1787 4737 2120 4801 materiam

559 4827 908 4907 applicaia;
943 4829 1091 4908 quia
1119 4830 1316 4892 virtus
1367 4830 1577 4893 divina
1607 4832 2121 4895 noncommuni·

558 4927 738 4983 catur
765 4921 860 4982 his
889 4922 1320 4985 instrumentis
1349 4944 1464 5005 per
1489 4925 1764 5005 aliquam
1789 4926 2119 5007 participa-

559 5016 820 5089 tionem,
865 5032 1008 5095 quae
1049 5035 1086 5077 a
1115 5017 1226 5079 tali
1275 5018 1506 5081 virtute
1557 5018 1626 5079 in
1667 5036 1742 5081 ea
1777 5019 2116 5097 derivetur,

555 5126 765 5189 neque
807 5129 922 5190 per
973 5128 1042 5173 se
1087 5113 1288 5191 ipsam
1319 5118 1538 5193 potest'
1561 5112 1906 5177 formaliter
1950 5132 2123 5177 com-

555 5194 885 5279 municari,
918 5210 988 5267 ut
1013 5207 1162 5267 satis
1189 5208 1522 5287 probatum
1557 5220 1673 5271 est.

637 5300 740 5361 36.
783 5300 890 5362 Ad
913 5306 1220 5381 quartum.
1253 5332 1336 5349 --
1360 5304 1432 5364 In
1478 5309 1700 5383 quarto
1743 5311 2119 5384 argumento

556 5392 874 5469 aequivoca
893 5412 1032 5455 esse
1052 5401 1260 5474 potest
1280 5396 1384 5458 illa
1405 5397 1747 5477 propositio
1772 5404 2121 5479 assumpta:

555 5485 1048 5551 instrumentum
1071 5507 1198 5553 uon
1225 5490 1358 5570 agit
1381 5492 1446 5554 in
1468 5491 1695 5555 virtute
1710 5492 1989 5572 propria,
2008 5493 2124 5556 scd

1795 302 2033 369 cumr.
2066 302 2196 359 xm.
2228 303 2437 361 Anne.
2467 306 2553 359 lv.

2213 404 2575 489 principalis
2591 404 2833 488 agentis
2842 420 2867 484 ;
2892 404 2947 467 si
2974 404 3150 469 enim
3176 404 3263 467 sit
3290 419 3533 483 sensus,
3552 409 3731 477 ium.

2212 507 2499 565 mentum
2532 518 2661 563 non
2718 500 2957 563 hahere
3006 500 3317 563 virtutem
3350 518 3463 581 per
3497 521 3559 565 se
3598 508 3731 569 suffi-

2214 594 2483 659 cientem
2512 595 2595 658 ad
2620 594 2936 667 effectum,
2976 610 3199 673 neque
3248 593 3319 654 in
3370 612 3591 673 genere
3622 618 3731 663 cau-

2215 706 2299 753 soe
2348 689 2687 771 proximas,
2740 705 2951 766 neque
3009 688 3207 751 etiam
3250 686 3321 749 in
3366 706 3587 767 genere
3620 712 3729 757 cau·
3793 750 3796 763 ,

2212 800 2299 845 sae
2352 782 2571 864 primae
2606 828 2623 856 ,
2672 781 2943 860 ideoque
2990 798 3121 841 non
3178 796 3377 861 posse
3420 780 3653 847 influere
3684 789 3731 847 in
3794 778 3796 783 ’

2212 878 2507 941 effectum
2532 874 2897 957 principalis
2922 874 3199 954 agentis,
3232 874 3365 937 nisi
3409 876 3489 939 ab
3528 895 3595 941 eo
3618 897 3729 959 spe-

2210 972 2449 1035 cialiter
2496 976 2741 1035 motum
2792 975 2857 1031 et
2906 968 3227 1049 adiutum,
3289 975 3363 1031 ut
3400 969 3611 1033 virtute
3644 991 3727 1035 sua

2212 1066 2501 1147 suppleat
2542 1061 3099 1145 improportionem
3162 1068 3233 1127 et
3278 1062 3725 1129 insufficientiam

2210 1159 2628 1231 instrumenti,
2660 1158 2751 1221 sic
2774 1164 2869 1219 est
2894 1156 3231 1221 verissima
3260 1157 3373 1221 illa
3421 1159 3721 1237 propositio,

2210 1272 2351 1334 qum
2376 1255 2441 1317 in
2476 1253 2600 1315 hoc
2632 1268 2825 1315 seusu
2864 1250 3397 1315 communissima
3450 1256 3557 1323 est,
3607 1270 3723 1331 prae·
3793 1268 3796 1323 ξ

2210 1348 2427 1411 sertim
2454 1347 2521 1409 in
2549 1344 2981 1409 instrumentis
3032 1362 3183 1425 ques
3223 1344 3575 1425 philosophi
3614 1362 3723 1407 cou-

2200 1442 2422 1522 juncta
2443 1442 2672 1503 vocant
2700 1458 2717 1513 ;
2755 1444 2971 1503 tamen
2998 1438 3067 1501 in
3092 1438 3227 1501 hoc
3278 1455 3473 1503 sensu
3504 1436 3636 1501 nihil
3664 1440 3721 1501 ad
3792 1440 3796 1493 i

2206 1536 2619 1599 intentionem
2674 1533 2999 1614 arguentis
3054 1531 3363 1595 conducit
3396 1580 3413 1607 ,
3458 1532 3593 1611 quia
3634 1533 3721 1595 hoc
3790 1494 3796 1631 ’ἰ

2204 1630 2395 1695 modo
2424 1631 2647 1693 omnes
2668 1628 2941 1691 fatemur
2956 1628 3095 1691 haic
3116 1626 3543 1691 instrumenta
3558 1625 3719 1687 divina

2204 1743 2333 1791 non
2360 1742 2553 1805 agere
2574 1722 2887 1787 invii-tute
2914 1721 3199 1802 propria,
3240 1720 3363 1783 sed
3411 1720 3541 1781 Dei.
3589 1720 3719 1781 Alius
3793 1724 3796 1795 ι

2204 1838 2427 1885 sensus
2454 1836 2597 1881 esse
2634 1822 2863 1898 potest,
2910 1816 3255 1897 magisque
3308 1813 3623 1877 conformis
3654 1815 3719 1875 in·

2202 1913 2471 1979 tentioni
2490 1912 2837 1993 arguentis,
2875 1912 3377 1975 instrumentum
3418 1926 3541 1971 non
3577 1925 3717 1986 agere
3787 1935 3793 1979 :

2200 2028 2317 2092 per
2342 2008 2637 2071 virtutem
2668 2006 2947 2086 aliquam
2988 2022 3189 2083 quam
3234 2003 3305 2065 in
3334 2020 3407 2065 se
3440 2002 3717 2063 intrinsece

2200 2104 2455 2179 habeat,
2490 2101 2605 2165 sed
2634 2118 2751 2182 per
2772 2100 2971 2165 solam
3002 2100 3307 2163 virtutem
3362 2098 3717 2161 extrinsecam
3783 2129 3793 2215 i

2198 2196 2563 2281 principalis
2618 2196 2909 2277 agentis;
2944 2202 3009 2259 et
3058 2194 3167 2257 hic
3206 2210 3441 2257 sensus
3466 2197 3555 2255 est
3573 2190 3715 2271 plane
3782 2218 3791 2265 ;

2198 2293 2393 2355 falsus
2446 2296 2511 2353 et
2560 2296 2875 2370 repugnat
2936 2288 3271 2369 principiis
3314 2287 3551 2368 positis,
3588 2288 3641 2347 et
3658 2283 3715 2345 ab
3785 2286 3793 2356 ζ

2202 2386 2495 2451 omnibns
2522 2384 2859 2459 admissis;
2902 2385 3051 2463 quia
3100 2400 3241 2447 non
3295 2386 3501 2463 potest
3542 2380 3715 2441 iustru-

2201 2486 2489 2543 mentum
2516 2496 2733 2558 agere,
2774 2478 2897 2541 nisi
2924 2479 2991 2541 in
3026 2494 3145 2541 suo
3196 2478 3427 2543 ordine
3474 2474 3625 2555 prius
3660 2472 3713 2531 sit

2203 2574 2609 2637 constitutum
2628 2573 2697 2635 iu
2724 2578 2869 2637 actu
2896 2572 3103 2654 primo
3136 2592 3154 2647 3
3210 2568 3599 2635 constituitur
3636 2584 3713 2625 au·

2200 2674 2331 2733 tem
2358 2669 2423 2731 in
2453 2679 2597 2731 actu
2624 2667 2827 2748 primo
2852 2684 2967 2748 per
3002 2666 3311 2731 virtutem
3352 2661 3589 2745 agendi,
3618 2676 3709 2719 non
3788 2692 3796 2731 †

2203 2764 2643 2839 extrinsecam,
2672 2778 2813 2841 quae
2840 2761 3005 2825 illius
3030 2778 3165 2824 non
3198 2766 3321 2834 est,
3348 2758 3459 2821 sed
3480 2754 3709 2819 intrinse-
3789 2786 3796 2825 ,τ

2200 2876 2364 2933 cam,
2383 2874 2523 2937 quae
2544 2857 2627 2920 sit
2650 2855 2891 2936 inipso,
2919 2854 3023 2917 vel
3048 2856 3263 2937 potius
3296 2852 3379 2915 sit
3406 2850 3561 2915 idem
3584 2844 3707 2927 quod
3795 2882 3796 2885 κ

2200 2950 2651 3033 ipsum3unde‚
2666 2951 2719 3013 si
2734 2950 2943 3030 aliqua
2972 2948 3341 3030 hujusmodi
3368 2947 3555 3009 virtus
3584 2943 3637 3003 in
3656 2952 3707 3044 co
3795 2978 3796 2981 =

2200 3064 2333 3110 non
2355 3050 2763 3127 supponatur,
2790 3044 3183 3125 impossihile
3212 3038 3500 3121 estquod
3521 3054 3616 3117 per
3635 3032 3709 3093 ah·
3786 3034 3791 3121 Δῖ

2202 3160 2393 3223 quam
2408 3140 2835 3203 immediatam
2850 3140 2989 3219 conj
2996 3140 3371 3203 unctionem
3381 3135 3461 3199 ad
3470 3134 3707 3195 virtutem
3783 3140 3791 3217 ⁴ss

2200 3234 2561 3319 principalis
2592 3234 2841 3314 agentis
2874 3235 2941 3296 in
2992 3240 3137 3297 actu
3182 3234 3395 3315 primo
3436 3225 3707 3293 constitua·
3787 3224 3789 3235 '

2199 3338 2319 3405 tur,
2352 3334 2425 3392 ut
2446 3331 2597 3392 satis
2620 3330 3117 3391 demonstratum
3134 3334 3261 3393 est.

2278 3430 2380 3490 3‘1.
2410 3425 2513 3489 Aa
2532 3425 3013 3507 quintum—Ad
3040 3425 3337 3504 quintum
3376 3420 3585 3484 eadem
3610 3411 3707 3473 fere
3785 3463 3791 3472 .

2200 3526 2299 3582 est
2320 3519 2645 3600 responsio
2668 3540 2687 3595 3
2712 3519 2823 3580 illa
2840 3520 3009 3581 euim
3032 3518 3421 3600 propositio:
3450 3516 3627 3575 Causa
3642 3506 3709 3565 in·

2196 3614 2389 3677 ferior
2415 3612 2735 3694 perficitur
2758 3614 2825 3674 in
2852 3614 3099 3676 ratione
3128 3630 3341 3677 causae
3372 3628 3445 3673 ex
3468 3604 3709 3684 conjunc-

2198 3708 2369 3772 tione
2412 3712 2475 3769 et
2521 3706 3035 3770 subordinatione
3070 3708 3154 3770 ad
3196 3706 3575 3787 superiorem
3598 3695 3707 3755 abs·

2198 3820 2323 3884 qne
2338 3801 2743 3882 superaddita
2756 3802 3039 3877 entitate,
3060 3808 3273 3881 potest
3302 3798 3547 3881 quidem
3560 3787 3705 3851 habc-

2194 3914 2267 3959 re
2294 3914 2513 3959 verum
2538 3914 2813 3973 sensum,
2833 3897 2972 3957 siin
2996 3914 3189 3959 causa
3213 3890 3493 3957 inferiori
3526 3896 3709 3963 supP⁰·
3790 3946 3792 3973 Ι

2196 3996 2383 4053 natur
2404 3989 2643 4071 aliquid
2662 4008 2787 4071 quo
2818 3991 3013 4071 possit
3040 4008 3181 4053 esse
3200 4006 3417 4063 causa,
3440 3969 3705 4075 se11(<l¹¹⁰·d

2198 4082 2367 4145 idem
2394 4086 2511 4162 est)
2538 4102 2667 4165 quo
2690 4084 2921 4146 habeat
2956 4084 3237 4164 aliquam
3266 4082 3391 4143 vim
3430 4064 3699 4139 eausauffl,

2198 4178 2487 4258 quamvis
2518 4178 2971 4258 imperfectam,
2994 4196 3135 4258 qum
3150 4176 3372 4259 perfici
3398 4170 3605 4233 dicitur
3619 4174 3699 4267 per

2201 4272 2712 4351 conjunctionem
2728 4272 2811 4333 ad
2832 4273 3243 4352 superiorem,
3274 4286 3399 4331 nou
3412 4258 3703 4355 formaliter

2202 4366 2353 4427 etin
2384 4382 2473 4437 se,
2510 4365 2623 4427 sed
2664 4366 3082 4447 cooperative,
3108 4374 3175 4429 ut
3202 4365 3291 4427 sic
3340 4362 3556 4427 dicam,
3586 4354 3637 4454 (ἒξ
3658 4359 3701 4403 ¹¹¹

2202 4458 2419 4521 ordine
2450 4460 2531 4521 ad
2542 4461 2878 4534 actionem3
2898 4466 2961 4523 et
2986 4461 3091 4522 hic
3116 4476 3341 4521 sensus
3354 4453 3498 4517 satis
3520 4443 3705 4510 indica·

2201 4553 2395 4616 turin
2418 4554 2571 4633 ipsis
2600 4555 2961 4616 nominibus
3004 4572 3213 4615 causas
3238 4544 3539 4613 inferioris
3554 4543 3605 4600 et
3628 4550 3703 4593 su-

2203 4646 2487 4728 perioris.
2516 4648 2696 4723 Quod
2719 4654 2929 4710 antem
2958 4648 3039 4709 sit
3076 4665 3267 4709 causa
3290 4640 3553 4709 inferior,
3586 4620 3703 4692 mlul
3788 4664 3790 4671 ·

2201 4742 2267 4804 in
2280 4760 2349 4805 se
2372 4742 2617 4804 habens
2632 4761 2757 4823 quo
2774 4744 2972 4823 possit
2988 4760 3127 4805 esse
3156 4758 3371 4813 causa,
3398 4732 3701 4813 repugnans
3788 4822 3790 4827 .

2201 4840 2332 4908 est;
2362 4852 2600 4911 rursus,
2620 4836 2812 4916 quod,
2828 4836 2983 4897 nihil
3006 4854 3237 4899 novum
3258 4828 3573 4909 recipiens,
3592 4828 3703 4896 Per·
3788 4846 3790 4913 ξ

2202 4926 2449 4991 ficiatur
2476 4930 2541 4990 in
2567 4930 2807 4992 ratione
2836 4948 3039 4993 causae
3068 4950 3183 5012 per
3206 4920 3695 5007 conjunctionem,
3788 4940 3790 4955 =

2202 5025 2414 5085 nescio
2438 5040 2655 5104 quam,
2678 5026 2761 5087 ad
2776 5027 3187 5107 superiorem,
3202 5011 3697 5087 contradictionem
3788 5038 3790 5111 Ξ

2204 5124 2487 5198 apertam
2526 5119 2812 5199 involvit3
2844 5122 3015 5201 quia,
3048 5121 3103 5183 si
3144 5118 3296 5181 nihil
3344 5113 3409 5173 in
3455 5123 3516 5168 se
3548 5093 3699 5200 halle*

2204 5228 2331 5291 quo
2370 5230 2633 5275 causare
2668 5214 2889 5294 possit,
2914 5214 3231 5295 quomodo
3276 5222 3456 5271 causa
3484 5194 3695 5260 infenor

2202 5305 2577 5385 appellatur,
2608 5314 2950 5389 antequam
2968 5306 3273 5388 superiori
3310 5288 3689 5393 conjungatur,

2208 5406 2273 5462 ut
2302 5418 2419 5481 per
2442 5418 2585 5463 eam
2626 5403 3139 5484 conjunctionem
3180 5395 3519 5481 perficiatur
3538 5396 3592 5442 m
3615 5388 3694 5435 ra-

2204 5493 2377 5557 tione
2401 5500 2655 5558 causae?
2680 5497 2829 5575 Aut,
2855 5498 2905 5559 si
2928 5501 3077 5560 ante
3096 5488 3568 5575 conjunctionem
3586 5463 3693 5531 nul‘
