3892 6167
492 353 610 412 56ss

493 459 717 526 Aman,
765 455 874 516 sed
917 471 1026 516 rex
1055 461 1438 534 praeceperat
1475 473 1618 518 eum
1650 455 1731 515 ab
1759 455 2054 516 omnibns

491 549 794 622 adorari3
853 567 981 610 non
1032 553 1127 612 est
1180 555 1391 610 autem
1447 549 1782 610 verisimile
1833 565 2055 616 renem

492 643 860 723 praecepisse
909 649 980 705 ut
1031 644 1232 721 major
1283 641 1569 704 adoratio
1615 644 1814 704 Aman
1863 657 2054 720 quam

493 737 610 798 sibi
643 736 1024 797 tribueretur
1039 751 1060 814 3
1107 729 1223 796 s‘ibi
1272 742 1484 797 autem
1527 753 1656 796 non
1697 734 2057 814 postulabat

493 829 736 892 divinos
767 829 1066 902 honoreS,
1097 845 1306 908 neque
1337 829 1508 888 enim
1530 845 1706 889 sacra
1736 829 2053 908 Scriptura

493 923 613 982 hoc
641 921 854 995 refert,
890 938 1007 983 nec
1035 921 1304 1000 legimns
1331 921 1798 983 mardochaeum
1827 920 1924 980 vel
1956 921 2057 980 Es-

493 1015 634 1076 ther
689 1031 954 1094 negasse
1006 1015 1140 1094 regi
1194 1015 1484 1076 usitatam
1535 1021 1600 1075 et
1657 1029 2059 1076 communem

495 1107 944 1170 adorationem.
981 1107 1140 1180 Quin
1165 1109 1392 1188 potine,
1421 1107 1484 1168 in
1513 1107 1702 1168 variis
1729 1107 1896 1172 illius
1921 1105 2059 1166 libri

493 1201 648 1263 locis
677 1201 1056 1264 contrarium
1087 1220 1214 1262 non
1245 1201 1510 1264 obscure
1539 1200 1946 1282 significatur.

573 1297 634 1355 6.
676 1295 1102 1358 Mardnohoeus
1165 1295 1422 1358 adorare
1473 1293 1674 1358 Amaia
1727 1313 1838 1358 cur
1889 1311 2063 1358 recu·

493 1391 674 1452 savit.
717 1421 798 1436 —-
845 1387 1124 1467 Cajetan.
1169 1407 1496 1469 exponens
1539 1389 1609 1449 D.
1649 1387 1873 1449 Thom.
1909 1387 2061 1450 dicit

492 1484 684 1544 fuisse
731 1501 970 1544 morem
1019 1482 1421 1556 ludaeorum,
1471 1481 1585 1544 soli
1630 1481 1762 1542 Deo
1805 1481 2058 1544 flectere

495 1584 832 1654 utrumque
881 1595 1072 1655 genu,
1115 1575 1286 1656 quod
1329 1595 1406 1638 ex
1445 1577 1484 1639 3
1521 1579 1672 1654 fleg.
1715 1578 1755 1639 8
1798 1576 2055 1652 colligit,

501 1669 599 1730 nbi
624 1671 771 1732 satis
793 1671 1057 1731 obscure
1080 1669 1144 1730 in
1167 1669 1522 1731 Salomonis
1546 1669 1912 1731 adoratione
1937 1669 2058 1731 hoe

519 1764 830 1824 ndicatur.
875 1763 1196 1842 Conjeetat
1243 1763 1472 1824 deinde
1516 1763 1637 1825 hoc
1677 1761 2057 1825 adorationis

501 1875 699 1936 genus
715 1855 904 1917 fuisse
921 1873 956 1914 a
972 1855 1360 1918 Mardochaeo
1375 1861 1674 1936 negatum
1689 1855 1806 1935 ipsi
1827 1859 2053 1928 Aman,

487 1953 646 2032 -quia
675 1967 818 2012 cum
839 1949 918 2012 de
938 1948 1058 2011 hac
1087 1967 1156 2010 re
1183 1957 1606 2020 accusaretur,
1639 1949 1965 2028 respondit
1988 1967 2055 2010 se

497 2043 787 2106 Judaeum
841 2059 1004 2114 esse,
1051 2059 1126 2104 ae
1181 2041 1234 2102 si
1285 2041 1521 2104 diceret
1559 2042 1640 2103 ad
1682 2043 2057 2120 religionem

497 2139 530 2200 J
539 2138 863 2199 udaeorum
891 2136 1224 2218 pertinere,
1255 2135 1445 2198 talem
1473 2135 1907 2199 adorationem
1937 2138 2054 2196 ho-

495 2233 653 2294 mini
693 2251 823 2294 non
871 2230 1163 2292 tribuere.
1219 2227 1506 2308 Denique
1557 2229 1675 2292 sub
1716 2229 1912 2292 dubio
1964 2248 2059 2292 re-

492 2328 720 2408 linquit
760 2325 1092 2406 Cajetanus
1131 2341 1237 2398 an,
1286 2325 1566 2405 pensatis
1615 2325 1906 2386 omnibus
1941 2325 2055 2386 cir·

497 2421 884 2483 cumstantiis
921 2436 1060 2497 quoe
1091 2426 1240 2480 tunc
1275 2417 1685 2481 occurrebant
1715 2463 1732 2491 ‚
1782 2419 2055 2499 pruden-

492 2520 591 2577 ter
627 2531 693 2575 se
733 2515 1001 2594 gesserit
1038 2511 1495 2574 Mardochoeus.
1537 2513 1850 2575 Potuisset
1883 2514 2054 2574 enim

491 2607 756 2669 fortasse
790 2607 852 2669 in
885 2608 1088 2668 aliena
1120 2607 1374 2686 regione
1405 2606 1740 2667 connivere
1761 2651 1776 2678 ,
1817 2613 1879 2668 et
1903 2625 2055 2668 eon-

499 2711 744 2764 suetum
789 2719 1026 2762 morem
1080 2697 1382 2760 adorandi
1425 2699 1742 2778 principes
1785 2701 2062 2761 exterius

500 2815 776 2870 servare,
803 2796 1080 2857 debitam
1113 2793 1638 2854 existimationem
1669 2807 1743 2854 ac
1771 2793 2067 2856 intentio-

499 2910 643 2952 nem
684 2890 946 2952 interius
985 2886 1336 2950 retinendo]
1379 2887 1690 2960 Quoniam
1724 2902 1874 2946 vero
1907 2887 2066 2949 Srri·

499 2991 682 3064 ptura
713 3001 888 3044 sacra
919 2981 1150 3044 factum
1178 2978 1554 3042 Mardocliaei
1595 2978 1860 3057 probare
1885 2979 2063 3040 vide-

500 3083 633 3150 tur,
674 3075 1058 3137 credendum
1097 3080 1192 3135 est
1220 3071 1680 3134 Mardoehoeum
1720 3073 2065 3153 prudenter

501 3170 727 3250 egisse,
777 3176 841 3230 et
887 3187 966 3229 ne
1006 3165 1284 3228 adoratio
1323 3166 1426 3226 illa
1473 3166 1533 3226 in
1575 3165 1766 3227 divini
1807 3166 2063 3226 honoris

502 3261 1008 3334 diminutionem,
1043 3267 1150 3320 aut
1179 3259 1240 3318 in
1267 3277 1394 3318 suaa
1425 3257 1746 3336 religionis
1777 3267 2061 3319 cuntem-

502 3363 703 3436 ptnm,
732 3355 828 3416 vel
859 3357 919 3416 in
946 3355 1212 3416 aliorum
1239 3351 1606 3414 scandulum
1633 3351 1905 3426 cederet,
1935 3371 2063 3413 me·

502 3452 622 3513 rito
649 3451 951 3512 timuisse.

583 3545 642 3605 7.
669 3543 942 3622 Anqelus
982 3542 1054 3608 ab
1093 3541 1501 3622 Evanqelista
1542 3542 1594 3605 J
1597 3557 1785 3604 oanne
1813 3541 2064 3604 adorari

503 3657 615 3702 cur
641 3637 1168 3701 remansa—Ad
1193 3635 1566 3706 secuudum,
1585 3636 1872 3712 August..
1899 3651 1961 3710 q.
1984 3633 2052 3695 61

503 3732 566 3794 in
597 3731 847 3806 Genea„
881 3730 1032 3792 dicit
1084 3731 1269 3792 talem
1316 3729 1684 3808 apparuisse
1727 3727 2062 3805 Angelum,

504 3833 572 3888 ut
605 3827 766 3887 Deus
797 3825 1128 3887 existimari
1179 3825 1478 3902 potuerit,
1509 3839 1622 3883 seu
1667 3821 1966 3893 Christus,
2004 3832 2066 3886 et

503 3921 648 3981 ideo
693 3919 1071 3998 prohibitum
1103 3917 1295 3978 fuisse
1326 3917 1642 3980 Joannem
1673 3935 1754 3976 ne
1786 3917 1870 3976 illi
1915 3915 2067 3978 ado·

503 4015 811 4076 rationem
857 4012 1053 4072 latriae
1101 4012 1432 4084 tribueret,
1469 4027 1595 4070 non
1630 4027 1705 4070 ex
1735 4007 1946 4086 aliquo
1976 4029 2067 4071 er-

504 4123 646 4168 rore
677 4107 838 4167 cii-ea
871 4105 1301 4166 adorationem
1334 4105 1559 4181 ipsam,
1583 4101 1693 4163 sed
1721 4103 1880 4163 circa
1915 4121 2065 4182 per-

507 4217 750 4262 sonam.
783 4199 951 4261 Idem
979 4199 1164 4259 habet
1193 4197 1296 4258 lib.
1321 4199 1402 4261 20
1422 4203 1637 4259 eontra
1659 4195 1897 4269 Faust.,
1923 4215 2061 4276 cap.

507 4293 608 4353 21.
639 4294 764 4352 Nec
792 4291 1072 4369 displicet
1106 4291 1174 4351 D.
1197 4291 1416 4353 Thom.
1443 4291 1504 4351 2.
1535 4291 1596 4360 2,
1623 4307 1684 4366 q.
1719 4291 1820 4356 84,
1852 4295 1967 4350 art.
2006 4295 2065 4360 1.

508 4383 588 4444 ad
631 4389 658 4446 1
698 4403 714 4456 3
749 4383 1150 4444 verisimilius
1195 4389 1404 4442 tamen
1453 4381 1706 4442 videtur
1755 4381 2067 4444 loannem

508 4477 748 4540 nullam
789 4475 1008 4536 falsam
1051 4471 1575 4535 existimationem
1608 4473 1928 4550 habuisse,
1958 4493 2071 4535 ne-

509 4589 633 4650 que
690 4569 885 4630 latriae
933 4568 1362 4628 adolationem
1415 4566 1712 4628 exhibere
1768 4568 2065 4628 voluisse.

511 4662 860 4727 Praesertim
886 4679 1026 4722 cum
1053 4659 1434 4731 admonitus,
1455 4677 1592 4738 cap.
1624 4662 1724 4734 19,
1749 4661 1977 4722 iterum
2004 4661 2070 4720 id

393 4767 398 4773 ’
511 4755 908 4819 contenderit
931 4755 992 4816 in
1018 4772 1070 4815 c.
1099 4755 1200 4814 22.
1231 4750 1445 4814 Solum
1481 4771 1632 4831 ergo
1662 4755 1934 4815 exterius
1964 4772 2071 4814 ex—

511 4852 730 4912 hibere
797 4849 990 4911 voluit
1045 4844 1286 4925 Angelo
1361 4863 1670 4907 summam
1728 4846 2069 4925 quamdam

513 4945 970 5016 adorationem,
1011 4941 1226 5004 debita
1272 4940 1620 5003 intentione
1659 4945 1722 5004 et
1753 4942 2070 5004 existima-

509 5042 686 5100 tione
738 5039 1004 5098 interius
1053 5042 1338 5107 servata;
1371 5035 1646 5111 Angelus
1673 5042 1885 5097 autem
1927 5053 2070 5098 eam

513 5132 950 5193 adorationem
981 5130 1307 5192 admittere
1347 5129 1698 5204 recusavit,
1735 5129 2070 5192 Joannem-

513 5243 638 5303 que
667 5224 1004 5303 prohibuit,
1029 5241 1156 5284 non
1185 5224 1332 5302 quia
1362 5222 1526 5282 male
1556 5228 1795 5301 ageret,
1819 5223 1931 5283 sed
1972 5220 2070 5282 vel

514 5339 591 5382 ex
624 5319 898 5399 quadam
933 5317 1309 5389 urbanitate,
1331 5315 1432 5378 vel
1466 5334 1540 5376 ex
1567 5315 1871 5391 singulari
1894 5333 2072 5376 reve-

513 5416 714 5476 rentia
751 5418 1088 5492 assumptae
1131 5409 1559 5485 humanitatis,
1591 5415 1662 5471 ut
1691 5409 1907 5472 dieunt
1947 5407 2071 5470 Ru-

515 5513 674 5586 pert.
683 5505 819 5583 ,lib.
843 5507 920 5568 10
941 5507 1005 5568 in
1031 5504 1310 5585 Apoeal.;
1336 5502 1543 5566 Ansel.
1575 5514 1636 5567 et
1659 5503 1837 5581 Bed„
1861 5521 1916 5566 c.
1947 5506 2066 5582 193

1721 353 1956 420 Quffls'r.
1992 353 2141 407 xxv.
2174 355 2378 409 Anne.
2412 355 2473 408 n.

2134 455 2396 522 Bonan,
2428 453 2493 514 in
2522 455 2579 518 3.
2608 453 2751 514 dist.
2788 456 2853 518 9.
2891 457 3010 512 art.
3044 455 3102 524 1,
3133 467 3198 530 q.
3237 454 3351 521 15ς
3394 451 3497 512 vet
3534 451 3693 514 deta-

2135 561 2261 624 que
2310 551 2381 610 ut
2426 547 2737 608 indicaret
2788 545 3139 606 consultius
3190 563 3335 606 esse
3394 561 3693 608 summam

2138 639 2566 702 adorationem
2608 644 2673 700 et
2718 637 3204 700 submissionem
3254 638 3451 699 etiam
3512 647 3694 700 exter-

2136 750 2285 794 nam
2318 751 2563 794 summo
2594 734 2719 794 Deo
2750 749 3089 792 reservare.
3122 731 3505 809 Exemplum
3532 733 3693 808 hujus

2138 826 2232 888 rei
2262 831 2477 906 petere
2506 843 2841 906 pessumus
2865 843 2943 886 ex
2978 825 3107 886 vm
3138 823 3417 904 Synod..
3440 843 3585 904 cap.
3610 829 3693 897 u,

2140 921 2250 981 ubi
2278 921 2507 983 dicitur
2532 937 2656 982 non
2690 919 2923 981 debere
2956 919 3301 998 Episcopos
3320 925 3479 979 ante
3506 937 3697 998 genua

2140 1015 2495 1094 principum
2522 1014 2895 1075 secularium
2928 1012 3011 1076 ad
3042 1031 3149 1074 eos
3177 1012 3553 1073 adorandos
3577 1031 3699 1090 pre·

2142 1107 2465 1182 cumbere,
2502 1108 2791 1186 quamvis
2828 1124 2973 1168 cum
3000 1105 3177 1167 omni
3216 1105 3533 1168 modestia
3579 1105 3698 1166 illas

2142 1201 2418 1262 debeant
2444 1201 2781 1262 honorare.

2222 1297 2283 1358 8.
2308 1296 2705 1358 Adorauonie
2730 1311 2943 1356 nomm
2964 1295 3255 1375 qumodo
3275 1295 3346 1356 in
3377 1291 3699 1372 Seu-ipim

2140 1391 2436 1468 usurpari
2459 1389 2735 1452 solitum.
2754 1419 2837 1436 —
2860 1387 2955 1449 Ad
2978 1389 3262 1461 tertium,
3284 1387 3701 1466 Hieronymus

2142 1485 2359 1543 contra
2420 1482 2829 1562 vigilantium
2890 1482 3272 1561 suspicatur,
3320 1480 3697 1551 Cornelium,

2138 1579 2290 1638 tune
2324 1579 2623 1656 temporis
2660 1577 2729 1636 in
2774 1575 2901 1638 fide
2940 1593 3069 1637 nen
3118 1575 3275 1636 satis
3306 1577 3699 1646 instructam,

2140 1669 2421 1732 divinum
2458 1671 2695 1750 aliquid
2727 1671 2794 1730 in
2826 1673 3006 1732 Petro
3036 1670 3431 1748 suspexisse.
3460 1668 3591 1730 Sed
3618 1685 3703 1726 ve-

2138 1763 2463 1826 risimilius
2490 1764 2787 1844 estquod
2820 1763 3072 1843 Chrys„
3106 1765 3279 1826 hom.
3310 1765 3397 1826 23
3425 1765 3491 1824 in
3540 1767 3697 1836 Acta,

2137 1857 2313 1932 dicit,
2342 1863 2405 1920 et
2436 1857 2795 1922 Corneliam
2840 1863 3011 1919 recte
3040 1857 3273 1918 fecisse
3302 1858 3565 1918 Petrum
3602 1855 3701 1914 ha·-

2136 1952 2445 2028 norando,
2494 1958 2559 2013 et
2598 1953 2947 2026 adorando,
2998 1960 3065 2016 et
3118 1955 3381 2016 Petrum
3440 1951 3701 2012 modeste

2138 2045 2327 2106 etiam
2358 2051 2421 2108 et
2450 2045 2811 2108 humaniter
2840 2046 3043 2127 egisse
3062 2045 3520 2108 adorationem
3548 2061 3699 2104 reeu-

2140 2139 2363 2202 sande.

2222 2235 2283 2296 9.
2317 2233 2413 2295 Ad
2440 2241 2733 2314 quartum
2760 2235 2895 2314 jam
2938 2251 3129 2316 supra
3161 2234 3553 2314 praecedenti
3592 2233 3697 2292 dis-

2140 2327 2463 2407 putatione
2488 2334 2811 2390 ostensum
2830 2335 2947 2401 est,
2972 2329 3369 2390 adorationis
3382 2343 3621 2388 nomen
3632 2325 3698 2386 de

2136 2439 2205 2483 se
2258 2438 2595 2482 commune
2640 2440 2803 2493 esse,
2848 2429 2909 2484 et
2956 2423 3335 2484 abstrahere
3366 2439 3409 2481 a
3438 2422 3616 2482 latria
3648 2426 3697 2480 et

2135 2516 2327 2579 dulia.
2358 2515 2537 2578 Unde
2566 2517 2655 2590 tit,
2688 2517 2753 2577 in
2785 2517 2992 2597 rigore
3024 2518 3213 2579 tribui
3246 2533 3447 2596 posse
3496 2517 3693 2576 honeri

2138 2610 2497 2672 hominibus
2544 2609 2843 2684 exhibito,
2868 2619 2940 2672 ut
2980 2629 3059 2672 ex
3090 2629 3207 2672 usu
3242 2612 3593 2690 Scripturas
3617 2627 3695 2669 sa·

2145 2705 2223 2765 tis
2250 2710 2513 2778 constat,
2538 2703 2720 2782 cujus
2748 2705 2920 2765 varia
2956 2705 3321 2766 testimonia
3350 2705 3693 2772 citavimus,

2148 2805 2211 2858 et
2230 2796 2456 2857 similia
2482 2803 2625 2858 sunt
2646 2797 2873 2860 Genea.
2892 2799 2992 2868 33,
3026 2801 3105 2860 43
3128 2821 3145 2873 ;
3172 2804 3201 2862 1
3238 2801 3401 2877 Reg.
3426 2801 3507 2860 20
3536 2806 3593 2856 et
3612 2799 3693 2858 25.

2148 2895 2213 2950 et
2236 2907 2403 2969 saepe
2430 2889 2609 2961 aliae,
2634 2895 2701 2951 ut
2731 2889 2943 2952 videre
2972 2893 3163 2953 etiam
3196 2892 3350 2952 lieet
3376 2891 3449 2950 in
3474 2891 3583 2950 vn
3606 2890 3695 2968 Sy·

2149 2983 2327 3059 nod„
2352 2989 2472 3044 aet.
2500 2987 2558 3057 1,
2586 2991 2651 3044 et
2673 2987 2735 3055 2,
2762 2991 2825 3046 et
2856 2987 2919 3055 4,
2956 2985 3063 3046 nbi
3088 2985 3243 3048 varii
3278 2985 3501 3046 Patres
3526 2983 3699 3044 citan—

2144 3084 2266 3148 tur,
2295 3083 2357 3137 et
2388 3077 2519 3140 haec
2546 3085 2829 3148 vocatur,
2848 3079 3179 3141 honoraria
3206 3077 3524 3142 adoratio.
3546 3073 3699 3138 Unde

2144 3169 2551 3248 Augustinus,
2582 3187 2772 3232 serm.
2807 3175 2883 3232 15
2922 3171 3003 3232 de
3030 3172 3303 3246 Sanctis,
3336 3173 3403 3231 in
3442 3170 3593 3243 fine,
3614 3169 3695 3228 in-

2142 3264 2311 3341 quit:
2349 3263 2797 3326 Beni-‘ssimum
2824 3263 3081 3328 Petrum
3101 3267 3477 3346 piscatorem
3506 3265 3697 3327 adorat

2144 3361 2417 3436 maelium
2466 3359 2793 3420 multitudo
2840 3359 3253 3429 credentium;
3284 3365 3351 3419 et
3394 3359 3481 3420 10
3518 3357 3599 3418 de
3622 3357 3695 3414 Ci-

2143 3452 2249 3510 vit.
2266 3493 2281 3523 ,
2311 3467 2449 3530 cap.
2484 3452 2548 3524 4,
2578 3449 2752 3524 dicit,
2778 3451 3038 3513 nemim
3064 3469 3191 3514 ease
3218 3452 3504 3514 colendos
3530 3461 3585 3514 ee
3611 3451 3695 3511 ko-

2142 3545 2464 3613 noraadoa,
2488 3549 2546 3606 et
2566 3542 2619 3605 ,εἰ
2638 3547 2895 3606 multem
2926 3544 3013 3607 eis
3042 3547 3335 3617 addatur,
3360 3547 3551 3606 etiam
3578 3546 3695 3606 acio-

2145 3641 2393 3699 randoa.
2421 3637 2737 3698 interdum
2760 3655 2911 3698 vero
2928 3644 3197 3700 utuntur
3226 3640 3451 3700 Patres
3480 3639 3697 3700 haeve-

2148 3748 2220 3791 ce
2254 3730 2618 3808 simpliciter
2642 3729 2926 3804 dieta‚ad
2958 3731 3455 3810 significandam
3474 3749 3587 3812 per
3608 3749 3697 3791 an·

2147 3825 2562 3884 tonomasiam
2606 3839 2965 3902 supremam
3005 3824 3455 3886 adorationem
3496 3825 3695 3886 latriae.

2146 3919 2220 3979 Et
2246 3919 2362 3979 lioc
2392 3917 2581 3978 modo
2612 3920 2953 3996 loquuntur
2972 3919 3038 3978 in
3060 3917 3265 3980 citatis
3286 3919 3471 3993 loeis,
3498 3929 3571 3982 ut
3592 3939 3702 3980 ma·

2149 4009 2375 4071 nifeste
2406 4017 2683 4083 constat,
2716 4029 2840 4070 non
2874 4012 3075 4071 solnm
3106 4031 3185 4072 ex
3216 4013 3359 4074 aliis
3386 4014 3543 4076 loeis
3558 4057 3578 4088 ,
3606 4013 3699 4073 sed

2148 4105 2333 4164 etiam
2364 4121 2440 4165 ex
2472 4104 2752 4174 eisdem:
2784 4107 2869 4164 ita
2900 4106 3071 4165 enim
3102 4113 3347 4185 negant
3388 4125 3531 4169 esse
3568 4108 3703 4168 ado·

2148 4198 2381 4258 randos
2411 4199 2673 4259 Sanctus
2708 4205 2775 4259 nt
2797 4197 3118 4260 fateantur
3144 4215 3290 4259 esse
3322 4199 3623 4262 colendos
3650 4207 3703 4260 et

2150 4291 2558 4363 invocandos,
2578 4291 2657 4352 ad
2682 4307 2827 4352 eum
2854 4291 3115 4352 modum
3138 4309 3269 4370 qno
3290 4293 3451 4353 Paul
3486 4339 3505 4368 ,
3524 4293 3603 4372 ad
3620 4295 3701 4354 Ti·

2148 4391 2299 4444 mot.
2346 4387 2373 4444 1
2404 4431 2417 4456 ,
2458 4383 2645 4445 dicit:
2684 4381 2973 4448 2501ti
2998 4385 3186 4446 honor
3207 4392 3267 4447 et
3293 4388 3547 4468 ylario,
3576 4405 3699 4448 eum

2149 4483 2361 4538 tumen
2400 4477 2483 4539 ad
2523 4478 2702 4540 Rom.
2732 4477 2935 4538 dieat:
2968 4475 3189 4544 Gloria
3226 4486 3286 4544 et
3324 4481 3525 4544 honor
3556 4483 3699 4542 omi

2148 4573 2421 4649 operanti
2452 4572 2684 4634 bomem.
3022 4583 3043 4600 ·

2780 4747 3001 4802 SECTto
3030 4747 3093 4800 11.

2178 4873 2302 4942 Quae
2337 4875 2611 4946 adoratio,
2645 4883 2699 4932 et
2732 4867 2955 4950 propter
2992 4891 3159 4949 quam
3196 4893 3437 4936 causam
3474 4879 3673 4938 Sanctis

2710 4961 2999 5019 tn'buenda
3026 4965 3121 5020 sit.

2234 5135 2291 5194 1.
2330 5131 2555 5195 Sancti
2582 5135 2835 5196 adorari
2856 5134 3139 5214 quomodo
3166 5137 3441 5214 possint.
3464 5169 3549 5182 -
3572 5139 3701 5198 Tres

2152 5223 2488 5286 divisiones
2519 5226 2908 5288 adorationis
2930 5243 3121 5305 supra
3164 5229 3523 5306 posuimus,
3566 5231 3701 5292 mili·

2152 5325 2250 5380 eet
2272 5319 2581 5379 internam
2614 5327 2676 5382 et
2709 5325 3059 5394 externam,
3087 5321 3342 5382 latriam
3366 5331 3433 5386 et
3458 5325 3698 5388 duliam.

2150 5413 2501 5474 absolutam
2528 5419 2591 5475 et
2612 5415 3042 5492 respectivam.
3072 5414 3383 5486 Quartam
3421 5433 3571 5479 vero
3610 5419 3701 5478 ad·

2150 5504 2297 5568 dere
2354 5523 2689 5585 possumus
2742 5513 2999 5585 propter
3050 5507 3389 5572 haereticos
3446 5514 3697 5572 sectione
