3892 6167
1293 313 1612 367 DlSl’UTA'l'.
1647 313 1813 364 xmx,
1850 315 2021 368 SECT.
2056 317 2138 368 111.

105 425 322 478 tamen
369 432 500 476 non
549 414 760 476 omnia
807 415 1184 478 conveniunt
1232 414 1288 476 ei
1331 413 1674 477 secundum

103 508 530 585 divinitatem,
561 509 745 589 quale
792 513 888 572 est
917 511 1085 592 quod
1125 511 1192 570 in
1237 527 1380 571 eum
1412 510 1678 590 Spiritus

103 607 382 668 Sanctus
432 603 828 666 descenderit
850 651 866 680 ‚
921 611 982 667 et
1035 604 1202 686 quod
1251 605 1316 666 in
1369 622 1444 666 eo
1498 603 1680 664 Pater

105 697 538 778 complaceat;
570 717 720 779 ergo
743 697 918 760 idem
959 699 1117 780 ipse,
1149 697 1228 759 de
1273 715 1398 778 quo
1425 697 1558 758 haec
1585 693 1678 756 di-

105 799 364 870 cuntur,
395 798 490 854 est
519 792 788 872 ipsemet
818 791 1007 854 Filius
1037 791 1150 854 Dei
1191 791 1516 864 naturaliS,
1549 807 1676 850 non

105 885 320 948 solum
347 889 416 948 ut
439 885 783 948 subsistens
808 886 874 946 in
898 885 1240 960 divinitate,
1265 884 1378 946 sed
1404 885 1590 945 etiam
1609 888 1678 944 ut

105 979 465 1042 subsistens
487 977 552 1040 in
575 978 968 1041 humanitate
994 980 1234 1042 ratione
1263 977 1586 1058 suppositi,
1611 979 1680 1036 ut

104 1073 352 1135 dictum
395 1079 509 1139 cst.
553 1073 782 1148 TertiO,
817 1091 960 1135 cum
1005 1071 1070 1133 in
1116 1071 1542 1152 superioribus
1585 1089 1682 1130 os-

101 1177 364 1231 tensum
392 1168 491 1244 sit,
516 1169 678 1230 hanc
707 1165 1199 1248 propositionem
1231 1165 1514 1228 absolute
1541 1183 1682 1246 pro·

103 1264 304 1324 latam
330 1279 347 1324 z
377 1253 679 1338 Christ-us,
707 1267 776 1325 ut
804 1262 997 1334 homa,
1025 1267 1114 1325 est
1140 1259 1346 1324 Filius
1374 1258 1682 1324 naturalis

103 1357 478 1432 Trinitatis,
503 1356 722 1417 falsam
756 1373 918 1432 esse,
943 1356 1090 1434 quia
1116 1353 1350 1415 indicat
1373 1353 1679 1414 Christum

105 1456 168 1510 ut
201 1449 540 1510 hominem
568 1465 705 1510 esse
743 1464 1082 1528 personam
1108 1445 1464 1508 distinctam
1489 1463 1526 1506 a
1551 1449 1682 1507 tota

102 1542 416 1602 Trinitate
435 1586 456 1617 ,
501 1557 629 1619 qua
692 1539 1234 1602 verisimilitudine
1295 1537 1415 1600 dici
1477 1541 1682 1618 potest

103 1635 464 1696 Adi-tanum
507 1633 905 1710 Pontificem,
929 1634 1030 1696 vel
1063 1631 1131 1694 in
1164 1649 1238 1694 eo
1273 1649 1462 1694 sensu
1488 1631 1682 1692 fuisse

103 1729 482 1810 simpliciter
531 1727 832 1805 locutum,
873 1725 997 1804 vel,
1044 1727 1216 1808 quod
1255 1723 1681 1788 incredibilius

105 1827 228 1898 est,
263 1823 440 1884 illam
467 1822 966 1902 propositionem
1001 1819 1382 1896 definivisse,
1415 1827 1476 1882 et
1501 1821 1683 1900 juxta

103 1917 282 1977 illam
303 1915 675 1998 praedictum
706 1913 1132 1978 testimonium
1153 1913 1504 1975 declarasse
1519 1917 1548 1974 ¹?
1565 1913 1683 1994 Igi-

103 2017 210 2072 tur
249 2023 332 2071 ex
365 2010 473 2070 illo
511 2009 870 2070 testimonio
918 2013 980 2069 et
1008 2012 1382 2088 argumento
1424 2005 1681 2068 Adriani

105 2123 238 2166 non
277 2107 492 2184 potest
519 2101 731 2163 inferri
765 2119 898 2164 esse
928 2099 1008 2161 ab
1039 2117 1113 2162 eo
1145 2099 1467 2162 definitam
1509 2100 1683 2162 illam

103 2196 614 2277 propositionem
647 2213 664 2258 ε
695 2191 998 2266 Christus,
1029 2194 1096 2254 in
1126 2199 1432 2273 quantum
1463 2193 1678 2269 home,

107 2299 204 2352 est
240 2288 440 2352 Filius
479 2287 598 2350 Dei
621 2288 948 2362 naturaliS,
981 2288 1046 2348 in
1076 2305 1266 2348 sensu
1309 2287 1506 2350 tertiae
1535 2305 1684 2350 con-

107 2383 439 2457 clusionis,
469 2382 536 2444 in
565 2401 691 2462 quo
725 2401 762 2444 a
790 2381 1125 2460 Theologis
1161 2379 1536 2460 disputatur,
1571 2381 1684 2443 sed

109 2486 364 2540 tantum
389 2478 460 2537 in
489 2496 682 2539 sensu
711 2475 1000 2540 secundae
1029 2477 1391 2538 assertionis
1411 2521 1433 2551 ,
1463 2477 1527 2538 in
1556 2493 1680 2554 quo

105 2593 144 2634 a
175 2573 330 2633 solis
359 2571 666 2633 haereticis
695 2576 982 2650 negatur.

191 2669 298 2728 37.
349 2665 474 2728 Sed
501 2663 748 2746 urgebit
777 2665 1004 2744 aliquis
1027 2712 1042 2739 ‚
1084 2663 1230 2746 quia
1261 2663 1467 2726 adhuc
1503 2665 1682 2744 juxta

105 2764 280 2822 hanc
317 2759 897 2840 interpretationem
926 2775 1055 2820 non
1089 2765 1184 2821 est
1212 2758 1465 2820 firmum
1495 2775 1683 2838 argu·

104 2859 405 2918 mentum
440 2848 786 2928 Pontifieis3
827 2859 1026 2915 totum
1066 2853 1236 2914 enim
1281 2851 1579 2914 fundatur
1619 2853 1681 2912 in

105 2945 574 3028 ponderatione
625 2943 794 3008 illius
837 2947 1050 3023 verbi,
1101 2943 1464 3029 complacui,
1511 2945 1683 3024 quod

109 3050 335 3104 tamen
382 3037 626 3101 nullum
677 3039 867 3101 habet
916 3039 1230 3120 singulare
1283 3040 1681 3119 mysterium,

107 3151 332 3216 neque
355 3151 432 3194 ex
449 3133 507 3195 vi
525 3151 652 3194 suae
675 3129 1144 3213 significationis
1163 3131 1312 3194 dicit
1328 3137 1684 3212 respectum

105 3229 194 3290 ad
222 3230 383 3290 alins
409 3227 591 3288 simul
613 3227 953 3308 placenteS,
979 3230 1049 3287 ut
1077 3243 1154 3287 ex
1178 3243 1296 3288 usu
1324 3225 1680 3288 Latinorum

107 3325 390 3398 constat,
418 3325 480 3384 et
506 3319 852 3382 evidentius
884 3337 959 3381 ex
989 3319 1180 3380 verbo
1207 3333 1408 3400 groeco
1436 3319 1525 3381 illi
1554 3339 1686 3382 res-

105 3417 466 3498 pondente,
491 3424 736 3484 Εῡδωιέω,
763 3411 936 3494 quod
963 3411 1119 3474 nihil
1151 3411 1322 3474 aliud
1350 3411 1682 3494 significat,

106 3531 314 3592 quam
341 3509 806 3590 beneplacitum
835 3507 1072 3568 habere
1102 3505 1184 3569 ad
1227 3507 1530 3588 aliquem3
1564 3513 1686 3568 est·

108 3625 245 3684 que
290 3605 411 3666 hoc
443 3601 704 3665 verbum
735 3601 1056 3682 peculiare
1087 3600 1314 3663 divinis
1360 3601 1580 3662 litteris
1608 3601 1688 3661 ad

105 3696 574 3761 declarandum
612 3695 780 3757 hunc
815 3693 1198 3776 singularem
1243 3702 1306 3758 et
1343 3694 1690 3758 maximum

107 3793 422 3856 affectum
449 3789 532 3852 ad
576 3789 875 3870 aliquem.
907 3789 997 3852 Ac
1027 3789 1290 3867 deinde,
1322 3789 1468 3852 licet
1510 3789 1689 3852 dare·

105 3905 262 3950 mus
293 3884 558 3948 verbum
586 3883 742 3946 illud
764 3883 1118 3964 significare
1148 3881 1416 3946 aliorum
1439 3903 1690 3946 consor·

103 3985 277 4044 tium
313 3979 379 4040 in
425 3979 534 4039 tali
581 3977 809 4040 affectu
852 3983 914 4040 et
957 3977 1373 4058 beneplacitO,
1413 3997 1524 4039 cur
1557 3997 1688 4040 non

105 4079 337 4158 posset
363 4079 636 4134 aeternus
680 4075 864 4135 Pater
905 4068 968 4134 id
1009 4072 1220 4134 dicere
1262 4072 1342 4134 de
1377 4091 1490 4133 suo
1533 4071 1686 4134 Filio

105 4167 474 4234 secundum
519 4165 948 4229 divinitatem?
984 4185 1134 4228 nam
1182 4167 1372 4230 etiam
1423 4167 1688 4247 Spiritus

107 4269 388 4327 Sanctus
415 4260 482 4322 in
525 4261 631 4323 illo
677 4259 1050 4344 complacet,
1081 4261 1146 4322 et
1183 4259 1372 4322 Filius
1405 4261 1539 4342 ipse
1571 4259 1688 4322 sibi

111 4359 236 4438 ipsi
292 4357 521 4436 placet,
566 4355 754 4416 etiam
791 4353 846 4415 si
890 4371 1098 4434 neque
1139 4373 1178 4415 a
1221 4372 1313 4432 se,
1359 4372 1567 4432 neque
1612 4351 1690 4415 ab

111 4451 360 4532 Spiritu
378 4449 606 4511 Sancto
627 4446 947 4530 procedat,
965 4448 1140 4528 quod
1163 4467 1290 4509 non
1313 4447 1522 4521 refert,
1545 4447 1691 4528 quia

107 4543 280 4608 illud
333 4543 596 4604 verbum
649 4561 780 4604 non
832 4539 1146 4623 significat
1202 4541 1585 4603 consortium
1626 4539 1691 4602 in

111 4640 370 4720 origine
398 4655 510 4699 seu
539 4636 978 4720 productione,
999 4635 1112 4697 sed
1141 4641 1386 4698 tantum
1406 4637 1470 4698 in
1509 4637 1692 4698 affec·

111 4743 182 4795 tu
207 4749 226 4810 3
257 4737 347 4808 ut,
373 4731 421 4791 si
450 4731 618 4793 inter
645 4731 934 4792 homines
957 4737 1135 4810 pater
1157 4728 1340 4790 simul
1366 4747 1508 4790 cum
1535 4727 1693 4792 ami-

113 4831 212 4890 cis
237 4829 480 4889 bonum
514 4825 806 4888 affectum
827 4823 1062 4884 habeat
1083 4823 1163 4884 ad
1187 4823 1411 4900 filium,
1433 4823 1496 4886 in
1525 4822 1694 4884 omni

115 4921 510 5005 proprietate
535 4926 599 4982 et
624 4919 831 5002 rigore
857 4919 1066 4982 dicere
1088 4923 1314 5000 potest,
1340 4917 1409 4976 ln
1439 4923 1497 4978 te
1528 4936 1694 4978 com·

119 5017 376 5096 placeo,
399 5015 545 5093 quia
578 5011 732 5075 alios
765 5019 1087 5074 consortes
1113 5011 1176 5072 in
1200 5009 1306 5071 illo
1329 5009 1558 5103 affectu
1589 5009 1696 5070 ha-

117 5114 257 5185 het,
293 5106 582 5188 quamvis
631 5125 758 5168 non
799 5105 924 5167 sint
969 5111 1293 5168 consortes
1335 5105 1400 5166 in
1429 5121 1694 5165 munere

117 5212 186 5266 et
218 5201 534 5265 relatione
567 5200 784 5282 patris.
816 5197 1257 5280 Respondetur
1283 5197 1558 5279 primum
1589 5195 1695 5258 hic
1725 5265 1732 5271 ,

119 5297 370 5360 habere
410 5297 621 5358 locum
661 5293 1040 5358 solutionem
1087 5303 1278 5373 supra
1325 5289 1690 5365 indicatam,

121 5393 402 5465 scilicet,
434 5402 564 5452 non
592 5395 882 5471 oportere
912 5387 1122 5450 omnia
1153 5391 1217 5448 et
1245 5383 1522 5465 singula,
1553 5400 1696 5467 war,

125 5487 208 5547 nd
267 5483 700 5548 definitionem
757 5481 1254 5546 confirmandam
1311 5479 1692 5554 afferuntur,

3202 315 3318 375 5¹5

1759 431 1898 476 esse
1930 413 2240 490 efficacia;
2268 415 2479 494 aliqua
2520 413 2688 476 enim
2715 417 2923 477 afferri
2950 425 3212 498 possunt
3235 419 3318 482 ad

1759 507 2057 588 majorem
2090 505 2387 570 doctrinae
2428 507 2879 572 abundantiam
2909 515 2970 570 et
2999 519 3314 590 ornatum,

1761 606 1823 662 et
1849 601 1929 662 ad
1960 602 2263 681 majorem
2290 621 2363 664 ac
2387 603 2775 664 subtiliorem
2804 605 3135 668 verborum
3158 607 3320 668 Scri-

1759 701 1960 774 pturae
1984 696 2528 778 ponderationem,
2556 715 2695 778 quae
2724 698 2957 780 optima
2982 705 3097 775 est,
3125 717 3322 778 quan·

1760 789 1840 850 do
1874 795 1938 852 et
1978 791 2228 852 veritati
2273 789 2421 852 fidei
2469 799 2802 866 consonat,
2836 795 2897 854 et
2926 811 3053 874 prae
3098 811 3163 856 se
3202 791 3323 854 fert

1762 883 2163 962 elegantiam,
2214 901 2355 963 quae
2406 886 2617 948 omnia
2662 886 3059 964 reperiuntur
3104 887 3169 946 in
3214 887 3321 948 illa

1763 965 2341 1058 expositione'dicto
2370 975 2559 1040 modo
2587 977 2921 1041 intellecta.
2950 979 3188 1040 Deinde
3215 979 3325 1041 ad·

1764 1069 1825 1130 di
1851 1075 2081 1149 potest,
2113 1070 2263 1133 satis
2290 1089 2428 1132 esse
2452 1071 2624 1152 qu‘od
2653 1089 2731 1132 ex
2753 1076 2882 1133 toto
2907 1071 3011 1133 illo
3041 1072 3317 1134 testimo-

1763 1165 1867 1224 nio
1901 1163 2282 1226 sufficienter
2310 1165 2611 1246 probetur
2637 1163 2947 1227 intentum
2968 1213 2989 1244 ,
3032 1167 3319 1246 quamvis
3400 1211 3407 1217 -

1763 1257 2154 1337 singulorum
2177 1259 2513 1320 verborum
2542 1259 2911 1339 ponderatio
2936 1277 3065 1320 non
3093 1261 3169 1322 sit
3189 1279 3326 1322 om-

1761 1352 1913 1413 nino
1934 1353 2330 1413 convincens
2352 1354 2593 1430 Itaque,
2610 1353 2779 1431 quod
2803 1353 2887 1414 ibi
2906 1355 2985 1416 sit
3014 1372 3219 1416 sermo
3245 1356 3323 1417 de

1763 1443 2003 1508 Christo
2030 1445 2305 1519 homine,
2330 1451 2392 1506 et
2422 1445 2593 1526 quod
2614 1445 2716 1508 ille
2738 1454 2807 1509 ut
2835 1447 2902 1508 in
2930 1447 3323 1511 humanitate

1765 1539 2108 1600 subsistens
2147 1539 2226 1601 sit
2253 1539 2445 1602 Filius
2472 1539 2583 1602 Dei
2626 1541 2953 1616 naturaliS,
2990 1541 3322 1604 manifeste

1762 1633 2065 1712 probatur
2125 1651 2204 1694 ex
2253 1631 2359 1693 illo
2411 1634 2771 1696 testimonio
2792 1680 2810 1709 ,
2853 1635 2999 1714 quia
3054 1635 3321 1716 Spiritus

1765 1728 2030 1791 Sanctus
2072 1747 2203 1790 non
2238 1727 2563 1790 descendit
2599 1729 2666 1790 in
2712 1729 3057 1806 Christum,
3096 1730 3220 1791 nisi
3258 1735 3327 1794 ut

1765 1821 2209 1884 subsistentem
2238 1823 2305 1884 in
2340 1822 2754 1886 humanitate.
2788 1824 2947 1885 Hinc
2977 1841 3123 1885 vero
3158 1841 3325 1886 sum-

1763 1916 1885 1997 psit
1905 1915 2297 1978 occasionem
2318 1917 2630 1979 Adrianus
2652 1917 3045 1998 ponderandi
3068 1917 3325 1980 verbum

1766 2009 2238 2088 complacendi,
2270 2011 2441 2092 quod
2488 2011 2884 2092 peculiariter
2929 2011 3215 2074 videatur
3247 2011 3328 2074 ad

1763 2102 2223 2165 humanitatem
2262 2103 2697 2182 referr13nam
2731 2105 2988 2186 Spiritus
3037 2105 3323 2180 Sanctus,

1765 2195 2213 2258 descendendo
2244 2195 2309 2256 in
2338 2197 2549 2278 specie
2578 2198 2908 2274 columbae,
2948 2198 3096 2259 satis
3126 2205 3331 2261 osten-

1765 2287 1855 2352 dit
1883 2307 2069 2350 suum
2114 2289 2497 2370 singularem
2552 2291 2845 2352 affectum
2873 2291 2939 2352 in
2980 2291 3324 2368 Christum,

1766 2403 1911 2446 cum
1939 2401 2089 2464 ergo
2120 2384 2207 2446 ait
2235 2385 2417 2446 Pater
2446 2403 2513 2446 se
2540 2385 2729 2447 etiam
2754 2385 2817 2445 in
2844 2385 2953 2446 illo
2983 2387 3331 2466 complace·

1763 2495 1856 2552 re,
1882 2478 2117 2560 optime
2142 2479 2297 2540 illud
2328 2479 2525 2542 Patris
2558 2477 3023 2560 beneplacitum
3045 2478 3127 2542 ad
3152 2479 3326 2542 Chri-

1765 2578 1930 2633 stum
1956 2577 2025 2633 ut
2045 2569 2367 2633 hominem
2392 2591 2535 2635 cum
2566 2573 2878 2634 consortio
2904 2573 3169 2634 aliarum
3192 2591 3329 2654 per·

1765 2683 2067 2728 sonarum
2101 2665 2390 2728 refertur.

1847 2761 1946 2821 38.
1994 2759 2141 2820 Dico
2178 2766 2436 2838 quarto:
2466 2759 2603 2820 haec
2630 2757 2971 2840 propositio
3004 2803 3021 2835 ,
3052 2760 3329 2822 Christus

1765 2857 1860 2914 est
1888 2852 2055 2914 filius
2079 2852 2190 2914 Dei
2220 2853 2572 2934 adoptivu‘S,
2602 2853 2913 2934 duplicem
2969 2851 3159 2917 habet
3191 2871 3329 2915 sen-

1765 2960 1904 3006 sum
1935 2945 2320 3022 haereticum,
2340 2951 2401 3008 et
2422 2945 2665 3008 nullum
2698 2948 2887 3030 habet
2909 2948 3232 3028 proprium
3263 2947 3328 3007 iu

1767 3054 1891 3120 quo
1926 3037 2233 3101 verificari
2266 3039 2503 3120 possit3
2540 3039 2709 3102 unde
2745 3041 3103 3122 simpliciter
3132 3043 3329 3102 haere·

1765 3133 1887 3194 tica
1908 3133 2225 3196 censenda
2248 3139 2359 3194 est.
2385 3135 2769 3212 Declaratur,
2792 3155 2943 3196 nam
2968 3135 3166 3196 trihus
3187 3154 3328 3196 mo-

1767 3227 1861 3290 dis
1890 3225 2045 3307 fingi
2077 3233 2279 3308 potest
2320 3225 2635 3290 Christum
2680 3229 2997 3290 hominem
3057 3248 3196 3290 esse
3249 3229 3328 3288 fi-

1765 3321 1918 3384 lium
1961 3322 2069 3383 Dei
2093 3322 2455 3400 adoptivum
2479 3344 2493 3381 ε
2520 3323 2747 3400 primo,
2782 3341 2857 3383 ex
2886 3327 3064 3402 parte
3113 3321 3324 3396 Verbi,

1768 3415 2003 3476 scilicet
2028 3414 2466 3488 existimando,
2496 3415 2802 3490 Verbum,
2835 3399 3177 3476 secundum
3234 3433 3323 3488 se,

1767 3528 1898 3570 non
1917 3527 2056 3570 esse
2078 3507 2303 3570 Filium
2320 3508 2433 3569 Dei
2453 3509 2830 3581 naturalem,
2861 3508 2975 3568 sed
2996 3526 3135 3570 esse
3158 3525 3328 3569 crea-

1772 3609 2003 3677 turam,
2040 3620 2200 3682 quae,
2228 3607 2294 3662 ut
2320 3600 2397 3663 sit
2429 3601 2596 3664 filius
2620 3601 2753 3677 Dei,
2785 3601 3119 3682 adoptione
3173 3601 3330 3665 indi-

1772 3701 1899 3778 get,
1932 3703 1993 3758 et
2028 3696 2146 3758 hoc
2173 3695 2446 3777 pertinet
2488 3697 2571 3758 ad
2597 3693 2889 3757 haeresim
2916 3695 3237 3771 Arianam,
3267 3701 3330 3757 et

1769 3791 2033 3856 fortasse
2061 3791 2181 3852 hoc
2206 3809 2395 3852 sensu
2424 3791 2709 3854 Bonosus
2735 3795 2800 3854 et
2824 3807 3129 3870 sequaces
3160 3788 3329 3853 dixe-

1768 3891 1938 3960 runt,
1982 3881 2293 3946 Christum
2342 3901 2483 3945 esse
2534 3883 2734 3946 filium
2784 3883 2893 3945 Dei
2940 3883 3325 3964 adoptivum,

1770 3995 2040 4059 quorum
2086 3977 2345 4040 haeresis
2376 3977 2689 4057 antiquior
2733 3983 2828 4038 est
2863 3975 3065 4039 Felice
3096 3983 3156 4038 et
3206 3977 3332 4038 Eli.-

1769 4072 2008 4152 pand03
2043 4073 2179 4152 eJus
2196 4072 2363 4133 enim
2387 4070 2674 4134 meminit
2694 4069 2987 4146 Isidorus,
3009 4069 3116 4131 lib.
3142 4071 3180 4130 8
3200 4069 3332 4132 Ori-

1771 4166 2012 4242 ginum,
2044 4185 2182 4246 cap.
2216 4167 2279 4228 5.
2320 4165 2396 4226 Et
2449 4165 2517 4225 in
2556 4163 2783 4226 eodem
2826 4182 3018 4225 sensu
3072 4161 3333 4224 damnat

1773 4257 2115 4320 Concilium
2154 4259 2353 4322 Tolet.
2388 4257 2491 4334 XI,
2536 4257 2599 4318 in
2628 4255 2876 4320 Confes.
2929 4255 3105 4332 fidei,
3158 4255 3330 4316 illam

1772 4353 2297 4434 propositionem:
2330 4351 2601 4414 Verbum
2630 4357 2723 4412 est
2748 4349 2914 4412 filius
2940 4349 3057 4410 Dei
3085 4347 3331 4428 adopti-

1772 4464 1921 4520 vus;
1959 4453 2020 4507 et
2044 4447 2324 4508 similiter
2348 4444 2648 4506 damnant
2671 4443 2842 4504 illam
2873 4445 3107 4522 PatreS,
3138 4461 3335 4522 quan-

1774 4539 1854 4602 do
1884 4540 2208 4622 disputant
2234 4545 2449 4602 contra
2478 4538 2721 4613 Arium,
2786 4543 2855 4599 ut
2896 4537 2959 4598 in
3002 4537 3335 4618 superiori-

1773 4633 1892 4696 bus
1916 4635 2171 4696 citatum
2197 4639 2314 4708 est,
2336 4637 2399 4698 et
2421 4632 2565 4696 addi
2590 4635 2855 4712 possunt
2889 4631 3110 4708 Hilar.,
3152 4630 3262 4692 lib.
3296 4631 3334 4690 3

1775 4734 1839 4792 et
1865 4729 1904 4791 6
1931 4728 2009 4790 de
2038 4728 2283 4804 'lu-inin,
2312 4727 2567 4802 Athan.,
2601 4744 2789 4788 serm.
2820 4727 2859 4787 4
2887 4731 3052 4787 cont.
3082 4723 3324 4796 Ariau.;

1778 4823 2067 4902 August„
2095 4822 2153 4881 in
2183 4819 2525 4894 Euchirid.,
2558 4839 2613 4884 c.
2646 4821 2724 4882 38
2760 4825 2821 4882 et
2854 4837 3016 4898 seq.;
3053 4817 3240 4891 Beda,
3266 4817 3333 4878 in

1776 4935 1832 4977 c.
1858 4919 1892 4976 7
1913 4917 1946 4977 J
1955 4935 2097 4976 oan.
2124 4915 2414 4977 Secundo
2438 4912 2626 4975 modo
2652 4911 2808 4992 fingi
2826 4917 3033 4990 potest
3054 4911 3332 4972 Christus

1775 5009 1941 5072 filius
1973 5008 2299 5088 adoptivus
2332 5027 2409 5069 ex
2430 5012 2607 5086 parte
2634 5005 2931 5080 hominis,
2976 5005 3123 5084 quia
3146 5005 3333 5066 nimi-

1774 5123 1916 5166 rum
1945 5122 2075 5164 non
2102 5103 2231 5164 sola
2258 5101 2639 5175 humanitaS,
2662 5097 2777 5162 sed
2804 5099 2994 5160 etiam
3024 5099 3124 5160 hic
3144 5099 3333 5160 homo

1776 5198 2077 5271 Christus,
2097 5201 2167 5257 ut
2185 5195 2293 5274 sic,
2318 5201 2562 5257 tantum
2582 5197 2679 5254 est
2698 5211 2916 5256 servus
2936 5199 2996 5256 et
3024 5195 3335 5265 creatura,

1778 5291 2196 5372 etadoptione
2219 5289 2457 5368 indiget
2496 5294 2563 5350 ut
2588 5283 2699 5349 fiat
2748 5286 2913 5350 filius
2962 5285 3097 5360 Dei,
3130 5287 3194 5346 et
3224 5302 3337 5363 per

1778 5385 1977 5446 solam
2000 5383 2173 5446 illam
2198 5383 2399 5446 factus
2420 5389 2513 5444 est
2540 5379 2702 5444 filius
2732 5380 2869 5456 Dei,
2895 5386 2955 5442 et
2982 5379 3103 5440 hoc
3148 5377 3336 5442 modo

1779 5484 2066 5546 errarunt
2096 5475 2266 5540 Felix
2296 5479 2351 5538 et
2371 5473 2727 5557 Elipandus,
2760 5477 2979 5536 stante
3006 5473 3174 5552 ipsos
3193 5473 3341 5535 Nes-
