3892 6167
579 330 662 391 82

1809 326 2045 391 QUAEST.
2080 326 2191 379 xu.
2222 326 2425 381 AR‘rlc.
2462 328 2544 382 lv,

580 452 709 495 non
739 432 954 494 debuit
973 429 1079 491 illa
1103 428 1235 491 sine
1261 429 1378 491 hac
1421 430 1698 507 infundi3
1737 434 1800 491 et
1827 428 1997 490 idem
2040 432 2137 488 est
2214 427 2361 507 jor„
2391 429 2529 490 dist.
2564 431 2660 503 14,
2690 446 2750 509 q.
2786 430 2843 491 5.
2878 428 3065 490 Bene
3098 430 3332 488 autem
3364 426 3608 492 advertit
3626 432 3749 497 Mar-

579 528 661 591 de
691 526 984 589 omnibus
1015 522 1314 585 similibus
1340 524 1634 600 scientiiS,
1665 525 1767 586 vel
1801 522 2137 585 virtutibus
2218 521 2339 597 sil.,
2370 522 2667 583 solvendo
2693 528 3113 603 argumenta,
3146 520 3467 583 Christum
3492 543 3750 603 superasse

579 618 1122 690 intellectualibus,
1166 618 1545 680 habentibus
1593 618 1858 679 similem
1907 632 2138 677 conne-

577 716 858 790 xionem,
888 719 1172 791 utsupra
1201 710 1483 773 dicebam
1516 710 1595 774 de
1633 710 1966 791 prudentia
2006 726 2139 771 res-

579 814 772 890 pectu
791 806 1195 868 scientiarum
1223 806 1578 883 moralium,
1626 808 1688 869 et
1726 805 1900 866 idem
1941 808 2035 865 est
2064 801 2144 863 de

581 904 682 964 his
707 906 994 980 respectu
1023 899 1428 973 naturalium,
1475 905 1539 961 et
1574 898 1652 961 de
1707 898 1806 959 his
1854 900 2147 977 respectu

579 994 1007 1068 rationalium,
1033 992 1196 1055 etsie
1224 993 1302 1054 de
1327 993 1484 1053 aliis.
1501 992 1807 1073 Denique,
1837 1010 1982 1053 eum
2006 989 2151 1053 nul-

580 1090 644 1151 la
669 1089 748 1149 sit
774 1086 1142 1158 necessitas,
1174 1104 1292 1147 nec
1320 1085 1636 1147 sufficiens
1677 1085 2035 1165 congruitas
2064 1083 2145 1145 ad

580 1184 746 1245 hane
769 1180 1164 1261 partitionem
1185 1178 1690 1259 contingendam,
1723 1185 1788 1241 et
1807 1180 1952 1255 hoc,
1977 1177 2147 1256 quod

585 1276 959 1349 asserimus,
1017 1272 1380 1352 simpliciter
1431 1272 1652 1335 afferat
1693 1273 2145 1353 perfectionem

583 1371 809 1433 animae
831 1368 1074 1441 Christi,
1091 1366 1272 1428 valde
1301 1372 1792 1429 consentaneam
1819 1366 2061 1443 unioni,
2084 1371 2145 1427 et

585 1462 834 1527 aliunde
861 1480 993 1523 non
1034 1460 1377 1522 misceatur
1408 1460 1800 1541 imperfectio
1831 1460 1986 1536 ulla,
2035 1478 2147 1521 ne·-

584 1558 790 1637 quein
822 1555 928 1617 illo
959 1554 1079 1616 alio
1133 1554 1514 1616 inventionis
1562 1555 1752 1616 modo
1810 1555 1889 1615 sit
1935 1554 2147 1633 aliqua

587 1650 886 1735 perfectio
911 1650 1174 1729 alicujus
1193 1650 1522 1725 momenti,
1555 1666 1686 1709 non
1720 1654 1812 1711 est
1836 1666 1947 1709 cur
1974 1648 2041 1708 in
2076 1648 2148 1709 il·

584 1748 676 1808 las
709 1744 1030 1824 angustias
1058 1742 1488 1819 deveniamus,
1528 1747 1599 1804 ut
1636 1742 1981 1823 perfectam
2036 1742 2148 1803 ha-

586 1858 729 1902 rum
788 1836 1194 1901 scientiarum
1241 1836 1618 1899 infusionem
1665 1836 1902 1898 Christo
1956 1835 2147 1898 dene-

585 1952 832 2016 gemus

663 2033 726 2093 9.
776 2025 1058 2093 Scientia
1074 2026 1556 2107 experimenta&
1569 2026 1636 2089 in
1658 2023 1896 2091 Christo
1914 2022 2142 2107 qualis.

583 2156 666 2173 --
687 2122 834 2183 Dico
865 2119 1164 2196 secundo,
1192 2120 1470 2181 animam
1488 2119 1712 2181 Christi
1733 2138 1861 2182 non
1887 2117 2147 2180 habuis-

585 2234 650 2278 se
680 2236 718 2277 a
740 2212 1046 2295 principio
1075 2214 1411 2275 creationis
1438 2232 1566 2275 suae
1611 2230 1754 2275 eam
1795 2213 2145 2274 humanam

586 2308 1034 2391 cognitionem,
1061 2308 1293 2386 quae-in
1329 2308 1713 2388 experientia
1744 2326 1959 2371 rerum
1988 2324 2143 2369 eon-

585 2404 766 2478 sistit,
796 2407 981 2479 atque
1010 2400 1170 2463 adeo
1190 2402 1583 2463 successione
1597 2402 1899 2481 temporis
1929 2400 1995 2461 in
2024 2400 2146 2463 hac

583 2497 944 2578 profecisse.
980 2496 1124 2556 Haec
1155 2496 1470 2557 conclusio
1517 2494 1850 2575 dupliciter
1880 2492 2147 2575 intelligi

586 2596 830 2672 potest:
863 2607 992 2649 11110
1034 2588 1248 2663 1110110,
1281 2588 1359 2650 de
1389 2589 1526 2668 ipso
1577 2606 1876 2649 sensuum
1906 2586 2147 2667 experi-

583 2692 821 2761 mento,
849 2684 976 2744 sive
1009 2682 1159 2745 inde
1205 2700 1368 2743 nova
1399 2681 1670 2760 cognitio
1722 2682 1788 2743 in
1832 2682 2151 2743 intellectu

586 2782 940 2859 generetur,
970 2774 1102 2837 sive
1151 2776 1550 2854 praeexistens
1581 2780 1824 2836 tantum
1867 2792 2150 2836 exercea-

584 2878 710 2947 tur,
753 2875 814 2931 et
846 2867 1314 2948 quodammodo
1364 2868 1716 2949 applicetur
1761 2868 1842 2929 ad
1886 2884 2147 2947 operan-

587 2964 740 3025 dum
768 2961 955 3023 simul
982 2979 1128 3023 cum
1157 2979 1364 3022 sensu.
1395 2962 1470 3022 Et
1492 2962 1614 3023 hoe
1633 2962 1822 3023 modo
1851 2968 1943 3022 est
1967 2961 2149 3023 indu-

585 3058 782 3119 bitata
807 3056 1058 3128 veritae,
1083 3055 1229 3134 quia
1259 3060 1506 3116 constat
1543 3054 1825 3117 discursu
1853 3055 2151 3134 temporis

588 3151 902 3212 Christum
930 3148 1129 3209 multa
1151 3146 1399 3222 vidisse,
1435 3153 1497 3209 et
1525 3148 1860 3224 audivisse,
1911 3155 2152 3228 gustas-

587 3264 677 3319 se,
707 3248 857 3315 etc.,
890 3259 1031 3320 quae
1063 3241 1182 3301 illis
1211 3240 1496 3303 sensibus
1526 3247 1711 3303 antea
1744 3260 1873 3303 non
1901 3261 2151 3323 recepe-

587 3342 710 3399 rat.
742 3338 818 3397 Et
843 3334 1112 3397 adhunc
1147 3334 1408 3399 modum
1450 3334 1720 3415 intelligi
1747 3341 1951 3415 potest
1994 3336 2152 3396 illud

587 3430 670 3491 ad
695 3432 748 3491 H
755 3430 885 3491 ebr.
915 3430 954 3490 5
980 3446 996 3491 :
1024 3428 1261 3493 Didicit
1275 3446 1347 3492 em
1373 3428 1459 3492 iis
1487 3446 1619 3511 quoe
1633 3447 1856 3512 passus
1882 3435 1995 3504 est,
2025 3430 2153 3493 obe-

588 3525 896 3599 dientiam,
919 3541 1051 3584 11011
1080 3523 1228 3603 quia
1261 3524 1470 3585 denuo
1521 3522 1818 3585 virtutem
1847 3523 2147 3585 obedien-

586 3616 690 3679 tiae
723 3618 1004 3679 didicerit
1029 3623 1137 3678 aut
1165 3616 1602 3696 acquisiverit3
1651 3616 1761 3678 sed
1791 3618 1939 3696 quia
1979 3616 2150 3677 illam

590 3730 755 3773 novo
787 3711 973 3772 modo
1010 3710 1313 3785 exercuit,
1347 3714 1407 3771 et
1431 3709 1597 3771 illius
1615 3710 1905 3772 effectum
1934 3728 2152 3789 exper-

585 3812 686 3866 tus
715 3810 831 3866 est.
859 3803 1143 3865 Secundo
1183 3803 1371 3865 modo
1427 3804 1689 3883 intelligi
1746 3806 1955 3882 potest
1998 3820 2153 3863 con-

590 3898 805 3975 clusio,
839 3897 1224 3976 quodetiam
1271 3896 1335 3957 in
1381 3898 1704 3958 intellectu
1754 3894 2153 3973 acquisiverit

588 3992 888 4065 ChristuS,
915 3992 1138 4052 mediis
1159 3990 1466 4063 sensibuS,
1487 4006 1716 4050 novam
1747 3989 2021 4068 aliquam
2052 4008 2163 4049 ex-·

587 4086 1062 4165 perimentalem
1097 4084 1547 4165 cognitionem,
1581 4087 1643 4145 et
1665 4084 1904 4163 speeies
1933 4082 2155 4144 intelli·

592 4180 812 4259 gibiles
841 4179 923 4239 ad
954 4179 1126 4239 illam
1154 4177 1556 4252 necessarias,
1590 4195 1746 4257 quas
1781 4176 2152 4257 aprincipio

591 4292 719 4333 non
749 4272 1004 4345 habuit3
1033 4278 1094 4332 et
1121 4272 1242 4331 hoc
1271 4270 1461 4331 modo
1491 4272 1679 4331 etiam
1715 4278 1806 4333 est
1833 4290 1982 4332 vera
2008 4290 2155 4332 con-

594 4366 810 4440 clusi0,
844 4372 905 4427 et
929 4363 1282 4425 communis
1305 4364 1794 4443 'rheologorum,
1826 4364 1888 4424 in
1919 4366 1981 4437 3,
2011 4364 2150 4426 dist.

597 4462 676 4521 14
705 4478 720 4533 ;
771 4464 835 4520 et
860 4456 1121 4531 Marsil.,
1149 4476 1212 4535 q.
1257 4459 1358 4527 10,
1389 4462 1508 4516 art.
1541 4460 1604 4529 2,
1627 4476 1678 4517 c.
1713 4458 1774 4533 5,
1809 4456 1934 4518 late
1984 4456 2156 4519 illam

590 4552 1014 4634 prosequitur,
1048 4556 1110 4612 et
1133 4552 1313 4631 juxta
1341 4550 1512 4611 illam
1540 4551 1986 4631 interpretatur
2016 4571 2157 4614 sen-

591 4648 852 4709 tentiam
902 4648 974 4707 D.
1023 4644 1276 4705 'l'homae
1323 4644 1426 4704 hic
1449 4689 1465 4717 ,
1527 4649 1589 4705 et
1633 4645 1979 4706 Bonavent.
2027 4645 2115 4707 ibi
2131 4690 2151 4723 ,

592 4759 752 4822 quos
800 4760 928 4802 non
981 4738 1290 4802 existimat
1333 4738 1400 4798 in
1426 4738 1546 4799 hae
1583 4743 1763 4819 parte
1796 4738 2148 4803 dissentire.

589 4836 768 4899 Unde
815 4836 950 4915 ipse
1000 4832 1239 4894 nullam
1278 4832 1467 4893 aliam
1523 4834 1849 4895 scientiam
1891 4834 2156 4915 aequisi-

589 4928 720 4990 tam
744 4929 922 5008 ponit
950 4929 1014 4989 in
1043 4926 1306 5003 Christe,
1328 4931 1558 5006 praeter
1577 4926 1743 4989 hane
1765 4930 2154 5009 experimen·

590 5023 786 5083 talem
816 5038 832 5096 ;
864 5039 1013 5082 nam
1057 5037 1274 5082 earum
1298 5038 1536 5094 rerum,
1567 5038 1724 5099 quas
1759 5039 1886 5082 non
1917 5028 2013 5083 est
2051 5041 2153 5084 cx-

591 5122 832 5196 1101105,
861 5120 1052 5196 negat
1101 5114 1397 5175 hahuisse
1455 5114 1770 5176 Christum
1823 5116 2153 5178 scientiam

593 5208 1108 5290 acquisitam,sed
1139 5208 1402 5268 infusam
1433 5214 1700 5281 tantum,
1731 5226 1921 5287 quam
1947 5211 2152 5289 proin-

592 5305 672 5367 de
693 5304 940 5366 videtur
966 5318 1202 5383 ponere
1245 5302 1449 5362 solum
1496 5320 1611 5381 per
1659 5302 1951 5365 accidens
1983 5303 2152 5365 infu-

593 5416 728 5461 sam
756 5418 773 5472 ;
806 5414 1003 5478 quare
1033 5414 1162 5458 non
1205 5400 1373 5457 recte
1403 5394 1660 5456 adducit
1710 5397 1776 5457 in
1805 5415 1985 5458 suam
2013 5416 2153 5458 sen-

591 5492 848 5555 tentiam
873 5492 942 5553 D.
971 5490 1192 5554 Thom.
1201 5505 1222 5569 3
1241 5495 1303 5553 et
1330 5488 1554 5553 eadem
1575 5506 1670 5553 est
1697 5490 2003 5554 sententia
2024 5490 2151 5556 Ma·

2224 615 2377 676 alios
2406 616 2691 677 homines
2723 616 2790 677 in
2820 617 3017 678 modo
3072 616 3457 694 acquirendi
3498 616 3643 681 hanc
3678 642 3753 684 ex-

2227 708 2623 788 perientiam.
2683 710 2843 772 Nam
2885 710 2950 771 111
3020 708 3172 771 aliis
3226 708 3579 772 hominibus
3617 732 3755 795 expe·

2226 800 2452 864 rientia
2480 802 2552 865 fit
2604 804 2794 866 veluti
2827 804 3217 865 inductione
3266 804 3560 883 quadam,
3608 826 3671 868 ex
3690 829 3755 871 re-

2228 896 2421 976 petita
2478 898 2783 959 memoria
2822 915 3046 959 rerum
3102 914 3304 959 sensu
3355 905 3753 978 perceptarum,

2231 996 2293 1052 et
2313 982 2621 1067 quatenus
2648 998 2956 1071 perceptoe
2987 994 3176 1067 sunt,
3207 1009 3289 1052 ex
3318 992 3645 1063 Aristotele,
3676 996 3751 1057 lib.

2228 1088 2258 1148 i
2290 1084 2589 1165 Metaph.,
2614 1104 2668 1147 c.
2691 1089 2750 1157 1,
2778 1092 2842 1147 et
2870 1086 3090 1147 adhue
3122 1084 3445 1165 contingit
3469 1086 3533 1147 in
3562 1088 3640 1149 eis
3662 1108 3755 1153 esse

2228 1178 2726 1257 experimentum
2745 1177 2955 1255 fallax,
2990 1185 3069 1240 ut
3099 1178 3267 1241 dixit
3302 1180 3680 1259 Hippocrates
3712 1184 3755 1244 in

2231 1272 2431 1334 Princ.
2468 1274 2688 1351 apher.
2722 1270 2801 1333 At
2824 1290 2974 1333 vero
3006 1271 3314 1335 Christus
3346 1290 3421 1333 ex
3452 1292 3569 1334 uno
3597 1275 3753 1355 singu-

2227 1365 2347 1427 lari
2376 1370 2621 1445 poterat
2644 1366 2981 1445 perfectam
3016 1366 3493 1446 experientiam
3531 1370 3755 1447 acquire-

2227 1478 2317 1535 re,
2352 1465 2711 1539 certamque
2737 1466 2799 1521 et
2822 1460 3190 1523 evidentem
3209 1506 3233 1540 ,
3266 1464 3404 1522 tum
3447 1468 3671 1541 propter
3690 1464 3753 1523 in·

2228 1554 2397 1634 genii
2426 1572 2714 1625 acumen,
2749 1561 2884 1615 tum
2926 1560 3202 1634 propter
3262 1556 3755 1618 concomitantiam

2226 1652 2288 1709 et
2314 1646 2721 1709 directionem
2757 1647 3034 1709 scientiae
3054 1646 3321 1710 infusoe.

2313 1741 2410 1802 10.
2460 1738 2742 1805 δ’σίεπιία
2778 1740 3289 1821 experimentalis
3316 1758 3438 1803 non
3476 1746 3755 1823 potestesse

2226 1832 2461 1911 infusa.
2494 1866 2577 1879 —
2600 1832 2781 1905 Quod
2810 1850 2959 1913 ergo
2988 1834 3284 1913 potnerit
3332 1832 3600 1895 Christus
3637 1834 3753 1895 hanc

2230 1926 2653 2007 cognitionem
2679 1928 3025 2005 acquirere,
3060 1928 3117 1990 si
3148 1934 3539 2009 praeventuS,
3565 1929 3647 1990 vel
3676 1928 3755 1987 im·

2227 2018 2477 2099 peditus
2520 2038 2651 2081 non
2690 2020 2911 2094 fuerit,
2953 2040 3077 2101 per
3110 2042 3187 2085 se
3228 2028 3455 2084 notum
3485 2028 3605 2097 est,
3644 2022 3749 2101 quia

2226 2112 2347 2174 hoc
2375 2114 2665 2193 pertinet
2692 2113 2773 2174 ad
2800 2113 3271 2194 perfectionem
3318 2120 3583 2187 naturae3
3628 2112 3751 2193 quod

2226 2224 2377 2269 vero
2401 2206 2726 2286 praeveniri
2754 2207 2854 2269 vel
2884 2226 3011 2269 non
3036 2210 3354 2289 potuerit,
3388 2209 3489 2271 vel
3530 2227 3639 2270 non
3674 2207 3751 2268 de-

2228 2300 2455 2374 buerit,
2490 2300 2573 2361 ita
2598 2300 2971 2363 declaratur.
2990 2302 3159 2365 Nam
3173 2303 3261 2365 ad
3282 2303 3453 2365 hanc
3482 2302 3753 2383 experien-

2229 2395 2379 2457 tiam
2410 2412 2541 2455 non
2570 2394 2718 2457 satis
2742 2396 3091 2461 esthabere
3124 2398 3387 2479 species
3426 2414 3623 2461 rerum
3646 2414 3747 2474 quae

2232 2489 2348 2552 sub
2378 2490 2827 2569 experientiam
2860 2492 3091 2554 cadere
3137 2498 3439 2574 possunt,
3484 2498 3605 2554 tota
3626 2489 3751 2552 enim

2231 2584 2370 2645 haee
2398 2584 2893 2663 repraesentatiO,
2923 2591 2985 2647 et
3009 2587 3301 2667 cognitio
3327 2592 3664 2667 potestesse
3697 2583 3752 2641 si-

2230 2696 2313 2739 nc
2375 2676 2780 2757 experientia,
2823 2686 2892 2741 ut
2944 2678 3065 2741 fuit
3101 2680 3171 2741 in
3211 2680 3462 2742 Adamo
3491 2678 3550 2740 in
3596 2676 3747 2757 primo

2230 2772 2837 2834 instantiereationis
2855 2790 2984 2833 snae
3010 2792 3026 2848 ;
3063 2780 3326 2855 oportet
3357 2791 3529 2853 ergo,
3550 2772 3749 2849 loquen-

2230 2864 2312 2926 do
2341 2863 2419 2926 de
2448 2866 2727 2926 humana
2755 2866 3166 2946 experientia,
3202 2874 3277 2929 ut
3312 2866 3549 2947 speeies
3572 2878 3749 2943 reprae·

2232 2963 2479 3020 sentent
2498 2958 2634 3019 illas
2652 2976 2777 3032 reS,
2801 2965 3117 3037 quatenus
3150 2960 3502 3041 aliquando
3535 2957 3747 3019 subsen-

2232 3070 2373 3115 sum
2411 3052 2790 3129 ceciderunt,
2845 3072 2957 3116 seu
3002 3060 3071 3117 ut
3116 3056 3250 3117 sint
3289 3052 3648 3137 principium
3676 3066 3751 3110 co-

2231 3146 2578 3225 gnoscendi
2605 3146 2774 3227 ipsas
2804 3164 2941 3208 esse
2972 3165 3167 3209 sensu
3224 3152 3574 3229 perceptas
3618 3140 3748 3205 Unde

2232 3239 2303 3301 fit
2330 3238 2608 3319 potuisse
2632 3240 2879 3304 infundi
2932 3242 3267 3304 seientiam
3298 3240 3657 3303 naturalium
3680 3252 3748 3294 re·

2232 3352 2371 3394 rum
2400 3335 2531 3396 sine
2558 3336 2810 3414 propria
2838 3336 3257 3414 experientia,
3293 3336 3463 3417 quia,
3516 3334 3644 3393 licet
3674 3346 3749 3389 ex-

2230 3427 2532 3508 perientia
2562 3446 2641 3489 ex
2664 3432 2891 3491 natura
2916 3430 3011 3491 rei
3036 3430 3330 3493 conferat
3362 3428 3445 3493 ad
3473 3425 3751 3504 acquiren-

2234 3522 2378 3582 dam
2414 3520 2737 3582 scientiam
2767 3524 3147 3601 naturalem,
3182 3532 3399 3587 tamen
3430 3522 3509 3584 ab
3537 3518 3633 3581 illa
3657 3530 3749 3574 nen

2233 3615 2487 3675 omnino
2518 3614 2589 3675 ac
2641 3632 2755 3695 per
2790 3634 2856 3677 sc
2912 3616 3189 3696 pendet;
3238 3618 3389 3698 quia
3424 3632 3547 3676 non
3596 3604 3751 3671 inille.

2232 3707 2447 3769 nititur
2474 3712 2775 3785 tanquam
2806 3710 2872 3769 in
2903 3712 3160 3791 proprio
3197 3709 3535 3791 principio,
3558 3702 3651 3765 sed
3682 3716 3750 3759 so·

2231 3801 2363 3862 lum
2415 3805 2509 3862 est
2555 3802 2746 3863 veluti
2790 3803 3077 3882 quaedam
3121 3806 3229 3865 via
3278 3822 3408 3883 qua
3444 3794 3750 3861 naturaliter

2236 3894 2595 3975 proceditur
2614 3895 2694 3955 ab
2715 3895 3077 3975 imperfecto
3103 3896 3187 3957 ad
3206 3898 3555 3978 perfeetum
3577 3910 3591 3965 3
3622 3886 3749 3949 etita

2236 3987 2461 4049 accidit
2490 3988 2551 4048 in
2592 3988 2857 4065 Adamo,
2918 3990 3065 4069 quia
3104 3992 3167 4052 in
3218 3996 3385 4053 statu
3432 3978 3748 4050 innocentie

2234 4083 2580 4146 multarum
2612 4101 2821 4144 rerum
2862 4085 3186 4147 scientiam
3221 4084 3468 4160 habuit,
3502 4096 3643 4159 quas
3666 4088 3748 4152 Ps⁰

2236 4196 2313 4241 eo
2345 4182 2509 4240 statu
2555 4177 2823 4257 experiri
2852 4198 2981 4243 non
3022 4182 3250 4259 potuit.
3306 4180 3501 4242 Seeus
3523 4188 3653 4234 vero
3684 4168 3747 4225 est

2237 4273 2317 4333 de
2353 4272 2762 4352 experientia,
2804 4291 2953 4333 nam
2980 4274 3183 4353 potius
3216 4292 3295 4335 ex
3335 4269 3512 4334 dictis
3534 4263 3655 4327 ficri
3682 4256 3749 4317 vi-

2237 4365 2421 4427 detur
2474 4364 2837 4445 hujusmodi
2889 4367 3446 4446 experimentalem
3498 4351 3747 4437 cognitio-

2237 4477 2387 4521 nem
2420 4477 2547 4519 non
2571 4460 2853 4539 potuisse
2895 4460 3162 4532 infundi,
3190 4460 3305 4522 sed
3344 4458 3543 4519 solum
3571 4445 3749 4531 perip-

2240 4572 2371 4614 sam
2402 4554 2853 4633 experientiam
2873 4554 3111 4634 acquiri
3138 4601 3154 4629 ‚
3188 4562 3322 4615 tum
3350 4551 3494 4631 quia
3522 4540 3743 4625 species,

2238 4664 2379 4725 quae
2425 4647 2503 4707 ad
2535 4647 2985 4727 experientiam
3039 4646 3432 4716 deserviunt,
3480 4632 3747 4721 pertinent

2238 4740 2317 4802 ad
2346 4742 2715 4801 memoriam
2744 4740 2836 4802 rei
2862 4740 3190 4821 praeteritae
3221 4758 3334 4803 seu
3366 4738 3491 4818 jam
3529 4724 3745 4807 cognitffl

2241 4841 2306 4896 ut
2327 4835 2449 4907 sic;
2482 4836 2580 4896 hae
2609 4840 2821 4897 autem
2866 4836 3127 4915 species,
3162 4842 3232 4897 ut
3262 4850 3411 4896 vere
3442 4832 3744 4907 repraesen·

2238 4934 2394 5003 tent,
2419 4946 2548 4988 11011
2576 4934 2838 5007 possunt
2856 4947 2989 4990 esse
3022 4930 3277 4991 omnino
3302 4924 3534 4996 infusae,
3557 4912 3648 4977 sed
3662 4908 3745 5006 ἀεῖ

2235 5021 2385 5083 bent
2408 5039 2541 5083 esse
2567 5020 2776 5101 aliquo
2804 5022 2993 5083 modo
3025 5022 3254 5084 relictae
3288 5038 3364 5083 ex
3416 5000 3740 5096 praecedentl

2235 5115 2611 5195 cognitione,
2638 5122 2708 5176 ut
2752 5114 2819 5177 in
2849 5116 3273 5195 superioribus
3311 5117 3611 5177 ostensum
3647 5096 3737 5157 θὸῐ·

2236 5207 2413 5280 Quod
2441 5208 2711 5270 maxime
2732 5228 2949 5273 verum
2980 5212 3072 5272 est
3101 5209 3166 5271 in
3192 5205 3532 5288 cognitione
3559 5194 3626 5256 de
3642 5198 3738 5265 <11¹³
3809 5244 3810 5247 =

2235 5304 2503 5383 agimuS,
2550 5303 2696 5383 quia
2754 5304 2999 5365 nullum
3052 5309 3149 5365 est
3192 5300 3465 5364 medium
3498 5276 3738 5355 naturale
3809 5332 3810 5381 f

2234 5398 2405 5478 quod
2432 5398 2717 5461 ostendat
2756 5398 3081 5462 evidenter
3125 5415 3261 5460 rem
3306 5394 3511 5465 fuisse,
3550 5378 3733 5485 pljaetssf

2234 5491 2436 5572 ipsam
2462 5492 2909 5572 experientiam
2946 5508 3187 5569 sensus,
3232 5486 3434 5553 media
3462 5488 3647 5561 specie
3666 5460 3732 5529 ab
