3892 6167
42 5952 45 5961 -
43 5890 52 5902 -
41 5315 51 5872 -Ρτ--ν--ῂ--Ἦί

525 379 647 441 426
1768 377 2006 442 Qum.
2043 375 2152 430 XX.
2186 375 2397 430 Anno.
2430 377 2496 432 tt.

528 499 667 548 cam
692 480 1231 564 imperfectionem
1266 485 1327 541 et
1358 479 1873 559 dependentium,
1894 491 2090 558 quam

526 575 675 641 dicit
712 582 999 639 creatura
1031 593 1047 647 ς
1076 576 1179 636 vel
1205 574 1399 654 (quod
1434 573 1571 636 fere
1600 573 1767 636 idem
1798 574 1917 649 est)
1959 587 2090 633 non

525 671 807 754 requirat
832 670 1173 731 carentiam
1208 668 1472 748 alicuius
1510 667 1829 748 dignitatis
1855 665 1956 728 vel
1987 681 2090 728 ex·

526 765 831 828 cellentiae
890 764 1075 844 cujus
1134 767 1419 825 creatura
1478 762 1559 823 sit
1632 777 1869 841 capam
1938 758 2090 838 quia

528 861 715 934 Deus,
744 875 875 918 non
898 857 1244 920 amittendo
1270 873 1456 918 suum
1490 872 1860 935 supremum
1890 853 2094 916 domi-

528 953 725 1026 nium,
746 953 953 1032 potest
972 957 1275 1013 creaturas
1290 969 1419 1013 suae
1438 949 1903 1012 communicare
1920 948 2088 1010 bona

529 1065 665 1116 sua,
714 1051 1019 1127 quantum
1082 1043 1347 1107 voluerit
1368 1089 1389 1121 ,
1442 1061 1557 1106 seu
1598 1049 1907 1124 quantum
1951 1043 2090 1122 ipsa

528 1157 727 1220 capax
755 1137 962 1201 fuerit.
1008 1141 1085 1200 At
1118 1155 1269 1200 vero
1316 1139 1585 1200 servitus
1636 1137 1915 1198 hnmana
1959 1148 2090 1198 nen

530 1241 624 1296 est
662 1233 988 1309 naturalis,
1028 1231 1142 1296 sed
1170 1231 1253 1294 ab
1304 1231 1663 1296 hominibus
1706 1231 2088 1294 introducta.

528 1325 707 1392 Unde
752 1343 857 1389 eas
904 1327 1297 1390 conditiones
1328 1327 1591 1407 requirit
1636 1343 1779 1408 qua»,
1834 1325 2092 1390 arbitrio

528 1422 854 1484 hominum
888 1423 1240 1484 constitutae
1286 1427 1453 1484 sunt.
1486 1423 1563 1483 Et
1602 1421 1749 1502 quia
1786 1421 1921 1483 haec
1963 1437 2092 1483 sen·

528 1519 712 1593 vitus,
735 1523 797 1580 et
822 1515 1011 1580 vilem
1032 1515 1449 1579 conditionem
1478 1521 1793 1579 statatum
1822 1517 2092 1579 hominis

528 1627 743 1672 secum
772 1611 976 1687 affert,
1012 1616 1075 1673 et
1118 1612 1184 1672 in
1230 1625 1484 1691 poenam
1521 1610 1955 1691 gravissimam
1997 1609 2094 1670 in-

532 1703 816 1766 troductu
864 1709 978 1780 est,
1010 1703 1159 1767 ideo
1214 1703 1605 1766 conditiones
1641 1721 1863 1766 omnes
1914 1703 2092 1784 inge·

530 1799 786 1860 nuitatis
815 1805 877 1860 et
922 1798 1327 1860 notabilitatis
1382 1797 1651 1860 excludit
1680 1817 1697 1872 ς
1751 1803 1815 1860 et
1842 1797 1961 1858 hac
1991 1813 2094 1858 ra·-

528 1893 697 1954 tione
716 1891 921 1954 differt
946 1893 1133 1954 etiam
1162 1892 1299 1954 brec
1326 1893 1643 1954 servitusa
1662 1891 1898 1966 divina,
1921 1889 2094 1970 quod

530 1999 747 2048 servus
774 1987 913 2065 jure
946 1984 1110 2050 civili
1152 2002 1281 2048 non
1326 1993 1423 2052 est
1478 2001 1674 2070 capax
1702 1987 1940 2068 proprii
1985 1986 2094 2048 do-

529 2080 704 2142 minii
736 2095 754 2156 3
791 2097 1011 2142 servus
1040 2085 1252 2144 autem
1298 2082 1411 2144 Dei
1454 2093 1551 2145 est
1600 2097 1751 2144 vere
1802 2081 2095 2143 dominus

529 2173 1097 2254 supernaturalium
1153 2175 1342 2238 etiam
1400 2179 1752 2254 bonorum,
1804 2175 2095 2257 quamvis

532 2269 651 2331 sub
696 2267 972 2331 dominio
1006 2269 1143 2331 Dei.
1176 2269 1355 2332 Unde
1405 2272 1594 2352 etiam
1625 2269 1695 2332 flt
1726 2275 1797 2332 ut
1826 2269 2094 2332 servitus

531 2363 665 2424 haec
716 2362 995 2424 humana
1042 2361 1333 2428 excludat
1372 2379 1560 2426 omne
1583 2365 1691 2446 jus
1734 2369 1797 2426 et
1839 2379 2094 2426 censor-

532 2459 683 2520 tium
714 2473 857 2518 eum
888 2457 1145 2520 domino
1172 2457 1239 2518 in
1270 2457 1444 2520 omni
1477 2472 1711 2537 genere
1738 2458 2050 2520 bonorum
2068 2471 2088 2534 3

530 2566 602 2610 ae
628 2557 962 2632 propterea
992 2551 1183 2614 etiam
1232 2549 1452 2614 filiatio
1476 2551 1769 2633 adoptiva
1814 2551 2093 2614 humana

531 2641 803 2707 excludit
846 2645 1035 2707 talem
1096 2645 1482 2722 servitutem,
1512 2646 1798 2726 quamvis
1838 2645 2092 2725 adoptio

530 2739 661 2813 Dei,
692 2745 763 2800 ut
806 2737 959 2814 dixi,
1018 2737 1191 2800 fliam
1248 2755 1380 2802 non
1416 2740 1725 2803 excludat.
1760 2739 1964 2818 Atque
2005 2739 2092 2802 ita

528 2831 762 2912 optima
798 2833 1043 2894 ratione
1076 2837 1340 2911 constat,
1376 2833 1693 2911 quomodo
1742 2833 1982 2895 Christo
2021 2837 2093 2896 ut

528 2925 765 2986 homini
795 2943 922 2986 non
952 2933 1307 3005 repugnent
1328 2927 1513 2989 simul
1538 2923 1757 2988 filiatio
1786 2925 2092 2990 naturalis

527 3025 589 3080 et
616 3019 883 3080 servitus
928 3025 1215 3098 respectu
1244 3020 1355 3082 Dei
1376 3035 1397 3098 ;
1428 3037 1577 3081 nam
1604 3021 1701 3082 hee
1753 3020 2092 3082 relationes

528 3112 693 3172 inter
744 3127 813 3172 se
860 3127 987 3172 non
1030 3117 1175 3174 sunt
1211 3121 1660 3192 repugnantes,
1700 3115 1846 3193 quia
1882 3113 2090 3176 nullas

528 3203 915 3265 conditiones
952 3205 1299 3268 contrarias
1349 3209 1459 3268 aut
1514 3206 1833 3287 oppositas
1881 3207 2092 3288 requi·

527 3301 711 3370 runt3
744 3298 1091 3376 praesertim
1141 3317 1285 3360 cum
1334 3305 1398 3361 et
1445 3299 1649 3360 Deum
1696 3299 1814 3361 sub
1841 3297 2088 3362 diversa

527 3391 768 3451 ratione
795 3391 1152 3471 respiciant,
1192 3397 1253 3453 et
1280 3393 1528 3454 diversa
1560 3391 1838 3454 habeant
1868 3391 2092 3454 funda·

528 3489 780 3564 menta3
814 3499 959 3546 nam
1000 3487 1269 3550 servitus
1296 3486 1597 3548 fundetur
1623 3487 1691 3550 in
1720 3493 1947 3548 natura
1977 3487 2091 3548 hu·

528 3591 713 3640 mana
738 3579 1081 3640 secundum
1106 3579 1461 3641 naturalem
1476 3577 1902 3642 conditionem
1924 3579 2085 3660 ejus;

527 3669 741 3734 filiatio
771 3673 1012 3734 veroin
1052 3675 1251 3753 gratia
1300 3675 1571 3736 unionis.
1606 3673 1741 3747 Quo
1784 3675 1974 3736 etiam
2021 3673 2092 3736 fit

528 3775 597 3826 nt
618 3763 797 3827 aliter
822 3765 1065 3827 dicatur
1100 3765 1402 3841 Christus,
1443 3767 1509 3830 in
1536 3775 1840 3847 quantum
1870 3769 2087 3845 home,

528 3875 767 3934 servus„
790 3875 979 3936 quam
1008 3859 1231 3932 Filius:
1252 3859 1474 3922 dicitur
1494 3861 1664 3922 enim
1681 3857 1873 3922 Filius
1888 3861 2093 3940 speci-

526 3951 771 4014 sscative
796 3959 1061 4025 tantum,
1082 3971 1209 4016 non
1240 3952 1711 4034 reduplicative‚
1736 3969 1953 4015 servus
1977 3969 2091 4013 au·

530 4053 657 4107 tem
683 4053 949 4126 utroque
980 4047 1193 4122 modo,
1224 4047 1372 4128 quia
1406 4047 1471 4107 in
1520 4045 1913 4109 humanitate
1963 4063 2092 4108 ser-

526 4153 641 4200 vus
672 4145 800 4212 θεῖς
852 4146 913 4202 et
934 4139 1079 4218 quia
1106 4139 1319 4216 homo,
1350 4141 1493 4202 ideo
1526 4147 1588 4203 et
1614 4155 1853 4202 servus.

606 4233 707 4294 60.
770 4233 1049 4311 Denique
1106 4232 1253 4294 hinc
1319 4235 1506 4294 etiam
1554 4229 1825 4295 solutum
1872 4238 2092 4295 manet

526 4323 885 4404 exemplum
914 4327 993 4386 de
1010 4325 1263 4388 vinculo
1290 4327 1569 4406 conjug-ii
1602 4326 1883 4401 humani,
1915 4325 2088 4405 quod

530 4416 687 4478 tollit
706 4417 1095 4491 servitutem,
1129 4433 1206 4479 ex
1234 4433 1361 4496 quo
1388 4420 1523 4480 fieri
1567 4419 1833 4492 videtur,
1858 4419 2085 4498 majori

528 4511 768 4572 ratione
786 4511 1103 4572 vinculum
1116 4512 1367 4574 unionis
1378 4513 1781 4593 hypostaticae
1796 4511 2088 4574 exclude-

528 4619 595 4665 re
632 4603 714 4664 ab
739 4603 1127 4666 humanitate
1156 4619 1409 4666 omnem
1446 4603 1869 4667 conditionem
1898 4605 2087 4668 servi·

528 4696 698 4772 tutiS,
724 4697 966 4758 ratione
1022 4697 1204 4776 cujus
1236 4697 1428 4778 possit
1476 4697 1753 4760 Christus
1779 4703 1849 4760 ut
1898 4699 2087 4758 homo

529 4789 827 4871 appellari
858 4805 1097 4851 servus.
1142 4791 1269 4853 Sed
1297 4791 1348 4852 si
1373 4791 1505 4853 haec
1533 4793 1894 4870 conjectura
1917 4791 2092 4870 quic-

528 4899 719 4964 quam
748 4883 1063 4964 probaret,
1088 4883 1314 4946 eodem
1346 4886 1537 4946 modo
1581 4889 1795 4964 posset
1840 4884 2092 4946 conclu·-

528 4977 677 5040 dere
704 4979 1231 5056 conjunctionem,
1274 4996 1465 5059 quam
1504 4978 1873 5040 Beatissima
1904 4979 2091 5059 Virgo

528 5071 721 5133 habet
742 5085 885 5132 cum
921 5073 1055 5134 Deo'
1098 5073 1343 5134 ratione
1388 5069 1823 5145 maternitatis,
1858 5071 2093 5134 debere

528 5165 611 5225 ab
638 5163 743 5226 illa
769 5163 1099 5226 excludere
1143 5183 1361 5226 veram
1388 5167 1754 5227 servitutem
1783 5183 1801 5239 ;
1836 5165 1983 5244 quia
2007 5165 2095 5226 si-

530 5275 604 5320 ve
636 5258 931 5338 physicae,
955 5257 1089 5320 >sive
1134 5259 1457 5321 moraliter
1502 5275 1607 5322 res
1640 5258 2092 5334 consideretur,

532 5366 659 5412 non
714 5358 807 5412 est
864 5351 1094 5429 minor,
1133 5351 1259 5413 imo
1318 5354 1523 5433 major
1580 5351 1685 5413 illa
1740 5352 2098 5432 conjunctio

532 5459 723 5522 quam
752 5445 831 5506 sit
858 5445 925 5504 in
972 5444 1332 5507 hominibus
1386 5449 1547 5508 inter
1592 5445 1795 5506 virum
1844 5451 1909 5508 et
1944 5463 2100 5507 uxo-

534 5555 689 5601 rem.
727 5541 1001 5621 Negatur
1030 5557 1181 5621 ergo
1212 5542 1549 5605 similitudo
1572 5558 1683 5606 seu
1710 5559 2100 5622 consequen-

2169 476 2254 540 tia
2279 523 2298 553 ,
2337 477 2488 557 quia
2555 479 2820 542 servitus
2875 481 2956 542 ad
2995 480 3199 542 Deum
3238 486 3346 545 est
3396 481 3740 550 intrinseca

2169 583 2236 640 ct
2285 576 2731 648 connaturalis,
2763 581 2825 637 et
2862 575 3296 652 nobilissima3
3332 579 3614 642 servitus·
3631 597 3746 644 au-

2169 676 2298 732 tem
2309 671 2590 732 hnmana
2615 676 2714 731 est
2739 671 3088 734 enrinseca
3111 680 3176 734 et
3201 675 3288 734 ad
3307 675 3615 753 placitum
3629 679 3748 737 ho-

2169 765 2412 826 minum
2439 765 2816 839 introductu,
2839 771 3030 844 atque
3077 767 3240 829 adeo
3299 769 3632 848 ignobilis,
3679 777 3750 832 ut

2169 859 2394 920 merito
2423 873 2550 921 non
2587 859 2879 921 admittat
2923 873 3062 921 eam
3091 862 3526 940 aequalitatem
3555 869 3622 924 et
3659 863 3748 922 fa-

2170 951 2592 1109 Enigaritatem
2621 969 2762 1034 quoe
2789 953 2961 1018 inter
2987 953 3192 1016 virum
3223 959 3288 1018 et
3309 965 3578 1019 uxorem
3605 972 3748 1018 esse

2217 1063 2250 1108 e
2297 1051 2380 1109 ct.
3422 1058 3428 1068 ¹

2799 1209 3016 1264 sEc'rto
3047 1210 3109 1269 Π.

2183 1337 2368 1400 Utrum
2397 1341 2643 1402 Christus
2669 1357 2795 1402 enm
2819 1343 2937 1402 sola
2961 1343 3447 1416 determinatione,
3473 1337 3544 1404 ω’
3561 1347 3742 1407 homo.

2353 1431 2532 1502 possit
2557 1430 2678 1487 ‹tic-1·
2705 1445 2912 1499 servus,
2946 1430 3032 1488 vel
3061 1431 3235 1488 etiam
3283 1431 3406 1488 stne
3429 1431 3560 1488 ilia.

2257 1614 2286 1672 i
2300 1654 2315 1671 .
2346 1609 2684 1674 Dubitandi
2697 1609 3259 1674 *auom—Primam
3299 1611 3742 1692 mpponimm,

2173 1719 2250 1766 ex
2269 1709 2448 1783 parte
2471 1702 2811 1782 prodicati,
2829 1717 3058 1778 seme,
3073 1715 3266 1784 posse
3277 1718 3422 1766 esse
3439 1706 3746 1785 ambigui·

2172 1803 2369 1860 tatem
2391 1801 2456 1858 et
2481 1796 3060 1875 aequivocationem,
3093 1797 3318 1859 etidee
3337 1805 3640 1878 oportere
3665 1801 3744 1861 its

2173 1889 2280 1952 iila
2307 1903 2462 1952 voce
2494 1888 2610 1964 uti,
2639 1896 2710 1952 nt
2747 1905 2826 1952 ex
2854 1887 3167 1970 adjunctis
3191 1893 3353 1954 satis
3377 1899 3656 1965 constet,
3687 1896 3745 1955 in

2174 1981 2346 2045 bono
2374 1989 2438 2046 et
2487 1983 2792 2046 catholieo
2843 1997 3036 2045 sensu
3087 1985 3458 2048 servitutem
3513 1987 3744 2048 Christo

2177 2076 2454 2139 attribui.
2501 2077 2846 2138 Difficultas
2869 2090 3020 2157 ergo
3053 2083 3145 2140 est
3169 2094 3278 2153 an,
3309 2079 3644 2158 loquendo
3673 2079 3744 2142 de

2177 2169 2282 2230 iiia
2320 2167 2517 2232 nobili
2551 2171 2874 2245 servitute,
2905 2185 3047 2249 quoe
3103 2169 3350 2234 Christo
3383 2179 3451 2234 nt
3505 2173 3740 2234 homini

2175 2263 2518 2326 convenire
2539 2269 2768 2343 potest,
2793 2265 2859 2324 in
2877 2266 3258 2344 proprietate
3281 2272 3346 2327 et
3367 2265 3592 2346 rigere
3623 2282 3742 2327 ser-

2174 2358 2379 2418 monis
2423 2357 2622 2438 possit
2661 2357 2738 2420 de
2765 2358 2871 2418 illo
2899 2358 3232 2437 praedicar-i
3273 2357 3414 2420 sine
3443 2361 3744 2422 determi-

2174 2451 2453 2525 natione,
2485 2452 2548 2512 in
2577 2455 2886 2531 quantum
2918 2451 3132 2526 bomo,
3159 2453 3264 2515 vel
3285 2459 3548 2514 tantum
3605 2470 3739 2515 eum

2174 2545 2304 2606 ilia.
2343 2547 2415 2606 In
2440 2561 2568 2625 qua
2589 2545 2976 2618 difficultate,
3003 2547 3193 2608 etiam
3215 2555 3308 2612 est
3325 2553 3588 2610 cert-nm·
3605 2561 3740 2610 con·

2173 2638 2530 2700 venientius
2551 2655 2692 2700 esse
2721 2637 2892 2699 illam
2927 2638 3527 2702 determinationem
3557 2638 3742 2703 adde·

2172 2749 2264 2806 re,
2293 2737 2364 2794 ut
2389 2729 2492 2794 hic
2519 2733 2588 2793 D.
2615 2731 2888 2794 Thomas
2908 2731 3261 2808 admonuit,
3289 2735 3372 2796 ad
3395 2735 3738 2796 tollendam

2173 2839 2430 2890 omnem
2481 2827 2954 2906 ambiguitatem
2996 2831 3062 2889 et
3103 2830 3541 2909 suspicionem
3577 2844 3738 2890 erro-

2173 2921 2279 2981 ris.

2254 3019 2314 3078 2.
2357 3017 2448 3076 De
2477 3013 2685 3094 rigore
2731 3019 2944 3076 autem
3000 3016 3329 3089 sermonis,
3365 3017 3438 3078 D.
3469 3017 3738 3079 Thomas

2171 3105 2406 3170 indicat
2431 3107 2616 3170 etiam
2649 3107 2788 3170 sine
2829 3107 2934 3168 illa
2968 3107 3508 3173 determinatione
3531 3126 3738 3172 veram

2175 3219 2312 3263 esse
2336 3201 2737 3277 locutionem,
2763 3215 2912 3263 nam
2961 3203 3170 3264 solum
3211 3209 3298 3264 ait
3329 3204 3550 3283 potius
3601 3221 3734 3266 esse

2169 3293 2292 3356 hoc
2336 3295 2748 3373 proedicatum
2813 3295 3282 3357 attribuendum
3331 3313 3490 3359 cum·
3539 3297 3734 3360 deter-

2171 3388 2536 3463 minatione,
2565 3395 2630 3451 et
2671 3389 2823 3468 quia
2865 3389 2986 3451 hoc
3031 3387 3442 3469 praedicatum
3463 3392 3732 3472 aequipa-

2169 3485 2269 3544 rat
2297 3499 2443 3543 cum
2487 3497 2612 3546 ense
2635 3483 2988 3562 subjeetum,
3035 3483 3208 3562 quod
3247 3499 3444 3563 supra
3471 3481 3731 3546 diximus

2171 3591 2356 3658 posse
2387 3577 2524 3637 sine
2553 3575 3078 3639 determinatione
3107 3577 3436 3656 praedicari
3459 3579 3542 3640 de
3566 3581 3732 3641 Chri-

2171 3679 2290 3734 sto.
2340 3673 2416 3734 Et
2459 3670 2822 3732 confirmari
2848 3679 3058 3752 petest
3095 3671 3232 3734 haec
3283 3689 3434 3754 pars
3461 3676 3730 3738 testimo-

2171 3765 2292 3828 niis
2343 3763 2739 3846 praecedente
2807 3767 3082 3827 sectione
3135 3765 3426 3830 adductis
3455 3788 3504 3845 3·
3539 3787 3682 3832 nam
3711 3817 3728 3844 ,

2171 3859 2426 3940 quando
2469 3859 2678 3921 Sancti
2723 3857 3036 3922 Christum
3090 3877 3342 3922 servum
3389 3863 3727 3944 appellant,

2173 3968 2344 4032 saepe
2401 3952 2538 4014 sine
2596 3950 2703 4012 illa
2755 3951 3286 4015 determinatione
3340 3953 3723 4034 loquantum

2171 4044 2299 4106 imo
2337 4051 2399 4106 et
2437 4043 2754 4123 Scriptura
2784 4045 2868 4106 ita
2917 4045 3235 4123 loquitur;
3283 4067 3400 4110 cur
3425 4067 3584 4130 ergo
3625 4067 3726 4110 nos

2173 4137 2362 4199 etiam
2403 4154 2532 4198 non
2577 4139 2922 4217 poterimus
2973 4140 3064 4199 ita
3091 4139 3262 4218 loqui
3291 4145 3319 4202 ’.Ρ
3362 4143 3722 4222 Negandum

2171 4229 2340 4292 enim
2391 4247 2518 4291 non
2571 4238 2668 4292 est
2699 4231 2848 4310 quin
2895 4231 3104 4294 Sancti
3147 4235 3210 4292 in
3249 4233 3468 4313 rigore
3507 4243 3726 4314 etpro-

2166 4323 2434 4405 prietate
2457 4324 2770 4384 sermonis
2793 4324 3158 4404 loquantur.
3191 4325 3462 4389 Ratione
3489 4330 3722 4406 pmhari

2165 4421 2396 4498 potest,
2427 4416 2575 4497 quia
2605 4417 2656 4478 si
2695 4429 2846 4478 cum
2894 4417 3418 4482 determinatione
3469 4429 3569 4484 est
3593 4439 3723 4484 vera

2165 4509 2422 4586 locutio,
2443 4509 2630 4572 etiam
2661 4511 2776 4573 erit
2803 4511 2940 4572 sine
2966 4511 3099 4587 illa,
3127 4511 3278 4588 qnia
3305 4513 3416 4574 illa
3442 4515 3724 4578 determi-

2168 4603 2342 4665 natio
2379 4619 2510 4664 non
2555 4604 2828 4666 extrahit
2874 4604 3228 4684 subjectum
3275 4614 3324 4666 a*
3353 4609 3613 4688 propria
3655 4611 3724 4669 si·

2173 4695 2595 4777 gnificatione‚
2648 4714 2767 4760 nec
2808 4695 3104 4762 diminuit
3159 4697 3332 4760 illam
3391 4701 3490 4779 (ut
3537 4703 3624 4765 sic
3649 4703 3724 4764 di-

2171 4793 2372 4872 cam);
2399 4809 2550 4873 ergo
2579 4799 2749 4854 recte
2773 4794 3054 4872 sequitur
3075 4811 3090 4854 τ
3114 4794 3418 4872 Christus,
3443 4797 3514 4858 in
3551 4815 3726 4878 qnan-

2172 4891 2307 4949 tum
2335 4885 2548 4963 homo,
2573 4893 2670 4948 est
2693 4901 2946 4958 servus;
2977 4903 3128 4967 ergo
3165 4887 3446 4951 Christus
3472 4897 3574 4953 aet
3613 4909 3726 4952 ser-

2172 4997 2286 5042 vus
2323 4999 2344 5054 ς
2379 4997 2512 5042 non
2567 4981 2736 5042 enim
2765 4979 2836 5042 fit
2885 4980 3080 5043 illatio
3123 4995 3162 5044 a
3201 4981 3367 5045 dicto
3395 4985 3723 5051 secundnm

2175 5071 2330 5152 quid
2367 5074 2448 5134 ad
2471 5073 2853 5153 simpliciter,
2885 5075 2996 5136 sed
3041 5093 3078 5138 a
3103 5093 3233 5137 nen
3261 5077 3479 5158 ample
3503 5081 3588 5142 ad
3611 5097 3724 5141 am-

2177 5168 2352 5249 plum
2377 5165 2768 5228 affirmative.

2261 5261 2322 5322 3.
2353 5259 2574 5326 Priona
2615 5259 3093 5326 condutta—ln
3129 5264 3244 5324 hae
3265 5271 3605 5327 recertnm
3633 5268 3722 5326 im-

2177 5353 2400 5435 primis
2430 5365 2566 5415 esse
2592 5351 2857 5430 videtur,
2891 5355 3204 5417 Christum
3219 5370 3347 5416 non
3381 5373 3574 5436 pesse
3599 5359 3722 5418 sim-

2179 5445 2428 5527 pliciter
2453 5445 2575 5508 dici
2607 5465 2856 5510 servum
2899 5447 3083 5510 Verbi
3113 5455 3222 5509 a'ut
3269 5449 3406 5510 Filii
3435 5451 3548 5512 Dei
3575 5467 3592 5523 ς
3623 5452 3719 5511 hoc

2181 5539 2346 5602 enim
2379 5545 2474 5604 est
2525 5539 2692 5620 quod
2735 5541 3076 5603 Concilium
3107 5542 3600 5606 Alexandrinum
3623 5552 3720 5605 tra·
