3892 6167
513 484 826 563 repugnat
873 476 992 541 inis
1043 476 1216 557 quod
1257 474 1500 558 possint
1543 478 1786 543 infundi
1827 478 2081 541 habitus

513 575 802 657 ejusdem
829 570 1064 635 ordinis
1093 570 1202 650 qui
1237 571 1322 632 ad
1343 570 1486 633 illos
1519 578 1983 653 comparentur,
2010 577 2081 636 ut

515 668 822 753 principia
859 666 1292 729 connaturalia
1333 665 1611 744 illorum,
1655 666 1826 747 quod
1865 676 2080 729 tamen

515 766 830 845 repugnat
871 764 1166 841 respectu
1209 759 1408 839 ipsius
1449 759 1664 841 gratim
1705 766 1770 823 et
1814 759 2080 823 aliarum

515 852 1092 939 supernaturalium
1132 853 1450 915 actionum
1477 870 1593 917 seu
1631 853 2080 917 miraculorum

517 955 775 1032 propter
801 947 1111 1011 rationem
1139 964 1330 1027 supra
1357 947 1674 1025 traditam,
1701 951 1856 1013 sect.
1881 952 1944 1021 4,
1972 946 2080 1011 ubi

517 1044 910 1109 ostendimus
949 1041 1406 1105 humanitatem
1455 1040 1676 1105 Christi
1719 1059 1848 1103 non
1889 1058 2080 1122 posse

519 1157 658 1203 esse
687 1154 948 1201 causam
971 1134 1382 1216 principalem
1411 1134 1624 1213 gratias
1651 1138 1762 1197 aut
1779 1134 2080 1215 justifica-

517 1232 729 1309 tioniS,
757 1234 822 1293 et
842 1227 1414 1309 supernaturalium
1435 1227 1908 1303 miraculorum,
1932 1227 2082 1307 quia

517 1344 648 1389 non
678 1326 886 1406 potest
921 1322 982 1385 ei
1003 1320 1250 1383 infundi
1287 1320 1556 1401 qualitas
1582 1338 1724 1400 quoe
1745 1322 1826 1383 sit
1851 1319 2080 1401 princi·

517 1420 692 1501 pium
735 1416 1080 1499 principale
1109 1414 1329 1477 talium
1359 1414 1728 1493 effectuum3
1759 1416 1894 1477 sine
1923 1432 2081 1493 qua-

515 1512 690 1577 litate
743 1518 956 1575 autem
1011 1506 1372 1589 hujusmodi
1411 1526 1525 1571 seu
1567 1508 1794 1571 virtute
1841 1508 2079 1585 addita,

518 1606 758 1671 clarum
800 1610 898 1667 est
921 1620 1052 1665 non
1093 1619 1280 1682 posse
1305 1602 1600 1665 constitui
1627 1600 2082 1663 humanitatem

515 1700 584 1763 in
617 1701 860 1763 ratione
908 1694 1272 1777 principalis
1313 1694 1628 1777 principii,
1665 1712 1810 1757 cum
1839 1701 2081 1758 certum

518 1780 620 1871 sit,
643 1810 850 1873 neque
873 1808 952 1853 ex
969 1808 1041 1852 se
1063 1788 1302 1850 habere
1325 1788 1517 1851 talem
1532 1787 1849 1864 virtutem,
1871 1804 2083 1867 neque

517 1904 631 1969 per
667 1886 866 1947 solam
901 1882 1204 1944 unionem
1233 1880 1716 1961 hypostaticam,
1737 1880 2085 1945 formaliter

519 1998 594 2044 ac
621 1978 878 2059 praecise
917 1982 1256 2055 sumptam,
1283 1974 1478 2037 fuisse
1529 1974 1620 2037 illi
1662 1976 2084 2037 communica-

519 2080 672 2149 tam,
707 2084 774 2134 ut
801 2089 992 2152 supra
1029 2070 1364 2150 probatum
1393 2074 1522 2147 est3
1552 2068 1699 2148 quia
1735 2068 1870 2130 sola
1901 2068 2079 2143 unic,

519 2172 590 2231 ut
615 2168 724 2243 sic,
753 2166 954 2227 solum
982 2163 1092 2227 dat
1117 2162 1489 2225 humanitati
1519 2164 1690 2245 quod
1713 2164 1793 2226 sit
1817 2165 2085 2243 conjun-

519 2268 619 2325 cta
649 2260 854 2323 verbo
879 2264 950 2321 ut
975 2257 1330 2337 supposit03
1361 2274 1438 2318 ex
1467 2274 1594 2336 quo
1620 2257 1880 2335 proecise
1907 2256 2085 2319 nulla

517 2356 713 2417 virtus
745 2352 1004 2433 physice
1037 2351 1360 2433 operativa
1389 2349 1644 2413 additur
1679 2350 2076 2425 humanitati,

515 2448 632 2512 scd
669 2447 868 2511 solum
913 2446 1108 2508 habet
1143 2444 1315 2525 quod
1367 2445 1432 2507 in
1481 2445 1592 2508 tali
1635 2446 1961 2526 supposito
2002 2444 2083 2508 sit

517 2539 890 2624 principium
919 2538 1222 2618 operandi
1239 2538 1419 2617 juxta
1443 2538 1818 2605 naturalem.
1840 2539 2084 2601 realem

519 2656 595 2701 ac
621 2633 929 2698 moralem
968 2632 1414 2713 perfectionem
1457 2632 1778 2713 propriam
1805 2631 1947 2694 talis
1976 2650 2084 2693 na-

515 2736 698 2805 tum,
729 2732 794 2791 et
821 2744 964 2790 cum
991 2726 1214 2787 morali
1245 2724 1573 2804 dignitate,
1599 2727 1664 2788 et
1691 2725 1906 2788 valore
1933 2744 2083 2788 con-

519 2830 816 2887 sentaneo
841 2821 950 2884 tali
977 2838 1281 2901 personae.

603 2920 702 2979 12.
746 2914 860 2979 Hic
894 2930 1044 2994 ergo
1087 2930 1216 2973 non
1243 2911 1448 2973 solum
1491 2911 1880 2975 excludimus
1919 2912 2086 2977 hanc

521 3010 886 3093 qualitatem
906 3050 928 3083 ,
977 3022 1119 3086 quat
1173 3004 1253 3067 sit
1305 3005 1653 3085 principale
1707 3006 2085 3088 principium

518 3104 746 3165 horum
783 3100 1144 3175 effectuum,
1169 3097 1284 3160 sed
1309 3096 1506 3160 etiam
1539 3096 2089 3161 instrumentalem

517 3196 670 3273 vim,
702 3194 934 3257 scilicet
949 3236 970 3267 ‚
1001 3208 1140 3271 quae
1167 3208 1246 3253 cx
1294 3196 1522 3253 natura
1551 3208 1664 3253 sua
1709 3190 1942 3254 habeat
1966 3193 2088 3253 hu-

512 3288 790 3370 jusmodi
820 3286 1112 3348 virtutem
1141 3283 1614 3346 connaturalem
1657 3302 1732 3347 ac
1763 3286 2087 3365 propriam

519 3378 1082 3445 instrumentaliter
1121 3376 1434 3439 efficiendi
1459 3376 1599 3439 haec
1629 3394 1849 3458 opera,
1883 3379 1975 3439 ita
2016 3384 2088 3441 ut

519 3494 600 3538 ex
622 3480 846 3537 natura
871 3491 988 3534 sua
1013 3471 1082 3532 in
1112 3471 1217 3531 illa
1241 3470 1463 3531 influat
1477 3490 1497 3547 3
1519 3470 1712 3533 talem
1741 3470 1912 3533 enim
1935 3488 2088 3551 qua-

521 3569 760 3631 litatem
803 3564 1262 3646 impossibilem
1309 3581 1450 3625 esse
1493 3562 1802 3627 existimo.
1838 3565 1910 3627 In
1956 3582 2087 3645 quo

521 3658 809 3723 nonnulli
853 3677 932 3721 ex
984 3654 1298 3739 praedictis
1345 3656 1704 3719 auctoribus
1743 3656 1912 3737 (mea
1941 3676 2087 3719 sen-

523 3754 743 3835 tentia)
773 3770 901 3814 non
939 3751 1286 3830 loquuntur
1325 3754 1812 3830 consequenter}
1855 3749 2087 3812 docent

523 3849 690 3911 enim
731 3850 898 3909 hanc
925 3844 1292 3925 qualitatem
1337 3843 1912 3905 instrumentariam
1943 3861 2085 3905 esse

521 3940 906 4024 possibilem,
939 3944 1004 4001 et
1041 3942 1278 4019 negant
1319 3954 1459 3999 esse
1501 3936 1764 3999 inditam
1795 3936 2085 3999 humani-

519 4036 632 4099 tati
673 4032 932 4108 Christi,
959 4030 1130 4111 quia,
1161 4030 1306 4093 licet
1333 4028 1648 4112 possibilis
1683 4029 1784 4103 sit,
1815 4047 1946 4091 non
1970 4030 2089 4093 de-

523 4136 622 4193 cet
643 4136 858 4193 tamen
885 4131 1238 4189 creaturam
1267 4124 1440 4185 illam
1469 4123 1736 4197 habere;
1765 4123 2085 4203 interrogo

523 4223 694 4287 enim
723 4236 1014 4304 quaenam
1043 4220 1123 4281 sit
1163 4219 1301 4280 hoec
1341 4216 1727 4290 indecentia;
1763 4222 1875 4279 aut
1915 4215 2086 4279 enim

523 4320 644 4379 hoc
667 4313 982 4397 judicatur
1012 4311 1314 4373 indecens
1335 4354 1352 4387 ,
1383 4309 1534 4389 quia
1571 4310 1628 4371 si
1655 4310 1792 4373 haec
1819 4310 2089 4388 qualitas

521 4407 896 4473 humanitati
941 4404 1322 4467 tribueretur
1347 4447 1366 4476 ,
1413 4402 1624 4483 aliqua
1673 4402 2085 4481 imperfectio,

519 4503 625 4565 vel
671 4500 954 4563 defectus
991 4498 1216 4577 aliquis
1262 4497 1334 4557 in
1373 4514 1452 4558 ea
1495 4502 1840 4577 poneretur
1851 4510 1874 4574 3
1903 4495 2005 4557 vel
2052 4513 2091 4557 e

524 4612 861 4667 converso,
897 4592 1046 4673 quia
1091 4590 1284 4651 nimia
1329 4588 1632 4668 perfectio
1661 4587 1768 4651 illa
1797 4582 1996 4663 esset}
2028 4595 2093 4651 et

523 4688 838 4753 excedens
865 4684 1236 4767 dignitatem
1261 4683 1420 4763 ejus.
1448 4683 1724 4745 Primum
1747 4682 1920 4745 nullo
1951 4700 2091 4744 mo-

523 4783 606 4847 do
637 4782 758 4845 dici
787 4783 996 4861 potest
1009 4823 1031 4854 ,
1063 4776 1213 4857 quia
1255 4776 1366 4837 illa
1413 4774 1682 4856 qualitas
1711 4782 1880 4838 esset
1927 4776 1994 4837 in
2022 4794 2091 4839 se

523 4876 708 4939 valde
735 4874 1033 4955 perfecta,
1061 4876 1126 4933 et
1145 4888 1278 4931 non
1303 4874 1688 4950 repugnaret
1715 4886 1861 4931 cum
1891 4869 2091 4950 quali·

523 4971 634 5033 bet
659 4968 781 5030 alia
825 4963 1213 5047 perfectione
1232 5006 1252 5039 ‚
1279 4964 1384 5025 vel
1411 4970 1682 5036 naturas,
1711 4963 1814 5025 vel
1839 4964 2091 5042 gratiis,

523 5064 625 5125 vel
647 5060 944 5136 scientiae,
963 5056 1060 5119 vel
1089 5054 1384 5138 potentiis
1405 5055 1810 5117 humanitatis
1835 5056 2086 5131 Christi3

525 5174 656 5219 non
695 5172 846 5235 ergo
873 5156 1088 5233 posset
1115 5149 1490 5211 humanitati
1523 5148 1840 5212 defectum
1879 5154 1944 5211 et
1978 5150 2096 5211 im-

524 5249 973 5332 perfectionem
1033 5243 1258 5305 afferre
1279 5286 1298 5318 ,
1359 5242 1472 5305 sed
1527 5260 1826 5323 magnam
1879 5242 2089 5323 potius

523 5340 978 5424 perfectionem
1005 5340 1070 5399 et
1093 5336 1410 5397 virtutem.

607 5436 704 5497 13.
729 5430 1088 5496 Secundum
1113 5428 1304 5491 etiam
1319 5446 1449 5491 non
1475 5434 1572 5491 est
1591 5435 2089 5493 consentaneum

527 5524 890 5610 perfectioni
917 5523 1019 5588 vel
1045 5521 1333 5604 dignitati
1358 5522 1604 5601 Christi,
1629 5526 1694 5589 et
1715 5524 2085 5589 humanitati

1739 380 1973 447 QuAEsT.
2010 380 2141 433 xm.
2172 378 2376 433 Alme.
2412 380 2495 434 Ν.

2162 474 2301 555 eJus
2314 498 2333 553 3
2359 482 2535 539 tanta
2560 477 2731 539 enim
2759 484 2857 541 est
2882 476 3153 559 dignitas
3172 475 3345 539 illius
3370 474 3753 541 humanita-

2160 571 2241 633 tis
2278 570 2521 633 ratione
2556 571 2843 643 unionis,
2872 578 2943 634 ut
2991 588 3121 633 uon
3162 571 3365 651 possit
3394 572 3541 633 hoc
3568 589 3753 633 orna·

2160 670 2445 728 mentum
2475 671 2781 740 creatum,
2802 668 3093 746 respectu
3120 665 3307 743 illins,
3332 666 3637 731 nimium
3660 666 3753 727 vel

2162 758 2475 822 excedens
2500 758 2863 823 existimari.
2888 761 2961 823 In
2984 777 3111 840 quo
3140 759 3307 823 enim
3336 765 3578 843 potest
3606 760 3751 839 poni

2161 851 2523 933 hujusmodi
2558 857 2887 917 excessus?
2910 854 3206 933 Nunquid
3230 854 3297 919 in
3330 872 3413 919 eo
3450 853 3645 933 quod
3670 855 3753 915 vi-

2160 945 2417 1009 deretur
2445 946 2805 1009 humanitas
2826 948 3067 1027 oequari
3100 947 3411 1013 divinitati
3442 948 3521 1011 in
3554 948 3753 1011 omni·
3846 948 3848 951 ⁴

2160 1040 2442 1120 potentia
2456 1042 2485 1100 t
2510 1040 2638 1103 Sed
2678 1040 2801 1103 boc
2824 1040 3059 1104 nullius
3086 1043 3397 1107 momenti
3436 1048 3577 1113 est,
3610 1043 3753 1121 quia

2160 1132 2671 1197 instrumentaria
2696 1142 2761 1199 et
2786 1135 3207 1199 accidentaria
3228 1136 3439 1199 virtus
3470 1154 3621 1199 non
3648 1154 3755 1215 po-

2158 1232 2285 1289 test
2302 1244 2449 1290 cum
2475 1228 2803 1310 principali
2824 1247 2901 1293 ac
2918 1230 3309 1295 substantiali
3332 1230 3720 1311 comparari
3732 1246 3749 1305 ;

2160 1320 2325 1398 imo,
2356 1321 2643 1401 quamvis
2671 1322 3017 1404 fingeretur
3056 1324 3327 1405 qualitas
3374 1342 3547 1405 quoe
3592 1332 3755 1385 esset
3846 1344 3848 1351 ·

2160 1415 2521 1496 principalis
2550 1416 2746 1480 virtus
2764 1462 2785 1495 ,
2812 1435 2941 1479 non
2996 1425 3211 1498 posset
3264 1417 3567 1481 conferri
3614 1436 3751 1481 cum

2160 1510 2389 1571 virtute
2416 1510 2785 1588 divinitatis,
2802 1510 2953 1590 quia
2982 1512 3113 1575 hoec
3144 1518 3241 1576 est
3268 1513 3485 1575 virtus
3512 1528 3641 1591 per
3668 1531 3755 1575 es-
3849 1564 3850 1567 η

2160 1603 2431 1665 sentiam
2472 1603 2773 1685 primaria
2822 1610 2886 1669 et
2930 1604 3407 1686 independeus3
3448 1606 3577 1668 illa
3608 1624 3753 1669 vero
3848 1626 3851 1663 ÷

2164 1703 2331 1760 esset
2362 1698 2767 1781 participata,
2796 1698 3203 1777 secundaria,
3235 1706 3299 1765 et
3324 1700 3651 1781 pendens
3680 1700 3754 1763 ab
3836 1720 3851 1759 τ

2162 1790 2405 1853 influxu
2430 1808 2637 1855 causae
2671 1791 2893 1872 primae
2920 1792 2989 1854 in
3016 1794 3190 1857 omni
3212 1793 3477 1858 actione
3506 1812 3665 1857 sua.
3688 1794 3753 1857 Et

2162 1885 2571 1947 confirmatur
2594 1886 2823 1965 primo,
2848 1886 3003 1965 quia
3028 1904 3157 1949 non
3186 1886 3465 1963 excedit,
3494 1888 3641 1951 imo
3668 1894 3753 1951 est

2160 1977 2345 2041 valde
2366 1982 2863 2041 consentaneum
2882 1979 3171 2061 dignitati
3186 1980 3413 2045 Christi
3436 1982 3751 2057 hominis,

2162 2072 2333 2151 quod
2352 2071 2437 2133 ad
2453 2070 2779 2135 arbitrium
2798 2072 3137 2137 voluntatis
3154 2092 3311 2152 suae,
3330 2092 3471 2137 non
3500 2080 3753 2139 tantum

2162 2163 2409 2241 divine,
2450 2164 2563 2227 sed
2604 2166 2797 2229 etiam
2842 2164 3162 2244 humanas,
3204 2168 3404 2248 possit
3448 2168 3755 2231 homines
3847 2198 3853 2235 1

2164 2258 2577 2336 sanctificare,
2616 2266 2681 2323 et
2711 2261 3017 2325 miracula
3052 2260 3289 2336 facere3
3324 2263 3391 2324 in
3425 2278 3581 2343 quo
3634 2280 3753 2325 non
3847 2294 3852 2329 .-

2164 2358 2455 2431 aequatur
2480 2352 2773 2415 voluntas
2798 2353 3081 2417 humana
3104 2354 3367 2431 diviuae3
3390 2355 3565 2435 quia
3600 2374 3757 2419 sem-
3850 2390 3852 2395 ·

2160 2462 2277 2526 per
2324 2451 2419 2508 est
2446 2444 2535 2507 illi
2576 2446 3010 2523 subordinate,
3042 2447 3227 2528 eique
3268 2448 3753 2523 conformatur-3
3849 2484 3852 2489 -

2160 2555 2317 2619 ergo
2345 2556 2555 2619 neque
2586 2539 2921 2603 excederet
2964 2540 3333 2622 dignitatem
3368 2542 3549 2621 ejus,
3584 2542 3755 2623 qnod

2164 2633 2473 2713 reciperet
2498 2633 2663 2697 hanc
2702 2634 2997 2697 virtutem
3026 2652 3143 2714 per
3170 2634 3559 2715 qualitatem
3596 2634 3757 2697 indi-
3852 2670 3854 2701 ι

2164 2732 2319 2803 tam,
2340 2726 2441 2787 cni
2470 2733 2638 2790 esset
2664 2728 3087 2791 connaturalis
3116 2726 3261 2791 talis
3286 2728 3533 2791 modus
3558 2746 3755 2809 agen-
3849 2778 3854 2787 Α

2164 2819 2269 2895 di,
2300 2820 2357 2881 si
2379 2819 2491 2881 illa
2532 2826 2699 2884 esset
2722 2820 3058 2901 possibilis.
3089 2820 3371 2885 Tandem
3396 2822 3755 2885 confirma·
3851 2862 3854 2899 ÷

2164 2919 2291 2987 tur,
2314 2912 2467 2990 quia
2490 2912 2766 2993 predicti
2786 2920 3078 2977 auctores
3098 2912 3463 2977 concedunt
3484 2914 3757 2977 charac-
3849 2958 3854 2997 :

2168 3013 2367 3069 terem
2408 3007 2864 3070 sacerdotalem
2914 3026 3057 3071 esse
3104 3026 3185 3071 ex
3226 3011 3463 3071 natura
3506 3026 3641 3071 sua
3670 3010 3758 3071 in·
3825 3071 3837 3086 ,

2168 3101 2677 3164 atramentarium
2722 3102 3023 3165 virtutem
3072 3100 3157 3165 ad
3202 3102 3757 3165 transubstantia-
3823 3107 3833 3126 “

2166 3193 2407 3256 tionem
2458 3194 2875 3271 efficiendam,
2928 3200 2993 3258 et
3032 3201 3501 3275 consequenter
3552 3196 3753 3259 etiam
3823 3205 3857 3300 Ι,

2166 3285 2251 3349 ad
2279 3286 2659 3351 remittenda
2692 3294 2984 3367 peccata,
3018 3294 3083 3351 et
3108 3288 3375 3367 gratiam
3398 3288 3757 3353 infunden-
3821 3303 3837 3368 1

2168 3380 2345 3454 dam3
2376 3387 2439 3443 et
2458 3379 2867 3443 nihilominus
2886 3399 3019 3443 non
3046 3381 3311 3445 dedecet
3344 3383 3521 3445 hanc
3548 3384 3759 3463 qnali-
3827 3445 3840 3470 Ι

2164 3476 2361 3535 tatem
2390 3473 2633 3536 infundi
2672 3480 3001 3548 creaturae,
3032 3480 3097 3537 et
3132 3474 3199 3537 in
3238 3492 3315 3537 ea
3354 3492 3759 3556 permanere
3831 3523 3841 3564 3

2168 3566 2567 3629 habitualiter
2604 3568 2691 3629 ita
2734 3566 3053 3630 subditam
3095 3568 3405 3631 voluntati
3458 3570 3647 3649 ejus,
3694 3578 3759 3631 ut

2164 3659 2363 3740 possit
2400 3676 2479 3721 ea
2508 3660 2601 3721 uti
2628 3660 2883 3740 quando
2922 3660 3225 3736 voluerit3
3264 3678 3383 3722 cur
3422 3678 3591 3742 ergo
3624 3681 3757 3723 non

2166 3753 2349 3815 decet
2366 3752 2733 3831 qualitatem
2758 3752 2935 3817 illam
2964 3758 3446 3835 permanentem
3470 3754 3756 3819 inditam

2166 3862 2309 3907 esse
2336 3846 2709 3908 humanitati
2730 3846 2977 3923 Christi,
3004 3847 3057 3909 si
3084 3844 3397 3926 possibilis
3418 3853 3523 3919 est
3538 3851 3565 3906 :²

2250 3940 2351 4001 ss.
2378 3938 2541 4001 Vera
2570 3956 2725 4019 ergo
2751 3940 2913 4001 ratio
2939 3939 3129 4020 hujus
3154 3940 3250 4003 rei
3276 3944 3395 4014 est,
3420 3942 3581 4020 quia
3610 3941 3759 4005 talis

2168 4029 2478 4111 qualitas,
2518 4048 2663 4110 quaa
2706 4039 2935 4097 natura
2980 4052 3098 4096 sua
3138 4032 3262 4095 hoc
3310 4033 3591 4109 habeat,
3638 4054 3755 4097 seu

2166 4123 2365 4205 (quod
2404 4124 2573 4187 idem
2618 4124 2744 4206 est)
2768 4126 2870 4189 cui
2911 4126 3053 4189 talis
3098 4126 3327 4189 modus
3368 4127 3645 4208 agendi,
3693 4134 3753 4189 et

2164 4235 2533 4291 concursus,
2566 4234 2643 4280 ex
2670 4226 2849 4299 parte
2876 4219 2987 4283 Dei
3030 4220 3423 4283 necessarius
3462 4221 3555 4281 ad
3580 4222 3753 4283 tales
3843 4269 3853 4282 .

2168 4312 2454 4388 effectus,
2479 4329 2557 4373 ex
2586 4312 2842 4393 propria
2866 4319 3093 4375 natura
3136 4314 3199 4375 ei
3226 4312 3481 4375 debitus
3510 4314 3621 4387 sit,
3656 4318 3753 4376 est
3853 4310 3855 4315 ’

2168 4423 2393 4469 revera
2432 4404 2855 4485 impossibilis.
2896 4406 3079 4479 Quod
3120 4406 3203 4469 de
3246 4406 3561 4486 qualitate
3610 4424 3757 4486 per-

2169 4504 2467 4561 manente
2494 4498 2891 4561 habitualiter
2927 4498 3140 4563 docuit
3168 4500 3244 4561 D.
3275 4498 3559 4561 Thomas
3582 4504 3655 4562 2.
3686 4504 3755 4568 2.
3845 4567 3853 4576 ,

2172 4600 2389 4673 quoest.
2421 4594 2565 4669 178,
2586 4598 2705 4655 art.
2734 4598 2793 4668 1,
2816 4591 2898 4655 ad
2926 4596 2997 4667 13
3026 4599 3123 4657 est
3148 4598 3361 4657 autem
3386 4592 3627 4655 eadem
3648 4594 3759 4655 vel

2170 4686 2377 4767 major
2414 4688 2573 4749 ratio
2616 4687 2699 4749 de
2744 4687 3047 4765 qualitate
3088 4686 3292 4749 solum
3336 4692 3761 4749 transeunter
3853 4682 3857 4691 '

2170 4780 2342 4855 data,
2370 4786 2439 4842 ut
2466 4797 2657 4859 supra
2686 4785 3011 4843 ostensum
3046 4786 3165 4843 est.
3196 4780 3357 4843 Sunt
3384 4785 3611 4841 autem
3638 4780 3757 4859 qui
3854 4856 3857 4859 Α

2172 4876 2497 4955 exponunt
2530 4874 2601 4935 D.
2630 4874 2939 4936 'rhomam
2970 4873 3059 4935 ibi
3096 4872 3291 4935 fuisse
3336 4872 3629 4935 locutum
3668 4873 3759 4935 de
3854 4876 3857 4879 ”

2172 4966 2455 5047 potentia
2482 4965 2823 5041 ordinaria,
2845 4984 2976 5027 non
3002 4966 3085 5029 de
3114 4965 3426 5029 absoluta.
3452 4964 3587 5027 Sed
3610 4964 3757 5027 haec

2172 5060 2601 5139 interpretatio
2640 5058 2708 5121 in
2753 5060 3047 5139 praesenti
3092 5060 3286 5139 gratis
3320 5057 3595 5121 conficta
3621 5064 3755 5130 est,

2172 5170 2321 5215 cum
2353 5152 2423 5213 D.
2452 5151 2727 5214 Thomas
2748 5151 3114 5233 simpliciter
3138 5151 3306 5215 dicat
3332 5168 3477 5214 esse
3500 5151 3759 5229 impos-

2172 5244 2379 5319 sibile,
2410 5250 2473 5307 et
2496 5262 2627 5305 non
2654 5244 2951 5325 loquatur
2976 5246 3055 5307 de
3079 5262 3151 5307 re
3178 5244 3390 5326 aliqua
3408 5289 3425 5318 ‚
3456 5262 3600 5324 quae
3630 5260 3757 5324 per

2166 5344 2410 5401 naturae
2430 5338 2605 5420 leges
2624 5338 2945 5401 metienda
2962 5339 3065 5413 sit,
3088 5341 3157 5401 ut
3174 5342 3465 5419 respectu
3488 5338 3755 5400 illarum

2168 5432 2290 5497 dici
2330 5433 2531 5512 possit
2562 5431 2989 5512 impossibilis.
3020 5432 3314 5514 iutelligit
3344 5448 3533 5513 ergo,
3567 5442 3757 5503 omni

2167 5524 2382 5604 mode,
2408 5525 2599 5589 etiam
2638 5526 3221 5608 supernaturaliter,
3246 5524 3311 5589 id
3341 5543 3480 5589 esse
3506 5524 3763 5605 impos-
