3892 6167
609 331 731 392 θῶ

607 433 913 509 tei-cedat,
941 435 1156 493 tamen
1207 426 1349 490 fieri
1387 442 1520 488 non
1563 430 1872 507 potest-ut
1910 423 2167 488 omnino

606 528 858 602 vitetur,
894 522 1243 607 praesertim
1287 520 1354 582 in
1407 519 1548 584 rudi
1578 526 1644 582 et
1673 519 1989 601 ignoranti
2034 516 2170 580 vul-

611 639 720 705 go.
743 619 924 685 Unde
961 617 1034 680 fit
1053 621 1126 680 ut
1147 616 1234 678 ita
1253 615 1564 695 imagines
1591 613 1832 686 adoret,
1863 630 1938 674 ac
1967 613 2023 674 si
2050 630 2170 674 au-

610 715 816 778 dirent
846 719 908 776 et
965 711 1294 786 sentirent,
1325 714 1396 771 et
1441 707 1727 769 divinum
1766 705 1920 787 quid
1972 706 2171 770 habe-

607 814 769 872 rent.
803 805 994 887 Cujus
1034 806 1286 884 signum
1337 806 1456 875 est,
1489 801 1639 881 quia
1675 799 1814 862 illas
1869 805 2074 876 orant,
2109 806 2171 863 et

607 901 1022 982 propinquius
1050 895 1354 962 accedere
1389 895 1673 975 cupiunt,
1713 900 1778 956 ut
1832 893 2171 956 audiantur

605 994 707 1056 vel
731 993 1082 1057 videantur.
1117 992 1344 1053 Putant
1371 989 1564 1052 etiam
1593 1005 1788 1050 unam
1816 989 2169 1070 imaginem

609 1086 846 1151 habere
863 1087 1172 1165 majorem
1187 1087 1562 1164 potestatem
1583 1081 1683 1144 vel
1707 1083 2167 1158 excellentiam,

609 1185 674 1242 et
697 1179 842 1242 ideo
885 1178 1182 1240 libentius
1221 1177 1394 1238 illam
1423 1174 1681 1238 adeunt.
1728 1175 2170 1255 Respondetur

611 1289 688 1334 ex
721 1272 906 1334 dictis
931 1272 998 1333 in
1021 1269 1478 1350 superior-ibae,
1501 1269 1556 1332 si
1583 1267 1758 1349 quod
1807 1269 2073 1332 fortasse
2103 1269 2167 1342 in

607 1367 728 1428 hac
751 1365 1116 1428 adoratione
1137 1369 1346 1444 potest
1368 1362 1580 1426 inesse
1627 1363 2000 1445 periculum,
2016 1379 2166 1425 vera

605 1457 894 1522 doctrina
915 1475 988 1520 ac
1010 1457 1228 1538 populi
1251 1456 1687 1535 instructione,
1719 1475 1847 1520 non
1873 1456 2049 1518 falsis
2078 1473 2173 1518 er·

607 1551 878 1628 roribus,
911 1551 1398 1633 praecavendum
1439 1569 1601 1614 esse.
1633 1551 1812 1616 Unde
1859 1567 2174 1632 negamus

607 1647 673 1709 in
693 1648 972 1710 Ecclesia
995 1647 1336 1723 catholica,
1365 1647 1686 1728 supposita
1705 1663 1856 1708 vera
1885 1647 2025 1725 ejus
2042 1643 2169 1706 fide

611 1746 676 1802 et
709 1739 1020 1816 doctrina,
1050 1758 1190 1802 esse
1221 1742 1344 1803 hoc
1366 1739 1712 1821 periculum
1736 1737 1908 1819 quod
1929 1737 2169 1801 morale

609 1841 674 1898 et
699 1851 1034 1897 commune
1065 1834 1164 1898 sit.
1197 1832 1376 1907 Quod
1407 1833 1460 1894 si
1485 1833 1802 1896 interdum
1823 1850 1900 1895 ex
1925 1832 2170 1894 incuria

609 1935 956 2011 pastorum,
981 1927 1086 1990 vel
1109 1945 1188 1990 ex
1215 1925 1465 1991 deiectu
1513 1927 1815 1989 doctrinas
1846 1927 1910 1988 in
1945 1924 2170 2006 aliqui-

607 2023 730 2084 bus
759 2023 838 2084 sit
862 2021 1222 2102 ignorantia
1251 2021 1352 2084 vel
1394 2019 1778 2102 superstitio,
1807 2019 1874 2082 id
1913 2025 2011 2082 est
2054 2037 2169 2101 per

607 2115 920 2187 accidens,
945 2131 1154 2194 neque
1177 2113 1260 2176 oh
1287 2131 1430 2175 eam
1458 2131 1714 2176 causam
1743 2114 2035 2176 universa
2054 2115 2169 2175 Ec·

605 2208 797 2272 clesia
822 2213 996 2270 tanta
1053 2207 1320 2270 utilitate
1351 2207 1658 2287 privanda
1689 2213 1808 2270 est.
1839 2208 2035 2288 Signa
2061 2225 2168 2270 ve·

603 2320 700 2376 ro,
731 2319 872 2382 qum
925 2301 992 2363 in
1045 2301 1430 2363 contrarium
1480 2300 1886 2382 objiciuntur,
1928 2301 2165 2365 nullius

603 2395 908 2458 momenti
935 2399 1103 2458 sunt.
1118 2395 1267 2459 Orat
1291 2396 1459 2458 enim
1483 2393 1756 2475 populus
1771 2411 1986 2457 coram
2007 2394 2166 2456 ima-

606 2489 882 2570 ginibus,
900 2487 1050 2568 qnia
1067 2489 1161 2568 (ut
1188 2507 1380 2570 supra
1407 2488 1796 2570 dicebamus)
1813 2488 1876 2549 in
1904 2489 1997 2550 eis
2023 2505 2169 2568 pro-

605 2588 826 2664 totypa
853 2581 1334 2662 apprehendunt
1357 2589 1421 2645 et
1441 2587 1827 2646 venerantur
1847 2597 1870 2660 ;
1905 2582 2171 2662 cupiunt

603 2693 756 2740 vero
784 2676 866 2738 sd
894 2675 1034 2738 illas
1059 2675 1383 2748 accedere,
1415 2681 1486 2738 ut
1515 2675 1720 2756 magis
1761 2673 1842 2736 ad
1883 2674 2161 2737 devotio-

605 2787 755 2832 nem
771 2771 1146 2846 excitentur,
1177 2774 1242 2832 et
1271 2769 1664 2832 commodius
1686 2769 1826 2831 inas
1852 2785 2162 2830 veneren-

603 2867 727 2926 tur.
753 2863 956 2944 Magis
1000 2880 1150 2925 vero
1179 2863 1262 2924 ad
1312 2863 1620 2941 quasdam
1650 2880 1840 2942 quam
1881 2862 1964 2924 ad
2008 2861 2161 2924 alias

603 2955 982 3031 afficiuntur,
1008 2956 1160 3037 quia
1180 2956 1280 3018 vel
1310 2962 1566 3037 propter
1583 2955 2044 3036 antiquitatem,
2058 2954 2160 3017 vel

603 3057 861 3132 propter
885 3051 1144 3114 artificis
1195 3051 1616 3126 sanctitatem,
1642 3050 1743 3112 vel
1792 3056 2051 3132 propter
2078 3051 2160 3111 si-

601 3144 784 3206 miles
837 3144 1332 3208 circumstantias
1385 3145 1694 3224 majorem
1760 3143 2159 3206 devotionem

604 3237 896 3314 excitant,
923 3245 1032 3302 aut
1059 3238 1334 3319 denique
1382 3239 1528 3320 quia
1573 3237 1890 3302 interdum
1954 3239 2161 3318 placet

601 3331 736 3392 Deo
774 3349 888 3412 per
913 3331 1190 3413 aliquam
1217 3333 1584 3412 imaginem,
1619 3349 1733 3394 seu
1761 3331 1840 3394 ad
1878 3349 2163 3414 praesen·

603 3425 756 3487 tiam
783 3425 922 3505 eius
949 3426 1192 3505 majora
1219 3425 1528 3490 beneficia
1553 3425 1867 3488 conferre.
1898 3427 2040 3488 Non
2070 3429 2163 3487 est

601 3521 794 3602 igitur
831 3539 946 3585 cur
979 3521 1258 3584 heretici
1282 3527 1520 3584 temere
1538 3520 1826 3600 judicent
1862 3520 2161 3600 supersti-

595 3615 762 3692 ,tiose
788 3614 947 3692 fieri,
969 3633 1110 3696 quae
1136 3633 1217 3680 ex
1239 3633 1392 3678 vera
1409 3615 1535 3678 fide
1565 3618 1631 3677 et
1650 3611 1979 3678 devotione
1996 3613 2163 3676 facta

603 3725 744 3772 esse
761 3707 943 3772 facile
973 3709 1371 3790 interpretari
1394 3713 1680 3789 possunt.

683 3807 746 3868 9.
787 3803 1161 3886 Differentia
1187 3805 1352 3868 inter
1377 3803 1678 3885 imaqivm
1691 3809 1751 3868 et
1767 3802 2039 3868 idola.-
2056 3803 2163 3866 Ul-

599 3897 756 3959 timo
779 3913 858 3958 ex
879 3896 1060 3960 dictis
1079 3897 1264 3958 facile
1293 3894 1657 3977 intelligitur
1675 3904 1983 3977 quantum
2002 3895 2160 3957 ima·

601 3991 780 4072 gines
803 4007 996 4054 sacrae
1023 3990 1106 4053 ab
1149 3989 1334 4053 idolis
1363 3989 1680 4066 differant,
1706 3989 2059 4068 meritoque
2092 3989 2159 4050 in

600 4085 707 4148 VII
761 4085 1025 4166 Synod„
1059 4091 1179 4146 act.
1218 4088 1284 4160 7,
1316 4086 1480 4148 circa
1521 4083 1738 4160 finem,
1771 4086 2159 4165 praeceptum

602 4198 741 4241 esse
769 4197 852 4242 ne
877 4177 1186 4242 idolorum
1212 4179 1470 4242 nomine
1499 4179 1808 4258 imagines
1839 4178 2162 4258 appellen-

601 4277 726 4334 tur.
741 4272 820 4334 Ut
839 4271 1008 4334 enim
1031 4272 1267 4336 notavit
1277 4272 1584 4354 Originae,
1602 4272 1772 4332 hom.
1797 4271 1837 4333 8
1854 4270 2154 4346 inExod.,

601 4372 664 4428 et
689 4363 1096 4441 Theodoret.,
1127 4384 1189 4446 q.
1223 4369 1304 4429 28
1331 4366 1397 4428 in
1425 4364 1646 4443 Exod„
1677 4365 1905 4428 idolum
1931 4364 2156 4427 falsam

601 4458 938 4538 imaginem
957 4458 1284 4539 significat,
1300 4476 1438 4539 quae
1453 4459 1548 4522 vel
1562 4464 1974 4540 representat
1987 4476 2069 4538 qu
2076 4457 2159 4522 od

600 4569 730 4615 non
757 4556 874 4626 est,
906 4550 1005 4616 vel
1039 4553 1222 4632 quale
1245 4567 1375 4614 non
1399 4558 1516 4629 est,
1547 4551 1612 4614 id
1640 4555 1756 4628 est,
1783 4557 2155 4615 ursanotum

599 4645 772 4726 quod
799 4651 1088 4708 sanctum
1115 4663 1245 4708 non
1273 4651 1406 4720 est3
1439 4651 1502 4708 et
1537 4644 1706 4722 ideo,
1740 4647 1771 4708 1
1805 4644 1888 4708 ad
1913 4645 2052 4710 Cor.
2090 4647 2154 4721 8,

598 4739 836 4801 idolum
865 4739 1094 4802 dicitur
1120 4739 1275 4802 nihil
1313 4755 1450 4801 esse
1471 4738 1533 4800 in
1557 4738 1817 4813 mundo,
1850 4739 2001 4820 quia
2026 4757 2155 4801 non

599 4835 1008 4912 repraesentat
1035 4831 1272 4914 aliquid
1302 4831 1474 4910 quod
1499 4849 1648 4894 vere
1675 4832 1762 4894 ita
1795 4831 1897 4904 sit,
1923 4837 1987 4894 et
2008 4849 2157 4913 pro-

601 4930 818 5004 pterea
845 4925 985 4988 Osa.
1013 4929 1079 5003 7,
1109 4931 1462 5006 exponente
1491 4925 1899 5006 Hieronymo,
1926 4924 2159 4988 dicitur

601 5019 683 5080 de
715 5016 1082 5094 idololatria,
1123 5017 1298 5098 quod
1325 5019 1557 5100 operati
1583 5025 1728 5082 eunt
1754 5019 2154 5092 mendacium,

601 5110 666 5173 id
699 5116 814 5187 est,
845 5111 1092 5186 idolum,
1136 5113 1284 5191 quia
1337 5112 1495 5174 sicut
1543 5112 1951 5174 simulacrum
2013 5128 2158 5174 con-

599 5204 860 5266 trarium
891 5210 988 5266 est
1013 5204 1164 5282 Deo,
1191 5205 1278 5268 ita
1321 5204 1555 5268 idolum
1594 5205 1864 5268 veritati.
1901 5206 1975 5266 Et
2006 5223 2157 5285 pro-

593 5303 816 5377 pterea
849 5294 1066 5370 etiam,
1089 5296 1324 5360 Jerem.
1357 5301 1420 5373 2,
1452 5297 1692 5360 idolum
1733 5299 1985 5364 vanitas
2008 5297 2159 5361 dici·

469 5408 486 5425 ·
597 5395 725 5465 tur,
743 5388 968 5452 eodem
983 5391 1365 5472 Hieronymo
1391 5397 1746 5472 exponente
1777 5391 1842 5454 in
1873 5391 1995 5454 illis
2017 5409 2159 5454 ver-

598 5481 742 5546 bis:
804 5482 1282 5552 Ambulare-mit
1322 5492 1465 5566 post
1515 5487 1867 5565 vanuatom,
1914 5491 1973 5553 et
2010 5485 2159 5554 vani

1827 325 2065 390 QUAEST.
2098 325 2253 382 XXV.
2286 327 2488 382 sanc.
2523 327 2605 384 lv.

2246 428 2402 508 facti
2438 434 2586 493 eunt
2599 455 2625 503 ;
2652 435 2717 492 et
2744 428 2935 492 Abac.
2972 432 3033 503 1,
3068 426 3407 510 sculptibile,
3440 443 3485 500 et
3522 455 3679 512 cmg„
3752 402 3754 512 1

2250 521 2377 592 tile,
2404 521 2717 604 imagines
2754 521 2927 585 falsa!
2953 521 3265 584 dicuntur.
3298 525 3368 587 At
3398 545 3520 593 vero
3542 532 3676 622 imago

2250 615 2506 697 propria
2530 623 2595 679 et
2615 634 2765 680 vera
2794 614 3063 678 refertur
3084 613 3167 677 ad
3187 615 3417 696 aliquod
3431 641 3600 690 rerum
3614 652 3681 696 ex.

2253 709 2525 790 emplam
2564 717 2635 773 ut
2678 710 2848 773 enim
2902 708 3112 788 inquit
3157 709 3443 790 Nazianz„
3466 727 3584 782 orat,
3618 729 3679 804 35,

2250 820 2391 882 quae
2419 807 2568 866 esu
2588 804 2671 866 de
2700 802 3033 884 Theolog.,
3062 819 3129 864 n.
3160 804 3517 892 83,ima9iais
3530 823 3685 886 natm

2250 901 2365 973 est,
2394 901 2465 962 nt
2500 897 2807 980 exemplar
2850 913 3029 962 mm
3078 896 3363 960 imitando
3407 907 3618 982 reserat‚·
3646 923 3685 978 et

2250 992 2543 1072 August„
2565 990 2631 1052 in
2657 991 2885 1071 Expos.
2908 988 3203 1052 inchoata
3219 989 3425 1058 Genes.
3446 997 3512 1059 ad
3532 1001 3680 1080 litter„

2250 1103 2305 1146 c.
2335 1087 2453 1147 16:
2482 1083 2722 1166 Imago,
2753 1083 2980 1164 inquit,
3010 1086 3153 1146 timo
3182 1089 3289 1158 ost,
3316 1091 3587 1167 quando&
3609 1099 3684 1164 ali.

2247 1196 2363 1260 quo
2380 1177 2773 1261 exprimitur,
2794 1177 3032 1242 similis
3056 1174 3113 1240 ei
3150 1176 3318 1258 cnjus
3345 1179 3515 1262 imoyo
3536 1194 3626 1260 esu
3646 1203 3683 1254 et

2246 1273 2559 1348 Damasc.,
2586 1277 2749 1334 orat.
2778 1273 2819 1332 Ξ
2872 1269 2953 1332 de
2989 1271 3219 1350 Imag.,
3257 1271 3412 1348 dicit,
3451 1277 3683 1360 imaginem

2249 1383 2377 1432 esee
2402 1371 2615 1448 typum
2626 1363 2969 1448 prototypi,
3000 1381 3171 1446 quem
3196 1367 3474 1445 exprimit.
3498 1379 3541 1434 et
3560 1376 3685 1440 decla·

2250 1466 2391 1534 ηε,-
2424 1465 2488 1522 et
2516 1458 2743 1523 eodem
2770 1459 2903 1520 fere
2942 1457 3133 1519 modo
3196 1457 3445 1537 loquitur
3469 1463 3685 1532 Adrianus

2252 1552 2445 1634 Papa,
2474 1554 2541 1616 in
2584 1571 2699 1616 sua
2750 1552 3189 1634 responsione,
3226 1558 3285 1615 et
3331 1551 3425 1614 alii
3465 1555 3626 1620 Patres
3644 1561 3681 1622 in

2250 1647 2443 1710 Cone.
2501 1647 2729 1710 Nicaen.
2774 1647 2850 1708 Π.
2886 1644 3213 1720 Quocirca,
3241 1647 3492 1726 quamvis
3530 1667 3687 1716 nomen

2250 1738 2543 1821 imaginis
2569 1739 2889 1802 interdum
2940 1738 3232 1820 generice
3273 1738 3419 1801 sumi
3458 1741 3623 1817 soleat,
3649 1757 3687 1811 et

2248 1834 2441 1898 tribui
2468 1834 2661 1894 etiam
2686 1833 2873 1896 idolis
2906 1839 2973 1895 et
2996 1831 3355 1908 simulacris,
3390 1839 3451 1894 ut
3469 1833 3688 1900 videreli·

2248 1934 2353 1990 eet
2383 1927 2448 1988 in
2476 1927 2745 2002 Tertul.,
2794 1927 2839 1988 1.
2900 1925 2985 1988 de
3040 1925 3220 2000 IdoL,
3250 1925 3494 2004 Lactan„
3528 1937 3576 1992 et
3596 1933 3685 1994 aliis
3757 1969 3758 1986 ἢ

2250 2038 2441 2100 supra
2462 2021 2688 2094 citatiS,
2715 2021 2779 2081 in
2802 2021 3125 2099 Scriptura
3146 2025 3350 2081 tamen
3372 2038 3686 2085 sacranomen
3757 2015 3758 2022 '

2247 2113 2541 2194 imaginis
2570 2113 2859 2175 absolute
2884 2113 3130 2175 dictum
3173 2112 3237 2174 in
3293 2111 3491 2174 bonam
3516 2121 3686 2194 partem

2248 2207 2643 2288 frequentius
2680 2207 2976 2280 sumitur,
3020 2207 3094 2268 ut
3116 2209 3350 2268 constat
3381 2205 3506 2269 Gen.
3526 2209 3550 2268 1
3574 2213 3683 2284 et9,

2249 2301 2398 2381 Sap.
2428 2305 2466 2364 7
2486 2347 2503 2376 ‚
2533 2304 2562 2363 1
2598 2301 2681 2364 ad
2710 2300 2849 2366 Cor.
2885 2303 2992 2376 11,
3025 2304 3091 2362 et
3116 2315 3278 2380 saepe
3306 2297 3471 2379 alias;
3499 2305 3549 2362 at
3588 2320 3682 2363 vero

2245 2412 2482 2458 nomen
2506 2393 2661 2457 idoli
2697 2411 2951 2476 semper
2985 2395 3054 2455 in
3082 2393 3305 2454 malam
3324 2399 3526 2472 partem
3557 2396 3684 2456 sumi·

2248 2493 2375 2566 tur,
2398 2488 2543 2550 Lev.
2576 2490 2687 2550 19:
2714 2487 2931 2553 Nolite
2956 2485 3229 2551 converti
3276 2485 3517 2550 adidola.

2334 2585 2435 2648 10.
2479 2582 2576 2645 Ad
2604 2581 2901 2646 eumdem
2931 2581 3198 2644 modum
3238 2579 3503 2642 utendum
3526 2588 3679 2642 estno-

2240 2677 2518 2740 minibus
2547 2678 2917 2758 sculptilium
2942 2683 3009 2740 et
3041 2669 3499 2749 simulacrorum,
3518 2681 3565 2736 ut
3586 2695 3672 2738 nos·

2240 2773 2354 2836 tris
2378 2771 2757 2853 imaginibus
2776 2771 2883 2834 illa
2916 2788 3055 2834 non
3072 2771 3399 2833 tribuamus
3414 2793 3431 2845 ;
3447 2768 3670 2832 falsitatem

2244 2866 2415 2928 enim
2450 2869 2515 2928 et
2539 2865 2986 2946 deceptionem
3032 2863 3368 2942 includunt,
3392 2861 3516 2925 etin
3543 2863 3675 2942 Serip-

2240 2968 2381 3026 tura
2426 2961 2558 3024 fere
2610 2979 2865 3042 semper
2907 2960 3081 3024 idola
3126 2958 3478 3040 significant3
3514 2966 3559 3019 et
3588 2957 3677 3018 ideo

2241 3055 2378 3118 Act.
2412 3058 2486 3117 15
2512 3054 2869 3136 praecipitur
2888 3053 3252 3118 Christianis
3267 3051 3531 3116 abstinere
3551 3070 3577 3112 a
3592 3069 3677 3114 con-

2243 3147 2640 3214 taminatione
2665 3145 3161 3222 simulam-ommi,
3200 3152 3258 3209 et
3290 3164 3411 3226 cap.
3440 3149 3499 3207 21
3540 3145 3675 3221 iuquit

2244 3243 2419 3306 Paul.
2458 3263 2472 3305 ε
2500 3243 2761 3309 Intvem
2789 3243 3129 3308 simulacra
3155 3239 3672 3313 vestru,·1³sa1m.103

2244 3336 2508 3400 dicitur:
2539 3335 2897 3402 Simulavi-a
2942 3338 3215 3420 pontium
3243 3340 3509 3418 argentum
3534 3338 3579 3394 et
3606 3349 3673 3392 aa·

2241 3449 2401 3494 rum.
2426 3431 2542 3494 Ubi
2584 3430 2809 3493 eodem
2846 3430 3041 3494 modo
3073 3429 3427 3510 Augustinus
3463 3424 3670 3505 loquitur.

2243 3527 2482 3589 concio.
2508 3529 2575 3598 23
2600 3526 3052 3608 HieronymuS,
3072 3525 3219 3586 locis
3237 3521 3439 3594 citatis;
3456 3519 3670 3588 Lactant,

2244 3618 2355 3681 lib.
2378 3619 2441 3697 6,
2482 3637 2620 3700 cap.
2649 3623 2750 3682 13.

2322 3716 2426 3776 11.
2460 3715 2587 3776 Nec
2622 3712 2817 3776 refert
2866 3711 2989 3774 hoc
3016 3711 3155 3774 loco
3182 3709 3481 3789 inquirere,
3502 3724 3564 3768 an
3587 3705 3672 3766 ido-

2240 3807 2377 3870 lum
2402 3812 2466 3869 et
2487 3807 2697 3886 imago
2748 3807 2814 3868 in
2844 3805 3055 3886 aliqua
3086 3805 3316 3869 ratione
3342 3799 3554 3865 univoce
3580 3815 3671 3860 con·

2239 3901 2521 3977 veniant,
2548 3899 2614 3962 id
2660 3899 2830 3962 enim
2884 3899 3286 3979 impertinens
3324 3901 3422 3959 est.
3467 3891 3673 3966 Quamvis

2240 3995 2407 4057 enIm
2445 3995 2509 4056 in
2538 3993 2784 4056 ratione
2830 3993 3089 4073 picturae
3136 4010 3243 4054 seu
3280 3987 3487 4069 figura»,
3518 3983 3674 4048 autrei

2238 4087 2589 4150 artificiosis
2610 4085 2952 4149 convenire
2972 4086 3234 4166 possint,
3250 4079 3501 4146 tamenin
3523 4075 3675 4138 ordine

2241 4181 2322 4243 ad
2358 4180 2621 4256 cultum,
2660 4178 2742 4241 ad
2790 4179 3008 4242 vitium
3038 4179 3137 4243 vel
3168 4179 3431 4240 virtutem
3460 4169 3578 4234 nihil
3598 4169 3673 4230 ha-

2238 4275 2390 4338 bent
2420 4291 2779 4350 commune,
2803 4289 2944 4352 quae
2968 4273 3101 4335 sola
3126 4267 3495 4335 consideratio
3505 4264 3659 4342 adprae

2238 4374 2485 4432 sentem
2513 4365 2845 4431 materiam
2866 4369 3127 4447 spectat.

2742 4570 3161 4636 ARTICULUS
3199 4569 3291 4634 IV.

2251 4751 2482 4814 Utrum
2522 4764 2674 4814 orm
2718 4747 2957 4904 Chriitti
2982 4749 3067 4812 sit
3090 4746 3385 4881 odoranda
3413 4739 3669 4806 adoratione

2894 4843 3077 4906 atrioe
3132 4893 3143 4906 .

2317 5024 2349 5083 1
2362 5069 2377 5084 .
2405 5019 2513 5085 Act
2536 5027 2824 5102 quartum
2846 5023 2935 5086 sio
2946 4993 3301 5104 procedam
3338 5017 3548 5084 Videtur
3558 5004 3663 5087 quod

2237 5130 2390 5178 crum
2420 5103 2658 5179 Christi
2681 5133 2802 5179 non
2826 5117 2911 5180 sit
2937 5115 3246 5179 adoranda
3283 5107 3572 5175 adoratione
3600 5099 3661 5160 la·

2239 5207 2398 5271 trice.
2425 5206 2505 5274 N
2498 5207 2669 5273 ullus
2695 5211 2851 5273 enim
2873 5210 3021 5291 pius
3045 5207 3213 5289 filius
3235 5206 3511 5271 veneratur
3527 5197 3660 5260 contu·

2320 5391 2335 5432 ¹
2378 5397 2438 5456 2.
2466 5395 2529 5470 2,
2552 5409 2616 5473 q.
2642 5397 2787 5470 103,
2819 5401 2935 5458 art.
2960 5398 3027 5474 4,
3052 5393 3131 5458 ad
3154 5395 3217 5468 3;
3242 5397 3299 5456 et
3326 5389 3381 5465 3,
3404 5385 3455 5449 d.
3478 5385 3525 5459 9,
3546 5395 3589 5459 q·
3616 5377 3655 5448 ἱ,

2236 5493 2354 5550 art.
2388 5491 2451 5566 2,
2480 5492 2703 5568 quaest.
2732 5491 2795 5552 4.
