3892 6167
1374 282 1694 337 mSPUTAT.
1728 285 1851 339 Lvi.
1887 285 2055 337 SECT.
2091 286 2132 337 l.

84 376 441 443 adoratio
464 377 661 441 tendit
688 377 768 441 ad
796 394 1133 459 personam
1188 395 1339 441 vere
1380 386 1707 463 sanctam3

84 472 177 533 ad
237 471 549 537 formam
585 491 737 537 vero
780 489 895 535 seu
944 470 1222 552 speciem
1269 481 1707 555 apparentem,

82 565 343 629 solum
403 571 717 649 quatenus
754 566 859 629 vel
882 563 989 627 illa
1034 583 1303 647 persona
1335 573 1429 630 est
1450 613 1473 647 ,
1512 568 1615 631 vel
1637 568 1713 630 il-

82 660 235 721 lam
272 666 732 742 repraesentat.

176 756 256 817 8.
316 754 1517 835 Dubium.—Rosponsio.—Sanccorum
1572 754 1712 819 reli·

81 850 343 930 quia-5,
384 850 688 932 privatim
738 864 1048 927 possessas
1067 895 1092 926 ,
1140 868 1336 913 seeum
1388 846 1715 911 devotionis

81 943 359 1024 ,qratia
382 950 637 1027 portare
669 942 903 1006 licitum
928 961 999 1008 ac
1018 945 1553 1026 pium-Ultimo
1576 950 1713 1007 tan·

84 1038 273 1101 dem
338 1037 542 1118 quaeri
586 1041 817 1117 potest,
856 1056 941 1099 an
984 1038 1172 1100 liceat
1217 1037 1541 1119 reliquiaS‚
1572 1056 1713 1117 quae

84 1131 447 1211 privatim
493 1130 934 1211 possidentur,
978 1130 1323 1193 devotionis
1372 1130 1577 1211 gratia
1616 1148 1714 1193 se-

86 1243 271 1285 cum
330 1224 530 1287 ferre.
577 1224 860 1303 Angelus
904 1224 1071 1286 enim
1091 1269 1108 1298 ,
1152 1225 1346 1287 verbo
1384 1224 1709 1303 Reliquiae,

88 1323 361 1397 negat,
411 1322 785 1397 argumento
804 1317 1061 1399 capituli
1099 1319 1405 1398 Corpora,
1440 1318 1517 1379 de
1556 1318 1715 1379 Con-

100 1430 337 1487 secr„
372 1411 519 1473 dist.
563 1414 595 1473 1
622 1459 636 1487 ,
682 1411 791 1475 ubi
816 1412 1173 1493 praecipitur
1212 1418 1283 1473 ut
1326 1412 1603 1491 reliquiae
1632 1410 1713 1473 de

102 1506 275 1567 loco
310 1506 404 1569 ad
418 1506 631 1569 locum
648 1523 781 1566 non
804 1505 1257 1569 transferantur
1274 1507 1409 1568 sine
1425 1504 1713 1587 Episcopi

98 1600 427 1663 licentia.
450 1597 563 1663 Cui
590 1597 824 1661 addere
850 1618 1181 1681 possumus
1201 1600 1544 1663 Concilium
1565 1600 1713 1662 Bra-

101 1694 463 1755 charense
488 1693 589 1767 111,
618 1710 757 1772 cap.
792 1694 854 1769 5,
894 1693 1002 1754 uhi
1030 1692 1433 1773 reprehendit
1459 1694 1713 1773 Episco-

102 1804 243 1867 pos
280 1786 407 1867 qui
428 1831 453 1862 ,
482 1786 549 1847 in
580 1785 1082 1849 solemnitatibus
1104 1786 1451 1867 Martyrum
1480 1785 1562 1847 ad
1592 1784 1713 1849 Ec-

104 1880 413 1943 clesiam
440 1879 869 1961 progressuri,
904 1879 1202 1959 reliquias
1232 1880 1389 1942 collo
1430 1897 1545 1941 suo
1592 1879 1714 1941 im-

106 1973 499 2053 ponebant.
526 1972 957 2053 Respondetur
982 1978 1195 2035 tamen
1216 1974 1350 2036 sine
1383 1972 1511 2035 ulla
1537 1972 1715 2035 dubi-

108 2068 414 2141 tatione,
447 2066 600 2129 illud
629 2084 768 2129 esse
794 2065 1034 2129 licitum
1064 2072 1127 2129 et
1155 2067 1351 2146 pium,
1372 2068 1531 2129 utD.
1554 2064 1715 2128 Tho·

114 2178 283 2221 mas
332 2158 543 2237 docet,
568 2163 633 2223 2.
676 2162 739 2235 2,
772 2178 835 2239 q.
876 2161 979 2236 96,
1010 2178 1071 2222 a.
1098 2164 1162 2235 4,
1186 2159 1267 2222 ad
1286 2163 1323 2223 3
1335 2175 1356 2239 3
1385 2160 1643 2235 Anton.,
1676 2163 1713 2222 3

118 2273 317 2336 par„
350 2254 445 2317 tit.
484 2255 585 2331 12,
612 2272 671 2315 c.
714 2254 791 2327 83
822 2254 1121 2335 Sylvest„
1148 2261 1211 2317 et
1234 2253 1480 2328 Armil.‚
1518 2254 1711 2317 verbo

124 2348 487 2430 Reliquiae3
518 2353 581 2411 et
604 2349 857 2427 Navar.,
889 2349 953 2409 in
980 2350 1183 2421 Sum.‚
1202 2367 1259 2411 c.
1286 2351 1384 2425 ⁴1,
1412 2366 1479 2409 n.
1501 2350 1619 2426 353
1650 2352 1713 2409 et

123 2444 402 2524 piorum
444 2460 598 2505 usus
643 2442 764 2505 hoc
792 2442 941 2505 satis
970 2442 1317 2505 confirmat.
1355 2442 1533 2529 Ratio
1562 2460 1710 2503 vero

130 2545 265 2615 est,
298 2539 453 2618 quia
482 2538 604 2599 hoc
632 2554 760 2598 non
787 2542 885 2599 est
910 2554 1023 2617 per
1048 2554 1117 2599 se
1142 2536 1381 2597 malum
1402 2582 1416 2607 ,
1453 2552 1597 2599 cum
1634 2553 1711 2597 ex

132 2633 493 2695 devotione
518 2631 633 2695 fiat
658 2636 915 2713 propter
939 2629 1409 2693 venerationem
1448 2630 1712 2693 Sancto-

132 2746 293 2789 rum
347 2733 412 2789 et
458 2726 789 2788 utilitatem
818 2723 1123 2798 fidelium,
1176 2729 1239 2785 et
1270 2722 1510 2785 nullam
1536 2723 1715 2785 inde-

134 2823 431 2885 centiam
463 2821 567 2885 vel
600 2808 897 2883 malitiam
927 2838 1041 2900 per
1069 2837 1139 2881 se
1169 2820 1573 2898 conjunctam
1601 2818 1715 2879 ha-

132 2916 329 2979 beat.
382 2917 599 2994 Neque
630 2914 821 2975 etiam
852 2916 949 2975 est
983 2912 1220 2973 malum
1252 2913 1400 2992 quia
1441 2910 1716 2993 prohibi-

142 3017 317 3073 tum.
340 3008 519 3071 Nulla
538 3013 634 3071 est
661 3006 832 3069 enim
859 3005 963 3069 lex
988 3006 1408 3068 ecclesiastica
1428 3023 1569 3086 quae
1595 3007 1716 3069 hoc

144 3110 352 3165 vetet.
400 3106 472 3165 In
516 3102 621 3165 illo
651 3103 821 3163 enim
866 3102 1069 3183 capite
1098 3101 1407 3181 Corpora,
1450 3119 1581 3162 non
1620 3104 1716 3163 est

152 3215 377 3259 sermo
399 3196 478 3259 de
497 3197 611 3259 hac
636 3214 731 3273 re,
754 3195 868 3259 sed
891 3195 971 3258 de
996 3194 1402 3257 translatione
1424 3194 1715 3273 reliquia·

146 3310 327 3363 rum,
354 3296 425 3353 ut
444 3308 559 3371 per
584 3309 654 3353 se
682 3294 949 3353 constat.
977 3287 1319 3355 Concilium
1338 3292 1545 3349 autem
1570 3288 1715 3349 Bra-

148 3385 465 3447 charense
494 3382 901 3465 reprehendit
924 3384 1295 3464 Episcopus,
1322 3380 1429 3461 qui
1460 3387 1716 3461 propter

144 3480 465 3559 majorem
500 3478 756 3552 fastum,
800 3484 865 3539 et
890 3476 1215 3541 hominum
1246 3474 1509 3552 gloriam
1534 3473 1601 3535 id
1623 3474 1718 3535 fa-

148 3573 433 3648 ciebant,
474 3578 546 3635 ut
582 3589 772 3651 super
798 3568 1097 3633 humeros
1124 3569 1475 3633 Levitarum
1504 3567 1568 3627 in
1597 3568 1716 3629 sel-

146 3666 305 3728 lulis
340 3672 759 3747 portarentur.
808 3665 987 3729 Unde
1025 3664 1189 3727 infra
1230 3658 1438 3723 subdit
1480 3676 1494 3721 :
1552 3660 1722 3735 Quod

144 3763 211 3827 si
238 3761 593 3843 Episcopus
624 3761 919 3843 reliquias
952 3779 1067 3845 per
1104 3778 1169 3825 se
1196 3760 1511 3841 deportare
1538 3756 1718 3839 eleyo-

144 3858 269 3931 rit,
300 3872 421 3919 non
448 3856 579 3937 ipse
604 3874 645 3921 a
666 3855 1011 3919 diaconibus
1051 3855 1119 3917 in
1167 3852 1383 3917 sellula
1418 3852 1675 3917 vehatur
1696 3893 1715 3925 ,

146 3950 261 4015 sed
283 3966 413 4015 una
430 3966 569 4015 om
582 3947 829 4031 populis
848 3948 1299 4034 proqrediaiun

621 4151 1075 4217 DISPUTATIO
1118 4153 1269 4227 LVI,

521 4280 584 4333 In
618 4282 727 4333 tres
753 4278 1021 4333 sectiones
1050 4276 1356 4332 distributa.

430 4444 509 4493 DE
550 4447 659 4497 USU
698 4446 781 4495 ΕΤ
823 4444 1201 4497 mosenum:
1236 4440 1457 4491 caucis.

242 4606 555 4681 Quoniam
600 4607 676 4669 D.
724 4606 947 4669 Thom.
1010 4604 1091 4667 de
1138 4620 1323 4667 cruce
1370 4600 1723 4683 specialiter

152 4701 481 4777 disseruit,
512 4701 657 4763 ideo
686 4700 1176 4781 disputationem
1200 4699 1363 4759 hanc
1391 4692 1725 4776 superiori·

154 4798 285 4861 bus
314 4794 717 4874 adjungimus
742 4839 759 4869 ‚
804 4793 1091 4873 quamvis
1124 4792 1263 4873 ejus
1290 4790 1573 4853 doctrina
1619 4806 1724 4850 ea-

156 4892 317 4953 dem
364 4888 497 4951 fere
520 4887 735 4951 futura
766 4886 871 4949 sit.
914 4887 1067 4948 Eam
1096 4890 1306 4947 tamen
1337 4884 1407 4945 in
1434 4882 1725 4943 ultimum

158 4986 378 5045 locum
396 4983 878 5057 reservavimus,
912 4979 1059 5057 quia
1089 4976 1319 5057 duplex
1346 4980 1553 5056 potest
1587 4991 1723 5035 esse

161 5075 373 5138 crucis
400 5073 840 5137 consideratio.
866 5073 1097 5148 Prima,
1125 5076 1439 5147 quatenus
1468 5073 1563 5131 est
1586 5066 1725 5129 reli-

160 5168 314 5249 quia
340 5168 585 5245 Christi,
611 5170 749 5249 ejus
776 5169 945 5231 tactu
976 5171 1039 5227 et-
1068 5161 1377 5243 sanguine
1406 5177 1727 5223 consecra·

163 5268 256 5336 ta,
291 5279 431 5340 quse
478 5262 685 5325 solum
724 5261 920 5323 habet
948 5260 1159 5322 locum
1197 5257 1264 5317 in
1312 5271 1389 5315 ea
1429 5271 1611 5317 cruce
1662 5254 1729 5313 in

168 5374 297 5437 qua
341 5356 621 5420 Christus
668 5354 1007 5437 pependit,
1046 5358 1111 5415 et
1159 5352 1226 5414 in
1274 5346 1565 5413 omnibns
1595 5346 1731 5427 ejus

172 5449 477 5531 partibuS,
510 5449 696 5513 etiam
727 5449 779 5513 si
825 5449 887 5512 in
919 5448 1121 5531 figura
1164 5444 1365 5510 erucis
1408 5462 1536 5507 non
1573 5440 1725 5516 sint3

3234 284 3354 349 659

1792 383 2044 447 extendi
2091 384 2304 445 autem
2330 385 2541 461 potest
2584 380 2665 443 ad
2695 381 2925 457 clawS,
2967 382 3348 459 columnam,

1793 477 2172 557 sepulcrum,
2198 481 2261 535 et
2283 474 2438 536 alias
2464 474 2686 537 Christi
2716 474 3034 554 reliquias.
3062 476 3354 539 Secunda

1791 568 2207 631 consideratio
2254 574 2348 630 est
2397 587 2514 649 per
2558 568 2816 629 modum
2863 567 3180 649 imaginiS,
3213 588 3356 649 quac

1794 662 2190 745 potissimum
2223 662 2431 723 locum
2461 661 2657 723 habet
2685 661 2750 722 in
2779 662 2950 723 omni
2971 680 3181 737 cruce,
3210 680 3354 743 quae

1796 776 1873 819 ex
1899 756 2294 837 permanenti
2335 754 2602 817 materia
2631 754 2977 817 conficitur.
3011 756 3172 817 Addi
3200 774 3352 821 vero

1792 854 2000 933 potest
2024 850 2208 911 tertia
2239 847 2657 911 consideratio
2686 850 2918 924 cruciS,
2948 868 3063 931 per
3089 850 3350 912 modum

1794 944 2182 1009 caeremoniae
2210 942 2562 1025 cujusdam,
2593 949 2664 1005 ut
2687 942 2940 1023 quando
2987 950 3184 1021 motu,
3238 962 3354 1007 seu

1794 1037 2040 1100 actione
2073 1037 2425 1099 successiva
2457 1054 2574 1098 nos
2601 1037 2787 1116 ipsos,
2821 1054 2933 1098 seu
2958 1054 3061 1098 res
3089 1038 3246 1101 alias
3271 1039 3354 1099 si-

1795 1149 1919 1213 gno
1946 1130 2172 1207 crucis,
2194 1130 2385 1192 veluti
2411 1129 2684 1210 quadam
2707 1130 3053 1193 successiva
3075 1130 3350 1212 imagine

1796 1226 2119 1305 signamus
2140 1243 2253 1287 seu
2275 1222 2758 1287 sanctificamus,
2777 1222 2868 1287 De
2887 1222 2982 1287 his
3003 1223 3191 1304 igitur
3212 1224 3352 1289 bre·

1796 1318 1952 1381 viter
1972 1318 2310 1382 dicendum
2335 1324 2450 1381 est.

2419 1510 2638 1566 sacrm
2667 1510 2708 1566 1.

1794 1640 1873 1697 An
1916 1642 2130 1715 liquam
2172 1642 2376 1713 erucis,
2418 1642 2480 1699 in
2523 1658 2629 1715 quo
2670 1641 2920 1701 Christ&
2953 1641 3235 1716 pependit,
3279 1643 3353 1703 sit

2292 1726 2638 1784 adorandum
2665 1727 2853 1784 latria.

1878 1887 1935 1945 1.
1973 1882 2178 1959 Cruci,
2207 1885 2466 1967 aliisque
2487 1884 2798 1969 passionis
2829 1884 3070 1951 Christi
3097 1884 3354 1972 insiyni·

1795 1975 1930 2054 bus,
1953 1978 2234 2043 adoratio
2256 1980 2472 2043 debita.
2508 2010 2587 2025 —
2611 1979 2872 2040 Omissis
2915 1980 3352 2043 haereticorum

1796 2072 2146 2147 sententiis,
2203 2072 2312 2153 qui
2363 2072 2443 2134 de
2483 2090 2669 2135 cruce
2716 2072 2941 2135 Christi
2985 2072 3138 2136 nihil
3182 2074 3353 2136 aliud

1795 2182 1987 2243 quam
2015 2163 2096 2227 de
2127 2164 2372 2227 caeteris
2397 2163 2680 2244 reliquiis
2731 2163 3071 2246 opinantur
3090 2211 3112 2243 ,
3141 2166 3356 2229 dicen-

1795 2259 1949 2320 dum
1974 2264 2070 2321 est
2093 2258 2321 2340 primo,
2339 2258 2584 2339 lignum
2609 2258 2808 2321 crucis
2836 2258 2902 2320 in
2931 2277 3056 2340 qua
3078 2260 3354 2324 Christus

1792 2351 2116 2434 pependit,
2150 2352 2544 2416 adorandum
2574 2371 2713 2415 esse
2738 2400 2752 2426 ,
2799 2353 3090 2434 idemque
3119 2354 3199 2416 de
3229 2354 3356 2436 spi-

1792 2444 1913 2521 nis,
1959 2445 2177 2519 clavis,
2215 2446 2480 2526 aliisque
2517 2446 2797 2526 reliquiis
2825 2446 3048 2509 Christi
3080 2448 3356 2511 sentien-

1793 2537 1946 2599 dum
1979 2556 2140 2601 esse.
2173 2538 2504 2602 Conclusio
2536 2544 2631 2601 est
2658 2540 2736 2601 de
2772 2538 2917 2613 fide,
2963 2546 3033 2601 ut
3059 2558 3136 2602 ex
3164 2558 3356 2621 supra

1795 2632 1975 2695 dictis
2022 2633 2171 2695 satis
2216 2638 2484 2711 constat,
2515 2638 2692 2695 tanto
2736 2633 3088 2696 evidentius
3117 2640 3355 2715 quanto

1792 2726 2008 2807 plures
2037 2730 2184 2789 sunt
2213 2728 2613 2808 majoresque
2665 2744 2874 2789 causae
2917 2725 3000 2789 ad
3046 2727 3160 2789 has
3209 2726 3355 2791 reli-

1794 2821 1977 2901 quias
2011 2821 2425 2883 venerandas.
2469 2820 2703 2896 Primo,
2755 2820 2902 2901 quia
2931 2820 3021 2882 eis
3049 2820 3239 2883 armis
3269 2821 3358 2883 vi-

1796 2913 1995 2977 cimus
2047 2914 2392 2993 daemones,
2431 2918 2840 2995 nostramque
2885 2912 3154 2977 salntem
3186 2932 3359 2977 com-

1794 3008 2156 3089 paravimus
2213 3009 2278 3071 in
2323 3006 2602 3087 Christo,
2655 3013 2726 3070 ut
2781 3008 3020 3071 notavit
3071 3006 3354 3090 origen„

1794 3100 1969 3164 hom.
2003 3102 2044 3165 8
2071 3102 2138 3163 in
2169 3102 2382 3177 Josue‚
2411 3102 2494 3164 ad
2517 3101 2684 3165 hanc
2710 3118 2848 3164 rem
2875 3102 3360 3166 accommodans

1798 3196 1976 3273 illud,
2000 3197 2083 3259 ad
2103 3198 2336 3259 Coloss.
2372 3200 2402 3259 1
2441 3217 2455 3255 :
2485 3196 2830 3278 Pacificans
2854 3213 2963 3277 per
3003 3198 3360 3279 sanquinem

1797 3293 1994 3356 erucis
2018 3291 2174 3370 ejus,
2200 3308 2330 3375 qwoe
2356 3291 2426 3353 in
2448 3290 2614 3355 ooelis
2637 3296 2692 3353 et
2719 3308 2853 3371 quoe
2874 3289 2943 3354 in
2977 3294 3146 3354 terra
3170 3296 3318 3354 sunt
3330 3315 3358 3365 ;

1798 3390 1861 3447 et
1888 3404 1944 3447 c.
1997 3386 2036 3447 2
2073 3398 2090 3445 ε
2133 3384 2435 3465 Spoliam
2479 3384 2898 3464 principatus,
2929 3400 3130 3462 usque
3169 3382 3250 3444 ad
3289 3384 3362 3446 il-

1794 3478 1909 3541 lud
1935 3497 1950 3539 ε
1983 3476 2263 3559 Affiyens
2293 3474 2454 3541 illud
2498 3464 2664 3539 efnei
2683 3498 2712 3547 ,·
2739 3480 2802 3537 et
2831 3474 2913 3536 ad
2934 3474 3094 3556 Eph.
3139 3476 3180 3536 2
3212 3495 3228 3537 :
3279 3476 3362 3540 Ut

1797 3570 2134 3635 reconciliet
2178 3569 2381 3633 ambos
2424 3570 2494 3631 in
2519 3586 2635 3631 uno
2671 3584 2913 3648 corpore
2939 3566 3064 3631 Deo
3081 3584 3196 3651 per
3227 3582 3361 3632 eru-

1798 3683 1941 3731 cem.
1978 3662 2287 3739 Secundo,
2322 3662 2468 3743 quia
2508 3662 2642 3724 haec
2675 3680 2828 3724 crux
2855 3660 2974 3723 fuit
3014 3660 3208 3723 veluti
3255 3678 3360 3723 sa-

1799 3777 1977 3823 crum
2003 3758 2224 3833 altare,
2251 3756 2315 3816 in
2341 3773 2466 3836 quo
2498 3754 2778 3817 Christus
2805 3757 3139 3816 cruentum
3167 3754 3363 3816 sacri·

1799 3853 2015 3916 ficium
2033 3850 2281 3927 obtulit,
2298 3855 2369 3912 ut
2398 3849 2786 3929 significatur
2815 3846 2898 3909 ad
2923 3848 3115 3910 Hebr.
3135 3850 3195 3909 7.
3221 3846 3362 3910 Fuit

1802 3947 1994 4011 etiam
2033 3946 2134 4008 via
2179 3962 2294 4025 per
2337 3960 2530 4025 quam
2570 3941 2850 4004 Christus
2893 3940 3234 4017 incedens»,
3279 3940 3363 4003 ad

1802 4058 1984 4103 suam
2031 4037 2471 4102 exaltationem
2499 4032 2808 4115 pervenit,
2858 4038 2932 4095 ut
2979 4033 3161 4097 Joan.
3219 4036 3258 4096 3
3299 4038 3362 4097 et

1804 4136 1903 4207 12,
1934 4130 2102 4193 etad
2130 4129 2347 4211 Philip.
2369 4132 2431 4206 2,
2457 4126 2865 4209 significatur.
2883 4126 3170 4207 Denique
3189 4131 3362 4190 tactu

1803 4225 2010 4289 carnis
2057 4228 2120 4287 et
2174 4222 2496 4305 sanguinis
2541 4220 2767 4283 Christi
2817 4226 3183 4283 consecrata
3221 4219 3359 4283 fuit.

1802 4318 1982 4383 Unde
2011 4320 2322 4391 Damasc.,
2353 4317 2399 4378 l.
2446 4318 2508 4393 4,
2539 4334 2595 4378 c.
2629 4318 2704 4378 12
2735 4336 2750 4377 :
2791 4314 2932 4379 Hoc
2954 4313 3211 4395 lianum,
3254 4312 3359 4375 in-

1803 4415 1961 4497 quit,
1990 4412 2420 4489 venerandum,
2454 4414 2513 4474 et
2541 4428 2612 4473 ea:
2645 4412 2812 4474 tactu
2842 4407 3044 4473 saneti
3080 4408 3352 4487 eorporis

1804 4516 1861 4575 et
1906 4508 2229 4591 sanquinis
2280 4505 2773 4583 sanctificatum,
2809 4503 3033 4583 optimo
3044 4502 3194 4581 jwre
3219 4502 3364 4564 ado-

1804 4602 1943 4667 rari
1974 4600 2156 4675 debet,
2193 4598 2466 4681 clavique
2502 4598 2672 4669 item,
2712 4601 2771 4660 et
2812 4594 3044 4670 lancea,
3084 4598 3142 4657 et
3187 4594 3368 4657 indu·

1803 4698 2093 4769 mentum,
2119 4709 2189 4756 ao
2211 4708 2478 4773 proesepe
2492 4714 2516 4763 ;
2541 4696 2604 4751 et
2625 4687 2708 4749 ad
2733 4704 2984 4751 crucem
3015 4702 3367 4747 accommo-

1807 4786 1915 4849 dat
1941 4784 2096 4847 illud
2121 4786 2348 4847 Psalm.
2383 4785 2495 4846 131
2532 4799 2550 4845 :
2580 4780 2988 4845 Adorabimus
3009 4778 3077 4839 in
3117 4776 3244 4841 loco
3267 4777 3368 4839 ubi

1805 4882 2104 4946 steterunt
2126 4879 2302 4959 pedes
2329 4877 2485 4957 ejvs.
2509 4874 2677 4938 Nam
2705 4887 2938 4936 erucem
2962 4870 3050 4932 ibi
3077 4868 3366 4954 intelliyi,

1808 4976 2248 5053 aryumencum,
2301 4966 2530 5046 inquit,
2581 4970 2670 5028 est
2723 4962 2797 5026 id
2840 4960 2998 5043 quod
3040 4963 3321 5043 sequ-itm·
3345 4986 3368 5023 .·

1808 5064 2039 5145 Surye,
2079 5062 2353 5137 Domine,
2393 5062 2460 5123 in
2482 5056 2744 5137 requiem
2772 5060 2980 5126 tuam
3003 5071 3191 5118 eomes
3212 5056 3370 5117 enim

1809 5160 2007 5223 crucis
2023 5160 2112 5220 est
2129 5150 2511 5219 resurreetio.
2533 5148 2788 5211 Hieron.
2800 5193 2816 5218 ‚
2833 5149 2864 5208 1
2883 5152 3034 5209 tom.
3047 5190 3062 5219 ,
3083 5162 3183 5225 ep.
3201 5146 3276 5207 17
3289 5140 3374 5207 ad

1809 5248 2062 5317 Marcel.
2077 5298 2092 5323 ‚
2110 5253 2178 5309 ut
2199 5247 2425 5327 migret
2447 5241 2510 5303 in
2528 5239 2906 5313 Jerusalem,
2931 5236 3188 5300 nomine
3213 5236 3374 5300 Pau-

1808 5344 1887 5409 1ae
1934 5350 1998 5407 et
2040 5341 2363 5414 Eustoeh.,
2413 5336 2580 5399 circa
2629 5333 2846 5396 med.:
2898 5330 3371 5409 Venerabantur,

1810 5438 2038 5521 inquit,
2079 5437 2132 5501 J
2134 5434 2294 5501 udoei
2343 5427 2886 5515 propitiatorium)
2915 5442 3104 5490 nonne
3138 5422 3248 5489 tibi
3283 5442 3377 5491 ee·
