3892 6167
610 474 730 536 illis
778 470 985 533 verbis
1018 468 1266 529 Denter.
1319 471 1359 529 6
1404 472 1467 528 et
1508 464 1726 527 Maru».
1768 466 1853 525 42
1900 462 2018 525 Illi
2053 460 2174 525 soli

608 566 852 636 servies,
899 578 1097 643 groece
1144 576 1281 633 esse
1330 558 1594 621 verbum
1646 565 1885 633 λατρέυω,
1926 559 1992 617 et
2024 555 2170 617 ideo

610 659 759 723 addi
771 652 1325 739 particulam‚soli;
1348 652 1611 715 verbnm
1632 660 1840 715 autem
1858 660 2166 724 προσκυνεῖν,

612 774 726 817 seu
753 750 1027 825 adorare,
1064 766 1401 811 commune
1433 764 1592 824 esse,
1624 754 1689 809 et
1730 747 1872 808 ideo
1902 762 2050 806 cum
2077 742 2174 803 di·-

610 848 808 911 citur:
848 847 1041 909 Deum
1070 848 1241 906 tuum
1256 842 1557 911 adorabis,
1589 859 1719 903 uon
1752 838 1897 903 addi
1926 837 2124 901 solum
2147 858 2172 907 ,-

612 942 777 1003 idem
800 944 980 1001 notat
996 934 1367 1001 Anastasius
1390 935 1701 1015 Episc.,in
1719 936 1838 995 act.
1866 936 1907 993 4
1928 930 2036 991 Vll
2059 930 2174 1009 Sy-

612 1034 785 1108 nodi,
810 1038 873 1095 et
901 1034 1231 1097 notaverat
1256 1030 1549 1109 August„
1580 1028 1727 1090 dict.
1758 1046 1821 1107 q.
1858 1028 1928 1089 61
1959 1025 2025 1085 in
2054 1022 2172 1084 Ge·-

610 1146 745 1191 nes.
787 1127 873 1189 De
908 1124 1133 1188 eadem
1154 1140 1225 1185 re
1254 1120 1451 1183 videri
1492 1122 1703 1201 potest
1728 1120 1945 1193 Basil„
1986 1136 2176 1197 expo-

616 1239 776 1283 nens
806 1223 839 1281 1
872 1237 1010 1298 cap.
1044 1219 1215 1291 lsai„
1248 1222 1313 1277 et
1346 1214 1447 1276 alii
1474 1215 1554 1276 de
1582 1215 1701 1276 bac
1724 1212 1990 1276 materia
2023 1211 2176 1273 scri-

610 1316 853 1377 bentes.
890 1312 1157 1397 Nomine
1189 1316 1401 1371 antem
1432 1309 1619 1375 doelioe
1658 1306 2053 1387 significatus
2079 1311 2176 1367 est

609 1408 833 1483 honor,
868 1406 971 1467 vel
1008 1404 1215 1467 cultus
1251 1402 1359 1483 qui
1390 1402 1691 1465 creaturis
1720 1398 2166 1463 excellentibus

609 1500 741 1563 dari
772 1502 1015 1581 potest3
1045 1516 1218 1571 nam,
1248 1497 1395 1577 quia
1425 1502 1667 1559 certum
1697 1503 1791 1558 est
1814 1497 1930 1556 hos
1963 1493 2166 1555 cultus

608 1610 749 1657 esse
800 1592 1085 1654 diversos
1130 1590 1195 1652 in
1230 1608 1301 1653 re
1348 1590 1485 1670 ipsa
1518 1587 1611 1672 (ut
1650 1588 1787 1669 jam
1835 1587 2166 1663 dicemus),

610 1685 883 1769 oportuit
913 1685 1103 1749 etiam
1129 1682 1393 1747 diversis
1420 1683 1777 1744 nominibus
1805 1679 2165 1762 significari,

612 1786 681 1842 ut
726 1796 973 1855 secure,
1030 1781 1095 1840 et
1134 1778 1271 1839 sine
1323 1777 1679 1856 suspicione
1728 1774 1958 1836 erroris
1999 1771 2176 1853 loqui

610 1890 977 1953 possemus3
1020 1878 1083 1933 et
1124 1870 1273 1933 licet
1316 1888 1549 1931 nomen
1593 1868 1769 1933 dulia
1808 1886 1939 1929 uno
1984 1865 2176 1928 modo

610 1966 923 2049 significet
950 1965 1269 2047 propriam
1302 1964 1693 2037 servitutem,
1728 1968 1793 2023 et
1836 1960 2178 2043 subjectio-

610 2080 756 2125 nem
780 2062 1153 2135 hnmenam‚
1172 2067 1243 2121 ut
1270 2064 1513 2121 constat
1538 2076 1616 2119 ex
1636 2060 1711 2119 D.
1736 2058 1991 2132 Thom„
2017 2060 2080 2117 2.
2109 2060 2174 2133 2,

610 2175 673 2237 q.
714 2158 855 2232 103,
884 2161 1003 2217 art.
1030 2156 1067 2217 3
1114 2158 1177 2215 et
1205 2156 1268 2226 4,
1303 2151 1453 2217 etin
1482 2152 1541 2228 3,
1576 2150 1641 2212 d.
1674 2154 1740 2227 9,
1770 2168 1833 2229 q.
1862 2152 1927 2225 2,
1961 2154 2079 2211 art.
2113 2152 2172 2220 1,

609 2250 690 2311 ad
720 2250 751 2311 1
774 2294 789 2324 ,
824 2254 887 2312 et
912 2247 1189 2311 Duraud.
1222 2245 1331 2319 ibi,
1364 2262 1427 2323 q.
1461 2247 1523 2321 3,
1554 2244 1813 2326 proprie
1840 2250 2081 2317 tamen,
2105 2249 2176 2305 ut

609 2359 778 2405 nunc
810 2342 915 2404 illo
958 2342 1213 2417 utimur,
1252 2336 1563 2420 significat
1616 2339 1991 2399 Sanctorum
2035 2336 2173 2398 cul-

608 2442 775 2509 tum:
812 2436 973 2497 sicut
1002 2434 1172 2497 enim
1200 2450 1437 2495 nomen
1464 2431 1675 2495 latrice
1718 2430 1877 2506 Deo,
1922 2431 2011 2491 ita
2057 2448 2170 2492 no·

608 2548 756 2593 men
770 2532 959 2593 dulice
977 2529 1223 2593 Sanctis
1241 2526 1785 2591 accommodatum
1810 2532 1925 2587 est.
1961 2524 2168 2607 Signi-

606 2622 837 2687 ficabat
866 2624 1038 2685 enim
1070 2620 1239 2685 dulia
1260 2638 1661 2683 communem
1682 2618 2068 2692 servitutem,
2097 2624 2168 2681 ut

618 2718 856 2779 notavit
890 2717 1087 2793 Beda,
1134 2716 1238 2777 lib.
1277 2720 1306 2776 1
1336 2714 1403 2775 in
1440 2716 1617 2789 Luc„
1648 2714 1715 2774 in
1738 2713 1903 2791 fine3
1940 2720 2003 2774 et
2029 2713 2176 2774 ideo

610 2809 1087 2873 accommodata
1108 2814 1203 2871 est
1226 2810 1358 2871 hoec
1378 2824 1499 2868 vox
1522 2806 1800 2869 inferiori
1822 2806 2040 2883 cultui,
2063 2824 2180 2867 seu

609 2902 957 2966 adorationi
987 2918 1131 2983 quae
1161 2901 1405 2963 Sanctis
1434 2900 1651 2973 datur3
1684 2900 1832 2962 licet
1864 2899 2088 2979 Ayala,
2109 2899 2178 2961 in

608 3001 645 3059 3
678 3003 843 3079 part.
886 2996 967 3058 de
1012 2994 1276 3069 Tradit„
1310 2992 1683 3055 considerat.
1720 2998 1759 3055 '1
1765 3037 1786 3068 ,
1816 2992 2061 3055 dubitet
2089 3012 2170 3053 an

607 3088 969 3171 hujusmodi
1004 3089 1277 3150 officium
1318 3084 1607 3149 debuerit
1635 3086 1805 3151 dulia
1841 3087 2170 3167 appellari,

606 3184 757 3267 quia
808 3183 1155 3255 veneratio,
1183 3198 1323 3261 quae
1374 3182 1787 3242 communiter
1838 3180 2172 3243 exhibetur

608 3278 871 3351 Sanctia,
901 3292 1028 3338 non
1046 3276 1229 3339 estin
1256 3275 1507 3357 signum
1528 3273 1863 3337 servitutis
1890 3274 2014 3336 Sed
2036 3292 2166 3336 non

608 3377 705 3434 est
744 3370 915 3451 quod
959 3368 1341 3446 dubitemus,
1376 3368 1525 3447 quia
1553 3370 1685 3430 haec
1711 3384 1833 3429 vox
1860 3386 1990 3429 non
2019 3386 2170 3449 pro-

604 3465 805 3545 priam
834 3469 1077 3527 tantum
1108 3470 1171 3525 et
1198 3462 1391 3525 vilem
1420 3462 1805 3535 servitutem,
1838 3461 1952 3522 sed
1973 3462 2164 3523 etiam

602 3558 1005 3623 honorariam
1023 3555 1483 3636 subjectionem
1498 3555 1831 3635 siguificat,
1846 3554 2166 3635 quomodo

604 3652 757 3715 dixit
785 3652 985 3726 Paul„
1032 3650 1115 3713 ad
1140 3650 1341 3713 Galat.
1375 3652 1412 3712 5
1440 3666 1454 3710 ε
1502 3648 1629 3712 Per
1655 3650 2016 3714 charitatem
2043 3666 2168 3713 ser·

604 3747 726 3810 vito
794 3744 1050 3809 invicem
1068 3788 1089 3819 ,
1140 3744 1256 3804 ubi
1314 3760 1520 3825 graece
1573 3742 1844 3804 habetur
1902 3743 2170 3805 verbum

604 3848 873 3913 δουλὲυετι,
905 3836 1077 3917 quod
1106 3837 1341 3898 notavit
1374 3836 1639 3917 August.
1646 3880 1668 3911 ,
1701 3836 1811 3896 lib.
1847 3839 1875 3898 1
1912 3835 1996 3897 de
2035 3836 2164 3896 Tri·

604 3931 748 4007 nit„
778 3948 919 4011 cap.
958 3933 1022 4008 6,
1055 3930 1160 4010 qui
1193 3930 1471 4011 egregie,
1502 3944 1691 3993 serm.
1724 3932 1763 3990 7
1798 3930 1891 3991 Ad
1920 3929 2064 3991 frat.
2103 3929 2166 3990 in

604 4040 841 4099 eremo,
871 4023 978 4098 ait,
1036 4024 1271 4107 qnando
1324 4024 1559 4087 duliam
1608 4024 1823 4087 domm
1872 4022 2172 4087 Proelatis

604 4124 663 4183 ot
701 4118 979 4192 Sanctis,
1014 4116 1139 4181 Deo
1164 4134 1300 4181 vero
1326 4118 1577 4183 latriam
1603 4134 2004 4194 reservamus,
2029 4124 2172 4183 tunc

606 4213 750 4276 dare
772 4228 881 4274 noe
906 4228 1040 4293 μω
1056 4216 1199 4273 sunt
1224 4210 1491 4275 Ooesaris
1521 4209 1773 4285 Gaesari,
1802 4215 1857 4273 et
1878 4228 2012 4293 quoe
2028 4216 2174 4274 aunt

606 4306 719 4368 Dei
769 4304 915 4368 Deo.
964 4306 1055 4367 Ex
1100 4303 1203 4363 his
1232 4321 1383 4384 ergo
1410 4320 1553 4383 quae
1584 4303 1663 4363 de
1704 4302 2166 4382 significatione

608 4412 830 4458 vocum
860 4396 1026 4457 dicta
1056 4400 1221 4470 sunt,
1244 4402 1484 4456 constat
1508 4396 1663 4457 ratio
1682 4402 1744 4457 et
1770 4412 1992 4456 sensus
2015 4414 2168 4475 pree-

608 4490 789 4551 dictas
840 4490 1163 4551 divisionis
1179 4504 1201 4568 3
1256 4506 1399 4550 cum
1456 4490 1625 4550 enim
1670 4490 1952 4553 adoratio
1980 4490 2167 4555 alicui

608 4582 977 4645 exhibeatur
1004 4590 1259 4677 propter
1289 4582 1720 4645 excellentiam
1745 4584 1903 4665 ejuS,
1936 4602 2051 4663 pro
2077 4584 2168 4645 cli·

606 4676 899 4741 versitate
929 4676 1312 4739 excellentiae
1348 4676 1465 4737 erit
1512 4676 1701 4737 etiam
1748 4677 2032 4739 adoratio
2073 4676 2169 4741 di-

604 4786 817 4843 versa3
846 4768 996 4850 quia
1021 4783 1173 4851 ergo
1192 4768 1565 4831 excellentia
1588 4768 1711 4831 alia
1740 4778 1832 4833 est
1859 4771 2166 4847 increata,

605 4862 728 4925 alia
748 4880 894 4947 vero
925 4869 1159 4937 creata,
1190 4861 1494 4933 adoratio,
1520 4878 1659 4941 quae
1676 4862 2008 4928 exhibetur
2024 4882 2171 4945 pro-

604 4959 703 5017 ter
746 4956 1091 5017 increatam
1144 4954 1607 5032 excellentiam,
1660 4956 1851 5023 latria
1897 4956 2162 5034 dicitur3

606 5060 747 5127 quae
776 5054 927 5109 vero
966 5052 1219 5128 propter
1248 5052 1547 5125 creatam,
1581 5050 1863 5127 generali
1907 5051 2164 5111 nomine

515 5168 524 5177 ·
605 5139 833 5205 dicitur
857 5140 1051 5213 dulia,
1074 5144 1418 5221 praesertim
1447 5137 1701 5220 quando
1724 5142 1829 5203 illa·
1856 5144 2164 5206 excellen-

602 5234 687 5297 tia
718 5238 817 5298 est
845 5234 1059 5315 gloriae
1084 5234 1186 5297 vel
1229 5234 1573 5297 sanctitatis
1605 5242 1847 5298 creatae.
1887 5232 2068 5309 Quod
2109 5238 2164 5299 si

602 5328 709 5390 iila
737 5329 1035 5391 sanctitas
1070 5329 1147 5389 sit
1194 5328 1511 5409 singulari*
1539 5329 1785 5391 ratione
1825 5329 2161 5408 excellenS,

605 5420 889 5486 adoratio
923 5420 1013 5484 mi
1041 5422 1457 5503 respondens,
1494 5422 1859 5503 hypo-mulia
1878 5431 2160 5487 vocatur.

605 5514 755 5589 Quae
784 5513 997 5579 omnia
1024 5520 1311 5577 constant
1340 5530 1413 5576 ex
1446 5532 1562 5577 usu
1588 5514 1919 5597 Theolog„
1978 5518 2040 5580 in
2099 5520 2160 5595 3,

1846 361 2082 427 Qua-281⁸.
2117 357 2266 414 XXV.
2299 357 2500 413 Alme.
2537 358 2600 411 lt.

2253 459 2528 522 distinct.
2559 460 2602 520 9
2620 470 2642 536 3
2677 462 2744 519 et
2767 458 2840 519 D.
2871 456 3096 519 Thon.
3134 458 3252 533 hic,
3281 466 3344 524 et
3365 468 3420 525 2.
3465 470 3518 540 2,
3539 486 3591 546 q.
3619 474 3720 547 163,

2251 559 2370 615 art.
2402 556 2440 615 3
2471 558 2535 615 et
2559 556 2626 614 4.
2655 550 2940 615 Advertit
2965 557 3179 613 autem
3203 550 3418 618 Scottis
3435 554 3534 635 ibi,
3551 572 3716 641 quw,

2253 647 2464 721 unica,
2490 665 2636 709 cum
2655 646 3028 719 Bonavent„
3044 652 3163 708 art.
3191 651 3250 719 2,
3282 664 3344 728 q.
3369 652 3430 723 1,
3452 651 3554 715 bas
3573 674 3718 723 voces,

2256 742 2452 805 lau-ia
2477 744 2540 805 et
2568 740 2762 815 delia,
2791 757 2926 801 non
2957 740 3161 801 solum
3187 743 3442 819 actibus,
3472 748 3568 808 sed
3587 726 3720 814 atiani

2253 835 2570 897 habitibus
2587 834 2800 909 tribui,
2817 832 3206 914 frequentius
3227 842 3433 901 tamen
3455 841 3722 921 significare

2254 935 2455 1004 actus,
2491 929 2698 990 etheo
2725 926 2916 989 modo
2939 928 3068 989 illis
3091 946 3262 991 nunc
3293 931 3536 1007 utimur,
3569 954 3724 1014 quam.

2255 1022 2346 1083 vis
2363 1022 2582 1099 multa,
2597 1022 2770 1085 exiis
2790 1039 2930 1101 quoe
2945 1020 3248 1098 dicemu3‚
3269 1026 3518 1104 possint,
3534 1046 3730 1109 propor.

2257 1118 2426 1179 tione
2477 1120 2750 1192 servata,
2801 1116 2880 1176 de
2913 1114 3233 1177 habitibus
3256 1118 3526 1201 intelligi.
3561 1126 3631 1183 Ex
3663 1128 3728 1187 his

2255 1228 2408 1273 vero
2455 1215 2701 1273 constat
2755 1210 3141 1271 adorationis
3191 1227 3422 1274 nomen
3469 1232 3726 1282 commune

2257 1322 2396 1367 esse
2424 1306 2552 1366 Deo
2583 1310 2644 1366 et
2671 1304 2998 1377 creaturis„
3029 1305 3100 1365 ut
3121 1304 3442 1367 evidenter
3465 1313 3664 1371 constat
3679 1331 3726 1373 ex

2255 1398 2592 1479 Scripturas
2619 1416 2766 1474 usu,
2794 1397 2952 1461 Gen.
2986 1401 3066 1461 23
3095 1404 3162 1459 et
3185 1402 3291 1473 42,
3315 1404 3378 1461 et
3393 1399 3618 1464 infinitis
3639 1407 3732 1467 aliis

2248 1494 2438 1567 locis;
2475 1512 2644 1555 unns
2671 1511 2822 1555 vero
2851 1510 2966 1574 pro
2983 1492 3198 1555 multis
3223 1492 3450 1555 sufficit
3473 1498 3501 1557 1
3531 1496 3728 1579 Paralip.

2250 1589 2371 1651 29:
2417 1586 2904 1662 laetitiam-unt,
2937 1586 3168 1667 inquit,
3199 1602 3286 1663 so,
3311 1592 3369 1653 et
3413 1589 3732 1656 αἰωαοσηηι

2255 1682 2476 1755 Deum,
2505 1687 2561 1745 et
2585 1680 2796 1745 deinde
2815 1698 3032 1761 regom.

2337 1780 2398 1839 5.
2450 1776 2654 1848 Quaeri
2697 1792 2851 1837 vero
2878 1774 2984 1837 hic
3016 1776 3248 1855 potest,
3275 1776 3440 1838 sicut
3459 1777 3522 1839 in
3567 1794 3733 1858 ρω-

2258 1870 2432 1933 denti
2460 1869 2792 1943 divisione,
2824 1884 2910 1929 an
2935 1867 3034 1929 hae
3061 1866 3204 1929 duae
3231 1868 3606 1932 adorationes
3639 1876 3734 1933 nui·

2255 1982 2436 2038 voce,
2458 1962 2560 2027 vel
2587 1968 2828 2025 tantum
2857 1960 3212 2043 analogice,
3231 1962 3300 2024 in
3328 1962 3552 2027 mtione
3573 1964 3732 2028 adora·

2259 2058 2447 2121 tionis
2477 2055 2876 2119 conveniant.
2909 2054 3088 2127 Quod
3117 2056 3384 2118 dubium
3409 2074 3528 2118 non
3549 2056 3732 2119 invenio

2257 2170 2296 2213 a
2323 2148 2656 2231 Theologis
2683 2154 3043 2224 tractatum,
3075 2150 3228 2229 quia
3255 2164 3470 2211 revera
3491 2152 3634 2230 parvi
3647 2170 3734 2212 mo-

2255 2243 2456 2306 menti
2485 2249 2606 2319 est,
2637 2260 2712 2304 ac
2743 2240 2872 2303 fere
2906 2241 2990 2303 de
3033 2244 3296 2305 nomine
3321 2262 3338 2304 :
3365 2244 3566 2305 Petrus
3585 2252 3732 2307 tamen

2256 2336 2718 2415 Bergomensis‚
2749 2336 2814 2396 in
2845 2334 3084 2411 tabula,
3115 2354 3231 2398 seu
3261 2337 3674 2399 concordantiis
3685 2340 3732 2399 D.

2247 2430 2526 2503 Thomoe,
2547 2428 2741 2492 verbo
2771 2428 3092 2504 Adon-atio,
3119 2448 3184 2491 n.
3219 2434 3287 2507 3,
3326 2430 3412 2492 sic
3437 2430 3636 2509 inquit:
3665 2432 3734 2493 Es

2249 2532 2440 2590 mma
2491 2526 2572 2589 D.
2636 2524 2911 2600 Tkomoe,
2960 2524 3242 2587 adoratio
3289 2524 3546 2587 exhibita
3573 2526 3666 2588 Dm
3699 2532 3734 2587 ct

2249 2624 2550 2685 creatum»
2588 2634 2710 2681 non
2752 2618 2986 2681 dicitnr
3029 2619 3308 2694 uoniam,
3329 2618 3436 2682 ud
3459 2618 3730 2701 maffia:

2258 2718 2322 2775 et
2343 2712 2581 2793 profert
2605 2712 2726 2773 tria
2751 2711 2912 2773 loca.
2940 2710 3183 2772 Primus
3217 2717 3320 2773 est
3351 2712 3422 2771 in
3441 2714 3496 2773 2.
3521 2712 3573 2783 2,
3597 2728 3644 2790 q.
3666 2712 3730 2783 81,

2259 2812 2378 2869 art.
2427 2810 2487 2880 1,
2527 2806 2632 2867 uhi
2672 2806 2876 2867 solum
2915 2804 3068 2866 dicit
3095 2804 3525 2869 excellentiam
3546 2805 3630 2864 Dei
3649 2822 3734 2864 non

2261 2898 2728 2967 communicari,
2765 2906 3072 2960 creaturae
3114 2898 3468 2961 secundum
3500 2897 3736 2976 aequalita-

2259 3000 2411 3065 tem,
2449 2992 2560 3053 sed
2605 2992 2954 3053 secundum
3004 2993 3351 3071 quamdam
3409 2992 3737 3071 participatio-

2253 3104 2425 3159 nem,
2461 3092 2527 3148 et
2550 3086 2692 3147 ideo
2719 3085 2909 3147 aliam
2947 3086 3430 3147 venerationem
3453 3086 3586 3157 Deo,
3607 3083 3734 3143 aliam

2251 3198 2404 3243 vero
2433 3180 2884 3242 excellentibus
2909 3178 3100 3241 tribui
3127 3179 3456 3242 creaturis,
3493 3176 3736 3239 Secundus

2249 3275 2427 3337 locus
2447 3280 2544 3336 est
2573 3274 2634 3335 in
2670 3274 2946 3337 secunda
2973 3270 3296 3346 secundm,
3326 3278 3536 3351 quaest.
3564 3272 3643 3345 94,
3669 3286 3736 3329 ar·

2246 3370 2438 3431 ticulo
2465 3369 2694 3449 primo,
2724 3368 2807 3431 ad
2821 3373 2884 3441 2,
2915 3368 3023 3429 uhi
3051 3386 3180 3430 non
3209 3372 3530 3446 comparat
3557 3365 3732 3425 latriam

2249 3480 2394 3527 cum
2439 3462 2637 3537 dulia,
2672 3462 2784 3523 sed
2833 3478 2980 3523 cum
3028 3461 3412 3533 idololatria,
3443 3473 3584 3539 quas
3633 3456 3732 3516 dicit

2247 3557 2514 3619 univoce
2541 3554 2880 3619 convenire
2913 3554 2980 3616 in
3016 3557 3266 3617 ratione
3294 3553 3516 3626 cultus,
3544 3552 3630 3631 qui
3661 3566 3736 3627 per

2253 3655 2460 3713 actum
2480 3648 2833 3710 humanum
2870 3649 3230 3719 exhibetur,
3267 3646 3544 3728 quamvis
3587 3645 3638 3704 in
3671 3662 3736 3702 ra·

2249 3744 2420 3805 tione
2465 3742 2713 3804 virtutis
2743 3748 2805 3804 et
2853 3742 3174 3824 religionis
3216 3740 3558 3804 idololatria
3604 3736 3735 3816 aequi-

2249 3854 2406 3898 voce
2465 3836 2712 3899 dicatur
2739 3836 2988 3916 religio,
3019 3854 3136 3899 seu
3161 3836 3379 3898 latria.

2334 3933 2395 3992 6.
2439 3930 2688 3992 Tertius
2715 3930 2892 3991 locus
2919 3930 3104 3992 estin
3131 3932 3192 4006 3,
3229 3930 3379 3991 dist..
3405 3932 3466 4005 9,
3493 3946 3546 4008 q.
3583 3930 3630 3997 1,
3655 3930 3732 3985 art.

2253 4028 2314 4101 2,
2347 4024 2714 4104 quoestiunc.
2749 4028 2812 4099 Ἰ,
2849 4022 2960 4085 ubi
3007 4022 3296 4085 similiter
3337 4040 3464 4085 non
3491 4022 3736 4097 comparat

2258 4118 2533 4192 latriam,
2553 4117 2674 4179 nisi
2705 4134 2851 4178 cum
2874 4116 3251 4180 idololatria.
3281 4114 3490 4178 Potest
3503 4132 3626 4174 vero
3646 4111 3734 4170 haec

2259 4212 2574 4274 sententia
2607 4210 2882 4285 suaderi,
2917 4210 3066 4290 quia
3095 4209 3468 4272 excellentia
3489 4207 3572 4267 vel
3595 4202 3736 4265 domi·

2247 4307 2423 4368 nium
2467 4305 2584 4367 Dei
2617 4310 2684 4367 et
2735 4310 3168 4366 creaturarum
3207 4321 3344 4365 non
3387 4294 3734 4369 unii-oceani

2249 4400 2574 4481 analogice
2621 4405 2866 4461 tantum
2917 4399 3302 4461 conveniunt
3339 4398 3406 4458 in
3440 4396 3640 4458 ratione
3661 4408 3734 4451 ex-

2249 4493 2580 4566 cellentioe,
2603 4492 2702 4555 vel
2733 4490 2995 4553 dominii
3015 4511 3034 4565 ;
3063 4510 3218 4572 ergo
3245 4498 3308 4554 et
3329 4490 3522 4552 cultus
3544 4482 3733 4549 exhibiti

2249 4594 2504 4668 propter
2524 4586 2642 4649 has
2665 4585 3068 4648 excellentias
3097 4584 3300 4647 solum
3320 4580 3618 4661 analogice
3631 4595 3732 4659 pos-

2252 4687 2398 4744 sunt
2441 4680 2507 4741 in
2570 4680 2816 4741 ratione
2873 4679 3262 4741 adorationis
3320 4674 3640 4741 convenire.
3681 4670 3728 4731 ΕΙ
3802 4704 3803 4759 3

2254 4775 2415 4835 hanc
2446 4773 2819 4835 sententiam
2863 4776 3042 4834 tenet
3068 4772 3331 4845 Bonav„
3363 4770 3432 4832 in
3459 4774 3520 4847 3,
3558 4766 3664 4827 dist.
3685 4762 3726 4831 9,

2253 4872 2370 4928 art.
2397 4868 2458 4935 2,
2491 4866 2571 4927 ad
2599 4868 2662 4943 4,
2692 4866 2802 4926 ubi
2827 4864 3054 4943 inquit,
3081 4866 3242 4927 sicut
3261 4864 3546 4927 maim
3569 4858 3730 4919 dicitnr

2249 4958 2576 5039 analogice
2607 4958 2688 5037 de
2733 4958 2864 5019 Deo
2907 4965 2970 5020 et
3017 4964 3324 5031 creatura,
3355 4957 3440 5017 ita
3469 4961 3526 5015 et
3553 4950 3726 5013 duliam

2245 5054 2312 5113 in
2365 5052 2688 5113 communi
2737 5055 3075 5131 sumptam,
3121 5055 3312 5131 prout
3363 5042 3648 5121 abstrahit·
3667 5038 3726 5099 ab

2243 5142 2612 5206 adoratione
2637 5144 2766 5208 Deo
2794 5150 2856 5207 et
2885 5151 3186 5207 creaturae
3211 5140 3442 5218 debita,
3467 5136 3726 5212 analogice

2245 5236 2390 5300 dici.
2423 5238 2500 5300 Et
2537 5237 2751 5301 favent
2778 5238 3014 5314 Sancti,
3038 5240 3147 5319 qui
3173 5228 3501 5309 interdum,
3521 5231 3724 5309 loquen-

2245 5338 2340 5394 tes
2391 5328 2473 5392 de
2521 5331 2892 5395 adoratione
2931 5331 3319 5412 simpliciter,
3354 5320 3726 5409 negantium

2247 5442 2387 5488 esse
2427 5423 2846 5489 exhihendam
2869 5432 3194 5501 creaturae,
3225 5430 3470 5487 utentes
3495 5419 3586 5483 illa
3613 5424 3724 5477 voce

2245 5519 2423 5599 quasi
2465 5520 2760 5601 analoga,
2792 5527 2862 5583 ut
2890 5520 3182 5584 convenit
3215 5516 3526 5601 principali
3566 5507 3724 5573 analo-
