3892 6167
1490 316 1673 375 131an
1716 316 1959 375 tit-,itcttf

879 460 933 534 L

807 624 995 663 unu.

74 722 349 781 Adoratio
374 725 495 781 soli
520 728 629 781 Deo
648 725 831 781 debita
862 725 1021 780 latria
1052 724 1273 789 dicitur,
1296 727 1352 781 d.
1384 730 1465 787 5-1,
1489 740 1531 779 s.
1562 729 1607 777 1.

70 802 371 928 Ιηιξιτέιιῐη
398 808 620 863 actum,
645 802 920 859 interdum
944 800 1195 857 habitum
1219 800 1511 869 significat,
1536 802 1591 854 d.
1612 806 1690 863 53,

70 956 203 1017 Quae
247 952 499 1007 dicatur
533 953 769 1021 perfecta
804 954 983 1019 latria,
1009 966 1133 1021 quae
1172 964 1305 1007 vero
1338 951 1695 1007 secundaria,

142 1029 222 1079 ib.

74 1103 235 1159 Nulla
262 1110 545 1159 creatura
591 1110 767 1173 potest
813 1119 929 1163 esse
962 1108 1236 1173 objectum
1290 1118 1389 1174 per
1418 1118 1475 1159 se
1510 1105 1693 1171 primo

136 1182 517 1237 adorationis
564 1184 761 1249 latriae,
794 1190 975 1239 tamen
1009 1185 1343 1241 secundario
1392 1196 1491 1251 per
1541 1182 1691 1236 illam

138 1258 455 1311 coadorari
490 1265 685 1325 potest.
709 1260 764 1314 d.
793 1264 839 1323 4,
864 1276 905 1315 s.
941 1266 989 1313 5.

78 1332 381 1389 nistinctio
412 1336 599 1391 latriae
624 1337 727 1392 soli
756 1340 865 1393 Deo
896 1338 1095 1393 debitae
1118 1338 1175 1393 in
1196 1336 1439 1391 externis
1460 1336 1689 1399 actibuS,

144 1410 525 1475 potissimum
557 1425 623 1465 ex
659 1413 915 1467 interiori
953 1414 1261 1468 intentione
1286 1412 1505 1479 pendet,
1530 1411 1586 1464 d.
1612 1416 1689 1463 512

96 1488 567 1616 vtaefftdoratio,
590 1550 797 1605 cattus.

834 1683 971 1723 Laus.

82 1782 356 1843 Quaedam
394 1782 616 1850 species
646 1782 873 1837 honoris
896 1788 995 1847 est,
1030 1783 1087 1837 d.
1114 1788 1196 1847 et,
1232 1796 1277 1839 s.
1308 1788 1353 1833 t.

83 1856 231 1910 Laus
276 1857 514 1923 divina,
564 1870 662 1925 per
698 1870 865 1927 quam
901 1858 1029 1925 quis
1063 1858 1156 1911 Dei
1209 1856 1584 1911 excellentiam
1632 1863 1686 1911 et

146 1946 319 1987 suam
364 1934 447 1987 ad
482 1932 633 1987 illam
680 1934 1123 1989 summissionem
1164 1932 1473 1999 prometur.
1511 1936 1685 1999 genus

148 2008 464 2075 quoddam
482 2008 819 2065 adorationis
838 2015 936 2074 est,
960 2024 1005 2064 S.
1026 2014 1075 2061 s.

672 2142 781 2183 mx.
818 2143 1113 2185 necisum}
1122 2172 1131 2183 .

88 2236 291 2303 Legem
329 2250 511 2293 nemo
550 2242 725 2305 potest
758 2238 1056 2305 imponere,
1100 2239 1205 2294 nisi
1236 2240 1333 2307 qui
1370 2246 1683 2307 potestatem

93 2312 265 2367 babet
292 2314 633 2378 coactivam,
658 2315 715 2367 d.
747 2317 827 2371 ts.
863 2328 906 2367 s.
940 2319 986 2367 t.

95 2388 203 2443 Lex
236 2389 453 2445 divina
497 2390 696 2457 duplex
716 2430 729 2455 ,
768 2392 1033 2444 naturalis
1065 2395 1121 2444 et
1163 2391 1429 2457 positiva,
1473 2396 1529 2445 et
1570 2394 1685 2446 baec

160 2478 373 2521 rursus
406 2466 465 2518 in
496 2465 808 2533 generalem
836 2471 891 2519 et
910 2466 1203 2533 specialem
1226 2466 1514 2533 dividitur,
1530 2482 1575 2522 S.
1603 2476 1652 2521 2.

98 2540 241 2606 Lege
272 2541 519 2595 naturali
565 2542 827 2608 obligari,
870 2547 923 2595 et
952 2541 1109 2608 quasi
1144 2543 1450 2610 proprietas
1490 2555 1686 2597 eonse-

164 2630 353 2683 quens
390 2619 690 2673 numanam
712 2624 983 2681 naturam,
1006 2618 1081 2672 ib.

106 2692 473 2759 legislatores
502 2693 835 2761 quandoque
869 2692 1081 2761 legibus
1114 2706 1147 2748 a
1180 2706 1238 2747 se
1270 2696 1507 2749 conditis
1538 2696 1649 2749 obli
1662 2726 1685 2735 κ

170 2776 399 2833 gantur,
430 2768 508 2822 ib.

108 2844 219 2897 Lex
242 2851 407 2899 vetus
436 2845 615 2900 solnm
646 2856 743 2899 eos
786 2844 1077 2912 obligabat,
1110 2847 1207 2913 qui
1236 2860 1334 2914 per
1366 2848 1683 2902 seminalem

172 2921 453 2975 rationem
492 2922 563 2974 ab
602 2920 912 2976 abrahamo
942 2922 1368 2987 descendebant,
1392 2924 1480 2979 vel
1514 2938 1571 2977 se
1600 2924 1681 2976 illi

176 3002 380 3061 sponte
410 2996 737 3060 subdebant,
764 2997 840 3050 ib.

112 3069 471 3136 Legistataris
494 3078 721 3138 potestas
753 3072 811 3125 in
841 3072 1052 3127 christo
1090 3088 1125 3127 a
1158 3074 1308 3140 regia
1340 3080 1601 3141 potestate
1632 3082 1685 3129 et

190 3146 509 3201 sacerdotali
536 3160 644 3203 non
676 3147 1049 3214 distinguitur,
1070 3148 1126 3201 d.
1153 3152 1233 3209 46,
1258 3163 1304 3201 s.
1328 3154 1375 3201 1.

122 3220 235 3273 Lex
264 3223 447 3289 gratiae
486 3230 565 3277 est
605 3224 896 3291 perfectior
934 3224 1053 3291 lege
1090 3231 1301 3279 natur-te
1330 3232 1385 3279 et
1406 3224 1608 3287 veteri,
1636 3234 1687 3279 et

185 3298 379 3353 eodem
400 3300 561 3355 modo
582 3302 705 3365 ejus
724 3300 1074 3365 sacrificium,
1096 3314 1139 3353 s.
1176 3303 1223 3353 4.

122 3375 233 3427 L-ex
252 3376 477 3443 Scripta,
498 3376 623 3430 licet
650 3375 825 3444 legem
845 3390 1045 3431 novam
1068 3377 1552 3443 repraesentaverit,
1570 3390 1683 3431 non

188 3456 369 3507 tamen
394 3453 507 3507 dici
531 3458 707 3521 potest
736 3455 822 3508 lex
849 3466 991 3509 nova
1027 3466 1144 3509 esse
1182 3454 1486 3508 secundum
1521 3455 1685 3508 ritum

184 3528 405 3593 veteris,
434 3527 511 3581 ib.

754 3657 925 3696 stulttia
932 3657 1081 3695 mm.

122 3754 451 3814 Liberalitas
474 3759 710 3814 maxime
738 3760 1072 3813 conveniens
1095 3758 1145 3812 ei
1166 3762 1261 3827 qui
1298 3758 1477 3838 bonus
1504 3765 1601 3822 est,
1640 3764 1691 3811 et

190 3834 307 3890 fere
338 3836 443 3891 soli
464 3838 573 3891 neo
592 3836 833 3903 propria,
854 3837 909 3888 d.
932 3842 981 3901 s,
1004 3850 1049 3890 s.
1076 3839 1124 3888 4.

120 3910 453 3965 Liberalitas
481 3912 575 3966 liei
607 3911 782 3979 magis
812 3911 989 3965 elucet
1017 3912 1079 3964 in
1112 3923 1195 3975 eo,
1224 3910 1374 3977 quod
1406 3909 1685 3963 bominem

191 4000 260 4039 ex
287 3986 464 4053 rigore
480 3986 699 4053 justitiae
720 3988 967 4052 redemit,
988 4000 1153 4053 quam
1172 3988 1215 4041 si
1237 3987 1405 4053 gratis
1426 3985 1531 4053 ipsi
1551 3998 1686 4039 con-

190 4062 429 4116 donaret
452 4062 656 4128 omnia,
680 4065 735 4117 d.
772 4068 823 4127 4,
842 4076 888 4117 s.
921 4068 971 4115 2.

257 4151 473 4191 ιιιειισι
504 4152 767 4193 *nummu
796 4150 1008 4197 cantari,
1042 4150 1284 4198 nouauit,
1313 4148 1561 4188 uetans.

126 4212 389 4267 Liberum
433 4214 721 4269 arbitrium
771 4227 836 4268 ex
882 4216 987 4267 hoc
1026 4212 1369 4280 potissimum
1412 4210 1689 4279 principio

188 4290 373 4343 Patres
394 4290 675 4357 colligunt,
699 4290 848 4357 quod
875 4289 1049 4343 simus
1084 4300 1310 4356 capaces
1341 4286 1597 4354 praecepti
1635 4292 1689 4339 et

186 4364 538 4427 obedientiae,
561 4365 773 4433 praemii
802 4370 856 4419 et
888 4364 1089 4427 meriti,
1125 4364 1180 4417 d.
1202 4368 1283 4428 33,
1308 4376 1351 4416 s.

126 4440 185 4491 ln
222 4438 327 4495 hoc
352 4440 571 4506 consist,
595 4448 655 4496 ut
680 4454 791 4495 non
812 4442 989 4495 solum
1023 4454 1055 4493 a
1087 4439 1383 4503 coactione,
1406 4438 1502 4492 sed
1526 4450 1558 4491 a
1586 4450 1685 4491 ne·-

188 4516 439 4569 cessitate
470 4516 636 4570 etiam
660 4518 733 4570 sit
766 4516 1030 4578 immune,
1061 4516 1114 4569 d.
1144 4518 1223 4579 87,
1253 4529 1295 4568 s.
1332 4520 1379 4566 2.

127 4590 415 4653 Quomodo
438 4592 601 4646 fuerit
629 4592 687 4645 in
709 4592 937 4655 Christ0,
960 4592 1121 4645 etiam
1150 4590 1195 4643 si
1227 4590 1393 4644 fuerit
1422 4590 1692 4658 impecca-

194 4667 347 4731 bilis,
370 4682 412 4721 s.
446 4674 490 4721 8.

2863 384 2868 391 ,
3220 331 3333 393 705

1832 418 2048 548 :lqn'mtli’
2070 428 2129 547 ‘uit
2165 418 2476 549 notg'possit
2514 427 2827 481 rationabili
2857 438 3122 498 pra-cepto
3162 434 3336 501 impe-

1872 508 1962 557 iri,
2031 536 2042 547 .
2136 535 2146 555 ‚
2178 510 2221 549 s.
2281 532 2294 545 .

1769 567 2009 623 Libertas
2042 570 2341 638 requiritur
2365 578 2434 629 ad
2459 578 2714 633 meritum
2739 592 2800 633 ex
2829 580 3122 635 intrinseca
3145 592 3336 639 natura

1831 650 1883 697 et
1915 648 2151 702 essentia
2180 650 2382 716 meriti,
2407 653 2461 707 d.
2489 657 2571 717 88,
2594 668 2636 707 s.
2666 660 2713 707 5.

2441 784 2666 825 unum.

1776 877 1911 929 Usus
1943 892 1976 929 a
2011 880 2152 945 Papa
2185 882 2439 948 Gregorio
2475 888 2714 953 tempore
2743 888 3024 955 cujusdam
3062 895 3224 959 pestis
3253 896 3335 947 in-

1841 954 2134 1017 troductus,
2169 958 2223 1009 d.
2261 962 2310 1021 4,
2334 972 2378 1013 s.
2405 966 2452 1013 6.

2001 1046 2181 1085 suasu.
2221 1048 2386 1089 ιυιιιε
2418 1052 2625 1091 atoma.
2665 1054 2830 1094 munst«
2867 1056 3113 1097 scituris.

1773 1106 1983 1159 Lumen
2015 1106 2207 1173 gloriae
2230 1122 2330 1164 cur
2352 1111 2422 1165 sit
2448 1113 2516 1168 ad
2549 1114 2820 1170 visionem
2846 1118 3054 1171 beatam
3085 1133 3332 1177 necessa·

1836 1180 2002 1244 rium,
2023 1182 2080 1235 d.
2113 1188 2196 1246 29,
2228 1199 2271 1237 s.
2297 1190 2347 1236 2.

1773 1258 1872 1310 Per
1892 1258 2079 1313 lumen
2107 1261 2296 1326 gloriae
2317 1263 2452 1329 quid
2473 1265 2728 1333 'theologi
2753 1267 3074 1335 intelligant.
3109 1271 3182 1324 ib.

1773 1332 1941 1386 Habet
1979 1336 2324 1401 conjunctam
2365 1341 2654 1395 essentiam
2679 1343 2940 1398 divinam
2978 1359 3074 1411 per
3111 1350 3333 1403 modum

1838 1410 2037 1475 speciei
2061 1424 2156 1465 seu
2185 1412 2378 1479 objecti
2406 1422 2528 1470 actu
2549 1416 2936 1485 intelligibilis,
2966 1424 3023 1474 d.
3047 1426 3126 1483 4ο,
3151 1438 3194 1476 s.
3219 1430 3268 1476 Ω.

1772 1484 1978 1539 Lumen
2008 1485 2195 1553 gloria:
2221 1487 2280 1541 tit
2302 1489 2359 1541 in
2385 1490 2676 1547 animabus
2696 1494 2870 1549 beatis
2892 1508 2990 1563 per
3013 1498 3204 1552 Christi
3229 1501 3334 1555 hu-

1834 1560 2170 1626 manitatem,
2196 1563 2250 1616 d.
2276 1568 2355 1627 32,
2379 1578 2422 1618 s,
2449 1571 2496 1618 2.

1768 1636 1976 1690 Lumen
2001 1638 2248 1691 scientiae
2278 1638 2476 1695 infusae
2498 1647 2578 1695 est
2601 1656 2746 1699 unus
2771 1650 2982 1699 tantum
3009 1648 3223 1703 habitus
3241 1662 3338 1704 seu

1824 1712 2056 1778 simplex
2075 1713 2328 1780 qualitas.
2364 1716 2418 1769 d.
2443 1722 2527 1781 29,
2557 1732 2602 1771 s.
2631 1723 2677 1771 4.

1763 1786 1969 1840 Lumen
1991 1788 2234 1842 scientiae
2255 1790 2451 1845 insusae
2470 1805 2587 1847 esse
2611 1794 2756 1848 idem
2773 1809 2898 1851 cum
2921 1798 3128 1853 lumine
3149 1800 3336 1867 gloriae

1826 1862 2142 1931 probabile3
2169 1866 2478 1934 oppositum
2506 1870 2864 1939 probabilius,
2895 1874 2970 1927 ib.

1764 1938 1993 2005 Lumen,
2019 1941 2168 2007 quod
2197 1940 2583 1999 illuminantur
2608 1948 2834 2011 colores,
2873 1950 3103 2006 inhaeret
3121 1953 3334 2019 corpori

1833 2015 2090 2077 colorato,
2137 2018 2316 2083 quoad
2355 2019 2712 2075 extrinsecam
2748 2025 3114 2090 superficiem,
3164 2028 3200 2080 d
3253 2032 3333 2087 42.

1831 2106 1873 2143 S.
1900 2096 1952 2143 2.

1768 2167 1827 2219 in
1849 2165 2060 2221 lumine
2089 2168 2162 2221 ita
2183 2182 2301 2222 esse
2322 2168 2577 2225 virtutem
2601 2173 2830 2227 activam
2859 2176 2928 2229 ad
2961 2177 3336 2243 producendas

1829 2244 2140 2371 spegies,jti)t
2157 2244 2367 2303 colores
2384 2247 2595 2303 nullam
2619 2248 2870 2315 babeant,
2893 2264 3046 2306 error
3070 2252 3126 2305 in
3151 2252 3332 2319 philo-

1828 2330 1925 2388 sop
1969 2331 2040 2383 ta,
2068 2332 2084 2371 t
2131 2360 2140 2371 .
3059 2355 3064 2367 .

2519 2464 2586 2537 M

2412 2660 2670 2697 uacans-:t
2681 2687 2689 2696 .

1765 2756 2010 2811 Fuerunt
2045 2771 2112 2812 ex
2148 2760 2294 2830 tribu
2329 2762 2467 2814 iuda
2501 2764 2654 2827 iuxta
2695 2769 2995 2819 maternam
3041 2766 3330 2835 originem.

1833 2846 1945 2887 non
1975 2841 2158 2889 autem
2178 2837 2331 2901 juxta
2354 2842 2655 2903 paternam,
2691 2838 2745 2891 d.
2773 2843 2818 2901 t,
2855 2854 2895 2893 s.
2925 2846 2968 2892 t.

2345 2922 2368 2947 0

2469 2980 2620 3019 minu
2631 3008 2640 3018 .

1765 3072 1928 3125 Maria
1961 3073 2122 3140 Virgo
2149 3086 2274 3127 vere
2303 3076 2558 3141 concepit
2585 3078 2785 3141 Deum,
2823 3078 2954 3143 quia
2986 3080 3108 3144 ejus
3133 3092 3334 3133 conce-

1830 3148 2008 3214 ceptio
2030 3149 2087 3201 in
2110 3151 2302 3203 eodem
2322 3149 2542 3203 instanti
2567 3152 2671 3205 t'uit
2690 3154 2757 3206 ad
2771 3154 3007 3210 Verbum
3029 3155 3335 3215 terminata.

1828 3236 1939 3289 quo
1969 3226 2282 3278 humanitas
2305 3226 2499 3279 Christi
2527 3229 2704 3281 Verbo
2726 3230 2880 3283 unita
2903 3237 3000 3292 est,
3035 3232 3088 3285 d.
3115 3236 3164 3294 8,
3188 3246 3232 3284 s.
3259 3236 3304 3283 1.

1766 3300 1881 3352 Non
1903 3300 2010 3353 fuit
2032 3300 2105 3354 ita
2123 3302 2455 3355 sanctificata
2481 3315 2578 3369 per
2605 3305 3036 3370 conceptionem,
3066 3306 3206 3359 sicut
3233 3307 3340 3377 bu—

1831 3374 2070 3429 manitas
2090 3389 2189 3444 per
2209 3377 2492 3441 unionem,
2526 3377 2581 3430 d.
2611 3384 2658 3441 9,
2695 3392 2738 3431 s.
2768 3385 2816 3431 2.

1767 3454 1846 3503 An
1872 3451 2114 3505 effective
2134 3452 2368 3519 attigerit
2387 3454 2652 3507 unionem
2677 3454 3084 3521 hypostaticam.
3109 3456 3236 3508 Pars
3259 3458 3341 3509 as-

1830 3528 2098 3583 tirmativa
2119 3530 2208 3597 pia
2229 3535 2282 3583 et
2301 3530 2603 3597 probabilis
2617 3570 2634 3594 ,
2664 3542 2778 3586 non
2801 3537 2982 3583 tamen
3013 3532 3336 3591 necessaria.

1835 3606 1889 3658 d.
1918 3610 1998 3670 10,
2023 3620 2063 3658 s.
2093 3609 2138 3657 1.

1772 3680 1950 3733 liariae
1977 3692 2274 3735 consensus
2301 3682 2503 3747 Angelo
2533 3680 2819 3747 praestitus,
2855 3681 2960 3734 fuit
2991 3680 3231 3735 medium
3267 3684 3336 3736 ad

1835 3756 2210 3810 executionem
2239 3756 2650 3819 incarnationis,
2686 3770 2712 3807 s
2753 3762 2799 3807 6.

1772 3832 1893 3887 Fuit
1914 3833 2079 3887 uaria
2105 3831 2268 3887 realis
2289 3845 2351 3885 ac
2373 3832 2596 3899 physica
2619 3846 2783 3887 causa
2807 3832 2998 3885 Christi
3029 3832 3126 3885 Dei
3157 3834 3336 3887 hoini-

1835 3908 1940 3973 ni's,
1979 3910 2052 3961 ib.

1768 3984 1939 4051 Digne
1965 3984 2069 4038 fuit
2094 3984 2356 4051 disposita
2381 3989 2441 4039 ut
2469 3988 2606 4038 esset
2627 3988 2798 4037 mater
2828 3982 2943 4048 Dei,
2976 3982 3049 4037 ib.

1768 4060 2067 4114 Consecuta
2098 4066 2176 4113 est
2205 4062 2347 4112 hanc
2373 4058 2810 4127 dispositionem,
2839 4059 3036 4127 partim
3059 4072 3124 4113 ex
3148 4057 3339 4113 divina

1832 4135 2004 4202 gratia
2029 4177 2040 4195 .
2077 4134 2273 4201 partim
2304 4146 2400 4201 per
2423 4147 2586 4202 opera
2610 4148 2710 4189 sua
2732 4140 2784 4187 et
2815 4134 3006 4186 merita
3040 4134 3109 4187 de
3141 4133 3304 4189 condi

1833 4222 1964 4277 gno,
1994 4210 2070 4263 ib.
2500 4224 2508 4231 ·
3355 4206 3364 4215 '

1768 4288 2024 4353 Ejusdem
2067 4285 2434 4354 praerogativae
2465 4326 2475 4341 .
2516 4284 2714 4351 partim
2749 4284 3016 4339 divinitus
3048 4300 3338 4349 concessio,

1833 4362 2031 4428 partim
2061 4362 2128 4413 ab
2161 4374 2226 4413 ea
2248 4364 2590 4427 comparatae‚
2625 4359 2828 4425 quibus
2861 4372 2982 4413 eam
3017 4361 3338 4427 dignitatem

1832 4439 2028 4506 adepta
2060 4442 2158 4502 est,
2190 4451 2234 4491 s.
2258 4442 2307 4488 7.

1768 4514 1884 4568 Non
1908 4513 2108 4567 meruit
2127 4512 2195 4567 de
2217 4511 2493 4579 condigno
2527 4524 2642 4565 esse
2669 4516 2841 4565 mater
2861 4511 2977 4571 Dei,
3015 4512 3088 4563 ib.

1771 4591 1837 4642 Et
1860 4603 1970 4655 qua
1997 4587 2324 4642 certitudine
2353 4589 2456 4639 hoc
2491 4588 2806 4652 tenendum,
2846 4586 2920 4639 ib.

1773 4667 1953 4722 Potuit
1975 4667 2044 4720 de
2072 4665 2312 4733 potentia
2335 4666 2581 4721 absoluta
2611 4667 2714 4718 hoc
2740 4663 2934 4717 mereri
2957 4663 3026 4717 de
3045 4662 3342 4729 condigno,

130 4744 379 4798 Libertas
403 4747 545 4811 perit
574 4758 639 4800 ex
665 4744 1070 4813 suppositione,
1095 4756 1203 4809 qua
1237 4743 1411 4809 posita
1445 4752 1695 4797 necessa·
1838 4755 1952 4797 non
1989 4741 2252 4795 merendo
2275 4740 2448 4807 ipsam
2479 4739 2932 4800 incarnationem,
2965 4738 3037 4791 ib.

201 4820 287 4873 rio
312 4826 463 4875 actus
494 4821 770 4887 sequitur,
806 4820 850 4873 si
893 4812 1193 4886 suppositio
1226 4817 1400 4870 libera
1434 4829 1545 4870 non
1580 4822 1693 4877 est,
1776 4819 1940 4873 Maria
1971 4818 2135 4885 Virgo
2169 4830 2281 4871 non
2316 4816 2520 4870 meruit
2551 4817 2714 4869 etiam
2741 4814 2812 4867 dc
2844 4827 3119 4878 congrue,
3155 4820 3214 4867 ut
3240 4812 3345 4867 eli-

204 4896 279 4950 ib.
1840 4900 2057 4961 geretur
2092 4894 2147 4945 in
2173 4893 2266 4945 Dei
2303 4895 2550 4955 matrem,
2585 4906 2627 4942 S.
2657 4896 2704 4941 8.
2801 4890 2816 4898 “

136 4974 205 5027 Ut
226 4971 409 5041 aliqua
445 4972 747 5041 suppositio
780 4971 930 5026 tollat
966 4971 1287 5030 libertatem.
1328 4968 1695 5023 necessarium
1777 4970 1956 5023 Hariae
1983 4968 2242 5035 operibus
2274 4967 2450 5021 defuit
2471 4964 2761 5033 promissio
2788 4967 2842 5015 ct
2865 4968 3108 5029 pactum.
3135 4968 3188 5015 et
3207 4976 3346 5016 con·

204 5053 285 5100 est
308 5055 370 5102 ut
394 5048 581 5115 aliquo
610 5048 813 5101 efficaci
856 5053 909 5101 et
948 5047 1115 5117 veluti
1149 5046 1374 5113 physico
1412 5044 1574 5098 modo
1598 5044 1695 5097 de·
1842 5044 2105 5099 naturalis
2127 5042 2406 5110 proportio
2427 5052 2552 5107 cupi
2575 5038 2766 5091 divina
2799 5038 3162 5123 maternitate,
3197 5053 3242 5091 s.
3265 5043 3311 5090 7.

205 5124 458 5178 terminet
478 5126 811 5179 voluntatem
839 5122 909 5177 ad
933 5123 1094 5175 talem
1119 5125 1318 5187 actum,
1344 5119 1417 5172 ib.
1778 5121 1998 5175 nariam
2043 5132 2154 5173 non
2194 5118 2346 5185 eligit
2385 5120 2527 5171 Deus
2559 5115 2618 5166 in
2653 5120 2880 5167 matrem
2903 5126 3038 5198 ‘quia
3069 5125 3224 5177 virgo
3254 5112 3346 5167 su·-

140 5196 467 5254 Libertatem
506 5213 617 5255 non
666 5202 807 5255 tollit
847 5200 1051 5255 divinae
1089 5197 1384 5253 voluntatis
1423 5196 1700 5250 decretum
1846 5200 1984 5261 tura,
2013 5195 2109 5249 sed
2142 5194 2306 5259 elegit
2337 5198 2398 5245 ut
2428 5196 2568 5245 essct
2593 5189 2779 5255 virgo,
2821 5202 2952 5255 quta
2985 5193 3212 5241 matrem
3246 5188 3344 5241 de-

208 5276 354 5342 quod
386 5277 687 5332 humanum
720 5274 1007 5337 antecedit,
1036 5274 1198 5329 etiam
1224 5274 1270 5327 si
1296 5274 1391 5327 illo
1414 5272 1589 5340 posito
1613 5271 1704 5323 in·
1846 5272 2023 5337 cebat,
2058 5285 2102 5325 s.
2128 5275 2174 5322 8.

214 5348 441 5405 fallibile
476 5350 575 5415 sit,
614 5352 755 5407 hanc
790 5363 1180 5408 consensuram
1212 5350 1298 5405 vel
1339 5353 1701 5417 operaturam,
1783 5346 2143 5403 consentiens
2173 5341 2377 5409 Angelo
2411 5340 2536 5408 plus
2565 5340 2770 5394 meruit
2799 5352 2966 5406 quam
3005 5350 3196 5393 omnes
3235 5341 3347 5393 An-

216 5426 291 5479 ib.
1846 5421 1954 5489 geli
1983 5427 2038 5475 et
2059 5418 2311 5474 homines
2333 5416 2503 5471 sancti
2533 5416 2792 5471 omnibus
2817 5415 2933 5469 suis
2959 5414 3188 5479 actibus,
3219 5413 3294 5467 ib.

155 5500 435 5558 Libertatis
470 5502 787 5557 exercendae
820 5505 1013 5561 modus
1040 5503 1115 5558 ita
1139 5508 1215 5558 est
1248 5502 1574 5557 intrinsecus
1608 5510 1703 5555 vo·
1786 5496 2072 5566 supposita
2117 5495 2208 5549 bei
2258 5494 2642 5559 ordinatione,
2696 5504 2757 5547 ex
2809 5492 2958 5545 nulla
3003 5490 3111 5545 alia
3143 5488 3350 5544 femina

478 5608 651 5658 nm.
2049 5590 2058 5598 ‘
2946 5584 3024 5645 45
