3892 6167
641 331 759 392 516
1839 331 2077 396 Qukm.
2114 329 2287 384 xxllt.
2320 329 2523 384 Anne.
2560 329 2643 382 tv,

636 436 832 497 torius
859 440 924 496 ct
953 447 1258 512 sequaces
1287 431 1498 510 quoad
1539 449 1676 494 rem
1703 430 1926 512 ipsam,
1968 445 2196 510 quam-

635 529 730 591 vis
760 545 890 590 non
919 531 1163 590 constet
1189 523 1312 586 illis
1335 524 1542 586 verbis
1585 542 1734 586 usos
1777 524 1963 586 fuisse
1980 538 2005 602 3
2030 522 2195 584 unde

636 623 704 684 in
727 622 848 684 hoc
887 639 1074 684 sensu
1096 624 1192 682 est
1219 618 1410 682 etiam
1444 618 1736 682 hoeretiea
1759 618 1868 705 illa
1913 616 2197 698 proposi-

636 717 747 790 tio,
794 723 858 780 et
903 715 972 776 in
1021 733 1097 776 eo
1151 713 1402 793 proprie
1456 711 1792 774 damnatur
1841 712 1908 773 in
1958 710 2191 776 Concil.

637 808 1066 886 Francoford.‚.
1089 811 1154 870 ει
1181 807 1563 868 sufficienter
1599 805 1990 868 convincitur
2028 803 2199 866 testi-

633 901 864 965 moniis
896 901 1226 982 Scripturoe
1251 906 1318 962 ει
1341 900 1712 963 Sanctorum
1725 916 1860 979 qum
1881 897 1946 960 in
1976 915 2053 960 eo
2080 895 2198 957 ad-

635 995 972 1058 ducuntur.
991 993 1200 1056 Tertio
1214 991 1402 1054 modo
1413 991 1753 1056 existimari
1773 995 1978 1072 potest
1990 988 2197 1052 Chris·

633 1095 737 1150 tus
760 1087 1086 1168 adoptivus
1119 1086 1360 1149 ratione
1390 1087 1580 1150 totius
1608 1085 1936 1166 compositi
1976 1102 2053 1146 ex
2080 1083 2198 1144 hu-

631 1181 934 1244 manitate
979 1185 1044 1244 et
1081 1179 1486 1242 subsistentia
1529 1179 1740 1256 Verbi,
1799 1195 1949 1240 nam
1994 1183 2065 1238 ut
2106 1177 2196 1238 sle

633 1279 730 1337 est
747 1274 1024 1338 Christus
1052 1291 1180 1338 una
1207 1291 1481 1354 persona
1505 1273 1872 1354 composita,
1905 1278 1975 1334 ιιι
2005 1289 2194 1352 supra

631 1373 954 1431 ostensum
971 1374 1089 1442 est,
1121 1383 1264 1447 quae
1288 1385 1558 1447 persona
1587 1367 1932 1449 composita
1969 1372 2065 1428 est
2093 1385 2195 1428 ca-

628 1481 754 1541 pax
781 1462 1102 1524 filiationis
1120 1480 1139 1537 ;
1155 1461 1274 1522 hot·
1291 1463 1460 1524 enim
1471 1460 1661 1523 modo
1673 1461 1774 1522 hic
1787 1462 1979 1524 homo
1996 1459 2197 1521 Chris-

627 1561 732 1617 tus
755 1573 906 1618 vere
929 1573 1006 1618 ac
1033 1553 1284 1636 proprie
1336 1552 1562 1618 dicitur
1603 1555 1770 1616 filius
1805 1553 2100 1634 Virginis,
2134 1559 2195 1616 ει

629 1667 844 1730 supra,
863 1648 1142 1712 sectione
1155 1648 1380 1728 prima,
1406 1655 1726 1712 ostensum
1746 1653 1839 1709 est
1853 1646 2191 1722 Christum,

629 1743 820 1805 etiam
853 1747 924 1804 ut
971 1740 1318 1817 hominem,
1365 1759 1506 1802 esse
1551 1741 1754 1802 filium
1791 1739 1898 1804 Dei
1950 1740 2191 1801 ratione

629 1835 844 1916 gratiae
889 1833 1161 1898 unionis.
1192 1835 1266 1897 In
1291 1833 1412 1896 hoc
1433 1853 1582 1914 ergo
1611 1853 1798 1898 sensu
1819 1833 1978 1896 falsa
2003 1833 2191 1894 etiam

629 1935 728 1992 est
751 1928 859 1992 illa
890 1927 1228 2008 propositio
1259 1948 1280 2003 ;
1321 1945 1496 2003 nam,
1527 1933 1598 1990 ut
1635 1927 2019 1990 ostendimus
2050 1943 2191 1988 sec-

623 2022 800 2086 tione
829 2019 1141 2099 secunda,
1173 2021 1360 2084 etiam
1390 2021 1528 2084 hoec
1573 2021 1792 2083 filiatio
1828 2020 2091 2098 Christi,
2122 2027 2190 2082 ut

625 2115 923 2192 hominis,
961 2114 1046 2178 ad
1065 2115 1267 2178 Deum
1305 2133 1434 2178 non
1463 2121 1558 2178 est
1591 2114 1908 2196 adoptiva,
1937 2113 2053 2178 sed
2078 2133 2191 2176 na·

621 2209 1060 2288 turalie;ergo
1101 2225 1310 2288 neque
1353 2207 1438 2270 oh
1491 2209 1652 2272 hane
1686 2207 2053 2270 filiationem
2082 2224 2191 2285 po-

619 2309 749 2366 test
777 2301 1088 2367 verificari
1115 2301 1222 2364 illa
1253 2302 1636 2382 propositio:
1665 2301 1945 2364 Christus
1984 2305 2079 2362 est
2112 2299 2203 2360 fl·-

620 2395 745 2460 lius
783 2396 1158 2476 adoptivum
1190 2414 1342 2476 ergo
1397 2396 1640 2456 nullum
1685 2394 1878 2456 habet
1933 2411 2190 2455 sensum

618 2509 878 2566 verum3
923 2491 990 2552 ει
1027 2489 1264 2568 alioqui
1328 2489 1519 2552 habet
1561 2488 1876 2568 duplicem
1933 2503 2191 2550 sensum

619 2584 988 2646 haereticum
1023 2603 1040 2658 ;
1071 2600 1225 2663 ergo
1275 2581 1638 2662 simpliciter
1688 2581 1987 2644 haeretica
2036 2598 2192 2642 cen-

617 2676 820 2739 senda
845 2682 962 2740 est.
993 2677 1184 2738 Dices
1217 2676 1550 2753 :quamvis
1573 2673 1804 2737 falsum
1837 2674 1918 2736 sit
1943 2673 2191 2736 filiatio-

621 2788 770 2833 nem
803 2769 1030 2834 Christi
1059 2776 1133 2832 ιιι
1155 2769 1432 2832 hominis
1452 2768 1536 2830 ad
1552 2768 1758 2830 Deum
1783 2785 1923 2830 esse
1947 2765 2193 2848 adopti-

619 2881 789 2936 vam,
825 2868 1037 2924 tamen
1070 2863 1378 2924 hactenus
1421 2860 1488 2922 id
1518 2879 1644 2922 non
1691 2867 1782 2922 est
1830 2863 1898 2924 ut
1937 2859 2193 2923 haereti-

621 2975 768 3020 cum
795 2955 1190 3031 damnatum,
1239 2955 1398 3017 utin
1453 2953 1879 3036 superioribus
1909 2951 2189 3014 ostendi-

621 3069 802 3123 mus;
835 3067 987 3128 ergo
1029 3049 1094 3110 in
1118 3048 1238 3112 hoc
1268 3066 1481 3122 sensu,
1525 3054 1590 3108 et
1615 3047 1856 3110 ratione
1889 3046 2082 3126 hujus
2112 3043 2190 3108 fi-

621 3142 916 3216 liationis,
949 3161 1076 3204 uon
1105 3141 1224 3204 erit
1253 3141 1618 3206 haereticum
1653 3141 1967 3211 affirmare
1996 3140 2185 3202 abso-

621 3238 776 3310 lute,
829 3235 1142 3300 Christum
1191 3253 1332 3298 esse
1385 3235 1584 3298 filium
1631 3234 1744 3296 Dei
1793 3233 2179 3313 adoptivum,

623 3331 740 3394 sed
771 3331 887 3395 erit
931 3329 1054 3392 suh
1097 3329 1418 3409 opinione,
1475 3329 1762 3410 quamvis
1797 3327 1878 3389 sit
1927 3327 2182 3391 falsum.

620 3423 1058 3504 Respondetur
1089 3422 1261 3484 illam
1305 3422 1797 3503 propositionem
1842 3419 2188 3484 formaliter

625 3525 685 3581 et
714 3518 779 3579 in
813 3517 1080 3596 propriis
1107 3517 1394 3580 terminis
1419 3517 1638 3596 negari
1665 3531 1834 3595 saepe
1865 3514 1929 3574 in
1950 3511 2183 3578 Concil.

623 3618 688 3674 et
714 3629 751 3674 a
775 3610 1085 3686 Patribus,
1106 3611 1238 3689 qui,
1265 3616 1398 3672 tam
1425 3609 1504 3670 de
1535 3608 1736 3670 Verbo
1755 3607 1868 3670 Dei
1898 3605 2186 3688 quamde

623 3703 864 3768 Christo
899 3703 1253 3781 loquentes,
1285 3720 1416 3764 non
1463 3702 1668 3765 solum
1699 3701 2018 3763 affirmant
2048 3717 2186 3762 esse

619 3797 840 3860 Filium
863 3796 1239 3874 naturalem,
1258 3796 1372 3858 sed
1387 3795 1574 3858 etiam
1587 3802 1824 3876 negant
1839 3812 1972 3858 esse
1990 3793 2187 3874 adop-

617 3891 838 3966 tivum,
873 3897 944 3952 ut
973 3895 1149 3970 patet
1189 3907 1270 3952 ex
1295 3889 1504 3953 Leone
1543 3890 1650 3966 IX,
1679 3889 1747 3950 in
1795 3887 1978 3970 epist.
2034 3891 2071 3950 3
2101 3889 2183 3950 ad

621 3985 877 4046 Petrum
895 3983 1258 4064 episcopum
1281 3983 1806 4061 Antiochensem3
1829 3983 2049 4046 Innoc.
2072 3981 2176 4060 m,

617 4077 685 4139 in
715 4095 772 4138 c.
803 4079 876 4138 In
903 4077 1200 4156 quadam,
1231 4075 1314 4138 de
1335 4076 1576 4140 Celehr.
1603 4077 1867 4150 Missam
1904 4081 1968 4139 et
1988 4075 2182 4138 maxi-

617 4187 724 4232 me
753 4187 832 4232 ει
851 4169 1042 4248 Aug„
1074 4175 1256 4232 tract.
1281 4173 1344 4243 2,
1369 4172 1443 4233 21
1474 4175 1537 4231 et
1563 4169 1643 4232 83
1669 4169 1734 4230 in
1760 4169 1794 4232 J
1801 4175 2051 4242 oan.,et
2069 4167 2175 4232 lib.

619 4269 820 4326 contr.
847 4262 1272 4324 Secundinum
1291 4261 1590 4339 Manich„
1614 4281 1666 4324 c.
1695 4263 1756 4340 5,
1781 4267 1843 4323 et
1865 4260 1946 4323 de
1963 4261 2182 4324 Eccle-

621 4357 794 4418 siast.
827 4356 1108 4434 dogma„
1133 4375 1188 4418 c.
1223 4359 1288 4432 2,
1322 4363 1386 4416 ει
1415 4357 1673 4434 reliquis
1714 4374 1904 4436 supra
1946 4357 2048 4418 cit.
2058 4402 2079 4433 ,
2120 4362 2181 4419 ει

621 4448 758 4510 aliis
787 4466 946 4528 quos
985 4448 1177 4510 refert
1224 4448 1451 4510 Concil.
1505 4447 1936 4523 Francoford.,
1999 4449 2178 4529 cujus

619 4542 860 4620 aliqua·
879 4542 1069 4604 etiam
1105 4541 1299 4604 verba
1325 4541 1489 4603 infra
1522 4541 1814 4605 referam.
1863 4541 1997 4604 Hoc
2025 4560 2177 4621 ergo

619 4633 770 4698 satis
803 4653 942 4698 esse
968 4633 1184 4711 dehet,
1205 4639 1276 4694 ut
1317 4630 1422 4696 illa
1457 4633 1799 4715 propositio
1837 4635 2176 4716 rejicienda

619 4729 700 4792 sit
725 4735 793 4790 ut
823 4727 1136 4790 haeretica.
1161 4726 1340 4790 Ratio
1355 4734 1570 4790 autem
1594 4733 1711 4805 est,
1740 4729 1887 4808 quia
1909 4729 2013 4791 illa
2032 4749 2176 4810 pro·

616 4821 866 4902 positio,
911 4841 990 4884 ex
1038 4821 1100 4884 vi
1151 4827 1214 4883 et
1243 4821 1626 4902 proprietate
1656 4821 2011 4898 verborum,
2047 4842 2173 4886 non

613 4923 858 4978 tantum
926 4933 1053 4978 non
1107 4921 1202 4978 est
1254 4915 1656 4990 affirmativa,
1725 4916 1838 4980 sed
1898 4917 2173 4980 virtuali-

2277 429 2515 492 tutione
2547 425 2903 508 adoptionis
2913 440 2935 506 3
2963 427 3235 490 estenim
3264 428 3589 514 introducta,
3610 445 3710 514 ulis,

2278 522 2389 602 qui
2416 537 2589 584 caret
2622 519 3015 584 naturalibus
3034 519 3204 599 filiis,
3235 521 3371 585 loco
3411 525 3609 590 illorum
3646 515 3713 594 aliss

2278 632 2469 696 quem
2500 614 2621 678 sibi
2668 613 2732 678 in
2778 614 2979 676 filium
3018 613 3353 678 adscribat.
3388 617 3505 680 Erit
3527 640 3637 704 ergo
3657 626 3713 686 illa

2276 707 2619 790 propositio
2646 709 2964 785 haeretica,
2977 707 3223 772 ratione
3253 712 3585 790 negationis¹
3599 734 3713 794 qnam

2278 801 2644 881 simpliciter
2684 801 2931 883 prolata
2985 802 3268 865 includit.
3328 805 3443 868 Sed
3472 807 3591 870 hinc
3624 812 3717 878 ulte-

2276 895 2406 956 rius
2435 895 2526 969 fit,
2560 902 2630 959 ut
2660 895 2849 959 etiam
2898 895 3035 978 ipsa
3068 895 3397 958 affirmatio
3414 943 3436 974 ,
3466 899 3717 982 simpliciter

2274 989 2540 1070 prolata,
2576 990 2656 1052 sit
2678 989 2833 1052 falsa
2869 997 2931 1054 et
2966 991 3287 1068 haeretica,
3330 993 3468 1074 quia
3492 995 3656 1058 tribuit
3680 999 3719 1060 fi-

2274 1081 2599 1144 liationem
2624 1083 2983 1165 adoptivam
3034 1085 3091 1146 ei
3122 1085 3225 1146 cui
3247 1081 3563 1150 secundum
3603 1091 3717 1152 fidem

2276 1194 2407 1239 non
2434 1177 2753 1241 convenit.
2808 1177 3090 1242 Christus
3120 1179 3293 1242 enim
3322 1179 3629 1264 simpliciter
3662 1205 3720 1265 po-

2277 1271 2431 1332 situs
2468 1290 2502 1332 a
2525 1278 2703 1354 parte
2734 1271 2998 1352 subjecti
3048 1279 3173 1334 stat
3203 1293 3322 1354 pro
3354 1273 3542 1338 divino
3578 1296 3720 1358 suppo-

2280 1363 2398 1426 sito
2430 1383 2446 1438 ;
2472 1364 2557 1427 illi
2589 1383 2739 1444 ergo
2771 1365 3131 1430 attribuitur
3161 1365 3230 1429 in
3256 1367 3363 1430 illa
3408 1371 3719 1452 propositione

2276 1456 2497 1522 filiatio
2526 1457 2843 1540 adoptiva,
2871 1465 2934 1521 et
2961 1459 3043 1522 ab
3063 1459 3295 1524 eodem
3317 1467 3722 1526 removetnrsim-

2275 1550 2519 1632 pliciter
2546 1551 2770 1614 filiatio
2790 1553 3114 1616 naturalia.
3147 1555 3253 1618 Sic
3282 1554 3589 1618 Concilium
3608 1557 3721 1620 Fran-

2276 1643 2425 1722 cos„
2455 1645 2516 1706 in
2544 1629 2651 1708 lib.
2688 1647 3130 1727 Sacrosyllab„
3174 1647 3300 1710 col.
3344 1651 3381 1710 7
3412 1667 3426 1708 :
3460 1649 3534 1714 In
3559 1649 3643 1714 Dei
3656 1653 3723 1716 Fi-

2276 1737 2430 1802 lium
2457 1757 2575 1802 uon
2602 1739 2768 1803 cadit
2796 1757 3005 1804 nomen
3043 1739 3409 1824 adoptionis,
3436 1744 3562 1824 quia
3583 1761 3723 1826 semper

2273 1849 2450 1894 verus
2478 1831 2691 1896 Filius
2727 1838 2784 1898 et
2818 1840 2957 1914 post
2987 1840 3371 1914 assumptum
3396 1835 3635 1900 homiaem
3655 1839 3724 1899 reri

2270 1923 2441 1988 Filii
2466 1925 2813 1990 vocabulum
2832 1945 2950 1990 non
2967 1925 3203 2006 amisit,
3222 1931 3331 2009 qui
3349 1947 3723 2010 nunquamne

2272 2017 3202 2093 doriituseffizius,·etHUa1-.,d.
3219 2019 3457 2084 lib.6de
3468 2021 3593 2082 Tri.:
3607 2021 3723 2085 It'uta·

2270 2111 2419 2192 quid
2442 2113 2626 2176 etiam
2648 2130 2807 2178 nunc
2833 2113 3171 2192 adoptionis
3194 2114 3266 2176 in
3298 2131 3359 2177 eo
3388 2115 3497 2178 erit
3522 2132 3719 2193 nuncupa·

2272 2205 2380 2280 tio,
2417 2205 2484 2267 iu
2518 2222 2632 2286 quo
2656 2206 3060 2290 proprietatis
3102 2211 3193 2270 est
3224 2207 3477 2272 nomen?
3511 2209 3720 2288 Leguntur

2273 2315 2461 2378 supra
2499 2295 2689 2374 dicta,
2719 2317 2780 2378 q.
2818 2299 2917 2376 16,
2950 2305 3065 2360 art.
3096 2301 3227 2376 9‚et
3266 2299 3425 2382 disp.
3460 2303 3547 2375 35,
3572 2306 3674 2362 sect.
3689 2305 3718 2376 ij

2272 2408 2422 2452 nam
2461 2395 2797 2472 postquam
2826 2392 3141 2454 declarata
3180 2412 3293 2456 res
3320 2401 3436 2470 est,
3463 2395 3521 2456 in
3540 2413 3721 2456 usuver·

2269 2481 2500 2544 horum
2525 2483 2850 2548 servendae
2881 2487 3029 2550 sunt
3055 2486 3301 2568 regulae
3332 2507 3511 2570 supra
3548 2487 3719 2549 dataede

2272 2578 2843 2643 communicatione
2868 2579 3273 2662 idiomatum,
3292 2601 3437 2644 nam
3457 2603 3525 2646 ex
3549 2583 3635 2645 illis
3653 2591 3720 2644 tota

2272 2669 2406 2734 haec
2438 2692 2545 2736 res
2573 2673 2829 2755 pendet,
2862 2675 3185 2757 supposita
3215 2677 3633 2758 sIgnificatione
3660 2684 3720 2737 tes-

2272 2765 2612 2830 minorum.
2648 2767 2853 2843 Unde,
2904 2771 3193 2850 quamvis
3240 2789 3459 2834 verum
3510 2789 3720 2844 censeam,

2272 2857 2443 2920 illam
2472 2861 2987 2941 propositionem,
3015 2862 3389 2944 simpliciter
3413 2864 3627 2937 dictam,
3646 2881 3723 2924 esse

2270 2951 2652 3030 haereticem‚
2683 2954 2749 3016 id
2778 2961 2991 3018 tamen
3016 2975 3148 3020 non
3181 2967 3318 3019 tam
3346 2963 3438 3019 est
3481 2957 3553 3020 ob
3590 2955 3724 3019 defini·

2267 3045 2503 3108 tionem
2530 3046 2713 3109 Conc.
2740 3047 3055 3124 Francos„
3079 3067 3279 3131 quam
3304 3051 3387 3114 ob
3410 3053 3663 3133 propriam
3681 3049 3725 3108 si·

2266 3139 2735 3220 gnificationem
2768 3147 2830 3205 et
2857 3144 3359 3224 suppositionem
3396 3147 3723 3212 terminorum,

2265 3233 2397 3298 sive
2434 3235 2673 3296 Christo
2688 3239 2759 3298 ut
2788 3235 3025 3298 homini
3055 3238 3389 3300 conveniat
3406 3238 3592 3300 filiatio
3608 3237 3725 3316 adop

2266 3327 2416 3404 tiva,
2450 3327 2578 3389 sive
2607 3346 2758 3404 non,
2790 3328 2873 3391 ad
2898 3349 3043 3393 eum
3074 3331 3343 3394 modum
3364 3321 3499 3412 ‘quo
3528 3337 3723 3394 censetor

2266 3417 2401 3484 haec
2454 3420 2800 3504 propositio
2848 3423 3058 3486 facere
3108 3444 3369 3487 sensum
3408 3426 3723 3487 haereticum:

2268 3511 2548 3577 Christus
2590 3515 2825 3596 incepit
2884 3511 3051 3594 esse,
3109 3519 3263 3600 quia
3310 3519 3555 3582 includit
3604 3533 3725 3596 nega·

2269 3608 2507 3669 tionem
2531 3617 2995 3690 repugnantem
3018 3601 3349 3693 supposito
3368 3611 3723 3682 secundumse,

2268 3702 2556 3778 quamvis
2570 3747 2591 3780 ‚
2638 3719 2781 3764 cum
2824 3703 3073 3780 addito,
3106 3705 3402 3790 *Christus
3442 3705 3725 3768 homoince·

2264 3795 2429 3874 perit
2465 3813 2628 3858 esse.
3058 3791 3069 3800 “
3260 3798 3267 3808 '

2345 3889 2445 3951 39.
2491 3890 2719 3964 Quinta
2758 3893 3037 3956 assertio.
3068 3923 3149 3940 —
3182 3890 3340 3957 DIco
3383 3893 3608 3978 quinto:
3640 3889 3723 3952 haec

2258 3981 2604 4060 propositio
2626 4029 2645 4058 ,
2678 3983 2980 4063 Christus,
3022 3986 3087 4046 in
3136 3994 3445 4066 quantum
3468 3988 3639 4061 home,
3669 3989 3723 4043 cst

2260 4071 2427 4134 filius
2455 4073 2815 4156 adoptivu8,'
2860 4085 3111 4160 sumpta
3154 4076 3262 4160 illa
3300 4079 3721 4143 determinatione

2262 4167 2507 4230 ratione
2535 4171 2839 4251 suppositi
2869 4169 3060 4254 hujus
3106 4173 3408 4239 humanae
3432 4184 3645 4249 naturae,
3668 4175 3722 4230 est

2261 4259 2594 4340 haeretica3
2629 4263 2781 4328 etin
2806 4263 2926 4327 hoc
2958 4283 3149 4328 sensu
3186 4265 3515 4330 damnatur
3552 4267 3601 4328 in
3622 4265 3720 4324 con·

2262 4355 2403 4416 cilio
2426 4351 2828 4421 Francoford.
2857 4354 3034 4424 Prior
3048 4377 3198 4442 pars
3230 4368 3327 4425 est
3362 4361 3607 4438 evidens,
3629 4357 3718 4437 quia

2261 4466 2337 4508 eo
2378 4466 2570 4511 sensu
2599 4451 3005 4532 significatur,
3058 4455 3445 4536 suppositti'm
3482 4457 3630 4536 hujus
3650 4451 3716 4510 hu-

2258 4542 2578 4604 manitatis
2596 4560 2723 4606 non
2740 4563 2876 4608 esse
2896 4544 3118 4609 Filium
3133 4547 3243 4609 Dei
3257 4538 3715 4626 naturalem,qu0d
3763 4567 3764 4570 ¹

2260 4641 2353 4696 est
2380 4637 2765 4700 haereticum.
2800 4640 3113 4704 Posterior
3140 4661 3288 4726 pars
3313 4643 3555 4726 probata
3574 4645 3639 4701 est
3657 4651 3713 4695 sa·
3763 4657 3764 4660 ¹

2256 4727 2337 4790 tis
2362 4729 2429 4790 in
2448 4733 2900 4812 superioribus.

2334 4827 2438 4888 40.
2488 4825 2690 4892 Secta
2736 4831 3013 4894 assertio.
3049 4865 3133 4880 -
3162 4833 3343 4899 Unde
3388 4835 3517 4915 dico
3556 4831 3710 4892 sexto:

2255 4915 2391 4978 haec
2418 4919 2760 5000 propositio
2784 4965 2803 4996 ‚
2836 4921 3136 5003 Christus,
3167 4927 3233 4989 in
3262 4934 3549 5008 quantum
3570 4925 3714 4987 homo,

611 5013 708 5070 ter
736 5009 1052 5089 negativa,
1084 5009 1232 5086 quia
1250 5007 1418 5070 filius
1443 5007 1770 5089 adoptivus
1809 5009 2171 5092 simpliciter
2252 5017 2347 5072 est
2380 5005 2546 5074 finus
2574 5013 2931 5097 adoptivus,
2955 5017 3101 5082 licet
3118 5021 3275 5084 falsa
3303 5025 3407 5100 sit,
3433 5037 3545 5084 non
3572 5023 3715 5079 tamen
3763 5033 3764 5038 ¹

609 5119 736 5162 non
767 5100 990 5163 dicitur
1011 5101 1134 5162 nisi
1179 5101 1287 5179 qui
1327 5100 1630 5164 naturalis
1669 5121 1798 5164 non
1848 5110 1979 5182 est3
2031 5105 2167 5167 hooc
2250 5111 2339 5168 est
2355 5105 2665 5184 haeretica3
2688 5113 3005 5174 censenda
3023 5105 3714 5197 tamenestimprobahilis.
3763 5147 3764 5170 ι

607 5194 780 5256 enim
809 5193 1060 5273 negatio
1091 5200 1189 5255 est
1231 5192 1713 5258 fundamentum
1742 5195 1844 5257 vel
1889 5197 2163 5259 conditio
2247 5198 2453 5262 Prima
2479 5201 2627 5282 pars
2654 5203 2735 5266 de
2756 5203 3052 5284 falsitate,
3080 5209 3347 5290 probata
3390 5217 3480 5274 est
3514 5202 3714 5269 sectione

606 5285 1036 5369 praerequisita
1063 5286 1145 5348 ad
1171 5287 1598 5368 adoptionem,
1627 5293 1699 5351 ut
1725 5305 1889 5368 saepe
1937 5289 2165 5352 dicitur
2243 5293 2638 5374 praecedenti.
2680 5299 2968 5362 Secunde
3001 5303 3379 5369 sufficienter
3425 5303 3584 5368 etiam
3618 5309 3715 5378 pro·

603 5381 670 5440 in
691 5381 984 5462 proedicto
1026 5379 1296 5446 Concilio
1326 5379 1753 5456 Francoford.,
1810 5387 1874 5443 et
1918 5391 2163 5448 constat
2242 5385 2388 5466 bata
2402 5390 2887 5457 estdeclarando
2903 5393 3329 5462 definitionem
3344 5391 3713 5462 ConciliiFran-

603 5493 682 5536 ex
707 5475 1164 5556 ipsametvoce,
1199 5480 1262 5538 et
1285 5491 1364 5538 ex
1391 5473 1592 5556 prima
1612 5473 1856 5539 ratione
1883 5483 1949 5540 et
1975 5477 2157 5542 insti-
2241 5482 2358 5544 cof.
2378 5498 2403 5562 3
2452 5502 2599 5546 nam
2650 5495 2794 5581 ante
2838 5489 2993 5553 illud
3040 5493 3412 5574 Concilium,
3446 5481 3707 5575 propositio
