3892 6167
601 319 720 382 672

665 422 758 475 tati
777 429 996 486 corpore
1015 413 1386 482 occultabatur,
1407 419 1488 470 vel
1507 420 1636 485 quia
1655 419 1894 484 corporis
1921 415 2159 483 pulchri-

664 499 788 552 tudo
813 509 909 564 per
927 495 1224 562 passionem
1249 500 1300 546 et
1337 497 1592 546 tormenta
1627 496 1786 561 quasi
1813 491 2011 546 abolita
2040 493 2157 558 suit,

663 575 719 629 d.
743 577 823 635 88,
847 586 894 627 5.
917 576 966 624 8.

599 671 674 690 -·
693 663 747 704 v.
781 655 830 704 7.
865 648 1085 703 oblatus
1113 651 1212 711 est,
1253 647 1384 714 quia
1411 647 1527 714 ipse
1553 645 1746 710 voluit,
1775 645 2029 712 siquidem
2056 659 2163 697 non

663 731 978 792 necessitate,
1013 725 1104 779 ssd
1123 724 1388 778 voluntate
1417 738 1616 777 crtaecem
1639 724 1814 783 subiit,
1835 723 1890 778 d.
1921 727 2003 778 87.
2028 737 2070 777 5.
2106 727 2154 775 8.

601 831 666 844 --
695 817 747 855 v.
783 808 830 854 8.
865 801 1279 858 Generationem
1316 801 1435 866 ejus
1473 801 1600 868 quis
1635 799 1955 853 enarrabit?
1976 801 2046 852 De
2074 813 2159 864 qe-

663 881 932 932 neratione
962 879 1157 930 Christi
1183 877 1460 942 temporati
1482 879 1783 942 exponitur,
1803 875 1858 930 d.
1882 881 1991 939 8,5.
2016 879 2062 928 1.

599 983 666 994 --
694 969 746 1010 v.
774 961 852 1009 1⁰.
888 956 942 1008 Si
965 953 1208 1022 posuerit
1225 964 1324 1020 pro
1343 958 1563 1020 peccato
1596 952 1839 1005 animam
1863 966 2036 1014 suam,
2074 952 2157 1004 vi—

667 1033 820 1087 debit
865 1045 1050 1086 semen
1085 1032 1410 1096 longaevum,
1456 1036 1511 1083 et
1549 1029 1804 1083 voluntas
1840 1029 2057 1082 Domini
2100 1029 2157 1080 in

667 1121 836 1163 manu
861 1110 982 1175 ejus
1001 1107 1284 1173 dirigetur,
1305 1118 1404 1173 pro
1432 1117 1498 1159 eo
1519 1105 1669 1171 quod
1689 1103 1954 1158 laboravit
1974 1103 2163 1156 anima

665 1185 800 1249 ejus,
828 1183 1054 1248 videbit,
1076 1188 1129 1236 et
1146 1181 1494 1235 saturabitur.
1527 1182 1621 1235 Ubi
1641 1181 1932 1232 continetur
1952 1185 2161 1246 pactum

665 1275 756 1314 seu
783 1263 1062 1327 promissio
1091 1261 1182 1312 Dei
1212 1259 1284 1310 ad
1311 1259 1592 1323 Christum,
1616 1271 1670 1310 se
1700 1264 2031 1323 accepturum
2050 1262 2161 1323 ejus

665 1350 830 1404 opera
854 1349 954 1403 pro
980 1336 1327 1401 redemptione
1355 1334 1638 1393 hominum,
1670 1333 1724 1387 d.
1747 1338 1794 1394 4,
1816 1346 1860 1386 s.
1885 1338 1932 1385 5.
1963 1333 2025 1386 Et
2055 1345 2159 1388 vo-

666 1413 846 1466 luntas
865 1411 958 1466 Dei
981 1412 1039 1464 in
1063 1424 1230 1465 manu
1249 1412 1368 1478 ejus
1394 1409 1674 1476 dirigetur,
1697 1410 1755 1461 id
1779 1414 1872 1473 est,
1913 1415 1973 1462 ut
2004 1410 2163 1476 quid-

666 1490 794 1554 quid
823 1489 958 1540 Deus
991 1487 1271 1555 disposuit,
1291 1486 1438 1539 itlius
1457 1485 1741 1538 virtutibus
1773 1483 2074 1564 impleatur,
2105 1486 2159 1540 d.

665 1569 748 1630 ti,
769 1579 812 1618 s.
837 1569 886 1618 8.

603 1643 722 1696 Cn.
755 1641 859 1707 LV,
887 1654 941 1695 v.
976 1645 1024 1696 t.
1059 1641 1189 1696 Dedi
1214 1645 1266 1696 te
1292 1639 1351 1693 in
1375 1640 1553 1694 lucem
1581 1640 1846 1708 gentium,
1871 1639 2067 1694 ducem
2101 1653 2165 1693 ac

666 1723 1052 1786 praeoeptorem
1093 1718 1334 1785 populis.
1366 1716 1492 1779 Quat
1517 1718 1731 1770 nomina
1761 1716 1824 1769 de
1851 1717 2041 1769 Messio
2070 1729 2167 1784 per

667 1795 1084 1848 antonomasiam
1110 1795 1375 1855 dicuntur,
1399 1792 1454 1847 d.
1485 1797 1532 1854 1,
1557 1807 1600 1846 5.
1629 1798 1677 1844 8.

605 1871 722 1924 Gn.
755 1869 882 1934 Lxl,
914 1883 966 1923 v.
1001 1875 1048 1923 1.
1083 1869 1318 1938 Spiritus
1349 1868 1566 1923 Domini
1587 1879 1752 1936 super
1783 1881 1889 1931 me,
1917 1881 1983 1922 eo
2016 1867 2166 1936 quod

668 1945 884 1999 unxerit
908 1957 1017 2011 me,
1050 1949 1288 1999 unctione
1317 1946 1570 1997 nimirum
1593 1945 1912 2011 hypostatice
1931 1947 2163 2010 unionis,

669 2023 722 2075 d.
751 2027 828 2087 18,
864 2035 906 2076 5.
939 2027 986 2077 1.

1237 2171 1534 2226 JEREMIAE.

603 2325 721 2384 cte.
757 2326 796 2392 1,
829 2342 883 2383 v.
920 2333 967 2382 tt.
1002 2328 1324 2396 prophetam
1345 2327 1402 2382 in
1428 2325 1684 2394 gentibus
1701 2325 1829 2380 dedi
1849 2331 1920 2390 te,
1941 2326 2005 2377 de
2018 2324 2167 2378 chri-

667 2411 747 2458 sto
771 2405 1022 2472 toquitur,
1043 2406 1138 2470 qui
1159 2403 1418 2469 Propheta
1438 2403 1662 2470 yentium
1683 2403 1800 2466 tuit,
1826 2401 1878 2454 d.
1905 2405 1985 2464 81,
2016 2415 2061 2454 5.
2084 2405 2133 2452 1.

605 2481 721 2534 ων.
756 2481 818 2542 11,
847 2494 900 2534 v.
933 2485 980 2532 5.
1016 2480 1444 2534 Ambutaverunt
1472 2484 1596 2544 post
1633 2476 1950 2537 vanitatem,
1982 2477 2163 2540 idest,

665 2560 782 2622 post
805 2556 967 2620 idota,
1001 2570 1119 2624 quoe
1149 2567 1266 2608 cum
1297 2557 1376 2607 rei
1395 2567 1512 2620 quoe
1531 2559 1744 2618 nonest,
1767 2553 1846 2606 vet
1865 2551 2040 2620 quatis
2060 2567 2166 2604 non

665 2639 757 2696 est,
782 2633 1034 2699 imagines
1059 2632 1182 2692 sint,
1206 2632 1400 2697 optimo
1413 2630 1537 2695 ,ture
1557 2629 1770 2683 vanitas
1791 2630 2055 2682 dicuntur.
2073 2629 2162 2682 Ea>

665 2709 995 2774 Hieronymo,
1017 2707 1073 2761 d.
1096 2711 1175 2769 5¹0,
1205 2721 1248 2760 5.
1273 2711 1320 2758 8.

602 2785 721 2838 Cir.
755 2785 884 2848 xiv,
911 2799 964 2838 v.
999 2790 1046 2836 8.
1081 2784 1254 2846 Quare
1293 2781 1450 2849 quasi
1492 2782 1720 2837 colonus
1761 2781 1978 2835 futurus
2002 2795 2059 2834 es
2100 2781 2157 2834 in

664 2864 824 2922 terra,
864 2865 917 2912 et
947 2859 1103 2926 quasi
1129 2859 1305 2913 viator
1335 2859 1623 2912 declinans
1662 2858 1732 2911 ad
1771 2858 2109 2911 manendum
2132 2859 2161 2908 ?

663 2937 736 2988 De
773 2939 868 2989 Deo
899 2937 1150 3002 loquitur,
1181 2937 1274 3002 qui
1296 2935 1506 2988 colonus
1526 2941 1574 2987 et
1597 2937 1773 2988 viator
1791 2935 2002 2999 dicitur,
2028 2936 2158 3000 quia

661 3013 913 3080 poputum
945 3025 1098 3066 suum
1123 3012 1414 3064 deducebat.
1455 3011 1536 3064 Vel
1569 3011 1630 3063 de
1658 3009 1881 3075 Christo,
1907 3023 2057 3077 quem
2078 3012 2158 3063 si-

663 3088 871 3154 qnificat
888 3092 1220 3156 pereqrtnum
1239 3089 1297 3139 in
1317 3092 1479 3148 terra,
1501 3091 1548 3138 et
1574 3099 1746 3152 parvo
1767 3091 1990 3152 tempore
2006 3091 2160 3139 terroe

659 3179 883 3218 usurum
914 3164 1158 3230 hospitio,
1181 3165 1236 3217 d.
1260 3167 1339 3227 st,
1365 3176 1408 3216 5.
1439 3168 1486 3214 8.

597 3240 719 3294 Cn.
753 3239 894 3302 vill,
927 3253 979 3293 v.
1016 3244 1064 3291 8.
1099 3239 1152 3293 Si
1188 3238 1570 3306 paenitentiam
1609 3237 1780 3305 egerit
1814 3250 1951 3304 gens
1994 3235 2087 3292 illa
2126 3253 2158 3292 a

660 3315 804 3370 mato
837 3327 956 3379 suo,
985 3327 1140 3382 agam
1174 3321 1227 3368 et
1261 3326 1362 3382 ego
1395 3313 1774 3381 poenitentiam
1815 3327 1979 3381 super
2012 3315 2156 3370 maio

661 3390 810 3457 quod
839 3391 1091 3458 cogitavi,
1123 3396 1184 3444 ut
1219 3390 1451 3444 tacerem
1483 3391 1554 3444 ei.
1587 3391 1842 3457 Loquitur
1881 3391 1944 3443 de
1970 3394 2158 3444 remis-

659 3469 806 3520 sione
833 3481 990 3532 poena
1021 3467 1341 3533 tempor-atis,
1363 3473 1412 3520 et
1438 3472 1661 3532 oeoernoe,
1687 3466 1742 3520 d.
1765 3471 1813 3531 t,
1836 3479 1879 3520 s.
1905 3473 1954 3521 8.

597 3545 715 3597 cn.
747 3544 903 3608 xxii,
935 3557 988 3596 v.
1029 3548 1109 3597 8ο.
1144 3543 1260 3597 Non
1295 3543 1398 3597 erit
1417 3542 1485 3595 de
1514 3542 1724 3596 semine
1743 3544 1881 3608 ejus,
1905 3544 2161 3598 lechonioe

658 3618 872 3682 sciticet,
890 3617 977 3671 vir
997 3617 1093 3686 qui
1115 3619 1300 3673 sedeat
1321 3630 1484 3685 super
1504 3618 1702 3671 sotium
1723 3618 1909 3681 David,
1933 3625 1988 3672 et
2006 3626 2160 3686 pote--

658 3699 850 3747 statem
883 3694 1078 3748 habeat
1103 3694 1244 3748 ultra
1275 3693 1330 3747 in
1359 3694 1515 3747 luda.
1541 3694 1612 3746 De
1634 3694 1765 3746 sotio
1787 3695 1959 3746 Dauid
1984 3708 2159 3762 qua-n-

662 3775 768 3821 tum
799 3770 872 3821 ad
897 3769 1179 3837 temperate
1208 3769 1424 3837 requam
1447 3781 1563 3822 cum
1587 3769 1902 3836 Hieronymo
1933 3773 2159 3839 exponi-

661 3849 768 3908 tur,
798 3845 852 3898 d.
890 3849 969 3898 tv.

595 3921 716 3974 Cn.
749 3921 922 3986 xxm,
950 3935 1002 3975 v.
1039 3927 1086 3975 5.
1120 3923 1230 3977 Hoc
1243 3927 1325 3977 est
1338 3933 1538 3976 nomen
1553 3923 1702 3990 quod
1716 3924 2156 3991 vocabuntcurn,

657 3997 923 4054 Dominus
944 4001 1126 4054 Iustus
1158 4005 1358 4054 noster.
1386 4001 1645 4066 Loquitur
1675 4001 1738 4052 de
1777 4001 1984 4066 messia,
2010 4014 2161 4069 quem

657 4077 862 4128 namne
896 4081 1360 4146 tetrayrammaton
1389 4081 1559 4142 vocat,
1595 4090 1657 4128 ac
1684 4077 1906 4144 proinde
1937 4079 2161 4132 verissi-

657 4165 798 4204 mum
832 4153 1006 4217 Deum,
1028 4153 1083 4207 d.
1105 4159 1156 4218 8,
1184 4167 1229 4206 5.
1253 4159 1297 4206 8.

595 4227 713 4281 cnr.
748 4228 942 4292 xxvii,
961 4243 1014 4283 v.
1040 4233 1087 4281 7.
1108 4229 1173 4283 Et
1194 4229 1433 4284 servient
1456 4227 1504 4283 ei
1529 4241 1721 4284 omnes
1740 4234 1943 4296 gentes,
1971 4235 2023 4283 et
2046 4229 2159 4284 tilio

655 4303 792 4370 5155,
826 4309 881 4357 51
905 4304 1021 4358 filio
1062 4304 1162 4357 tilii
1193 4307 1329 4371 ejus,
1375 4311 1576 4358 tantum
1603 4305 1742 4358 valet
1785 4320 1848 4358 ac
1877 4309 1927 4359 si
1964 4307 2156 4359 dictum

657 4385 803 4440 esset,
835 4379 965 4434 titiis
997 4381 1133 4446 ejus,
1159 4382 1214 4436 d.
1237 4390 1288 4439 8.
1320 4396 1363 4436 5.
1395 4387 1441 4434 1.

592 4456 712 4509 car.
748 4456 990 4518 XXX1,v.
1027 4463 1107 4511 88.
1135 4459 1358 4512 Femina
1390 4457 1752 4512 circumdabit
1773 4458 1974 4522 virum,
2002 4459 2155 4526 Virqo

657 4531 938 4593 Christum,
962 4534 1059 4599 qui
1087 4533 1170 4585 vir
1211 4533 1403 4586 dicitur
1426 4548 1530 4587 non
1559 4539 1725 4596 aetate,
1755 4535 1844 4586 sed
1866 4537 2149 4600 sapientia.

655 4606 710 4659 d.
744 4611 826 4672 85,
847 4621 875 4660 5
923 4615 968 4658 8.
1001 4608 1064 4659 In
1085 4609 1376 4675 scripturis
1397 4623 1492 4676 per
1523 4611 1941 4662 antonomasiam
1968 4611 2151 4677 appel-

655 4683 798 4734 latur
825 4682 933 4746 vir,
951 4685 1048 4750 qui
1071 4684 1212 4736 videt
1237 4685 1408 4744 Deum,
1439 4685 1492 4737 d.
1524 4690 1605 4750 25,
1627 4698 1672 4737 5.
1703 4690 1750 4738 1.

591 4760 711 4814 Cn.
745 4759 852 4820 xn.
882 4773 935 4814 v.
971 4764 1050 4813 19.
1083 4761 1307 4828 Magnus
1332 4761 1565 4815 consilio
1599 4767 1652 4814 et
1681 4761 2151 4829 incomprehensi-

656 4835 786 4890 bilis
807 4836 1062 4906 cogitatu.
1094 4839 1233 4901 Quia
1267 4840 1378 4904 ejus
1406 4839 1630 4892 consilia
1661 4840 1920 4891 altissima
1942 4844 2082 4903 sunt,
2106 4846 2156 4893 et

657 4914 717 4964 in
745 4915 856 4966 suis
889 4915 1280 4980 coqitationibus
1311 4919 1387 4967 est
1414 4915 1957 4983 incomprehensibilis,
1982 4917 2035 4970 d.
2070 4923 2151 4982 86,

658 5003 701 5042 s·
723 4994 769 5042 2.

1240 5105 1509 5162 BARUCH.

593 5221 712 5273 Gar.
745 5219 785 5282 t,
821 5229 874 5274 v.
913 5225 990 5274 88.
1024 5221 1121 5275 Hic
1151 5226 1230 5275 est
1254 5224 1394 5276 Deus
1427 5229 1625 5283 noster,
1658 5229 1757 5277 etc.
1787 5225 1910 5278 Post
1939 5225 2059 5279 haec
2092 5225 2151 5278 in

655 5295 814 5348 terris
833 5295 982 5350 visus
1003 5303 1100 5360 est,
1129 5302 1324 5351 etcum
1347 5299 1667 5352 hominibus
1685 5307 2034 5355 conversatus
2052 5306 2149 5354 est.

659 5371 939 5438 Prophetia
979 5372 1086 5424 hoec
1116 5376 1176 5424 in
1212 5374 1411 5426 nultum
1448 5376 1612 5427 atium
1651 5383 1820 5442 potest
1857 5391 2151 5444 conventre,

655 5457 816 5510 quam
849 5447 910 5499 in
941 5447 1219 5511 Christum,
1255 5457 1346 5516 qui
1371 5451 1504 5504 Deus
1537 5456 1658 5504 ante
1682 5451 1872 5519 secuta,
1895 5452 2045 5507 homo
2066 5453 2155 5505 in·

658 5527 736 5572 ter
766 5522 992 5577 homines
1024 5529 1098 5577 est
1123 5532 1383 5591 versatus,
1412 5526 1468 5579 d.
1505 5532 1614 5591 8,5.
1652 5533 1696 5579 8.

1623 315 1812 377 thEx
1845 312 2132 373 LOGORUM
2164 313 2381 372 SACRAE'.
2410 311 2787 375 scalprum..

2832 411 3213 510 szscmeusss

2242 571 2360 625 Cn.
2394 570 2617 636 xxxni,
2648 584 2705 624 v.
2740 573 2818 624 16.
2854 569 3053 624 omnia
3069 575 3287 638 peecata
3304 573 3429 645 ejus,
3450 591 3548 648 qun
3565 601 3684 656 pm,

2304 650 2403 707 vit.
2426 663 2540 704 non
2576 649 2993 717 imputabuntur
3014 649 3088 713 ei,
3128 653 3461 708 remissionem
3478 663 3601 729 eulpa
3615 685 3686 725 m,

2306 737 2463 791 poena
2482 729 2679 778 oeterna
2701 729 2853 778 vocat
2873 738 2981 776 non
3012 725 3413 794 imputationem,
3437 733 3486 788 d.
3512 742 3597 802 με,
3616 749 3647 798 ῃ,

2242 802 2361 854 Cn.
2394 801 2613 862 xxxiv,
2648 815 2700 854 v.
2736 804 2821 854 88.
2856 800 3139 855 Suscitabo
3180 815 3339 870 super
3384 820 3465 864 eas
3504 824 3685 879 pam-em

2304 889 2497 940 unum,
2525 889 2743 930 servum
2770 889 2955 930 meum
2990 875 3181 931 David.
3222 880 3291 930 De
3316 881 3496 937 christo
3528 890 3572 940 in
3599 902 3689 950 ms

2302 953 2479 1018 riqore
2511 953 2766 1005 sermonis
2810 952 3123 1019 exponitur,
3160 957 3211 1004 et
3238 955 3450 1022 quatiter
3478 961 3560 1016 dici
3580 975 3686 1034 pona

2306 1029 2398 1080 Dei
2425 1041 2629 1095 servus,
2656 1027 2976 1092 declaratur,
3008 1028 3065 1083 d.
3094 1032 3173 1094 tt,
3195 1043 3239 1085 s.
3262 1035 3309 1084 1.

2867 1145 3181 1202 mutnus.

2240 1257 2358 1309 Ciu».
2396 1255 2458 1319 11,
2492 1267 2546 1308 v.
2582 1259 2661 1309 tt.
2696 1254 2760 1308 15
2792 1253 2994 1310 diebus
3030 1261 3210 1311 autem
3242 1271 3511 1328 regnorum
3534 1265 3678 1334 iliorum,

2302 1331 2584 1385 suscitabit
2620 1332 2761 1385 Deus
2798 1332 2926 1388 coeti
2952 1345 3203 1400 regnum.
3232 1340 3327 1390 ete.
3355 1338 3449 1392 Hoc
3474 1355 3622 1410 requam
3636 1360 3678 1404 „g

2307 1406 2585 1474 spirituale
2599 1419 2817 1474 reqnum
2838 1408 3111 1462 christiin
3128 1413 3302 1464 statua
3320 1411 3685 1488 Ναϋυαιοᾶοηαωτ,

2308 1490 2354 1536 et
2376 1496 2548 1551 parvo
2588 1482 2763 1550 lapide
2792 1483 3025 1537 abscisso
3056 1486 3451 1553 11,-(5119555155,
3476 1490 3526 1542 de
3552 1507 3621 1560 quo
3638 1499 3687 1550 df.

2306 1560 2446 1613 citur
2466 1599 2479 1622 ,
2530 1559 2671 1626 quod
2701 1559 2760 1610 in
2790 1564 3045 1612 oeternum
3080 1574 3185 1614 non
3216 1561 3551 1632 dissipabitur,
3581 1571 3687 1638 (1.11,

2310 1648 2352 1687 5.
2391 1641 2439 1688 1.

2246 1713 2367 1766 Gn.
2400 1711 2486 1772 111.
2520 1725 2572 1764 v.
2608 1717 2658 1765 s.
2692 1711 3061 1780 Aspiciebam,
3086 1715 3567 1784 eteceequasifllius
3580 1721 3691 1776 homi-

2309 1790 2417 1850 nis,
2446 1794 2493 1841 et
2514 1789 2690 1850 infra:
2718 1794 2773 1843 et
2794 1789 2950 1843 dedit
2990 1790 3043 1844 ei
3088 1797 3407 1858 potestatem,
3428 1800 3473 1846 et
3494 1795 3691 1861 honorem,

2308 1872 2363 1920 et
2386 1877 2634 1932 regnum,
2661 1865 2724 1917 de
2750 1865 2961 1918 Christo
2989 1869 3051 1918 ut
3070 1865 3287 1928 homine,
3311 1875 3355 1920 et
3371 1869 3426 1921 de
3442 1877 3695 1938 potestatem·

2310 1943 2550 1995 tollentia?
2576 1940 2678 1994 sibi
2707 1947 2930 2009 propter
2956 1942 3203 1995 unionem
3230 1948 3559 1998 communicata
3584 1961 3693 2016 crpo-

2309 2021 2480 2081 nitur,
2507 2018 2563 2072 d.
2590 2022 2671 2081 107,
2694 2031 2738 2072 s.
2765 2021 2813 2069 1.

2248 2096 2366 2148 (1.5».
2401 2095 2485 2159 IX,
2518 2108 2571 2148 v.
2598 2097 2677 2146 2⁴.
2708 2091 3066 2162 Septuaginta
3097 2092 3431 2151 hebdomadae
3460 2098 3694 2158 abbreviatas

2310 2179 2438 2227 sunt
2465 2175 2630 2238 super
2648 2172 2913 2240 poputum
2938 2179 3115 2237 tuum,
3140 2179 3195 2226 et
3228 2186 3379 2240 super
3411 2177 3568 2230 urbem
3590 2191 3695 2233 sane·

2308 2254 2419 2303 tam
2440 2255 2609 2312 tuam,
2628 2253 2690 2302 ut
2710 2253 3127 2302 consummetur
3151 2249 3505 2316 praevaricatio,
3532 2260 3573 2305 et
3588 2253 3693 2309 tinem

2310 2326 2541 2392 accipiat
2564 2331 2862 2391 peccatum.
2888 2325 3031 2375 Fuse
3049 2323 3340 2377 dectaratur
3354 2325 3417 2377 ad
3431 2329 3695 2382 ostendendam

2310 2417 2378 2455 ex
2404 2415 2466 2454 ea
2506 2399 2783 2467 prophetia
2811 2400 3083 2452 Christum
3096 2401 3209 2464 jam
3242 2401 3441 2464 venisse,
3461 2407 3502 2453 et
3518 2403 3615 2454 nutti
3633 2405 3695 2455 atii

2310 2479 2417 2529 nisi
2438 2477 2643 2529 christo
2658 2489 2785 2529 vero
2812 2475 3019 2528 Messioe
3040 2475 3405 2529 accommodari
3420 2489 3543 2544 posse
3559 2478 3695 2531 demon-

2309 2558 2537 2615 stratur,
2568 2553 2622 2606 d.
2655 2557 2703 2614 1,
2738 2566 2766 2606 5
2805 2557 2854 2605 8.
3049 2609 3063 2624 ,

2246 2656 2311 2670 —
2340 2643 2395 2682 v.
2430 2633 2510 2680 85.
2546 2629 2608 2680 Et
2640 2633 2877 2694 ungetur
2902 2627 3139 2682 Sanctus
3160 2627 3471 2692 Sanctorum,
3489 2627 3535 2679 id
3550 2629 3695 2687 uttdi
3769 2621 3770 2634 ²

2304 2707 2544 2758 unctione
2560 2709 2790 2769 unqetur
2830 2717 2949 2769 quoe
2974 2716 3085 2754 non
3106 2716 3165 2756 so
3185 2717 3272 2756 um
3290 2703 3597 2768 sumamma
3613 2704 3680 2756 San

2304 2785 2441 2832 ctum
2462 2783 2761 2831 sanctorum
2784 2781 3089 2840 constituat,
3117 2778 3173 2832 d.
3194 2781 3331 2844 17,s.
3352 2782 3395 2831 1.

2924 2891 3128 2946 osEAE.

2238 3010 2358 3063 Car.
2392 3007 2497 3070 vn.
2530 3019 2587 3062 v.
2625 3011 2673 3062 1.
2708 3006 2921 3075 Operati
2942 3013 3079 3061 sunt
3110 3005 3450 3074 mendacium,
3472 3004 3671 3070 11151115-
3769 3051 3770 3054 ,

2304 3085 2429 3149 tum,
2456 3091 2586 3152 quia
2612 3085 2745 3137 sicut
2780 3085 3111 3138 mendacium
3132 3083 3434 3140 contrarium
3450 3089 3513 3138 est
3530 3083 3675 3146 Domita

2302 3161 2499 3214 idolum
2519 3161 2751 3226 veritati,
2773 3161 2827 3214 d.
2853 3165 2934 3227 84,
2956 3175 3006 3215 5.
3033 3165 3062 3212 8

2878 3273 3177 3334 mCHAEAE.
3769 3343 3770 3346 Ἴ

2236 3397 2355 3450 Cn.
2388 3393 2451 3462 V,
2483 3409 2537 3450 v.
2570 3400 2619 3450 8.
2656 3353 2742 3450 Ex!
2764 3399 2814 3449 15
2846 3395 2985 3450 mihi
3012 3391 3439 3463 egredieturdux,
3456 3390 3531 3459 qui
3550 3387 3681 3444 sitdo·

2302 3471 2539 3526 minator
2557 3471 2615 3524 in
2635 3470 2823 3536 isoael,
2846 3475 2901 3525 51
2930 3485 3183 3540 egressus
3198 3470 3312 3537 ejus
3326 3470 3391 3524 ab
3408 3468 3553 3527 initio,
3568 3480 3591 3519 a
3606 3467 3687 3520 die-
3769 3473 3770 3516 1

2302 3547 2407 3602 bus
2436 3547 2769 3602 aeternitatis.
2801 3549 3065 3614 Loquitur
3090 3550 3153 3600 de
3178 3548 3368 3599 Christo
3386 3544 3605 3598 secundum
3618 3542 3685 3591 tm-
3769 3591 3770 3610 ,

2303 3626 2609 3677 manitatem
2642 3626 2701 3676 in
2735 3623 2977 3677 Bethleem
3010 3625 3306 3687 nascituro,
3342 3621 3565 3675 temdum
3588 3617 3683 3669 diti-
3769 3651 3770 3654 η

2302 3700 2518 3753 nitatem
2550 3705 2763 3766 aeoerno,
2790 3699 2847 3753 d.
2881 3701 2931 3762 8,
2954 3713 3003 3754 5.
3029 3706 3079 3753 8.

2868 3813 3179 3869 HABACUC.

2240 3929 2357 3982 Gn.
2392 3929 2482 3993 111,
2512 3942 2566 3982 v.
2600 3933 2649 3982 8.
2684 3930 2743 3984 15
2776 3928 2960 3984 medio
3000 3942 3269 3985 annorum
3296 3935 3459 3983 notum
3484 3922 3621 3984 iacies,
3646 3917 3682 3972 in
3769 3957 3770 3972 i

2302 4003 2487 4058 medio
2514 4017 2787 4060 annorum
2820 4004 3043 4060 vivifica
3078 4005 3232 4067 iilud,
3262 4004 3427 4058 hoead
3446 3996 3683 4080 incarnatio·

2302 4093 2416 4130 nem
2434 4082 2870 4146 accommodatur,
2892 4095 3015 4148 quoe
3039 4095 3201 4149 neque
3222 4083 3279 4133 in
3306 4078 3463 4133 mundi
3482 4074 3684 4154 primm

2301 4167 2465 4221 neque
2484 4157 2543 4206 in
2566 4155 2665 4219 tine
2696 4157 2810 4222 fieri
2836 4157 3029 4222 debuit,
3058 4158 3148 4211 sed
3170 4158 3227 4210 in
3247 4155 3397 4208 medio
3411 4150 3538 4220 quasi
3558 4141 3682 4196 mund:
3769 4209 3770 4222 ἶ

2306 4235 2547 4297 tempore,
2566 4231 2621 4285 d.
2648 4237 2697 4295 6,
2726 4246 2770 4284 5.
2798 4239 2847 4286 8.
3769 4253 3770 4260 ¹

2906 4349 3136 4405 AGGAEI.

2234 4463 2353 4516 Gn.
2385 4462 2449 4525 11,
2471 4476 2525 4516 v.
2556 4465 2604 4516 ⁷.
2638 4465 2831 4519 Adbuc
2857 4477 3031 4518 unum
3048 4461 3315 4518 modicum
3335 4461 3420 4519 est,
3436 4461 3481 4508 et
3496 4459 3678 4518 egotam·

2296 4538 2527 4592 movebo
2554 4540 2755 4594 eoelum
2794 4547 2851 4593 et
2884 4547 3104 4598 terram.
3124 4544 3177 4590 et
3208 4545 3362 4595 marc,
3384 4537 3429 4584 et
3450 4527 3622 4585 aridam,
3645 4527 3679 4572 ct

2296 4614 2529 4668 movebo
2548 4627 2741 4670 omnes
2762 4623 2951 4683 gentes
2969 4632 2981 4680 3
3012 4620 3065 4669 51
3095 4612 3270 4666 veniet
3286 4607 3567 4664 desideratus
3584 4609 3675 4665 gen-

2298 4689 2461 4743 tibus.
2496 4691 2594 4743 Hic
2625 4691 2765 4744 locus
2798 4694 2909 4753 fuse
2938 4691 3221 4758 exponitur
3244 4686 3311 4738 ad
3330 4678 3675 4762 attondendum&-

2296 4779 2354 4816 eo
2389 4765 2651 4818 Christum
2674 4768 2787 4831 jam
2818 4769 3035 4826 venisse,
3076 4765 3129 4818 d.
3162 4768 3237 4824 11,
3277 4775 3315 4814 s.
3344 4765 3393 4822 ὃς
3430 4756 3674 4834 Hessiamqtte

2296 4840 2442 4893 brevi
2470 4845 2517 4892 et
2546 4842 2603 4893 in
2633 4841 2871 4908 templum
2894 4847 3185 4904 venturum,
3208 4823 3631 4902 ibiproedieitur21b·

2836 4933 3189 5013 'mensum

2233 5073 2352 5126 cn.
2386 5073 2425 5132 1.
2459 5085 2511 5126 v.
2538 5077 2585 5126 8.
2622 5073 2722 5126 1515
2739 5073 2853 5139 jam
2876 5071 3288 5140 septuagesimus
3304 5075 3460 5120 annus
3478 5059 3572 5113 est?
3594 5054 3670 5106 Non

2294 5149 2423 5201 dicit
2452 5149 2784 5215 affirmando,
2810 5149 2901 5201 sed
2938 5145 3308 5212 interrogando,
3332 5137 3667 5218 siynifiwntfssp‘

2298 5229 2640 5290 tuaqesimum
2656 5240 2693 5277 a
2706 5227 3009 5291 captivitate
3022 5236 3211 5276 aunum
3221 5221 3323 5286 Jam
3334 5218 3413 5268 diu
3422 5215 3662 5280 pratorum.

2297 5301 2352 5354 d.
2386 5307 2435 5365 8,
2456 5316 2500 5356 5.
2528 5306 2577 5354 1.

2234 5379 2353 5433 Car.
2388 5379 2451 5445 ΙΙ,
2484 5393 2536 5431 v.
2572 5383 2619 5432 8.
2654 5380 2777 5433 ttaec
2812 5377 2948 5434 dicit
2975 5379 3227 5435 Dominus
3260 5358 3663 5428 exercituum:t’⁰st

2296 5453 2527 5519 gloriam
2548 5454 2697 5509 misit
2716 5469 2803 5508 me
2818 5456 2889 5508 ad
2904 5462 3091 5523 gentes
3112 5465 3227 5522 quae
3240 5443 3575 5524 expoliaverunt
3586 5444 3660 5488 vos,

2296 5532 2396 5582 ⁶¹10·
2421 5545 2433 5593 3
2458 5534 2508 5584 et
2536 5530 2675 5586 scies
2702 5531 2831 5597 quia
2866 5533 3125 5587 Dominus
3158 5525 3451 5584 exercituum
3470 5516 3578 5570 misit
3604 5515 3661 5559 mc
