3892 6167
572 349 683 406 ⁴20

563 455 610 511 si
650 453 729 510 sit
760 467 964 510 sermo
1004 447 1085 508 de
1110 447 1407 508 servitute
1441 446 1549 506 Dei
1583 444 1970 505 cernuntur-uli
2007 445 2122 504 ho·-

570 545 719 606 mini
752 543 927 604 titulo
976 539 1341 610 mentionis,
1376 545 1616 600 certum
1662 543 1755 599 est
1812 537 2121 598 Adamum

568 637 758 700 etiam
799 645 945 697 ante
976 637 1307 714 peceatum
1348 632 1543 694 fuisse
1570 631 1685 692 Dei
1714 649 1988 693 servum.
2021 629 2126 690 Vi·

566 731 687 793 deo
712 725 1079 809 responderi
1102 743 1312 806 posse,
1330 725 1427 786 his
1446 724 1703 802 quidem
1730 723 1941 786 verbis
1969 737 2128 802 prai-

568 825 695 888 eise
728 821 1063 884 excludere
1092 818 1437 882 Concilium
1466 817 1830 880 servitutem
1860 815 2122 896 peccati,

570 935 698 978 non
742 921 957 976 tamen
1000 913 1151 975 inde
1202 911 1383 992 sequi
1412 911 1477 972 in
1504 913 1635 972 tota
1664 909 1928 990 epistola
1953 907 2124 987 loqui

570 1011 650 1072 de
676 1010 808 1072 sola
837 1009 965 1080 illa,
994 1025 1145 1068 nam
1174 1005 1361 1068 etiam
1393 1004 1477 1066 ibi
1504 1003 1777 1066 excludit
1812 1021 1851 1064 a
1884 1002 2123 1064 Christo

570 1103 936 1166 servitutem
966 1104 1253 1179 respectu
1281 1098 1547 1160 aliorum
1574 1097 1903 1158 hominum
1918 1099 1986 1156 et
2005 1111 2132 1156 res-

571 1201 751 1278 pectu
783 1193 1190 1275 Angelorum,
1222 1198 1285 1254 et
1320 1197 1534 1253 tamen
1562 1207 1691 1252 non
1720 1189 1803 1250 de
1828 1187 1950 1250 illis
1981 1187 2130 1248 solis

565 1289 864 1370 loquitur,
886 1287 993 1350 sed
1013 1285 1309 1349 discurrit
1326 1301 1441 1364 per
1462 1283 1771 1362 singulaS‚
1792 1288 1855 1342 ut
1870 1281 1960 1343 ita
1983 1297 2131 1341 con-

565 1381 777 1445 cludat
804 1379 1043 1442 nullam
1072 1379 1439 1440 servitutem
1484 1376 1804 1456 propriam
1850 1374 1913 1434 in
1955 1372 2126 1437 Chri—

564 1481 729 1537 stum
764 1473 1140 1546 convenire3
1172 1487 1345 1544 nam,
1398 1471 1543 1531 licet
1584 1468 1690 1530 illa
1730 1466 2124 1530 enumeratio

564 1567 918 1632 necessaria
964 1583 1094 1629 non
1120 1569 1301 1636 esset,
1327 1563 1410 1624 ad
1452 1559 1964 1644 amplifieandum
1995 1577 2128 1622 ser—

563 1677 819 1724 monem
854 1665 917 1723 et
945 1659 1027 1721 ad
1058 1655 1562 1738 exaggerandam
1592 1654 1814 1719 Christi
1851 1653 2126 1734 dignita·

562 1759 697 1817 tem
722 1753 861 1815 fieri
894 1751 1115 1834 potuit.
1142 1751 1291 1824 Quae
1316 1748 1641 1830 responsio
1664 1750 1760 1827 (ut
1786 1763 2008 1809 verum
2031 1746 2124 1807 fa·

566 1845 734 1928 tear)
764 1843 1031 1908 multum
1060 1849 1319 1906 enervat
1346 1843 1475 1902 vim
1512 1841 1956 1922 praedictorum
1987 1857 2126 1902 ver·

569 1939 817 2014 borum,
852 1938 1071 2000 saltem
1092 1943 1163 1998 ut
1190 1953 1318 1996 non
1350 1951 1652 2016 cogamur
1674 1933 1909 1996 dictam
1934 1951 2124 2014 expo·

568 2031 859 2095 sitionem
891 2031 1225 2092 admittere
1254 2077 1266 2101 ,
1298 2047 1427 2090 non
1468 2034 1681 2089 tamen
1728 2034 1797 2091 ut
1824 2043 2128 2106 cogamur

568 2143 707 2187 eam
741 2124 1067 2206 repellere.
1102 2121 1355 2184 Accedit
1386 2121 1554 2202 quod
1600 2138 1745 2184 cum
1778 2119 2128 2184 Concilium

570 2215 631 2280 in
651 2237 727 2280 ea
743 2217 1219 2280 enumeratione
1242 2231 1567 2295 nunquam
1594 2219 1921 2276 enumeret
1938 2211 2128 2273 aliam

568 2313 935 2374 servitutem
964 2315 1255 2392 respectu
1282 2309 1393 2370 Dei
1422 2314 1623 2369 ortam
1646 2323 1723 2369 ex
1750 2307 1929 2368 titulo
1959 2321 2129 2366 crea-

568 2403 773 2478 tionis,
800 2403 911 2465 sed
939 2419 1188 2482 semper
1212 2402 1491 2463 insinuet
1518 2399 1849 2461 servitutes
1874 2414 2018 2478 quae
2043 2397 2130 2456 vi-

568 2495 689 2559 lem
720 2495 1139 2558 conditionem
1171 2501 1236 2556 et
1264 2493 1579 2574 poenalem
1604 2491 1901 2568 indicent,
1924 2491 2130 2552 adhuc

568 2589 943 2668 relinquitur
968 2587 1293 2670 probabile
1322 2591 1789 2668 argumentum,
1816 2585 1881 2646 in
1908 2584 2132 2646 ordine

568 2682 650 2742 ad
680 2683 877 2743 Deum
930 2699 1061 2743 non
1102 2697 1291 2759 agere
1320 2679 1662 2743 Concilium
1680 2723 1701 2754 ,
1730 2678 1851 2738 nisi
1880 2677 1962 2739 de
2001 2693 2130 2739 ser-

568 2777 765 2838 vitute
816 2793 893 2836 ex
954 2781 1217 2854 peccato
1282 2778 1622 2834 contracta.
1680 2771 1861 2846 Quod
1923 2777 2130 2852 potest

570 2876 795 2946 quarto
826 2866 1181 2930 confirmari
1212 2885 1291 2927 ex
1318 2867 1440 2928 illis
1466 2865 1700 2939 verbis,
1719 2883 1859 2945 qum
1880 2865 1945 2926 in
1963 2865 2129 2946 epis-

568 2960 699 3020 tola
736 2961 925 3022 etiam
958 2960 1216 3022 Adriani
1266 2959 1562 3039 leguntur
1596 2979 1611 3018 :
1654 2959 1791 3024 Nos
1810 2975 1924 3042 per
1951 2959 2126 3020 illum

570 3054 838 3135 adoptivi
874 3071 1084 3117 sumus
1104 3099 1118 3128 ‚
1152 3071 1272 3116 mm
1296 3051 1403 3116 illo
1440 3053 1743 3116 nobiscum
1781 3053 2100 3134 adoptivus
2109 3077 2132 3126 ;

568 3163 677 3210 noa
710 3147 1026 3226 perillum
1055 3165 1093 3208 a
1118 3145 1407 3210 servitute
1432 3145 1705 3218 liberati,
1736 3161 1857 3207 non
1882 3145 1992 3208 ille
2029 3161 2134 3208 κο-

572 3241 802 3303 biscum
856 3257 1082 3304 servus.
1139 3241 1277 3302 Nou
1328 3257 1547 3302 sumus
1592 3245 1805 3301 autem
1854 3255 1968 3300 nos
2026 3257 2136 3319 per

568 3333 877 3394 Christum
916 3333 1157 3396 liberati
1198 3334 1280 3395 ab
1322 3333 1429 3395 illa
1468 3334 1767 3394 servitute
1795 3333 1941 3408 Dei,
1985 3349 2127 3412 quus

570 3426 753 3488 nobis
792 3433 890 3487 est
932 3429 1274 3490 intrinseca
1312 3439 1380 3490 et
1418 3427 1878 3502 connaturalia,
1936 3426 2048 3488 sed
2089 3445 2130 3487 a

568 3520 867 3582 servitute
889 3537 1081 3601 quam
1112 3539 1189 3584 ex
1216 3527 1473 3602 peccato
1500 3519 1950 3595 contraximus;
1977 3537 2128 3599 ergo

568 3611 689 3674 hoc
724 3612 915 3674 modo
968 3619 1237 3696 negatur
1278 3615 1557 3676 Christus
1612 3631 1751 3676 esse
1798 3615 2128 3676 nobiscum

570 3723 807 3768 servus.
856 3706 1085 3779 Quinto
1115 3703 1261 3769 addi
1298 3713 1508 3787 potest
1546 3708 1908 3788 conjectura
1930 3753 1945 3782 ‚
1979 3705 2129 3784 quia

568 3799 649 3860 de
678 3799 798 3862 hoe
827 3817 1061 3880 genere
1108 3801 1420 3863 servitutis
1458 3819 1677 3863 verum
1708 3803 1921 3876 habet,
1959 3799 2130 3879 quod

572 3891 881 3953 Adrianus
934 3911 1101 3972 soepe
1152 3893 1335 3972 dicit,
1368 3895 1681 3955 Christum
1736 3913 1875 3955 esse
1918 3913 1956 3954 a
1984 3895 2131 3953 Pro·

572 3983 775 4064 phetis
800 3989 1092 4047 vocatum
1138 4003 1387 4047 servum
1426 4003 1542 4066 per
1583 3993 1831 4066 tropum
1872 3991 1935 4048 et
1963 3985 2131 4066 tigu-

570 4095 728 4152 ram,
762 4078 909 4158 quia
952 4085 1389 4160 assumpturus
1418 4083 1555 4141 erat
1586 4097 1838 4142 carnem
1870 4079 1935 4140 in
1963 4077 2132 4140 simi·

570 4170 896 4231 titudinem
918 4173 1125 4232 earnis
1150 4172 1409 4251 peccati,
1442 4177 1503 4234 et
1532 4172 1851 4234 subiturus
1876 4189 2130 4252 poenam

568 4263 843 4341 peccatis
870 4263 1149 4324 debitam
1170 4307 1186 4336 ,
1220 4264 1425 4326 factus
1452 4265 1781 4342 obediens,
1822 4273 1885 4327 et
1928 4265 2129 4326 humi-

568 4357 755 4416 liatus
782 4371 983 4435 usque
1030 4357 1113 4416 ad
1148 4373 1423 4419 erucem.
1452 4359 1749 4430 Quamvis
1792 4360 1980 4422 etiam
2027 4361 2132 4422 illa

569 4448 929 4509 testimonia
966 4449 1301 4528 Scripturas
1350 4452 1536 4512 aliam
1582 4453 1905 4532 patiantur
1934 4473 2132 4534 expo-

570 4541 898 4616 sitionem,
940 4546 1195 4618 tamen,
1240 4543 1388 4622 quia
1432 4547 1897 4608 accommodari
1942 4549 2132 4610 etiam

572 4640 835 4714 possunt
867 4635 951 4694 ad
975 4635 1137 4696 hanc
1173 4636 1537 4699 servitutem
1556 4683 1571 4712 ‚
1598 4638 1743 4702 ideo
1782 4641 2134 4702 secundum

570 4727 745 4788 illam
784 4745 913 4787 non
956 4729 1245 4808 proprie,
1276 4731 1389 4792 sed
1430 4747 1545 4810 per
1586 4733 2026 4814 metaphoram
2072 4741 2135 4796 et

572 4821 1043 4883 similitudinem
1072 4822 1299 4885 dieitur
1324 4825 1607 4887 Christus
1644 4827 1767 4888 hoe
1792 4827 1986 4889 modo
2015 4845 2136 4888 no-

570 4913 797 4976 minari
838 4931 1075 4976 servus.
1130 4915 1345 4977 Solum
1384 4917 1857 4997 relinquebatur
1904 4921 1974 4981 in
2019 4921 2139 4982 hac

570 5006 957 5084 expositione
1016 5008 1469 5070 declarandum
1504 5055 1517 5083 ,
1571 5011 1945 5090 Elipantlum
2019 5013 2140 5072 hoc

570 5116 761 5159 sensu
791 5100 1143 5179 appellasse
1166 5101 1480 5164 Christum
1508 5121 1759 5165 servum
1773 5119 1795 5182 3
1818 5104 1939 5166 hoc
1967 5105 2138 5167 euim

568 5193 719 5253 sutis
748 5191 997 5252 videtur
1020 5193 1327 5255 incertum
1354 5210 1373 5271 3
1406 5196 1521 5257 sed
1572 5195 1984 5258 nihilominus
2023 5197 2134 5259 fiet

566 5285 781 5365 aliquo
812 5283 1005 5346 modo
1046 5285 1380 5350 verisimile
1404 5287 1473 5348 in
1498 5288 1721 5350 ultima
1758 5291 2134 5369 interpreta-

566 5377 736 5440 tione
766 5375 1051 5440 Concilii.
1083 5379 1193 5441 Est
1216 5397 1371 5461 ergo
1396 5381 1533 5442 haec
1572 5381 1871 5462 expositio
1902 5384 2131 5462 proba-

566 5469 731 5547 bilis,
752 5487 945 5548 quam
970 5471 1172 5533 solam
1198 5489 1319 5553 ego
1342 5473 1409 5534 in
1432 5473 1625 5553 priori
1652 5474 1923 5538 editione
1955 5475 2128 5539 adhi-

1808 343 2042 405 Qusssr.
2077 343 2186 393 XX.
2220 339 2422 394 Anne.
2459 341 2519 394 n.

2205 442 2337 516 bui,
2369 441 2484 502 sed
2511 459 2680 502 nune
2713 458 2842 501 non
2871 439 3120 502 videtur
3145 433 3510 516 simpliciter
3559 451 3762 498 neees-

2207 536 2393 610 suria,
2419 553 2532 594 nec
2557 553 2669 614 per
2704 553 2770 595 se
2801 534 2934 594 sola
2955 531 3298 601 sufficiens,
3327 529 3640 610 quumvis
3661 529 3768 588 ior·

2205 633 2376 690 tusse
2406 628 2484 688 sit
2513 627 2702 689 etiam
2731 645 2906 702 vera,
2935 631 3004 688 ut
3031 625 3096 686 in
3125 622 3548 704 sequentibus
3571 621 3768 684 decla-

2207 722 2385 783 rabo.

2287 815 2390 876 47.
2441 813 2628 876 Sexta
2673 829 2826 892 ergo
2881 811 3183 892 expositio
3241 816 3374 884 est,
3423 807 3766 872 Concilioe

2207 925 2337 971 non
2367 925 2636 988 negare,
2689 905 3002 968 Christum
3029 920 3180 968 eum
3216 901 3768 967 determinatione.
3813 895 3815 914 ²

2209 1003 2274 1064 in
2303 1007 2610 1082 qnantum
2637 1001 2830 1062 homo
2845 1003 2962 1072 est,
2991 1015 3180 1079 posse
3209 998 3334 1060 diei
3359 995 3770 1070 munsteri
3815 937 3818 1048 i

2211 1093 2572 1174 simpliciter
2603 1097 2668 1155 et
2687 1093 2826 1154 sine
2853 1091 2979 1154 ulla
3013 1091 3554 1154 determinatione
3585 1087 3774 1166 prola·

2211 1191 2366 1251 tum.
2411 1189 2502 1248 lta
2555 1186 2724 1249 enim
2779 1185 2908 1247 fere
2961 1185 3310 1263 loquuntur
3357 1181 3694 1246 Adrianus
3723 1186 3772 1240 et

2209 1281 2553 1343 Concilium
2608 1280 2676 1340 in
2731 1279 2864 1342 suis
2907 1277 3226 1359 epistolis3
3253 1283 3320 1340 et
3369 1274 3652 1341 suaderi
3687 1291 3774 1352 po-
3817 1242 3820 1362 1

2211 1378 2352 1448 test,
2369 1373 2660 1450 namhoc
2685 1371 2876 1434 modo
2899 1371 2970 1433 fit
2995 1369 3338 1434 verisimile
3358 1367 3550 1448 quod
3573 1366 3774 1430 Adris-
3818 1367 3819 1388 ¹

2205 1483 2326 1530 nus
2353 1468 2466 1542 ait,
2487 1467 2549 1528 in
2571 1467 2888 1548 Scriptura
2913 1465 3068 1527 Novi
3091 1461 3488 1528 Testamenti
3513 1479 3662 1524 non
3687 1479 3776 1540 ap·

2207 1562 2424 1641 pellari
2453 1560 2766 1626 Christum
2793 1577 3074 1636 servum,
3107 1558 3352 1622 scilieet
3391 1555 3698 1622 absolute
3727 1561 3772 1614 et

2207 1657 2342 1717 sine
2373 1655 2609 1731 addito,
2639 1671 2792 1716 nam
2815 1671 2966 1714 eum
2991 1649 3538 1716 determinatione
3563 1648 3775 1710 huma-
3820 1685 3821 1690 κ

2205 1748 2438 1822 nitatiS‚
2449 1747 2548 1812 vel
2563 1765 2886 1828 expressa,
2899 1745 3002 1808 vel
3019 1744 3474 1808 subintellecta
3485 1743 3565 1806 in
3583 1739 3776 1804 verbis

2207 1843 2726 1908 antecedentibus
2739 1851 2846 1904 aut
2861 1841 3426 1920 consequentibus,
3447 1837 3614 1902 satis
3625 1835 3776 1898 vide·

2205 1945 2309 2000 tur
2335 1937 2399 1998 in
2427 1935 2854 2016 superioribus
2887 1933 3252 2014 probatum,
3279 1933 3486 1996 etiam
3510 1931 3590 1994 in
3617 1929 3770 1992 Nora
3822 1991 3823 2014 χ

2203 2032 2602 2093 Testamento
2635 2045 2802 2109 saepe
2831 2027 3026 2090 fuisse
3058 2025 3492 2106 significatam
3517 2023 3774 2088 servitu-

2207 2130 2336 2186 tem
2351 2123 2571 2185 Christi
2599 2129 2672 2184 ut
2689 2120 2982 2183 hominis.
3001 2122 3220 2198 Neque
3233 2125 3467 2182 contra
3486 2117 3676 2180 hane
3687 2133 3774 2178 ex·

2208 2215 2584 2297 positionem
2607 2214 2874 2276 multum
2891 2231 3001 2275 me
3016 2209 3446 2291 movenqu-od
3461 2207 3772 2272 inter-dm
3823 2160 3826 2294 Ι

2213 2311 2275 2372 in
2327 2309 2434 2371 illo
2477 2309 2752 2371 Concilio
2801 2306 3054 2368 additur
3078 2301 3560 2377 determinatio,
3595 2317 3774 2365 m

2212 2403 2354 2466 dum
2385 2402 2846 2476 humanitatem,
2877 2399 3026 2479 quia
3055 2416 3183 2460 uon
3206 2403 3310 2460 est
3329 2413 3617 2458 neeesse
3633 2391 3776 2472 qued

2211 2497 2320 2558 illa
2349 2493 2790 2558 determinatio
2815 2492 3200 2574 intelligatur
3217 2489 3496 2570 adjungi
3514 2491 3779 2567 exparte

2211 2596 2477 2666 nature,
2497 2587 2610 2650 sed
2635 2605 2712 2650 ex
2735 2592 2914 2668 parte
2943 2584 3272 2665 suppositi,
3299 2582 3586 2658 seilicet,
3609 2579 3776 2642 atde-
3825 2627 3827 2632 ¹

2209 2683 2491 2763 signetur
2537 2682 2932 2761 suppositum
2959 2679 3024 2740 in
3053 2677 3160 2740 tali
3191 2677 3615 2738 humanitate
3651 2673 3772 2736 sub-

2209 2776 2455 2837 sistens.
2495 2775 2570 2836 Et
2595 2775 2768 2836 hunc
2799 2789 3058 2836 sensum
3083 2789 3222 2833 esse
3258 2770 3476 2850 magis
3507 2789 3550 2831 a
3577 2765 3778 2830 Conci-

2205 2869 2292 2930 lio
2321 2867 2653 2943 intentum,
2685 2869 2932 2929 constat
2951 2883 3029 2927 ex
3051 2863 3340 2927 dicendis
3367 2863 3484 2925 hie
3517 2868 3592 2924 et
3613 2861 3780 2924 latius

2211 2963 2475 3042 infra‚q.
2503 2965 2603 3024 23.
2631 2961 3050 3023 Nihilominus
3063 2963 3280 3021 tumen
3305 2958 3450 3020 hoee
3477 2955 3774 3037 expositio

2215 3075 2330 3136 per
2369 3073 2436 3118 se
2465 3057 2596 3117 sola
2631 3073 2759 3117 non
2785 3055 2940 3116 mihi
2969 3051 3294 3128 nauseant,
3323 3057 3472 3113 tum
3500 3051 3664 3129 quia
3691 3067 3777 3110 ex-

2215 3149 2420 3212 istimo
2460 3148 2804 3212 Concilium
2855 3165 2986 3210 non
3041 3149 3293 3210 tantum
3326 3145 3413 3208 de
3454 3145 3666 3207 'modo
3707 3142 3775 3203 le
3829 3076 3831 3230 Ι

2215 3244 2474 3324 quendi,
2503 3243 2612 3304 sed
2645 3244 2834 3306 etiam
2863 3243 2944 3305 de
2967 3243 3104 3322 ipsa
3129 3259 3202 3302 re
3233 3246 3548 3302 tractasse
3575 3257 3660 3302 uc
3685 3237 3776 3298 de-

2209 3337 2523 3406 finivisse;
2569 3344 2706 3398 tum
2747 3337 2939 3398 etiam
2977 3335 3148 3415 quia,
3185 3351 3264 3396 eo
3288 3333 3494 3396 modo
3523 3351 3665 3413 qun
3703 3331 3776 3392 est

2207 3447 2430 3493 verum
2455 3429 2790 3504 Christum,
2821 3429 2885 3490 iu
2917 3431 3226 3509 quantum
3257 3425 3630 3500 hominem,
3661 3441 3776 3486 esse

2209 3539 2486 3596 servum,
2511 3539 2642 3584 non
2662 3526 2758 3584 est
2785 3528 3030 3586 eertum
3052 3527 3118 3583 et
3140 3519 3226 3581 de
3253 3518 3409 3592 fide,
3429 3519 3774 3580 etiamsine

2209 3616 2338 3678 ullo
2369 3615 2603 3690 addito,
2623 3634 2750 3677 non
2781 3631 2968 3696 posse
2991 3614 3084 3675 sic
3111 3612 3464 3694 appellnt-h
3489 3613 3550 3674 si
3577 3618 3774 3674 tamen

2211 3710 2347 3771 haee
2386 3710 2692 3789 expositio
2735 3725 2882 3769 cum
2910 3707 3006 3770 his
3037 3723 3180 3786 qum
3227 3703 3530 3768 dicemus
3573 3706 3776 3785 adjun-

2212 3810 2420 3883 gatur,
2442 3803 2680 3884 aliquid
2707 3819 2928 3864 verum
2955 3801 3260 3875 eontinet,
3287 3804 3362 3860 ut
3385 3800 3666 3880 patebit.

2296 3899 2395 3959 48.
2447 3895 2918 3972 Quaestiunculas·
2940 3894 3278 3959 solum-
3307 3894 3482 3956 Vera
3515 3912 3676 3975 erge
3701 3894 3776 3954 in·

2211 3992 2408 4054 tentio
2443 3991 2700 4054 Concilii
2729 4007 2807 4051 ex
2853 4005 3046 4051 sensu
3071 3985 3302 4050 erroris
3337 3987 3652 4067 Elipandi
3695 4005 3776 4047 su-

2211 4085 2442 4148 menda
2474 4090 2591 4159 est,
2617 4101 2764 4144 nam
2795 4085 3000 4145 solum
3027 4082 3208 4143 illum
3231 4097 3532 4143 errorem
3555 4081 3774 4144 directe

2209 4180 2514 4242 damnare
2541 4178 2850 4255 intendit3
2883 4175 3226 4257 Elipandus
3253 4181 3504 4244 autem.
3541 4183 3622 4238 ut
3665 4173 3772 4254 opi·

2213 4291 2356 4347 nor,
2403 4291 2474 4334 re
2507 4273 2641 4353 ipsa
2695 4271 3098 4334 Nestorianus
3149 4268 3270 4330 fuit
3321 4269 3392 4330 in
3441 4285 3525 4331 eo
3575 4284 3770 4331 errore

2213 4383 2405 4446 quem
2435 4366 2514 4427 de
2541 4364 2784 4429 Christo
2813 4363 3072 4436 habuit:
3105 4362 3380 4424 distinxit
3404 4363 3594 4424 enim
3621 4363 3770 4424 illum

2215 4479 2252 4521 a
2281 4459 2434 4520 Filio
2465 4459 2576 4518 Dei
2601 4457 2894 4526 naturali,
2923 4473 3051 4517 non
3099 4461 3349 4517 tautum
3391 4461 3656 4527 natura,
3681 4450 3770 4514 sed

2215 4553 2403 4613 etiam
2447 4551 2804 4632 supposito;
2841 4555 2904 4610 et
2931 4549 3053 4610 hoe
3082 4565 3276 4609 sensu
3299 4545 3468 4606 dixit
3492 4547 3680 4608 illum
3697 4563 3770 4606 es·

2215 4661 2285 4706 se
2317 4659 2595 4717 servum,
2623 4641 2690 4702 id
2711 4647 2808 4703 est
2837 4641 2930 4719 (ut
2955 4641 3042 4702 ita
3083 4639 3316 4718 dicam)
3371 4655 3618 4717 purum
3665 4653 3768 4699 ser·

2213 4755 2387 4810 vum,
2417 4741 2482 4796 et
2507 4734 2682 4796 nullo
2709 4734 2900 4794 modo
2919 4731 3164 4806 filium3
3193 4731 3474 4809 ideoque
3511 4729 3770 4792 addebat

2216 4847 2294 4890 ex
2321 4845 2502 4890 servo
2530 4827 2766 4890 factum
2799 4843 2940 4888 esse
2967 4825 3168 4886 fllium
3191 4821 3764 4903 pei-adoptionem

2219 4924 2281 4982 in
2340 4921 2656 4991 contrario
2715 4937 2868 5001 ergo
2923 4935 3116 4982 sensu
3173 4917 3362 4979 docet
3403 4913 3766 4986 Concilium,

2217 5013 2528 5079 Christum
2560 5029 2684 5075 non
2713 5031 2854 5076 esse
2877 5028 3158 5087 servum,
3177 5010 3316 5086 sed,
3345 5009 3546 5072 etiam
3569 5015 3646 5072 ut
3673 5011 3771 5070 ho·

2217 5107 2476 5181 minem,
2493 5105 2560 5167 id
2579 5111 2696 5184 est,
2715 5112 2784 5168 ut
2801 5105 3251 5168 subsistentem
3273 5103 3342 5165 in
3359 5103 3768 5174 humanitate,

2221 5217 2360 5262 esse
2389 5215 2754 5280 supremum
2779 5199 3136 5268 dominnm,
3163 5197 3507 5278 ipsumque
3559 5195 3768 5258 Filium

2213 5293 2324 5355 Dei
2351 5293 2726 5354 naturalem.
2759 5293 2940 5367 Quod
2995 5297 3214 5354 autem
3264 5289 3561 5371 Elipandi
3605 5305 3766 5351 error

2211 5386 2318 5448 hie
2355 5385 2566 5460 fuerit,
2603 5403 2682 5448 ex
2727 5387 2918 5447 variis
2963 5383 3264 5460 historiis,
3317 5389 3386 5446 et
3433 5381 3656 5463 signis,
3695 5397 3758 5442 ac

2207 5479 2584 5560 conjecturis
2627 5479 3032 5543 ostendemus
3077 5476 3263 5555 infra,
3307 5491 3374 5554 q.
3429 5479 3536 5541 23.
3570 5475 3752 5549 Nunc,
