3892 6167
614 312 734 377 330

612 416 917 482 relatione
958 432 1146 479 suum
1200 418 1409 478 actum
1464 411 1697 475 referat
1731 410 1799 475 iu
1849 409 1978 474 tale
2020 428 2178 490 pras·-

611 512 831 575 mium.
866 512 1051 583 Nam,
1076 509 1221 571 licet
1246 508 1513 572 fortasse
1544 508 1608 571 in
1630 507 1911 569 humana
1934 504 2178 584 justitia

614 605 683 668 id
708 604 1135 668 necessarium
1178 603 1277 675 sit,
1300 620 1428 663 non
1474 606 1689 665 tamen
1737 599 1907 679 apud
1949 602 2176 673 Deum,

611 700 761 779 quia
792 700 935 780 ejus
954 697 1266 761 ordinatio
1296 695 1521 757 sufficit
1547 700 1807 775 propter
1830 693 2176 757 efficaciam

615 800 681 857 et
708 808 1073 873 supremum
1096 790 1443 853 dominium
1472 788 1807 853 voluntatis
1824 790 1987 869 ejus,-
2009 806 2172 868 quas,

616 893 689 949 ut
712 886 1159 967 obligationem
1184 884 1468 961 inducat,
1494 883 1595 945 vel
1604 884 1710 963 jus
1728 882 2176 951 conferat‚non

617 982 853 1061 indiget
902 980 1160 1043 alterius
1214 979 1641 1059 acceptatione
1684 979 1786 1041 vel
1828 994 2171 1051 consensu,

614 1076 730 1139 sed
774 1076 977 1137 solum
1018 1080 1087 1135 ut
1120 1073 1393 1137 conditio
1428 1073 1641 1154 operis
1676 1073 1968 1137 habentis
2007 1071 2176 1133 suffi-

614 1170 886 1231 cientem
910 1167 1196 1231 valorem
1226 1168 1591 1247 impleatur.
1620 1169 1825 1247 Atque
1855 1168 1919 1229 iu
1942 1166 2176 1229 nostris

614 1263 853 1325 meritis
904 1261 1075 1339 apud
1117 1262 1323 1324 Deum
1368 1278 1535 1341 saepe
1580 1261 1915 1341 contingit,
1967 1278 2176 1341 neque

614 1356 783 1417 enim
826 1372 1079 1419 necesse
1114 1360 1211 1415 est
1260 1360 1329 1417 ut
1359 1372 1523 1435 opus
1572 1360 1861 1419 nostrum
1909 1355 1976 1417 in
2018 1372 2176 1435 pra}-

614 1451 813 1511 mium
840 1448 1213 1513 referamus.

1216 1640 1435 1697 513ch
1467 1641 1553 1695 111.

916 1758 1029 1830 Quo
1057 1766 1298 1836 tempore
1316 1760 1563 1819 Christus
1582 1760 1870 1819 meruerit.

698 1937 757 1996 1.
798 1932 945 1995 Tria
994 1934 1061 1994 in
1101 1933 1222 1996 hoc
1262 1933 1455 1995 dubio
1504 1932 1851 1995 desiderari
1880 1936 2167 2013 possunt.

616 2027 913 2101 Primum,
936 2026 1191 2107 quando
1222 2026 1501 2091 Christus
1528 2027 1759 2087 mereri
1782 2026 2039 2106 incepit.
2071 2027 2177 2088 Se·

614 2120 915 2194 cundum,
952 2136 1077 2198 quo
1108 2125 1391 2201 tempore
1422 2120 1668 2181 duravit
1699 2120 1766 2181 in
1796 2120 2023 2181 actuali
2049 2136 2182 2182 me-

614 2214 757 2276 rito.
788 2214 1090 2290 Tertium,
1124 2214 1376 2293 quando
1416 2214 1623 2293 posuit
1656 2212 1851 2275 finem
1880 2218 1943 2276 et
1969 2214 2183 2277 termi-

614 2326 770 2370 num
796 2309 1019 2371 merito
1049 2326 1189 2370 suo.

696 2408 759 2467 2.
788 2400 964 2465 Circa
986 2402 1285 2481 primum,
1310 2401 1443 2463 fere
1468 2420 1690 2466 omnes
1702 2402 2010 2483 'theologi
2025 2420 2178 2465 con-

614 2497 901 2573 veniunt,
929 2494 1246 2559 >Christum
1293 2496 1605 2576 incepisse
1648 2498 1881 2561 mereri
1908 2516 1947 2558 a
1973 2496 2176 2577 primo

617 2591 877 2653 instanti
926 2609 1053 2653 suae
1107 2591 1577 2654 incarnationis.
1606 2592 1979 2672 Quanquam
2005 2592 2178 2653 enim

616 2684 979 2761 Dur-andus,
1012 2684 1077 2745 in
1110 2686 1170 2761 3,
1200 2685 1261 2746 d.
1298 2685 1399 2760 18,
1432 2703 1495 2764 q.
1522 2688 1561 2747 2
1629 2690 1694 2746 et
1735 2704 1813 2747 ex
1836 2692 2040 2767 parte,
2071 2686 2181 2747 Pa·-

618 2777 753 2838 lud.
774 2776 1037 2850 ibidem,
1071 2794 1133 2857 q.
1184 2780 1245 2853 2,
1278 2782 1395 2839 art.
1424 2780 1486 2853 2,
1525 2778 1593 2838 in
1626 2778 1891 2841 dubium
1917 2780 2039 2841 hoc
2081 2796 2181 2841 re·

618 2877 867 2946 vocent,
886 2870 1249 2951 simpliciter
1262 2877 1478 2933 tamen
1498 2888 1734 2953 negare
1754 2890 1885 2935 non
1912 2873 2174 2936 audent.

618 2966 695 3028 Et
713 2966 893 3041 ratic,
918 2982 1061 3045 quae
1090 2982 1195 3027 eos
1221 2965 1305 3026 ad
1332 2966 1743 3029 dubitandum
1770 2967 1990 3042 movit,
2017 2966 2179 3027 diffi-

622 3060 755 3122 cilis
793 3078 921 3121 non
971 3066 1083 3137 est,
1123 3064 1191 3121 ut
1229 3062 1436 3121 statim
1484 3061 1833 3123 ostendam.
1866 3063 1935 3123 In
1977 3061 2178 3141 expli-

626 3154 828 3216 cando
859 3160 1068 3216 autem
1079 3153 1269 3215 modo
1282 3154 1473 3233 hujus
1491 3154 1885 3235 inceptionis,
1904 3154 2180 3217 nonnul-

618 3248 682 3309 la
725 3252 822 3309 est
874 3246 1205 3309 diversitas
1232 3265 1251 3311 ε
1302 3266 1449 3309 nam
1504 3248 1809 3311 Alexand.
1848 3248 2088 3322 Aleae„
2137 3250 2174 3309 3

620 3358 791 3420 p.,q.
818 3344 917 3417 16,
938 3339 1175 3403 memb.
1203 3344 1263 3417 2,
1296 3360 1355 3402 a.
1376 3344 1434 3414 1,
1466 3341 1614 3403 dicit
1645 3341 1934 3403 meritum
1955 3340 2180 3405 Christi

618 3432 925 3514 incepisse
951 3434 1018 3493 in
1046 3433 1151 3494 illo
1196 3435 1473 3508 instanti,
1502 3438 1746 3496 tantum
1792 3436 2174 3508 extrinsece3

618 3526 767 3606 quia
790 3526 859 3587 in
894 3526 998 3589 illo
1038 3526 1294 3589 instanti
1322 3528 1603 3590 Christus
1650 3546 1780 3589 non
1826 3528 2080 3603 meruit,
2111 3530 2177 3589 et

620 3620 987 3683 immediate
1026 3626 1171 3702 post
1206 3621 1361 3683 illud
1396 3622 1645 3684 meruit.
1693 3622 1893 3695 Quam
1922 3628 2181 3684 senten-

618 3714 771 3777 tiam
799 3732 929 3775 non
974 3714 1181 3775 solum
1222 3715 1471 3791 falsam,
1502 3713 1615 3776 sed
1658 3716 1847 3777 etiam
1884 3716 2182 3796 impossi-

620 3808 813 3869 bilem
844 3806 1199 3869 existimant
1250 3808 1482 3870 Mat-sil.
1514 3814 1575 3871 et
1603 3808 1729 3870 alii.
1770 3808 1897 3871 Sed
1924 3826 2008 3869 an
2037 3826 2182 3888 pos-

621 3900 799 3962 sibile
830 3900 909 3962 sit
936 3906 1147 3963 actum
1178 3902 1627 3963 immanentem
1648 3920 1763 3963 seu
1786 3902 2180 3963 meritorium

618 3994 723 4054 illo
758 3994 945 4055 modo
977 3993 1279 4074 incipere,
1306 3995 1741 4075 philosophica
1764 3996 1972 4075 potius
1993 4012 2183 4073 quam

620 4087 977 4167 theologica
999 4089 1425 4151 controversia
1446 4094 1565 4163 est,
1584 4094 1650 4150 et
1666 4089 1809 4150 ideo
1829 4088 2000 4149 illam
2025 4106 2182 4167 prae-

624 4181 892 4243 tex-mitto
912 4229 929 4255 ‚
965 4198 1327 4260 quanquam
1351 4181 1567 4260 judico
1588 4182 1845 4243 minime
1871 4198 2181 4261 repugna-

620 4292 711 4335 re.
748 4274 1063 4351 Quidquid
1090 4280 1306 4337 tamen
1337 4275 1413 4336 de
1441 4276 1857 4355 possibilitate
1910 4278 2011 4351 sit,
2043 4277 2180 4339 sine

622 4368 753 4429 ullo
784 4374 999 4429 tamen
1036 4368 1448 4430 fundamento
1466 4370 1570 4430 vel
1608 4369 2046 4449 probabilitate
2075 4372 2183 4431 tri-

622 4461 837 4523 buitur
866 4461 1011 4522 talis
1036 4460 1265 4523 modus
1286 4461 1657 4541 inceptionis
1678 4463 1899 4523 merito
1916 4462 2140 4525 Christi
2161 4481 2178 4537 ς

626 4554 775 4633 quia
806 4572 951 4615 cum
982 4561 1159 4615 actus
1184 4554 1547 4617 meritorius
1574 4556 1639 4616 in
1674 4555 1933 4617 instanti
1965 4554 2184 4635 perfici

622 4649 847 4729 possit,
880 4646 932 4709 si
958 4647 1163 4727 potuit
1184 4647 1459 4712 Christus
1482 4648 1779 4711 inchoare
1818 4668 2004 4711 suum
2047 4666 2184 4712 me-

622 4742 813 4804 ritum
836 4742 1047 4803 statim
1070 4747 1213 4821 post
1242 4743 1713 4821 conceptionem
1754 4760 1957 4817 suam,
1981 4742 2186 4823 potuit

630 4836 821 4898 etiam
848 4838 911 4897 in
958 4838 1096 4916 ipso
1150 4837 1405 4897 instanti
1432 4837 1883 4917 conceptionis,
1920 4856 2050 4899 non
2081 4856 2181 4900 ex-

622 4929 896 4991 trinsece
924 4936 1192 5002 tantum,
1216 4930 1327 4991 sed
1350 4929 1711 5007 intrinsece,
1736 4930 2066 4993 efficiendo
2087 4948 2186 4993 ac-

624 5028 761 5086 tum
786 5023 853 5084 in
881 5024 987 5085 illo
1010 5024 1301 5097 instanti3
1330 5023 1477 5103 quia
1508 5024 1763 5102 quando
1784 5027 2066 5105 operatio
2095 5030 2188 5089 est

624 5124 1093 5192 momentanea,
1128 5136 1257 5179 non
1286 5122 1531 5195 oportet
1566 5123 1633 5179 ut
1660 5119 1737 5180 sit
1758 5124 2040 5199 tempore
2067 5135 2179 5180 seu

628 5210 958 5272 duratione
984 5212 1291 5290 posterior
1318 5228 1511 5290 quam
1540 5229 1653 5273 sua
1683 5230 1891 5275 causa.

709 5304 768 5364 3.
814 5304 1114 5375 Quocirca
1139 5304 1473 5366 dicendum
1502 5312 1596 5368 est
1618 5308 1841 5385 prim0,
1868 5304 2188 5369 Christum

628 5398 963 5459 Dominum
1002 5399 1339 5460 intrinsece
1368 5398 1681 5479 incepisse
1727 5401 1958 5463 mereri
1998 5418 2038 5462 a
2062 5399 2191 5480 pri-

630 5506 735 5550 mo
776 5490 1031 5553 instanti
1082 5491 1530 5555 incarnationis
1578 5510 1728 5569 suae,
1760 5494 1843 5557 ita
1867 5500 1935 5557 ut
1965 5494 2029 5557 in
2078 5493 2187 5555 illo

1834 307 2070 371 QUAET.
2105 307 2234 364 xlx.
2269 309 2474 369 An‘rm.
2509 314 2598 369 111.

2259 410 2518 475 instanti
2543 414 2840 478 habuerit
2861 416 3209 496 perfectum
3255 423 3539 491 meritum.
3560 434 3626 497 Ita
3651 442 3684 499 ῃ

2261 506 2532 571 Thomas
2556 508 2742 583 infra,
2773 527 2836 588 q.
2869 513 2970 586 34,
2993 530 3052 572 a.
3083 514 3147 585 3,
3179 512 3322 575 etin
3343 518 3409 591 3,
3436 518 3554 585 dist.
3583 491 3698 613 1th

2264 599 2474 674 unica,
2501 620 2562 665 a.
2588 604 2650 676 3,
2679 602 2790 665 ubi
2815 604 3111 685 Magister
3133 605 3306 669 idem
3325 608 3512 689 docet,
3527 626 3576 679 et
3599 640 3704 688 com.

2263 696 2540 757 munitet
2588 698 2890 778 Theologi
2919 717 2938 773 ς
2981 701 3326 765 Bonavent.
3348 720 3370 773 ;
3388 714 3499 767 art.
3523 713 3570 785 1,
3593 730 3636 793 q.
3657 724 3701 785 {2

2255 787 2547 851 Richard.
2572 836 2594 867 ,
2621 797 2742 853 art.
2777 794 2838 868 1,
2887 811 2950 873 q.
2979 798 3053 867 Ως
3101 795 3296 873 Scot„
3329 797 3502 861 Gabr.
3533 813 3584 865 et
3611 811 3702 880 ψῃ

2255 881 2598 963 Marsil.,q.
2621 888 2722 959 12,
2749 892 2870 947 art.
2887 889 2952 963 1,
2969 888 3168 950 conci.
3191 892 3247 952 t.
3281 888 3707 978 Etcolligipoim

2255 992 2336 1037 ex
2363 976 2446 1037 ad
2475 978 2632 1041 Heb.
2667 980 2767 1054 10,
2793 979 2902 1041 ubi
2921 981 3215 1058 citantur,
3241 988 3308 1045 et
3331 983 3411 1047 de
3437 984 3626 1053 Christo
3645 1016 3708 1061 ex.

2255 1077 2580 1149 ponuntur
2597 1073 2789 1135 verba
2827 1074 2988 1139 Psal.
3023 1076 3140 1139 39:
3171 1077 3468 1143 Hostiam
3485 1086 3710 1151 numio-

2255 1182 2388 1229 ηοω
2421 1166 2706 1243 noluisti,
2748 1185 2970 1251 corpu
3025 1176 3230 1235 autem
3277 1173 3562 1254 mptum
3593 1186 3708 1249 nui

2258 1275 2456 1338 usque
2503 1260 2585 1323 ad
2611 1260 2809 1323 illud:
2839 1263 2930 1326 12⁸
2971 1263 3168 1343 capito
3209 1265 3366 1328 libr-2·
3395 1272 3640 1349 mimum
3661 1288 3710 1339 ess

2257 1355 2328 1417 do
2346 1371 2458 1429 mo,
2481 1360 2552 1419 ut
2577 1357 2804 1430 faciam
2823 1356 3033 1435 (Dm)
3063 1357 3432 1425 volumem
3449 1370 3589 1427 taam
3601 1392 3616 1438 ;
3629 1388 3710 1447 qus

2256 1449 2449 1511 verba
2497 1449 2704 1529 inquit
2747 1448 2978 1513 Paulus
3005 1451 3242 1515 dixisse
3269 1451 3559 1517 Christum
3577 1462 3712 1541 ingre-

2255 1543 2534 1608 dientem
2553 1544 2886 1609 mundum.
2921 1547 2997 1608 Et
3021 1548 3365 1625 concludit,
3391 1549 3456 1611 iu
3483 1566 3547 1613 ea
3575 1554 3714 1619 volun-

2257 1643 2382 1701 tate
2414 1656 2534 1701 nos
2567 1656 2707 1700 esse
2738 1640 3202 1721 sanctificatos3
3232 1642 3546 1722 ingressus
3581 1656 3715 1713 auten

2255 1730 2479 1795 Christi
2525 1732 2593 1795 in
2641 1733 2954 1795 mundum
3003 1753 3147 1797 esse
3187 1736 3542 1818 intelligitur
3565 1742 3616 1802 in
3635 1745 3714 1823 ips:

2255 1827 2460 1889 carnis
2513 1828 2962 1907 assumptione,
2991 1834 3062 1892 ut
3107 1836 3286 1892 recte
3317 1830 3573 1895 Anselm.
3605 1844 3652 1896 et
3675 1840 3714 1899 Β.

2254 1922 2527 1982 Thomas
2573 1928 3018 2002 exposuerunt,
3043 1923 3228 2002 juxta
3276 1924 3434 1986 illud
3469 1928 3714 1995 Joamss:

2261 2013 2458 2081 Exivi
2487 2031 2526 2079 a
2553 2016 2766 2090 Patro,
2795 2018 2852 2081 et
2877 2015 3011 2081 veni
3033 2018 3104 2079 in
3123 2017 3440 2094 mundum,
3465 2022 3638 2100 utique
3655 2044 3713 2103 pa

2257 2108 2782 2185 incarnationem,
2799 2126 2914 2189 per
2930 2127 3126 2189 quam
3143 2111 3374 2175 dieitur
3389 2114 3716 2195 primoyeuitu

2258 2202 2563 2267 introduci
2599 2204 2671 2267 in
2709 2204 2906 2269 orbem
2944 2212 3276 2283 terrarum,
3309 2207 3398 2270 ad
3419 2208 3560 2270 Eeb.
3583 2215 3626 2271 t.
3647 2214 3718 2289 Ιςῐ-

2259 2303 2364 2359 tur
2387 2298 2458 2358 in
2483 2297 2621 2378 ipso
2645 2298 2962 2377 ingressu,
2975 2306 3164 2379 atque
3187 2302 3354 2365 adeo
3375 2301 3438 2362 in
3467 2304 3582 2383 ipso
3602 2322 3718 2383 punt.

2256 2395 2322 2451 to
2361 2390 2812 2455 incarnationis
2831 2436 2847 2467 ,
2877 2393 3102 2457 habuit
3147 2393 3438 2459 Christus
3483 2398 3719 2461 voluntatis

2259 2489 2472 2547 actum
2501 2485 2582 2546 ad
2609 2492 2890 2551 nostram
2917 2488 3476 2553 sanctificationem
3513 2491 3719 2553 sufficien-

2260 2584 2412 2654 tem,
2455 2584 2645 2659 atque
2685 2581 2844 2643 adeo
2878 2583 3296 2649 meritorium.
3327 2585 3576 2647 Ratione
3607 2588 3718 2647 etiam

2262 2673 2546 2735 convinci
2572 2680 2800 2754 potest,
2832 2678 2982 2757 quia
3021 2677 3088 2739 in
3117 2678 3328 2758 primo
3363 2679 3610 2755 instanti,
3629 2682 3720 2743 sicut

2261 2768 2484 2831 habuit
2511 2775 2723 2831 actum
2749 2770 3012 2835 visionis
3035 2772 3262 2850 beatae,
3295 2772 3390 2835 ita
3407 2774 3588 2853 potuit
3607 2775 3720 2836 hube-

2261 2878 2332 2925 re
2361 2868 2570 2925 actum
2617 2865 2894 2927 scientias
2933 2866 3162 2937 infusae
3185 2867 3286 2949 (de
3317 2885 3445 2947 quo
3473 2868 3592 2929 sine
3607 2886 3720 2929 causa

2257 2957 2505 3019 dubitat
2529 2958 2914 3037 Durandus),
2947 2960 3096 3039 quia
3123 2961 3188 3021 in
3211 2980 3342 3022 usu
3359 2962 3522 3023 illius
3541 2963 3720 3023 scientia

2257 3069 2390 3113 non
2438 3050 2756 3131 pendebat
2781 3072 2822 3113 a
2855 3071 3154 3135 corpore,
3185 3072 3408 3136 neque
3445 3074 3480 3117 a
3521 3056 3721 3137 phanta-

2259 3145 2554 3219 matibus‚
2585 3164 2794 3227 neque
2833 3148 3124 3211 discursu
3161 3150 3409 3229 aliquo,
3441 3168 3622 3229 neque
3639 3168 3721 3211 sue-

2259 3239 2544 3303 cessione
2575 3242 2876 3321 temporis
2895 3286 2918 3318 ,
2943 3247 3016 3305 ut
3061 3260 3280 3321 supra,
3311 3261 3376 3323 q.
3413 3247 3510 3317 11,
3537 3244 3636 3304 late
3667 3262 3722 3304 os·

2262 3337 2509 3395 tensum
2548 3339 2678 3407 θεῖς
2713 3352 2862 3415 ergo
2893 3336 3100 3415 potuit
3125 3336 3190 3397 in
3219 3337 3724 3399 eodeminstantili·

2261 3425 2482 3489 herum
2517 3432 2728 3489 actum
2745 3428 3086 3493 voluntatis
3117 3430 3355 3495 elicere
3377 3432 3536 3493 circa
3569 3431 3724 3509 ohJ'ecu

2261 3536 2377 3599 per
2402 3520 2574 3581 illam
2612 3521 2938 3585 scientiam
2979 3530 3453 3602 reproesentata.
3489 3524 3724 3603 itaquae

2262 3620 2410 3675 actu
2441 3614 2862 3679 consideravit
2880 3617 2988 3677 Dei
3017 3617 3400 3695 bonitatem,
3427 3625 3488 3680 et
3514 3617 3722 3679 beneficii

2261 3724 2388 3769 suae
2433 3707 2814 3771 humanitati
2841 3710 3090 3787 collata,
3121 3711 3328 3791 potuit
3356 3713 3527 3773 illum
3551 3730 3616 3773 ex
3639 3712 3723 3770 cha-

2262 3801 2447 3863 ritate
2488 3802 2687 3864 libere
2715 3802 3002 3882 diligere,
3031 3804 3220 3883 eique
3246 3806 3480 3885 gratias
3511 3822 3672 3884 agere,
3691 3820 3722 3861 εε

2262 3894 2564 3970 similiter,
2591 3896 3030 3974 cognoscendo
3050 3898 3444 3961 voluntatem
3459 3898 3624 3961 Patris
3643 3912 3724 3957 ese

2263 3994 2334 4051 ut
2371 4004 2438 4051 se
2465 3988 2534 4049 in
2558 3995 2826 4051 mortem
2857 4008 2972 4069 pro
3013 3990 3454 4071 redemptione
3492 3991 3722 4053 hominum

2263 4080 2546 4156 offerret,
2580 4082 2784 4162 potuit
2831 4084 3040 4146 statim
3091 4084 3354 4148 obedire
3378 4132 3399 4162 ,
3439 4080 3722 4163 acceptanda

2261 4182 2552 4252 mortem,
2582 4194 2658 4239 ac
2697 4176 3051 4241 voluntarie
3085 4196 3152 4241 se
3181 4198 3298 4259 pro
3352 4174 3724 4241 hominihusof-

2262 4268 2547 4332 t‘erendo.
2579 4272 2787 4333 Posita
2819 4272 2988 4335 enim
3031 4274 3096 4334 in
3125 4273 3452 4335 intellectu
3495 4269 3722 4333 sufficienti

2265 4364 2523 4427 scientia
2551 4371 2609 4428 et
2633 4364 2894 4444 judicic,
2919 4366 3212 4429 voluntas
3249 4384 3382 4429 non
3425 4366 3624 4445 indiget
3643 4380 3724 4422 sur-

2263 4458 2545 4521 cessione
2566 4460 2866 4539 temporis
2893 4460 2972 4523 ad
2991 4459 3190 4523 libere
3216 4458 3637 4523 modumve}
3659 4456 3724 4516 eli-

2263 4552 2542 4630 gendum
2565 4572 2582 4625 ς
2613 4554 2817 4634 potuit
2845 4572 2997 4634 ergo
3025 4552 3309 4617 Christus
3341 4554 3554 4617 mereri
3577 4552 3626 4612 ia
3653 4548 3708 4626 pri

2264 4662 2368 4706 mo
2394 4646 2686 4720 instanti3
2727 4664 2878 4726 ergo
2909 4648 3162 4709 meruit.
3191 4647 3494 4711 Probatur
3523 4646 3630 4708 haec
3641 4642 3722 4703 ulti-

2263 4757 2369 4801 ma
2411 4740 2886 4818 consequentia,
2915 4745 3054 4803 tum
3080 4740 3233 4821 quia
3277 4741 3452 4821 quod
3489 4737 3722 4820 perfectius

2266 4838 2382 4911 est,
2425 4833 2668 4897 Christo
2709 4838 2807 4897 est
2843 4832 3292 4910 tribuendum3
3345 4834 3636 4916 perfectius
3659 4845 3720 4889 an·

2264 4933 2393 4991 tem
2415 4932 2516 4991 est
2563 4944 2810 5008 semper
2849 4946 2989 4991 esse
3023 4929 3093 4991 iu
3125 4934 3272 4991 actu
3300 4928 3578 4999 secundo,
3601 4936 3720 5003 quam

2267 5020 2331 5086 in
2383 5022 2516 5083 solo
2571 5027 2718 5085 actu
2751 5022 2980 5101 primo,
3002 5027 3074 5085 ut
3115 5040 3235 5101 per»
3271 5039 3344 5087 se
3385 5024 3618 5089 constan
3639 5022 3718 5076 tum

2273 5115 2463 5177 etiam
2494 5114 2642 5194 quia
2671 5115 2944 5178 habebat
2974 5132 3290 5179 summam
3313 5115 3554 5197 gratiam
3575 5106 3720 5209 impe}-

2270 5207 2505 5269 lentem
2533 5208 2920 5269 voluntatem
2949 5209 3088 5289 ejus
3117 5209 3203 5271 ad
3232 5206 3564 5289 hujusmodi
3600 5216 3718 5265 men-

2267 5310 2424 5379 tum,
2464 5307 2526 5364 et
2553 5302 2711 5364 nihil
2737 5308 2872 5365 erat
2893 5303 3062 5383 quod
3093 5320 3236 5365 eam
3271 5302 3612 5369 retardarem
3633 5302 3714 5353 tum

2269 5397 2546 5477 denique
2571 5396 2718 5475 quia
2746 5396 2966 5475 Augeli
3004 5396 3121 5457 bac
3160 5396 3400 5460 ratione
3429 5412 3548 5457 sese
3578 5386 3713 5451 statim

2269 5492 2333 5555 iu
2353 5490 2554 5572 primo
2582 5488 2838 5555 instanti
2863 5489 3198 5555 creationis
3223 5506 3354 5555 suae
3384 5482 3712 5553 oon-emerunt
