3892 6167
1280 436 1601 493 ntsrnrn.
1634 436 1811 491 xxxi.
1846 436 2018 491 SECT.
2051 436 2137 489 vl.

78 522 219 589 fere
252 528 541 594 definitio
570 548 775 592 causae
818 528 1333 607 instrumentalis,
1372 542 1441 597 ut
1469 552 1656 615 supra

80 622 327 685 tactum
365 630 483 687 est.
512 624 587 687 Et
628 624 1053 698 confirmatur,
1086 628 1233 705 quia
1254 628 1351 689 hae
1366 629 1661 709 potentiae

84 710 151 773 iu
184 716 555 797 huiusmodi
578 718 823 781 actione
876 736 1004 780 non
1042 720 1277 783 habent
1328 722 1662 783 limitatum

86 813 464 889 terminum,
501 814 615 876 sed
642 816 805 876 ultra
834 832 1089 877 omnem
1116 817 1381 895 gradum
1425 816 1489 878 in
1528 816 1667 877 inti·

90 904 301 967 nitum
338 912 603 989 possunt
644 906 846 987 magis
876 914 939 970 et
979 910 1181 991 magis
1212 912 1519 991 perfectos
1568 928 1665 971 ac·

92 1004 201 1061 tus
232 1000 487 1077 elicere,
532 1002 633 1063 vel
678 1001 1026 1064 secundum
1080 1006 1377 1083 speciem,
1426 1005 1527 1065 vel
1570 1022 1669 1065 se-

108 1096 385 1159 cuudum
414 1096 875 1171 intensionem3
911 1116 1061 1179 ergo
1092 1100 1342 1179 signum
1392 1106 1487 1160 est
1534 1116 1665 1159 nou

117 1208 299 1270 agere
326 1198 399 1252 ut
423 1190 801 1271 principales
820 1191 1101 1266 virtuteS,
1134 1210 1343 1271 neque
1366 1193 1663 1272 integraS,

118 1302 318 1363 neque
360 1284 689 1364 partiales3
740 1285 886 1361 quia
939 1284 1006 1346 in
1058 1286 1230 1347 omni
1280 1287 1505 1347 virtute
1553 1302 1667 1345 sua

122 1378 434 1459 principali
471 1378 743 1439 limitatae
772 1380 939 1452 sunt,
972 1380 1130 1441 sieut
1166 1385 1226 1441 et
1276 1380 1337 1440 in
1394 1380 1667 1440 essentia

138 1480 195 1534 et
218 1472 599 1553 perfectione.
657 1470 859 1550 Atque
896 1472 1043 1534 hinc
1080 1480 1539 1551 consequenter
1572 1476 1666 1533 est

144 1568 465 1631 necessario
496 1564 834 1627 dicendum
862 1566 1000 1628 haec
1029 1567 1154 1629 duo
1185 1586 1309 1629 non
1340 1567 1667 1629 includere

151 1666 295 1727 inter
318 1680 377 1724 se
399 1661 899 1741 repugnantiam,
949 1661 1213 1739 scilieet,
1252 1680 1439 1740 agere
1474 1662 1671 1723 vitali-

154 1766 261 1827 ter,
289 1764 345 1818 et
366 1754 947 1833 instrumentaliter3
979 1754 1125 1835 quia
1168 1763 1405 1817 certum
1442 1762 1535 1817 est
1558 1756 1672 1817 has

158 1851 435 1934 potentias
459 1848 638 1909 iubis
677 1848 919 1909 actibus
958 1848 1132 1910 vitali
1178 1849 1367 1910 modo
1398 1848 1667 1928 operari.

158 1946 313 2019 Quod
332 1948 526 2004 autem
570 1940 675 2002 illa
704 1940 830 2003 duo
858 1959 989 2003 non
1038 1948 1415 2023 repugnent,
1446 1942 1673 2023 proba-

159 2048 249 2104 tur
270 2040 469 2119 primo,
501 2036 649 2116 quia
688 2054 895 2115 neque
938 2036 1000 2097 in
1036 2036 1306 2115 propriis
1362 2036 1674 2098 definitio-

164 2134 319 2195 nibus
345 2130 873 2209 seu·conceptibus
898 2128 1225 2191 involvunt
1264 2130 1426 2193 inter
1456 2150 1521 2191 se
1572 2148 1674 2193 re-

172 2226 549 2309 pugnantiam,
578 2242 787 2303 neque
816 2224 1024 2303 aliqua
1049 2223 1172 2285 alia
1194 2226 1341 2285 satis
1366 2225 1673 2305 probabili

168 2322 373 2382 ratione
400 2322 695 2379 hactenus
728 2324 976 2378 ostensa
1008 2324 1123 2379 est.
1162 2320 1341 2379 Ratio
1376 2318 1540 2379 enim
1576 2334 1675 2377 ac-

168 2422 248 2476 tus
268 2414 451 2475 vitalis
478 2412 678 2473 solum
720 2412 783 2471 in
812 2412 933 2472 hoc
989 2411 1291 2482 consistit,
1342 2416 1411 2471 ut
1456 2430 1675 2493 proce-

174 2508 307 2570 data
332 2506 593 2587 proximo
624 2510 685 2566 et
722 2505 974 2565 radicali
1006 2504 1309 2584 principio
1338 2506 1499 2580 vitae,
1534 2506 1675 2567 tali-

178 2610 259 2663 ter
280 2609 339 2661 ut
364 2602 685 2680 ipsummet
702 2599 1073 2679 principium
1094 2598 1431 2659 informare
1454 2600 1616 2681 possi
1626 2604 1670 2671 t,

181 2700 227 2756 et
249 2696 299 2754 in
322 2692 518 2753 ultimo
544 2698 685 2753 actu
721 2694 1139 2764 constituere3
1174 2691 1286 2753 sed
1304 2692 1425 2753 hoc
1474 2698 1674 2752 totum

176 2788 465 2849 consistere
512 2792 715 2867 potest
744 2804 887 2847 cum
928 2786 1069 2859 hoc,
1130 2784 1299 2864 quod
1346 2786 1680 2865 ipsummet

172 2882 408 2943 radicale
444 2886 504 2942 et
530 2882 887 2961 proximum
946 2880 1321 2959 principium
1352 2882 1540 2941 etiam
1595 2882 1681 2942 vi-

172 2982 255 3050 tm,
299 2976 555 3055 quamvis
598 2992 715 3055 per
745 2990 921 3035 suam
974 2974 1301 3035 entitatem
1341 2974 1562 3035 influat
1614 2974 1679 3036 in

170 3076 372 3144 actum,
394 3086 509 3129 non
531 3076 741 3129 antem
771 3067 1163 3129 connaturali
1194 3066 1407 3145 modo,
1440 3086 1556 3129 nec
1584 3086 1678 3129 se-

170 3162 409 3223 cundum
454 3160 799 3223 naturalem
850 3162 1341 3243 proportionem,
1390 3180 1509 3222 nec
1566 3180 1679 3243 per

168 3272 498 3316 concursum
544 3262 781 3316 naturae
827 3254 1130 3326 debitum,
1173 3272 1313 3335 quae
1363 3256 1677 3316 sufficiunt

165 3351 234 3409 ad
268 3350 548 3411 rationem
566 3348 965 3410 instrumenti
994 3366 1183 3428 3ergo
1214 3366 1341 3409 nou
1370 3356 1679 3429 repugnat

164 3442 415 3502 activitas
434 3441 914 3504 instrumentalis
944 3460 1085 3503 cum
1134 3442 1328 3505 vitali.
1374 3442 1551 3505 Unde
1584 3460 1681 3503 ar-

158 3540 463 3612 gumentor
478 3535 771 3609 secunde,
799 3554 943 3596 nam
962 3535 1306 3615 potiusboc
1333 3540 1570 3615 spectat
1599 3536 1679 3597 ad

159 3628 640 3707 omnipotentiam
688 3628 819 3701 Dei,
858 3636 929 3689 ut
956 3646 1337 3708 unaquaque
1394 3636 1679 3689 creatura

160 3722 339 3798 possit
375 3719 459 3782 uti
482 3728 545 3783 ut
576 3723 1009 3797 instrumente,
1066 3722 1255 3783 modo
1312 3722 1398 3783 illi
1432 3740 1677 3784 accom-

162 3816 410 3891 modato,
438 3816 497 3877 id
526 3820 641 3889 est,
675 3817 862 3878 rebus
878 3817 1007 3878 vita
1037 3818 1419 3891 carentihuS,
1448 3824 1517 3877 ut
1547 3818 1677 3879 ina-

156 3906 384 3970 nimatis
402 3908 857 3985 instrumentis;
890 3912 1099 3971 anima
1128 3926 1276 3972 vero
1302 3918 1364 3971 et
1382 3910 1675 3991 potentiis

148 4000 298 4078 ejus,
334 4010 394 4063 ut
418 4004 702 4065 vitalibus
744 4002 1192 4065 instrumentis.
1252 4004 1429 4067 Unde
1460 4002 1677 4065 Conci·-

140 4093 288 4154 lium
314 4096 755 4171 Tridentinnm,
782 4116 932 4160 seso.
958 4100 1017 4173 6,
1052 4116 1188 4159 can.
1231 4104 1296 4173 4,
1328 4096 1547 4159 defluit
1564 4098 1675 4161 ho-

140 4188 363 4250 miuem
386 4192 448 4251 in
472 4192 563 4252 his
586 4194 827 4254 actibus
854 4210 967 4273 per
1004 4194 1321 4273 potentias
1371 4208 1515 4253 suas
1544 4210 1671 4253 non

134 4300 493 4346 concurrere
528 4294 767 4348 tantum
805 4284 1189 4367 recipiendO,
1236 4284 1349 4347 sed
1397 4284 1669 4363 agend0‚

137 4374 273 4451 quia
302 4394 426 4437 non
446 4394 507 4439 se
540 4378 728 4439 habet
752 4378 912 4439 sicut
936 4378 1211 4439 inanime
1241 4378 1555 4459 quoddam
1579 4379 1671 4437 ni-

134 4465 215 4525 hil
235 4470 483 4531 omnino
512 4488 744 4551 agens;
782 4490 929 4551 ergo
956 4470 1297 4535 Concilium
1325 4470 1477 4533 nihil
1505 4469 1673 4533 aliud

132 4562 406 4639 requirit,
442 4565 555 4625 nisi
599 4564 767 4644 quod
804 4573 952 4645 agat
980 4566 1324 4625 sufficiente
1374 4564 1561 4625 modo
1592 4561 1673 4625 ad

136 4660 331 4715 actum
356 4658 518 4732 vitae,
550 4659 678 4719 sive
702 4664 772 4718 ut
794 4658 1159 4739 principale,
1191 4658 1317 4719 sive
1341 4664 1411 4718 ut
1443 4658 1673 4719 instru-

124 4750 397 4811 mentale
420 4752 787 4832 principium
810 4758 1125 4831 operetur.

207 4844 554 4919 asistente,
589 4850 685 4905 est
708 4842 1366 4917 similiterdicendum,
1398 4846 1529 4905 haec
1545 4842 1670 4905 duo

134 4952 251 4995 non
274 4956 644 5018 repugnare,
678 4938 933 5011 scilicet,
970 4956 1157 5019 agere
1182 4936 1673 5000 instrumentali-

140 5034 245 5101 ter,
269 5037 325 5092 et
344 5032 561 5109 libere,
587 5032 734 5112 quia
767 5038 1004 5093 certum
1020 5032 1095 5093 de
1113 5032 1235 5092 fide
1266 5040 1361 5095 est
1385 5032 1673 5094 volunta-

144 5126 255 5182 tem
284 5124 464 5186 iubis
494 5126 737 5187 actibus
786 5126 981 5187 libere
1032 5126 1299 5205 operari,
1344 5135 1406 5188 et
1458 5132 1672 5187 tamen

146 5233 243 5276 nos
264 5216 523 5280 dicimus
552 5218 802 5299 operari
852 5226 917 5279 ut
952 5220 1469 5293 instrumentum;
1524 5236 1675 5299 ergo

152 5320 367 5389 oportet
398 5312 629 5385 dicere,
678 5312 839 5374 sicut
872 5318 1075 5393 potest
1131 5312 1265 5373 dari
1292 5314 1677 5374 instrumen—

150 5409 259 5464 tum
284 5406 485 5480 vitale‚
514 5406 603 5467 ita
628 5414 689 5467 et
714 5404 849 5467 dari
871 5422 1053 5485 posse
1084 5406 1567 5469 instrumentum
1598 5408 1676 5467 li-

153 5494 343 5561 berum
370 5520 385 5573 ;
422 5502 543 5562 hoc
599 5506 811 5562 autem
865 5498 1105 5561 eisdem
1136 5500 1481 5563 rationibus
1535 5518 1679 5561 eum

156 5596 519 5675 proportione
542 5594 867 5674 applicatis
888 5592 1135 5658 suaderi
1150 5600 1376 5676 potest.
1406 5596 1503 5673 Et,
1537 5612 1681 5675 sup·

3189 434 3303 496 ΗἿ

1739 534 1939 617 posito
1965 532 2354 615 praecedente
2380 536 2637 615 punctO,
2678 538 2885 615 potest
2914 534 3206 599 facillime
3239 541 3308 599 in

1744 628 1909 690 hune
1951 628 2208 689 modum
2245 627 2591 689 declarari:
2629 646 2776 689 nam
2821 629 3308 695 instrumentum

1742 722 2012 783 liberum
2037 741 2230 803 ‚supra
2253 722 2440 783 vitale
2470 723 2675 784 solum
2719 722 2894 783 addit
2943 724 3307 787 facultatem

1746 818 1825 878 ad
1854 835 1981 877 non
2003 816 2378 877 eliciendum
2413 822 2648 893 actum,
2675 816 2775 877 vel
2805 817 2886 877 ad
2927 817 3310 879 eliciendum

1744 916 1956 971 actum
1992 910 2418 987 contrarium3
2471 910 2608 971 haec
2659 917 2870 971 autem
2921 911 3206 985 facultaS‚
3242 916 3312 973 ut

1748 1022 1935 1083 supra
1973 1002 2122 1077 dixi,
2155 1020 2294 1063 esse
2323 1006 2528 1085 potest
2554 1004 2616 1064 in
2645 1004 2927 1085 potentia
2949 1022 3025 1065 ex
3059 1004 3310 1085 propria

1746 1100 1996 1174 virtute,
2031 1106 2094 1160 et
2139 1098 2584 1173 connaturaliS,
2632 1100 2920 1177 quamvis
2975 1100 3170 1161 virtus
3229 1098 3312 1159 ad

1750 1192 2126 1253 eliciendum
2153 1198 2363 1255 actum
2385 1192 2927 1273 supernaturalem
2955 1192 3032 1253 sit
3063 1196 3312 1253 tantum

1750 1288 2186 1348 obedientialis
2217 1294 2280 1349 et
2313 1286 2848 1359 instrumentalis3
2883 1305 3032 1366 ergo
3081 1287 3314 1367 optime

1749 1380 2117 1457 intelligitur
2141 1398 2326 1460 posse
2352 1381 2739 1441 voluntatem
2769 1398 2908 1443 esse
2939 1381 3316 1441 instrumen-

1752 1480 1879 1537 tum
1915 1476 2183 1536 liberum
2215 1474 2296 1535 ad
2317 1475 2592 1551 aliquem
2623 1480 2858 1549 actum,
2901 1476 3199 1553 quoniam
3229 1474 3317 1534 ita

1750 1575 1956 1651 potest
1982 1568 2160 1629 illum
2199 1570 2426 1631 elicere
2465 1588 2542 1629 ex
2595 1568 2792 1647 gratia
2825 1568 2955 1644 Dei,
2999 1576 3060 1631 et
3090 1574 3159 1630 ut
3193 1568 3317 1627 ins-

1750 1670 2139 1726 trumentum
2170 1664 2327 1743 ejus,
2361 1668 2430 1725 ut
2457 1668 2670 1725 tamen
2699 1664 2895 1745 possit
2923 1663 3172 1745 propria
3194 1663 3317 1721 vir-

1752 1764 1882 1821 tute
1904 1758 2086 1818 illum
2105 1776 2234 1819 non
2268 1757 2502 1833 facere,
2531 1757 2631 1819 vel
2673 1758 2862 1819 etiam
2905 1757 3130 1817 elicere
3162 1774 3312 1817 con-

1752 1854 2016 1913 trarium
2050 1859 2260 1912 actum
2302 1851 2406 1931 qui
2433 1870 2606 1913 mere
2633 1850 2938 1911 naturalis
2973 1850 3089 1910 erit
3114 1865 3134 1925 ;
3165 1864 3316 1927 ergo

1754 1948 1912 2010 ratio
1965 1946 2366 2007 instrumenti
2401 1945 2583 2006 liberi
2636 1945 2868 2025 optime
2920 1942 3310 2021 intelligitur,

1758 2042 2084 2121 supposita
2123 2041 2364 2101 ratione
2403 2039 2609 2101 vitalis
2648 2038 3071 2113 instrumenti,
3096 2036 3159 2096 in
3207 2054 3323 2114 po-

1758 2136 1952 2195 tentia
1980 2136 2058 2195 de
2096 2154 2162 2195 se
2189 2134 2420 2208 libera,
2454 2152 2592 2213 quae
2624 2132 2706 2193 ita
2747 2131 2970 2210 recipit
3011 2130 3320 2191 elevatam

1756 2229 2050 2290 virtutem
2079 2226 2160 2289 ad
2191 2227 2566 2288 eliciendum
2598 2232 2829 2302 actum,
2861 2232 2930 2285 ut
2957 2243 3084 2284 non
3111 2224 3321 2301 prive-

1756 2327 1857 2383 tur
1873 2320 2218 2401 propriaad
2243 2318 2754 2400 suspendendum
2783 2337 2964 2378 sunm
2993 2316 3318 2385 intluxum,

1754 2415 1853 2475 vel
1885 2414 2265 2474 eliciendum
2310 2414 2696 2473 contrarium
2737 2418 2970 2473 actum.
3015 2408 3323 2489 Exemplo

1756 2528 1858 2569 res
1888 2507 2584 2569 declaratur:voliintas
2604 2506 2792 2579 enim,
2815 2504 3127 2584 proposita
3154 2502 3322 2561 suffi-

1756 2602 1994 2663 cienter
2019 2602 2168 2674 tide,
2197 2601 2426 2661 virtute
2463 2597 2738 2681 propria,
2783 2599 2928 2659 etin
2977 2616 3052 2658 eo
3085 2614 3320 2675 genere
3387 2606 3406 2621 ·

1758 2703 1825 2756 ut
1854 2694 2211 2775 principalis
2241 2712 2453 2765 causa,
2483 2698 2687 2772 potest
2706 2691 3007 2753 nouvelle
3035 2690 3320 2763 credere,

1764 2796 1870 2850 aut
1906 2790 2092 2850 etiam
2121 2789 2281 2849 velle
2335 2807 2462 2847 non
2501 2786 2790 2859 credere;
2831 2804 3002 2865 erge,
3039 2784 3324 2863 quamvis

1760 2883 1908 2943 huic
1936 2882 2217 2943 facultati
2256 2880 2525 2941 addatur
2561 2878 3055 2961 supernaturalis
3103 2878 3320 2951 virtue,

1762 2996 1873 3037 seu
1905 2976 2166 3037 elevatio
2203 2974 2542 3051 sufficiens,
2575 2980 2646 3033 ut
2689 2974 2882 3053 possit
2911 2972 3070 3033 velle
3103 2970 3324 3033 crede-

1759 3090 1850 3143 re,
1875 3070 2097 3131 saltem
2125 3074 2196 3129 ut
2213 3070 2396 3129 vitale
2420 3070 2906 3128 instrumentum
2938 3066 3158 3126 divinoe
3180 3083 3324 3143 gra—

1758 3164 1879 3237 tiae,
1904 3183 2032 3224 non
2057 3162 2405 3243 privabitur
2443 3160 2634 3243 priori
2675 3160 2966 3221 facultate
2999 3157 3264 3221 naturali
3292 3176 3309 3231 ;

1759 3256 2040 3318 manebit
2057 3276 2205 3337 ergo
2221 3256 2416 3317 libera
2432 3256 2513 3315 ad
2526 3252 3066 3335 supernaturalem
3086 3258 3318 3325 actum,

1760 3352 2046 3431 quamvis
2077 3352 2278 3409 solum
2307 3348 2868 3411 instrumentaliter
2897 3349 3091 3428 possit
3143 3348 3316 3408 illum

1762 3442 1990 3505 elicere
2009 3457 2029 3521 ;
2060 3460 2188 3503 non
2239 3462 2388 3521 ergo
2419 3444 2521 3502 hic
2563 3442 2788 3502 modus
2836 3440 3067 3519 agendi
3096 3441 3322 3501 instru—

1760 3539 2052 3599 mentalis
2083 3542 2390 3618 repugnat
2419 3536 2729 3611 libertati3
2761 3536 3029 3597 maxime
3071 3554 3214 3595 eum
3241 3532 3320 3593 ad

1760 3632 1933 3693 illum
1965 3650 2094 3693 non
2117 3631 2195 3691 sit
2223 3631 2577 3693 necessaria
2608 3629 2814 3711 aliqua
2839 3631 3030 3691 motio
3053 3628 3152 3689 vel
3172 3646 3322 3707 qua·

1758 3724 1901 3785 litas
1931 3724 2164 3805 praevia
2206 3726 2369 3786 circa
2422 3726 2758 3805 ipsummet
2805 3724 3317 3793 instrumentum,

1758 3820 2018 3899 physice
2049 3818 2203 3879 illud
2233 3820 2818 3899 praedeterminans,
2871 3824 2941 3877 ut
2991 3816 3122 3877 aliis
3164 3814 3321 3877 loeis

1758 3912 2009 3991 copiose
2037 3918 2371 3975 tractatum
2401 3918 2518 3986 est,
2581 3917 2646 3973 et
2677 3930 2752 3973 ex
2781 3908 2960 3973 dictis
3003 3909 3080 3972 dc
3115 3910 3322 3971 eleva-

1756 4006 1925 4066 tione
1957 4005 2517 4067 instrumentorum
2547 4004 2654 4066 Dei
2709 4004 2844 4065 sine
2867 4004 3096 4083 praevia
3125 4001 3321 4083 quali-

1754 4104 1879 4160 tate
1910 4098 2090 4160 facile
2139 4099 2400 4179 intelligi
2444 4104 2671 4181 potest.
2723 4100 2930 4177 Atque
2982 4096 3114 4161 haec
3146 4096 3319 4159 suffl-

1755 4194 1925 4253 ciunt
1953 4192 2030 4253 de
2057 4200 2281 4275 quarto
2305 4200 2700 4271 argumente.

1756 4344 2042 4409 Solvitur
2069 4346 2345 4425 quintum
2377 4350 2796 4426 armamentum
2815 4388 2830 4415 ,
2880 4348 2936 4406 et
2967 4342 3315 4407 declaratur

1834 4456 1915 4502 aa
1955 4438 2226 4521 potentia
2271 4440 2682 4503 obedientialis
2715 4442 2800 4503 sit
2825 4438 3194 4513 materialis,
3225 4438 3315 4501 tel

1832 4534 2206 4615 spiritualia.

1838 4662 1974 4723 too.
2021 4660 2314 4731 Quintum
2345 4663 2785 4741 argumentum
2811 4660 2964 4741 petit
2994 4658 3178 4717 aliam
3203 4656 3314 4716 dif-

1752 4750 2092 4815 ficultatem
2121 4752 2198 4813 de
2225 4750 2344 4814 hae
2376 4752 2776 4815 obedientiali
2817 4752 3116 4831 potentia,
3153 4750 3312 4813 scili-

1754 4853 1874 4924 cet,
1908 4866 1990 4906 an
2030 4848 2369 4908 materialis
2398 4848 2494 4909 vel
2527 4846 2862 4925 spirltualis
2893 4844 3157 4907 dicenda
3189 4844 3262 4905 sit
3291 4863 3306 4915 ;

1752 4959 1923 5015 nam,
1959 4940 2010 5001 si
2041 4941 2318 5020 potentia
2345 4960 2421 5002 ex
2452 4941 2694 5020 objecto
2717 4958 2895 5003 suam
2925 4940 3230 5000 rationem
3253 4942 3313 4999 et

1753 5034 2330 5097 denominationem
2361 5036 2572 5113 sumit,
2601 5034 2848 5097 videtur
2873 5034 3006 5094 haec
3036 5032 3312 5113 potentia

1754 5128 2088 5209 spiritualis
2119 5148 2256 5187 esse
2302 5128 2563 5191 dicenda
2589 5174 2605 5205 ,
2648 5146 2793 5189 cum
2840 5126 2922 5199 ad
2963 5126 3315 5207 spirituales

1757 5222 2017 5283 effectus
2061 5240 2129 5281 se
2178 5224 2473 5283 extendat
2489 5246 2508 5299 3
2551 5222 2604 5282 si
2645 5228 2856 5283 autem
2892 5238 2968 5281 ex
3011 5218 3316 5297 subjecto,

1757 5316 1858 5377 vel
1902 5316 2082 5393 quasi
2128 5318 2411 5396 subjecto
2457 5316 2646 5377 sumit
2691 5316 3013 5377 entitatem
3041 5360 3055 5387 ,
3110 5315 3324 5391 potius

1760 5408 2102 5469 materialis
2130 5428 2262 5471 esse
2294 5408 2562 5483 videtur,
2595 5427 2735 5470 cum
2761 5409 2828 5468 in
2870 5406 3177 5467 materiali
3209 5424 3324 5465 cn-

1762 5502 1937 5564 titate
1963 5503 2335 5585 reperiatur.
2361 5506 2559 5583 Atque
2588 5503 2813 5563 eodem
2842 5498 3032 5561 modo
3063 5499 3324 5561 interro-

1765 5596 1897 5675 gari
1922 5602 2129 5676 potest
2155 5614 2238 5656 an
2269 5594 2409 5657 talis
2438 5596 2717 5675 potentia
2744 5592 3192 5665 substantialis,
3227 5589 3326 5651 vel
