3892 6167
1518 330 1707 385 monx
1738 328 1968 383 munt.

3242 334 3352 394 681

88 427 271 485 Adam
284 424 469 483 tilius
496 428 813 499 adoptivus
826 428 919 484 Dei
942 428 999 483 in
1020 432 1161 484 statu
1183 430 1533 496 innocentiae,
1552 430 1607 488 d.
1627 434 1708 494 ⁴8,
1790 424 2050 481 adoratio
2063 424 2136 481 ad
2145 426 2314 481 Deum
2339 428 2496 482 tet-mi
2505 434 2629 483 nata
2647 432 2798 483 actus
2813 436 2895 485 est
2915 426 3216 500 religionis,
3238 446 3362 502 quae

154 518 203 557 8.
232 508 290 555 2.

791 615 1081 655 mutuno.

92 729 424 785 admiratio
453 741 609 784 vere
632 731 919 801 etproprie
942 731 1046 786 t'uit
1068 732 1125 785 in
1148 732 1379 797 Christo,
1399 732 1452 789 d.
1478 738 1557 786 at.
1582 747 1626 787 s.
1661 739 1713 789 ο.

94 806 425 861 Admiratio
460 806 697 875 aliquid
732 810 787 861 in
812 808 1125 876 cognitione
1148 810 1395 878 requirit,
1426 816 1479 864 et
1502 809 1714 877 aliquid

160 884 221 935 in
260 882 543 949 appetitu
570 884 749 951 ponit,
775 886 847 938 ib.

95 958 537 1013 admirationis
574 958 715 1013 varii
746 967 873 1014 sunt
900 962 1070 1027 modi,
1091 967 1224 1028 quot
1241 966 1293 1015 et
1310 960 1426 1027 qui,
1448 962 1523 1015 ib.

94 1034 427 1087 admiratio
466 1034 537 1087 in
577 1037 691 1089 Deo
725 1036 901 1090 locum
936 1050 1049 1091 non
1078 1038 1262 1095 habet.
1296 1038 1373 1090 ib.

93 1110 535 1165 Admirationis
554 1114 657 1179 qui
680 1113 827 1166 modi
852 1113 1059 1167 suerint
1082 1114 1139 1165 in
1168 1114 1396 1167 Christo.
1434 1114 1510 1167 ib.

98 1187 425 1242 admiratio
456 1190 759 1257 quomodo
778 1188 837 1241 in
866 1189 1109 1257 appetitu
1130 1190 1391 1244 sensitivo
1408 1191 1590 1244 locum
1612 1190 1713 1244 lta-

164 1265 305 1317 bere
336 1266 563 1331 possit,
596 1266 673 1319 ib.

326 1392 597 1445 anorrto,
628 1397 835 1437 Ammo
867 1397 1059 1445 Dmlu,
1092 1398 1321 1439 Ancum
1354 1398 1490 1439 nui.

108 1490 456 1557 adoptionis
476 1497 687 1546 natura
719 1498 771 1546 et
795 1492 1155 1556 conditiones,
1186 1493 1239 1547 d.
1266 1498 1345 1554 ⁴8,
1366 1508 1410 1547 s.
1432 1501 1479 1546 2.

106 1565 454 1633 adoptionis
491 1580 707 1623 nomen
736 1570 805 1623 ab
839 1571 1095 1625 humanis
1120 1570 1189 1625 ad
1222 1569 1413 1624 divina
1454 1582 1551 1637 per
1582 1569 1716 1624 uni-

168 1654 376 1696 vocam
404 1644 871 1699 convenientiam
892 1646 1230 1707 translatum,
1262 1646 1337 1699 ib.

106 1717 395 1786 Adoptare
422 1720 585 1775 alios
614 1720 669 1774 in
700 1720 861 1786 lilios,
904 1722 1139 1789 qualiter
1168 1723 1277 1775 Deo
1302 1720 1610 1776 conveniat.
1633 1720 1710 1774 ib.

108 1794 353 1862 Adoptio
397 1798 507 1850 Dei
556 1798 697 1851 nihil
748 1799 900 1855 aliud
939 1811 1105 1867 qnam
1144 1804 1405 1852 creature
1432 1796 1715 1851 rationalis

166 1871 521 1935 justificatio
554 1880 653 1933 est.
677 1873 752 1927 ib.

168 1948 237 2000 Et
257 1950 572 2015 quomodo
594 1950 653 2003 in
682 1962 751 2005 eo
788 1949 1100 2017 adoptionis
1126 1948 1471 2003 conditiones
1488 1959 1715 2003 serven-

174 2030 291 2087 tur,
323 2024 365 2077 d
428 2027 521 2081 49.
546 2038 590 2079 s.
618 2030 666 2078 t.

178 2098 243 2151 Et
276 2100 543 2165 qualiter
582 2101 894 2169 adoptionis
941 2102 1237 2155 terminum
1280 2112 1393 2155 non
1428 2106 1713 2155 transcen·-

182 2172 299 2237 dat,
324 2174 409 2229 ih.
1638 2194 1645 2201 ·

114 2249 267 2301 Inter
295 2251 621 2305 humanam
642 2256 695 2305 et
713 2250 959 2305 divinam
992 2252 1342 2319 adoptionem
1366 2262 1491 2319 quae
1511 2256 1711 2305 notan·

182 2325 273 2379 dte
304 2327 673 2390 differentiae,
703 2329 780 2382 ib.

121 2400 361 2469 Adoptio
384 2406 643 2458 humana
662 2416 759 2471 per
772 2404 945 2459 solam
966 2404 1321 2457 extrinsecam
1341 2403 1712 2471 acceptionem

185 2476 267 2535 iit.
297 2492 473 2533 secus
498 2480 713 2542 divina,
734 2492 831 2547 per
862 2492 1026 2547 quam
1051 2480 1198 2535 tilius
1230 2481 1586 2535 inhaerentem
1620 2494 1714 2535 ac-

188 2550 329 2618 cipit.
352 2556 656 2620 justitiam.

128 2626 507 2694 Adoptionem
542 2632 840 2684 humanam
880 2632 996 2685 sola
1024 2632 1217 2685 relatio
1254 2632 1485 2686 rationis
1516 2643 1715 2685 conse-

188 2704 407 2770 quitur,
434 2707 689 2761 divinam
716 2720 847 2761 vero
874 2708 1035 2761 realis
1060 2714 1115 2761 et
1131 2720 1277 2768 vera,
1300 2709 1355 2761 d.
1380 2712 1455 2763 48.
1478 2724 1521 2761 s.
1546 2713 1593 2761 2.

128 2780 437 2848 Adoptioni
458 2784 799 2837 accidentale
820 2790 918 2848 est,
944 2785 1093 2852 quod
1126 2798 1377 2852 persona,
1400 2797 1525 2853 quae
1548 2784 1716 2852 adop-

194 2862 366 2923 tatur,
400 2860 727 2928 processerit
764 2861 822 2913 in
850 2873 952 2915 suo
983 2873 1102 2914 esse
1134 2862 1264 2914 reali
1292 2861 1362 2914 ab
1402 2862 1711 2927 adoptante,

198 2932 280 2986 ib.

138 3008 221 3061 Ad
241 3009 598 3075 adoptionem
622 3024 733 3065 non
755 3012 1053 3079 requiritur
1078 3012 1421 3078 adoptantem
1444 3022 1603 3079 posse
1622 3014 1716 3065 ha·

208 3084 348 3137 bere
370 3084 547 3141 fllium
582 3088 906 3153 naturalem,
938 3100 1103 3154 quem
1130 3087 1368 3154 adoptati
1412 3087 1711 3153 imitentur,

215 3157 296 3211 ib.

145 3230 425 3300 Adoptare
446 3236 585 3291 tilios
610 3252 712 3293 cur
729 3251 841 3293 non
875 3237 1045 3305 possit
1067 3236 1321 3303 Angelus,
1350 3237 1424 3290 ib.

143 3308 225 3361 Ad
251 3310 605 3380 adoptionem
639 3327 743 3369 nec
764 3314 1067 3368 necesaria
1102 3320 1185 3366 est
1222 3314 1607 3367 convenientia
1653 3314 1713 3366 in

208 3394 407 3443 natura
436 3390 708 3457 specifica,
752 3404 854 3445 nec
898 3391 956 3443 in
1006 3390 1257 3457 personis
1286 3389 1584 3456 aequalitas:
1612 3400 1715 3445 nec

206 3464 347 3518 ordo
390 3466 464 3520 ad
515 3472 793 3533 paternam
834 3466 1237 3521 successionem
1272 3466 1332 3518 in
1378 3465 1709 3529 hoereditate,

206 3615 538 3684 Adoptionis
568 3624 814 3673 creatura
838 3620 1171 3674 irrationalis
1191 3624 1273 3673 est
1292 3618 1539 3686 incapax,
1562 3618 1639 3673 ih.

142 3689 513 3759 Adoptionem
544 3694 793 3749 divinam
828 3694 943 3749 sola
970 3695 1065 3749 iila
1092 3700 1269 3749 creata
1289 3705 1522 3762 persona
1544 3694 1714 3763 parti-

206 3768 373 3833 cipat,
401 3782 527 3833 quae
560 3782 659 3837 per
678 3770 904 3835 gratiam
923 3771 1213 3838 justificata
1234 3777 1331 3831 est.
1358 3771 1431 3824 ib.

143 3840 381 3910 Adoptio
405 3844 643 3900 tiliorum
668 3847 783 3913 Dei,
811 3848 1089 3914 quomodo
1128 3860 1227 3916 per
1262 3848 1534 3903 christum
1568 3848 1713 3914 data,

206 3918 281 3971 ib.

142 3994 381 4063 Adoptio
412 4000 558 4052 eirca
590 4009 897 4065 personam.
921 4011 1033 4054 non
1066 3999 1213 4053 circa
1241 4004 1497 4055 naturam
1523 4012 1713 4054 versa·

206 4076 310 4125 tur.
335 4074 395 4128 d.
422 4078 551 4133 ima
592 4078 637 4127 t.

142 4144 265 4211 Nos,
285 4160 417 4203 cum
452 4150 792 4217 adoptamur,
818 4160 929 4204 non
952 4150 1023 4205 ad
1045 4152 1291 4215 gratiam,
1316 4151 1414 4206 sed
1440 4150 1510 4205 ad
1550 4156 1713 4206 teter-

204 4235 335 4280 nam
368 4226 737 4281 haereditatem
760 4226 1003 4292 adoptari
1030 4226 1287 4281 dicimur.
1310 4225 1387 4280 ib.

143 4298 381 4369 Adoptio
400 4312 513 4355 non
538 4308 617 4356 est
634 4302 771 4357 unio
800 4300 959 4355 verbi
980 4314 1105 4357 cum
1130 4302 1485 4357 humanitate.
1510 4302 1584 4357 ib.

204 4375 270 4428 Et
295 4378 577 4443 quomodo
612 4378 669 4431 in
696 4378 800 4432 hoc
820 4377 890 4430 ab
912 4377 1195 4433 infusione
1219 4377 1573 4433 accidentalis
1584 4392 1711 4446 gra-

205 4451 297 4505 tiae
321 4452 556 4510 differat.
586 4452 661 4506 ib.

146 4525 381 4595 Adoptio
404 4528 587 4582 omnis
612 4528 804 4583 divina
828 4534 907 4583 est
922 4530 1095 4597 gratia
1125 4542 1189 4583 ex
1210 4530 1442 4597 gratuita
1468 4530 1712 4585 benevo-

209 4601 383 4656 lentia
416 4604 761 4669 proveniens,
798 4616 911 4658 non
946 4618 977 4659 e
1003 4616 1287 4667 converso,
1322 4606 1396 4659 ib.

144 4676 381 4745 Adoptio
410 4690 523 4735 non
544 4680 707 4733 habet
724 4680 907 4734 locum
941 4682 1001 4735 in
1033 4682 1257 4737 homine
1280 4688 1528 4750 respectu
1549 4687 1713 4737 natu-

210 4754 343 4807 ralis
367 4752 742 4816 beatitudinis,
767 4756 842 4809 ih.

208 4826 349 4882 vide
372 4829 542 4883 Filius
571 4836 625 4883 et
648 4829 880 4886 Filiatio.

804 4959 1069 5001 amunio.

150 5056 494 5113 Adon-ationis
533 5071 736 5113 nomen
768 5060 837 5113 ad
863 5060 999 5126 quid
1030 5058 1452 5127 significandum
1482 5060 1711 5128 imposi-

150 5135 749 5277 Adgrzltinglaliiessb
770 5214 979 5267 honore
1001 5212 1233 5275 differat,
1254 5214 1308 5267 d.
1334 5218 1388 5266 tii
1402 5256 1415 5275 ,
1447 5226 1491 5268 s.
1516 5218 1564 5268 1.

152 5284 403 5373 Adoratio
424 5292 503 5340 est
521 5289 996 5344 aetushonorandi
1020 5290 1270 5355 alterum,
1286 5302 1345 5345 se
1371 5289 1451 5343 lili
1470 5294 1533 5345 ut
1550 5302 1711 5359 supe-

216 5373 345 5414 τισι-ι
374 5362 763 5424 submittendo.
800 5365 873 5421 ib.

156 5433 496 5570 atligi-ationis
518 5444 669 5493 actus
696 5440 973 5508 quomodo
1009 5442 1080 5498 ad
1109 5440 1376 5509 justitiam
1420 5439 1705 5511 pertineat,

1854 513 1985 556 vero
2013 502 2083 557 ad
2114 504 2387 567 homines,
2413 506 2644 559 aliarum
2665 505 2949 562 virtutum.

1793 578 2049 634 Adoratio
2077 586 2160 633 est
2192 580 2492 635 formaliter
2524 588 2677 636 actus
2697 582 3009 645 voluntatis,
3045 598 3361 652 supponens

1856 661 2036 708 actum
2060 656 2380 720 intellectus,
2403 657 2628 723 bonam,
2653 657 2882 733 scilicet,
2904 658 3360 731 existimationem

1858 732 2099 795 alterius,
2124 733 2200 787 it).

1793 806 1867 862 De
1890 809 2099 863 ratione
2119 810 2456 865 adorationis
2479 823 2592 866 non
2613 811 2860 880 estquod
2883 824 2970 865 res
2993 812 3214 867 adorata
3233 827 3358 881 per·

1854 884 2040 952 cipere
2083 887 2254 954 possit
2297 888 2562 942 honorem
2605 888 2703 955 qui
2746 889 2796 943 ei
2847 887 3120 952 tribuitur,
3173 890 3228 943 d.
3277 896 3357 957 54,

1857 973 1899 1013 s.
1928 966 1975 1013 3.
2759 1015 2764 1019 .

1792 1035 1853 1089 ln
1877 1035 2196 1090 adoratione
2215 1038 2416 1105 duplex
2435 1044 2588 1093 actus
2613 1039 3054 1105 distinguendus.
3087 1052 3234 1093 unus
3269 1040 3362 1093 in·

1856 1114 2044 1164 ternus
2070 1125 2102 1165 a
2133 1113 2411 1167 voluntate
2445 1114 2661 1168 elicitus
2683 1132 2695 1177 ;
2720 1116 2855 1169 aiter
2876 1122 3134 1168 externus
3159 1122 3213 1169 et
3251 1115 3358 1168 im·

1855 1194 2099 1314 gemtus,
2124 1189 2214 1242 eui
2258 1190 2431 1257 magis
2474 1191 2814 1245 adorationis·
2850 1204 3052 1245 nomen
3081 1189 3357 1257 convenit,

1900 1302 1911 1313 .
1949 1264 2002 1314 tii
2018 1304 2029 1325 ,
2053 1276 2097 1315 ε.
2129 1268 2178 1317 2.

1791 1338 2139 1393 Adorationis
2170 1346 2322 1394 actus
2347 1356 2380 1395 a
2411 1342 2686 1395 voluntate
2713 1342 2880 1395 eliciti
2911 1342 3184 1411 objectum
3211 1343 3359 1409 quod

1856 1419 1937 1467 est
1968 1414 2163 1475 cultus,
2197 1416 2470 1482 objectum
2502 1430 2632 1471 vero
2663 1418 2777 1480 cui,
2808 1430 3042 1486 persona
3068 1430 3192 1485 quae
3221 1419 3358 1473 ado·

1860 1496 2031 1546 ratur.
2059 1490 2135 1543 ib.

1792 1563 1957 1619 Totus
1979 1574 2158 1619 autem
2179 1571 2330 1622 actus
2343 1568 2679 1623 adorationis
2701 1567 2974 1633 objectum
2994 1574 3074 1624 est
3095 1568 3212 1636 ipsa
3231 1581 3357 1640 per-

1856 1652 2011 1701 sona.
2034 1654 2130 1695 seu
2157 1656 2242 1697 res
2262 1644 2576 1705 adorabilis,
2608 1644 2683 1697 ib.

1792 1716 2141 1773 ⁸adorationis
2166 1726 2336 1785 actus,
2357 1721 2592 1788 qualiter
2611 1721 2680 1774 ab
2703 1726 2826 1775 actu
2853 1718 3179 1775 humilitatis
3195 1718 3356 1775 diffe-

1859 1799 1958 1855 rat,
1995 1794 2071 1848 ib.

1792 1868 2180 1925 Adorationem
2221 1872 2315 1925 Dei
2356 1884 2542 1926 veram
2581 1876 2636 1926 et
2673 1872 3108 1940 propriissimum
3143 1872 3202 1927 in
3234 1882 3358 1929 actu

1856 1957 2007 1999 mere
2036 1946 2253 2002 interno
2274 1954 2328 2001 et
2350 1947 2622 2016 spirituali
2653 1948 2880 2014 reperiri
2909 1960 3086 2017 posse,
3120 1961 3186 2005 ex
3208 1950 3354 2005 Scri-

1860 2027 2018 2086 ptura
2039 2022 2363 2085 ostenditur,
2389 2024 2463 2077 ib.

1791 2094 2022 2149 Ratione
2043 2098 2320 2164 probatur,
2347 2100 2422 2153 ib.

1791 2171 2069 2227 adorandi
2105 2174 2243 2229 ratio
2271 2187 2381 2229 non
2419 2176 2477 2230 in
2511 2176 2708 2241 quovis
2739 2176 3076 2232 adorationis
3110 2181 3234 2231 actu
3264 2176 3355 2232 di-

1858 2255 1999 2302 recte
2018 2250 2320 2316 attingitur.
2341 2252 2398 2304 d.
2419 2256 2497 2307 5⁸.
2529 2266 2574 2305 s.
2598 2254 2645 2303 ³.

1791 2322 2142 2379 Adorationis
2165 2325 2406 2389 affectus,
2428 2328 2522 2393 qui
2546 2334 2626 2381 est
2649 2332 2800 2383 actus
2825 2340 2857 2382 a
2883 2327 3160 2383 voluntate
3197 2326 3358 2381 elici-

1855 2406 1961 2462 tus.
1997 2404 2197 2455 versari
2223 2408 2394 2469 potest
2421 2404 2568 2457 circa
2599 2412 2750 2458 actus
2781 2403 2927 2458 iidei.
2953 2410 3007 2457 et
3035 2402 3172 2471 spei.
3216 2402 3355 2457 alia·

1854 2488 2090 2543 rumque
2111 2478 2392 2540 virtutum,
2415 2485 2479 2533 ut
2499 2479 2558 2532 in
2579 2481 2804 2535 materia
2819 2480 2964 2535 circa
2983 2492 3169 2547 quam,
3195 2478 3249 2532 d.
3273 2484 3353 2543 51,

1854 2566 1896 2605 8.
1933 2558 1980 2605 2.

1797 2628 2052 2683 Adoratio
2069 2634 2124 2683 et
2149 2630 2342 2694 oratio,
2373 2630 2500 2685 iicet
2521 2644 2690 2699 penes
2711 2632 2952 2686 rationes
2975 2630 3230 2685 formales
3249 2628 3358 2685 dif-

1860 2705 2056 2767 ferant,
2085 2706 2358 2761 interdum
2383 2715 2611 2775 possunt
2633 2709 2690 2762 in
2713 2708 2902 2763 eadem
2920 2708 3136 2761 actione
3154 2718 3359 2761 conve-

1860 2780 2000 2841 nire,
2032 2781 2106 2834 ib.

1795 2856 2142 2911 Adorationis
2167 2863 2320 2912 actus
2347 2864 2459 2911 tam
2489 2858 2817 2923 intellectus,
2838 2870 3005 2925 quam
3045 2856 3357 2924 voluntatis,

1856 2933 1994 2985 varii
2027 2940 2402 2992 numerantur.
2427 2934 2502 2987 ib.

1792 3008 2050 3062 Adoratio
2060 3010 2294 3064 exterior
2307 3023 2524 3077 semper
2535 3022 2746 3077 suppon
2755 3010 2796 3063 it
2805 3008 3058 3065 affectum
3073 3009 3360 3075 adorandi,

1856 3096 1971 3138 non
1994 3098 2120 3139 vero
2148 3086 2460 3140 interiorem
2487 3085 2880 3140 adorationem.
2909 3086 2985 3139 ib.

1791 3161 2050 3215 ⁸&doratio
2088 3164 2320 3217 exterior
2359 3162 2594 3230 qualiter
2621 3162 2900 3217 interioris
2931 3162 3250 3219 reverentiae
3281 3162 3363 3215 si·

1854 3248 2046 3302 gnum,
2069 3238 2126 3290 ib

1792 3310 2140 3365 Adorationis
2166 3312 2409 3369 materia.
2451 3314 2597 3366 circa
2634 3325 2800 3379 quam
2824 3326 2944 3367 esse
2983 3318 3155 3381 potest
3178 3312 3362 3367 omnis

1854 3393 2008 3440 actus
2039 3387 2272 3446 virtutis,
2299 3394 2406 3441 tam
2430 3388 2697 3451 internus,
2723 3400 2888 3454 quam
2921 3396 3195 3452 externttS,
3219 3388 3265 3441 si
3301 3388 3362 3441 in

1854 3474 1921 3516 eo
1952 3463 2117 3519 suerit
2154 3464 2434 3531 proportio
2465 3463 2536 3517 ad
2567 3463 2986 3530 significandam
3019 3464 3192 3517 animi
3225 3462 3362 3518 sub·

1856 3538 2197 3603 missionem,
2221 3539 2296 3592 ib.

1857 3614 2007 3668 lianc
2020 3621 2198 3669 autem
2223 3616 2630 3685 proportionem
2649 3628 2760 3671 non
2779 3616 2988 3669 habent
3001 3626 3196 3669 omnes
3210 3619 3363 3669 actus

1856 3692 2118 3744 virtutum
2138 3700 2384 3759 respectu
2403 3692 2740 3746 adorationis
2749 3692 2934 3745 stricte
2953 3696 3200 3757 sumptae,
3219 3689 3362 3744 bene
3445 3690 3451 3707 ·

1856 3770 2038 3819 tamen
2058 3767 2237 3823 cultus
2253 3768 2346 3821 Dei
2371 3769 2428 3821 in
2453 3768 2755 3831 communi,
2781 3768 2857 3821 ib.

1793 3841 2020 3895 adorari
2046 3844 2249 3897 directe
2272 3844 2483 3911 aliquid
2505 3844 2640 3911 quid
2661 3845 2750 3905 sit,
2772 3843 2808 3898 d
2851 3848 2934 3905 53,
2951 3854 2994 3895 s.
3024 3845 3072 3892 8.

1794 3916 2142 3972 Adorationis
2169 3932 2368 3974 nomen
2393 3920 2452 3973 in
2483 3920 2662 3987 rigore
2681 3918 2848 3973 tribui
2875 3924 3048 3987 potest
3067 3916 3236 3973 cultui
3257 3919 3362 3972 lto·

1860 3994 2106 4049 minibus
2141 3996 2405 4061 exhibito,
2435 3997 2488 4050 d.
2519 4000 2599 4051 52.
2634 4010 2678 4049 s.
2714 3999 2763 4050 Ω.

1791 4069 2050 4126 Adoratio
2088 4084 2216 4125 vera
2255 4072 2490 4137 aiicujus
2516 4072 2823 4126 necessario
2848 4066 3136 4124 reserenda
3171 4074 3254 4123 est
3288 4068 3360 4124 ad

1856 4144 2036 4212 ipsum
2063 4146 2285 4215 propria
2319 4146 2642 4212 intentione,
2661 4148 2716 4202 d.
2753 4152 2836 4213 ⁸⁴,
2855 4160 2900 4201 s.
2923 4150 2976 4199 ⁸.

1852 4220 1962 4274 Nec
1987 4222 2184 4278 sufficit
2202 4225 2352 4280 aolus
2371 4230 2524 4279 aetus
2541 4231 2812 4281 externus.
2835 4236 2876 4277 s.
2911 4227 2960 4276 t.

1789 4297 2048 4353 Adoratio
2077 4301 2314 4355 exterior
2344 4300 2461 4355 sola
2499 4300 2642 4355 inter
2680 4299 2934 4355 hominos
2977 4298 3266 4367 reperitur,
3299 4298 3357 4353 d.

1856 4382 1933 4431 st.
1970 4391 2014 4430 s.
2045 4382 2092 4430 8.

1790 4452 2048 4508 Adur-atio
2067 4451 2174 4507 alia
2196 4452 2443 4517 interior,
2467 4450 2574 4505 alia
2601 4452 2851 4517 exterior,
2879 4454 2935 4504 et
2950 4448 3087 4517 quid
3106 4454 3356 4517 utraque,

1856 4530 1913 4583 ib

1854 4604 2119 4669 Quaelibet
2136 4618 2202 4659 ex
2225 4606 2314 4660 liis
2333 4619 2462 4659 vera
2487 4605 2732 4661 adoratio
2756 4604 2814 4657 in
2837 4616 2936 4658 sua
2956 4603 3155 4670 specie,
3173 4608 3226 4654 et
3245 4612 3358 4655 nna

1854 4680 2187 4747 quandoque
2209 4682 2500 4748 perfectior
2519 4688 2600 4735 est
2622 4682 2750 4745 alia,
2782 4679 2856 4732 ib.

1791 4756 2048 4811 Adoratio
2078 4756 2135 4809 in
2158 4756 2390 4821 latriam,
2424 4757 2634 4811 duliam
2658 4762 2714 4809 et
2736 4752 3115 4821 hyperduliam
3149 4750 3357 4806 dividi-

1856 4838 1962 4893 tur,
1987 4832 2061 4885 ib.

1792 4907 2048 4962 Adoratio
2071 4908 2304 4963 univoce
2324 4908 2528 4962 dieitur
2552 4906 2622 4961 de
2639 4904 2796 4958 latria
2821 4909 2875 4957 et
2891 4901 3063 4965 dulia,
3087 4900 3163 4954 lb.

1852 4984 2008 5051 Saepe
2033 4989 2211 5037 tamen
2233 4995 2434 5038 nomen
2455 4983 2624 5036 unius
2649 4994 2716 5033 ex
2744 4979 2832 5033 his
2851 4977 3138 5045 speciebus
3161 4975 3356 5031 analo-

1853 5058 1976 5127 gice
2004 5060 2266 5114 tribuitur
2290 5060 2467 5121 alteri,
2499 5070 2544 5111 s.
2576 5061 2624 5109 t.

1791 5136 2066 5191 adorandi
2094 5137 2232 5190 ratio
2249 5141 2303 5189 et
2319 5134 2408 5188 res
2438 5134 2660 5187 adorata
2687 5130 2877 5185 eadem
2909 5140 2995 5183 res
3013 5138 3132 5181 esse
3161 5130 3353 5193 potest,

1854 5214 1907 5267 d.
1946 5218 2026 5271 51.
2062 5228 2107 5267 s.
2139 5218 2187 5265 2.

1790 5288 2046 5345 Adoratio
2076 5288 2184 5343 alia
2199 5286 2463 5345 absoluta.
2483 5294 2608 5351 quae
2626 5276 2728 5338 soli
2750 5280 2828 5335 rel
2855 5275 3206 5333 intellectuali
3234 5286 3361 5344 pro-

1852 5374 1970 5434 pter
1993 5378 2051 5419 se
2071 5365 2261 5422 datura
2287 5361 2392 5417 alia
2415 5360 2729 5428 respectiva.
2757 5366 2923 5425 quam
2948 5354 3246 5409 adorantur
3270 5362 3358 5406 rea

1852 5441 2143 5497 interiores
2173 5444 2394 5509 propter
2413 5436 2638 5491 alterius
2662 5436 2738 5491 rei
2759 5433 3082 5502 dignitatem
3097 5436 3158 5486 et
3171 5428 3354 5485 excel·

1849 5516 2078 5572 lentiam
2098 5515 2189 5572 cui
2217 5515 2647 5582 conjunguntur,
2669 5513 2728 5569 d.
2750 5516 2830 5575 lii,
2853 5522 2899 5563 s.
2922 5513 2970 5561 ι.
