3892 6167
1296 330 1618 385 ntsruur.
1650 329 1868 383 xxxvl.
1902 330 2074 385 SECT.
2109 332 2146 383 l.

174 441 300 523 quin
322 435 565 499 resultet
586 432 811 513 aliquis
836 430 1029 506 calor,
1057 432 1143 495 ita
1166 428 1563 511 impossibiie
1590 434 1685 493 est

172 531 477 611 intelligere
499 524 887 588 tendentium
910 524 995 587 ad
1024 524 1417 587 existendum
1449 540 1565 603 per
1583 540 1687 585 ve-

172 644 283 691 ram
326 624 695 685 creationem
736 619 801 679 in
844 617 1024 694 fieri,
1056 620 1207 698 quin
1235 636 1355 697 per
1388 618 1515 679 tale
1548 616 1685 679 fieri

172 722 346 799 aliqua
389 713 711 775 existentia
766 712 927 773 taeta
976 712 1409 791 intelligatur;
1452 711 1507 773 si
1534 728 1685 790 ergo

172 814 367 879 creatio
388 812 451 871 in
464 807 597 869 fieri
628 806 851 869 ordine
870 813 1115 869 naturae
1140 806 1481 879 antecedit,
1498 812 1560 868 et
1577 806 1683 869 illa

170 926 273 973 nen
296 902 483 985 potuit
512 901 805 982 impediri
836 918 953 982 per
980 902 1477 982 assumptionem
1500 920 1541 961 a
1566 918 1683 963 suo

170 1000 461 1065 intrinseco
494 994 793 1067 termino,
816 1012 1077 1057 necesse
1104 1001 1199 1057 est
1234 1002 1305 1057 ut
1336 993 1683 1057 seeundum

174 1092 421 1158 eumdem
448 1095 691 1173 naturai
718 1089 1004 1151 ordinem
1042 1088 1109 1151 in
1134 1088 1301 1151 tacto
1336 1106 1477 1150 esse
1506 1094 1683 1151 ante-

172 1181 603 1255 cesserit-Quod
626 1182 685 1243 si
710 1183 859 1262 quis
884 1181 1141 1245 tandm
1158 1182 1565 1263 respondeat,
1580 1199 1684 1243 ve-

172 1296 281 1345 rum
304 1296 433 1339 esse
454 1276 847 1337 creationem
875 1276 1047 1338 illam
1074 1276 1143 1337 in
1168 1274 1465 1338 fieri.non
1489 1276 1685 1355 impe-

169 1376 263 1439 diri
290 1392 323 1433 a
358 1388 467 1433 suo
520 1370 869 1433 intrinseco
906 1369 1175 1433 termino
1195 1415 1216 1445 ,
1248 1370 1417 1431 hunc
1466 1376 1679 1431 autem

170 1468 455 1531 terminum
480 1480 611 1525 non
642 1482 789 1525 esse
810 1480 946 1525 rem
974 1463 1323 1527 secundum
1354 1480 1495 1525 esse
1524 1462 1680 1525 exis-

172 1560 357 1635 tentis,
376 1557 485 1619 sed
510 1556 869 1618 secundum
898 1574 1039 1618 esse
1068 1556 1377 1631 essentiis,
1414 1555 1535 1617 hoc
1564 1555 1681 1616 im-

168 1653 345 1735 primis
368 1649 513 1711 nihil
542 1649 801 1713 confert
820 1649 903 1711 ad
938 1648 1297 1729 prodictam
1322 1646 1681 1727 responsio-

176 1766 287 1809 nem
307 1744 761 1807 defendendam
786 1762 807 1817 ς
832 1743 1312 1807 concedendum
1338 1743 1507 1805 enim
1534 1760 1687 1805 con-

172 1844 457 1918 sequenter
500 1843 592 1899 est
616 1882 633 1910 ,
680 1838 962 1899 animam
1016 1835 1239 1899 Christi
1293 1854 1423 1898 non
1478 1836 1687 1897 solum

170 1935 308 2013 prius
338 1937 555 1993 natura
592 1932 801 1993 creari
838 1948 1029 2011 quam
1062 1930 1325 2006 assumi,
1352 1928 1465 1991 sed
1494 1929 1685 1993 etiam

170 2027 312 2105 prius
332 2030 545 2085 natura
574 2040 723 2085 esse
748 2030 1023 2086 creatam
1050 2042 1245 2103 quam
1268 2028 1682 2103 assumptam,

170 2121 287 2201 quia
324 2118 427 2180 illa
468 2118 707 2179 creatio
772 2136 899 2179 non
956 2116 1072 2179 fuit
1124 2116 1427 2197 impedita
1473 2115 1685 2196 quoad

172 2231 315 2275 suum
348 2212 753 2273 intrinsecum
794 2210 1171 2284 terminum3
1201 2210 1437 2289 etquis
1470 2211 1685 2273 anima

174 2305 467 2367 secundum
502 2302 662 2365 illud
712 2322 857 2366 esse
900 2304 1211 2380 essentiae,
1235 2303 1407 2383 quod
1459 2304 1685 2367 dicitur

174 2401 363 2460 habere
386 2416 491 2479 per
514 2398 911 2461 creationem
928 2442 947 2472 ,
980 2398 1355 2479 supponitur
1391 2415 1684 2476 assump-

175 2492 310 2553 tioni.
336 2488 563 2553 Deinde
588 2492 753 2553 satis
778 2496 1097 2553 ostensum
1128 2496 1225 2552 est
1254 2490 1317 2551 in
1349 2489 1685 2571 superiori-

175 2586 283 2659 bus,
304 2582 443 2645 illud
470 2602 637 2657 esse,
662 2602 816 2647 cum
846 2584 923 2645 sit
950 2601 1185 2645 novum
1216 2589 1278 2646 et
1307 2581 1681 2662 temporale,

178 2677 473 2739 necessario
499 2694 647 2739 esse
668 2678 913 2740 debere
940 2695 1080 2739 esse
1110 2678 1473 2741 existentias.

236 2774 315 2831 14.
342 2768 580 2843 Quinto,
607 2770 845 2833 eadem
876 2788 1139 2833 numero
1166 2772 1394 2834 entitas
1422 2769 1684 2833 actualis

178 2858 544 2939 humanitatis,
568 2882 716 2945 que
748 2880 920 2927 nunc
949 2872 1043 2927 est
1070 2867 1249 2927 unita
1276 2865 1508 2937 verbe,
1535 2880 1683 2943 pos·-

178 2966 247 3017 set
278 2958 335 3017 in
372 2974 577 3019 rerum
618 2966 855 3019 natura
894 2960 1253 3021 conservari
1300 2963 1591 3037 separata
1640 2974 1678 3017 a

178 3050 371 3127 Verb03
392 3068 537 3127 ergo
576 3050 645 3111 in
682 3058 955 3131 utroque
992 3060 1157 3114 statu
1194 3052 1681 3114 constitueretur

177 3144 225 3202 ia
263 3162 381 3204 esse
424 3145 683 3206 actualis
748 3146 909 3207 entis
952 3162 1065 3225 per
1106 3145 1405 3207 eumdem
1456 3160 1683 3208 nume-

176 3252 229 3297 ra
252 3243 431 3297 aetum
448 3283 469 3314 ‚
508 3243 707 3317 atque
754 3238 917 3301 adeo
966 3254 1081 3317 per
1121 3238 1412 3301 eamdem
1459 3254 1683 3299 nume-

176 3347 228 3389 ro
266 3329 665 3404 existentiam;
696 3330 813 3395 sed
842 3340 1130 3411 separata
1173 3332 1569 3395 constituitur
1616 3331 1683 3393 in

178 3438 281 3483 esse
302 3422 447 3484 entis
478 3441 593 3504 per
612 3425 1019 3487 existentiam
1044 3428 1345 3500 creatam,
1375 3431 1442 3487 ut
1468 3442 1585 3505 per
1611 3442 1683 3487 se

182 3520 355 3577 notum
398 3522 525 3589 est;
558 3534 719 3597 ergo
760 3525 827 3580 et
886 3518 1079 3579 unita.
1108 3518 1509 3581 Antecedens
1556 3517 1685 3580 evi·-

182 3606 303 3668 dens
332 3613 433 3683 est,
456 3628 555 3671 ·ex
595 3610 683 3671 iis
727 3626 867 3688 qooe
914 3628 1107 3690 supra
1134 3610 1407 3673 diximus
1442 3610 1522 3673 de
1566 3610 1682 3673 hac

184 3702 387 3773 anione,
406 3702 572 3765 unde
595 3722 639 3764 a
658 3702 919 3765 nemine
944 3704 1305 3766 indubium
1322 3709 1675 3767 revocatur.

186 3793 341 3854 Prima
370 3812 511 3857 vero
538 3796 997 3876 consequentia
1028 3797 1355 3876 probatur,
1384 3797 1537 3877 qaia
1562 3796 1683 3860 im-

188 3887 423 3964 possibile
473 3896 567 3951 est
613 3890 913 3952 effectum
954 3890 1283 3955 formalem
1309 3936 1330 3967 ,
1376 3908 1491 3954 seu
1544 3908 1681 3953 rem

185 3981 525 4045 consalutant
548 4001 661 4063 per
702 3982 979 4062 aliquem
1020 3984 1429 4047 intrinsecum
1468 3992 1679 4049 actum

186 4088 267 4133 seu
288 4072 553 4152 formam,
578 4093 717 4141 esse
750 4076 1047 4141 eamdem
1072 4094 1367 4155 numero,
1394 4079 1549 4158 quin
1574 4098 1709 4141 aem

186 4174 261 4225 tus
296 4185 395 4229 seu
437 4169 637 4232 forma
692 4188 821 4249 qna
865 4171 1283 4245 constituitur,
1312 4172 1535 4235 eadem
1562 4189 1683 4235 nu·

188 4274 323 4320 mero
342 4262 416 4323 sit
425 4278 447 4341 ;
470 4266 541 4327 ut
565 4265 635 4325 in
648 4265 773 4327 hoc
796 4263 1027 4327 eodem
1044 4264 1371 4345 mysterio,
1386 4272 1679 4345 separata

186 4350 516 4419 humanitate
540 4402 559 4431 ,
608 4374 738 4420 non
786 4364 1075 4421 maneret
1132 4356 1357 4421 eadem
1412 4376 1677 4422 numero

187 4460 423 4525 persona,
446 4450 591 4530 quia
618 4468 749 4513 non
776 4452 1265 4515 constitueretur
1288 4450 1357 4513 in
1380 4468 1517 4514 esse
1536 4469 1677 4532 per-

188 4554 317 4600 sone
354 4560 459 4621 per
509 4544 797 4609 eamdem
846 4562 1114 4609 numero
1166 4545 1677 4626 personalitatem

190 4629 493 4699 increatam.
528 4639 593 4701 Si
626 4656 775 4719 ergo
818 4637 1181 4721 humanitas
1224 4638 1399 4701 unita
1442 4639 1677 4703 eonsti-

191 4729 413 4789 tueretar
430 4727 643 4794 inesse
666 4732 833 4795 entis
850 4730 1113 4795 actualis
1139 4748 1255 4811 per
1280 4731 1485 4812 ipsam
1512 4732 1677 4795 exis-

192 4818 399 4881 tentiam
417 4821 775 4900 increatam,
798 4824 1098 4887 dissoluta
1122 4824 1361 4887 unione
1380 4843 1513 4889 non
1538 4842 1678 4906 pos-

194 4914 263 4968 set
298 4918 621 4978 conservari
652 4916 879 4981 eadem
902 4934 1171 4981 numero
1200 4918 1425 4981 entitas
1462 4923 1677 4981 actua·

196 4996 251 5059 lis
263 5022 277 5075 ;
292 5005 441 5068 ande
456 5009 639 5071 etiam
654 5008 753 5085 fit,
780 5009 1079 5075 dissoluta
1112 5011 1371 5086 unione,
1390 5011 1677 5073 humani·

196 5096 347 5157 tatem
370 5103 663 5183 corrumpi
682 5145 699 5175 ,
742 5104 893 5183 qnia
939 5103 1255 5167 amitteret
1298 5121 1485 5167 suum
1532 5121 1673 5167 esse

198 5186 495 5264 existentias,
536 5202 600 5257 et
634 5196 753 5259 hoc
806 5202 909 5259 est
956 5197 1316 5277 corrumpi;
1358 5202 1420 5259 et
1446 5196 1672 5261 eadem

199 5278 406 5356 ratione,
430 5286 477 5346 si
516 5296 795 5353 maneret
822 5288 943 5351 sub
984 5290 1109 5353 alia
1149 5290 1500 5363 existentia,
1530 5308 1673 5369 pro·

202 5366 467 5439 duceretur
502 5380 578 5443 de
610 5398 793 5457 novo,
840 5384 989 5464 quia
1030 5384 1383 5464 acquireret
1434 5400 1671 5447 novum

204 5476 303 5529 ese
323 5469 653 5553 existentis,
676 5476 855 5561 quod
887 5483 983 5541 est
1026 5478 1315 5562 proprius
1359 5477 1669 5548 terminus

3211 326 3332 391 265

1764 428 2214 509 productionis,
2239 437 2310 493 ut
2335 435 2658 493 ostensum
2687 434 2818 505 est3
2845 435 3014 493 esset
3041 445 3192 511 ergo
3223 445 3330 495 en-

1765 523 1911 587 titas
1957 542 2224 587 numero
2273 524 2558 587 distincta
2585 569 2604 597 ,
2644 522 2746 587 vel
2781 530 3070 586 maneret
3099 522 3330 587 eadem

1767 637 2036 683 numero
2065 620 2290 683 entitas
2317 621 2386 683 in
2411 620 2632 685 eodem
2655 620 2911 682 instanti
2934 618 3240 699 producta
3263 625 3328 683 et

1766 719 2083 794 corrupta,
2107 714 2280 793 qnod
2307 712 2762 791 inintelligibile
2787 717 2906 773 est.

1850 810 1947 869 15.
1983 808 2192 883 Sexto,
2220 806 2286 870 in
2309 807 2550 869 Christo
2576 804 2842 869 Domino
2871 810 3018 867 sunt
3043 804 3184 867 duae
3213 822 3324 870 na-

1766 904 1921 961 turae
1965 898 2274 963 hebentes
2321 898 2642 963 distinctas
2689 896 2980 963 entitatos
3019 896 3323 968 actuales»,

1764 994 2046 1055 creatam
2067 1000 2128 1055 et
2157 993 2500 1055 increatam
2525 1014 2546 1067 ς
2573 1008 2749 1071 ergo,
2771 990 3230 1055 constituuntur
3257 989 3324 1051 in

1761 1084 1897 1146 sais
1944 1085 2314 1149 entitatihus
2367 1104 2483 1165 per
2539 1084 2902 1147 existentias
2952 1082 3282 1146 distinctas
3303 1127 3322 1157 ,

1762 1184 2042 1241 creatam
2093 1186 2156 1241 et
2203 1179 2594 1257 increatam3
2623 1182 2792 1257 patet
2841 1175 3322 1254 consequentia,

1761 1276 1897 1333 tum
1921 1289 2001 1333 ex
2029 1272 2272 1335 ratione
2293 1272 2480 1345 facta,
2509 1272 2680 1351 quod
2701 1289 2832 1335 non
2851 1274 3114 1349 possunt
3141 1269 3316 1338 effec-

1763 1370 2018 1435 tus,seu
2033 1382 2138 1427 res
2161 1366 2512 1429 constitutas
2533 1383 2648 1445 per
2667 1363 2944 1443 aliquem
2971 1368 3203 1435 actum,
3226 1379 3326 1421 es·

1760 1474 1831 1519 se
1876 1458 2204 1535 distinctis,
2236 1466 2304 1521 ut
2343 1459 2808 1522 constituuntur
2849 1475 2966 1537 per
3015 1455 3234 1529 illum,
3263 1464 3325 1516 et

1760 1556 1974 1612 tamen
2005 1558 2206 1623 actus,
2227 1569 2356 1631 quo
2381 1552 2868 1627 constituuntur,
2898 1566 3037 1623 esse
3065 1549 3323 1611 omnino

1762 1642 1986 1717 iidem;
2013 1650 2146 1709 tum
2190 1646 2380 1708 etiam
2423 1645 2592 1725 quia,
2621 1644 2676 1705 si
2703 1642 3030 1707 existentia
3061 1649 3156 1705 est
3199 1658 3325 1722 qua

1764 1735 2111 1803 formaliter
2135 1740 2534 1803 constituitur
2561 1739 2824 1802 actualis
2852 1737 3112 1813 entitas,
3141 1736 3326 1798 intel-

1764 1829 1873 1911 ligi
1922 1851 2052 1893 non
2115 1838 2324 1914 potest
2369 1852 2482 1913 per
2533 1832 2930 1899 existentiam
2983 1832 3326 1895 increatam

1766 1925 2064 1989 constitui
2101 1927 2426 1990 entitatem
2455 1926 2736 2005 aliquam
2765 1925 2831 1989 in
2869 1942 3010 1987 esse
3051 1922 3324 1985 entitatis

1766 2024 2040 2092 creatam
2085 2020 2269 2096 sieut,
2295 2019 2442 2099 quia
2489 2019 2898 2100 personalitas
2931 2024 3026 2083 est
3063 2015 3324 2079 formale

1766 2110 2234 2173 constitutivum
2279 2130 2592 2190 personae,
2635 2110 2896 2193 intelligi
2945 2128 3072 2173 non
3122 2114 3326 2191 potest

1763 2221 1880 2283 per
1909 2204 2254 2267 increatam
2301 2206 2807 2287 personalitatem
2845 2204 3136 2267 constitui
3183 2221 3326 2285 per-

1767 2315 1986 2361 sonam
2031 2304 2308 2364 creatam
2333 2319 2350 2373 ;
2378 2299 2656 2363 formalis
2693 2300 2860 2363 enim
2911 2299 3196 2370 effectus,
3224 2296 3326 2359 vel

1766 2391 1945 2469 quasi
1977 2391 2258 2469 effectus,
2285 2392 2474 2457 debet
2503 2411 2641 2458 esse
2671 2394 3178 2474 proportionatae
3223 2406 3326 2453 ac·

1766 2483 1859 2545 tui
1908 2484 2286 2563 intrinseco,
2315 2506 2436 2551 seu
2475 2487 2696 2551 formae
2727 2505 2842 2567 per
2873 2502 3063 2569 quam
3099 2483 3326 2547 cousti-

1766 2577 1982 2640 tuitur.
2016 2578 2196 2653 Scio,
2223 2580 2420 2644 multa
2459 2600 2540 2643 ex
2579 2582 2678 2645 his
2719 2580 3108 2661 argumentis
3137 2594 3323 2659 posse

1754 2669 1939 2749 juxta
1957 2674 2336 2737 contrariam
2361 2675 2738 2738 sententiam
2767 2672 3088 2735 nonnullis
3117 2687 3326 2735 exem-

1762 2762 1883 2843 plis
1920 2762 2368 2846 metaphysicis
2399 2768 2708 2841 enervari,
2738 2774 2852 2843 ut,
2891 2766 3066 2831 verbi
3095 2764 3322 2847 gratia,

1762 2855 1841 2919 de
1868 2860 2153 2934 materia,
2181 2876 2324 2938 quse
2353 2861 2532 2941 juxta
2571 2861 2916 2925 multorum
2960 2858 3320 2941 opinionem

1762 2952 2000 3015 nullam
2031 2954 2218 3019 habet
2257 2956 2574 3035 propriam
2621 2956 3044 3029 existentiam,
3095 2960 3156 3017 et
3205 2952 3323 3017 sub

1762 3045 2026 3109 diversis
2043 3046 2260 3113 formis
2285 3066 2396 3129 per
2413 3049 2690 3113 diversas
2714 3050 3076 3113 existentias
3102 3047 3322 3111 eadem

1762 3156 2032 3204 nurnero
2051 3142 2278 3203 existit.
2307 3142 2434 3207 Sed
2463 3144 2597 3207 heac
2627 3150 2694 3207 et
2713 3144 2938 3208 similia
2969 3161 3100 3205 non
3120 3142 3322 3205 solum

1764 3250 1892 3295 non
1916 3232 2269 3313 impediunt
2288 3237 2563 3301 rationes
2589 3236 2808 3313 factas,
2836 3254 3056 3301 verum
3085 3234 3322 3299 eisdem

1762 3331 1872 3478 ¹aut
1898 3325 2202 3389 similibus
2229 3330 2684 3395 convincuntur
2712 3330 2822 3393 illa
2853 3328 3142 3411 exempla
3189 3345 3320 3391 esse

1788 3417 1939 3481 alsa.

1848 3514 1946 3577 16.
1997 3515 2224 3580 Ultimo
2261 3518 2520 3581 tandem
2581 3522 2867 3599 arguitur
2919 3536 2998 3581 ex
3051 3516 3322 3599 propriis

1762 3606 2082 3686 principiis
2133 3610 2504 3691 theologicis
2530 3655 2549 3686 ,
2601 3612 2750 3692 quia
2771 3655 2794 3690 ‚
2860 3612 2909 3673 si
2963 3610 3320 3676 humanitas

1760 3698 1986 3763 Christi
2021 3702 2224 3765 existit
2245 3722 2360 3785 per
2386 3706 2732 3769 increatam
2763 3706 3184 3781 existentiam,
3215 3723 3316 3767 se-

1762 3795 1977 3873 quitur
2005 3796 2308 3859 unionem
2341 3797 2789 3863 incarnationis
2815 3799 3046 3863 factam
3085 3816 3226 3861 esse
3255 3798 3320 3861 in

1762 3885 1974 3965 aliquo
1999 3889 2342 3961 essentiali,
2375 3892 2546 3970 quod
2567 3898 2664 3955 est
2691 3893 2948 3955 omnino
2970 3891 3222 3969 falsum,
3254 3897 3325 3952 ut
3431 3918 3444 3927 ·

1762 3996 1977 4058 supra,
2015 3986 2234 4043 contra
2263 3984 2568 4061 Durand„
2598 3986 2802 4049 visum
2837 3992 2932 4047 est
2973 4002 3050 4047 ex
3079 3990 3325 4047 senten·

1762 4073 1848 4135 tia
1876 4074 2070 4137 etiam
2089 4077 2162 4137 D.
2191 4077 2445 4140 Thomas
2465 4085 2530 4143 et
2553 4080 2744 4141 totius
2765 4079 2998 4141 scholis
3028 4078 3188 4158 ejus,
3215 4078 3323 4143 So-

1760 4168 1950 4248 quela
1980 4174 2156 4249 patet
2178 4212 2196 4243 ,
2227 4170 2378 4249 quia
2411 4190 2550 4235 esse
2599 4174 2942 4237 existentiae
2971 4173 3040 4235 in
3065 4174 3198 4238 Deo
3227 4177 3324 4235 ost

1762 4280 1901 4325 esse
1928 4262 2287 4327 absolutum
2323 4272 2384 4329 et
2413 4268 2774 4342 essentiale,
2803 4275 3090 4348 utsupra
3115 4266 3320 4329 visum

1758 4363 1875 4429 est,
1902 4361 1970 4420 et
2007 4356 2110 4421 hic
2135 4356 2220 4421 ad
2248 4362 2286 4423 3
2315 4358 2502 4423 docet
2529 4361 2592 4427 S.
2625 4363 2847 4425 Thom.
2889 4362 2980 4425 Ex
3007 4378 3134 4441 qno
3163 4360 3322 4423 ulte-

1756 4451 1886 4513 rius
1928 4454 2212 4532 seqaitur
2233 4496 2248 4527 ,
2281 4454 2446 4519 hanc
2471 4458 2772 4521 unionem
2805 4456 3034 4521 factam
3073 4473 3214 4519 esse
3255 4455 3320 4517 in

1756 4551 2018 4621 natura,
2058 4546 2209 4626 quia
2255 4548 2624 4627 compositio
2653 4549 2718 4613 in
2764 4568 2906 4613 esse
2944 4557 3007 4614 et
3053 4548 3321 4613 essentia

1759 4644 1857 4701 est
1893 4639 2262 4718 compositio
2313 4640 2501 4705 unius
2543 4647 2784 4705 naturae
2831 4640 3184 4713 existentis;
3221 4639 3322 4703 vel

1758 4736 1929 4793 certe
1961 4732 2244 4811 sequitur
2275 4732 2376 4795 hic
2413 4752 2554 4797 esse
2587 4734 2746 4797 duas
2777 4735 3066 4809 oniense,
3093 4734 3316 4798 saltem

1756 4823 2002 4888 ratione
2029 4824 2352 4889 distinctas
2371 4872 2388 4901 ,
2417 4826 2682 4893 alteram
2705 4828 2990 4891 essentiae
3033 4827 3319 4889 humani-

1756 4917 1903 4981 tatis
1930 4918 2014 4979 ad
2041 4920 2434 4983 existentiam
2467 4922 2604 4995 Dei,
2623 4920 2888 4985 alteram
2910 4920 3318 4986 humanitatis

1754 5010 2080 5075 existentis
2105 5012 2190 5075 ad
2235 5014 2650 5095 suppositum,
2683 5020 2747 5079 et
2785 5016 2959 5080 illam
2991 5012 3317 5083 terminari

1752 5102 1837 5165 ad
1864 5104 2248 5180 absolutum,
2273 5106 2440 5169 hanc
2464 5126 2616 5171 vero
2639 5108 2720 5171 ad
2749 5110 3100 5181 relativum,
3127 5114 3317 5187 atque

1754 5198 1917 5261 adeo
1962 5199 2134 5261 illam
2170 5216 2286 5279 per
2328 5200 2492 5263 hanc
2541 5200 2942 5265 determinari
2993 5202 3078 5263 ad
3121 5218 3318 5266 unam

1752 5298 1999 5355 tantum
2027 5310 2388 5373 personam,
2413 5313 2556 5375 quse
2588 5302 2798 5361 tamen
2829 5296 3040 5357 omnia
3071 5312 3186 5357 seu
3231 5294 3318 5357 si·

1750 5384 1923 5449 milia
1975 5388 2254 5465 graviter
2297 5386 2358 5451 in
2402 5388 2698 5460 Durando
2725 5388 3311 5469 reprehenduntur.

1750 5478 1847 5544 Ad
1894 5480 2059 5549 hano
2107 5498 2261 5549 vero
2305 5482 2618 5549 rationem
2669 5481 3038 5567 responderi
3071 5486 3313 5563 potest,
