3892 6167
1294 407 1611 464 msPUTAT.
1644 407 1844 464 xxxn.
1878 409 2046 465 SECT.
2083 413 2165 468 w.

110 511 317 576 Verbo
344 511 639 576 existenti
672 511 740 574 in
760 509 882 574 hoc
912 510 1073 585 loco,
1106 527 1233 574 non
1254 510 1501 574 videtur
1538 509 1679 572 fleri

106 625 297 688 posse
328 613 403 670 ut
422 607 560 668 haeo
600 605 965 667 humanitas
1001 605 1413 667 transferatur
1441 605 1523 666 ab
1550 621 1678 665 uno

105 703 245 763 loco
277 701 345 763 in
376 700 596 772 alium,
622 698 747 761 nisi
772 698 870 760 vel
906 697 1092 760 simul
1118 715 1331 760 seeum
1353 699 1531 778 quasi
1573 697 1679 760 de·

102 796 271 857 ferat
300 793 591 856 Verbum
618 791 736 854 sibi
782 791 1056 868 unitum,
1100 797 1163 853 et
1214 795 1679 872 consequenter

100 888 395 949 Verbum
436 885 651 967 ipsum
698 901 813 965 per
842 884 1135 948 accidens
1192 891 1545 960 moveatur,
1578 885 1680 947 vel

102 983 243 1061 ipsa
278 981 437 1043 unio
466 980 545 1043 ad
570 978 854 1041 Verbum
906 979 1084 1059 quasi
1124 979 1419 1041 continue
1462 978 1681 1040 dissol-

104 1083 295 1136 vatur
332 1074 417 1137 ab
443 1073 581 1154 ipso
610 1073 844 1147 Verbo,
890 1077 1077 1152 prout
1123 1077 1218 1134 est
1262 1072 1329 1134 in
1357 1072 1465 1134 illo
1498 1072 1675 1144 loc03

115 1177 180 1232 et
218 1171 462 1230 iterum
500 1169 615 1229 fiat
653 1166 715 1228 in
754 1165 977 1228 eodem
1024 1165 1225 1228 Verbo
1252 1171 1442 1247 prout
1476 1171 1573 1227 est
1612 1166 1680 1227 in

129 1264 259 1324 alio.
292 1261 603 1341 Exemplo
636 1277 739 1321 res
766 1259 1141 1340 explicatur:
1174 1277 1347 1335 nam,
1378 1259 1523 1321 licet
1550 1264 1679 1320 tota

126 1358 331 1418 anima
362 1353 538 1416 sitin
566 1351 827 1432 singulis
854 1351 1137 1433 partibus
1170 1351 1473 1432 corporis,
1512 1351 1567 1413 si
1587 1358 1680 1414 ta-

123 1467 259 1510 men
288 1445 723 1526 intelligamus
764 1449 1009 1525 partem
1062 1461 1253 1506 unam
1308 1445 1547 1506 moveri
1596 1443 1677 1506 ad

122 1543 321 1604 locum
355 1539 613 1602 alterins
648 1555 765 1619 per
808 1539 1333 1618 penetrationem,
1366 1536 1679 1600 nihilomi-

118 1655 229 1697 nus
264 1633 681 1712 intelligimus
729 1631 1007 1693 animam
1045 1647 1161 1712 per
1205 1630 1499 1694 accidens
1542 1647 1676 1691 mo·

116 1731 241 1790 veri
268 1727 463 1790 simul
492 1741 639 1788 eum
664 1729 841 1806 parte
864 1729 1057 1799 mota,
1086 1730 1345 1804 propter
1374 1724 1678 1786 unionem

118 1819 599 1885 substantialem
626 1819 1092 1895 indissolutam,
1122 1818 1409 1897 quamvis
1450 1818 1517 1878 in
1557 1816 1680 1878 alia

118 1925 293 2000 parte
324 1923 465 1977 tota
496 1913 706 1976 anima
740 1914 1050 1974 existeret.
1093 1911 1279 1973 Aliud
1320 1911 1679 1992 exemplum

120 2021 231 2088 est,
264 2029 419 2072 nam
454 2009 507 2072 si
532 2007 740 2070 hostia
768 2011 1132 2068 consecrata
1162 2005 1449 2068 circulari
1496 2009 1677 2066 motu

126 2111 279 2168 intra
302 2121 489 2165 suam
524 2101 833 2182 spheram
854 2106 1161 2174 movetur,
1204 2117 1431 2178 corpus
1454 2098 1679 2160 Christi

124 2219 229 2282 per
258 2197 561 2262 accidens
590 2199 901 2270 movetur,
933 2199 1189 2276 propter
1216 2194 1513 2255 unionem
1534 2209 1681 2254 cum

119 2292 475 2374 speciebuS,
505 2289 791 2372 quamvis
822 2293 991 2352 totus
1030 2287 1109 2348 sit
1134 2303 1409 2366 praeseus
1457 2286 1525 2347 in
1551 2289 1680 2348 toto

111 2389 213 2450 illo
249 2387 423 2464 loco,
450 2391 517 2446 et
546 2389 714 2448 totus
743 2382 808 2442 in
834 2379 1115 2462 qualibet
1152 2385 1351 2462 parte.
1396 2379 1683 2459 Respon-

112 2483 299 2544 detnr
318 2527 340 2557 ,
398 2481 568 2541 sicut
624 2475 903 2538 Verbum
956 2473 1240 2536 divinum
1298 2473 1535 2552 ubique
1588 2477 1684 2534 est

116 2593 313 2636 unum
352 2579 418 2636 et
458 2569 861 2641 indivisibile,
912 2567 1000 2628 ita
1042 2567 1343 2629 unionem
1390 2565 1683 2628 humani-

116 2669 255 2731 tatis
280 2665 366 2727 ad
405 2665 644 2745 ipsum,
682 2662 1044 2742 ubicunqne
1092 2661 1339 2734 existat,
1388 2658 1681 2720 eamdem

116 2763 377 2822 omnino
412 2773 593 2834 esse3
630 2756 820 2828 unde,
848 2754 1009 2815 sicut
1037 2771 1265 2833 corpus
1304 2753 1401 2815 vel
1455 2752 1682 2813 huma·

116 2857 276 2915 nitas
328 2857 543 2912 mutat
582 2848 823 2916 locum.
880 2846 969 2908 ita
1014 2863 1229 2908 secum
1272 2845 1471 2909 defert
1508 2845 1679 2906 illam

112 2949 425 3008 unionem
453 2943 538 3005 ad
562 2940 865 3016 Verbum,
884 2945 947 3002 et
976 2940 1083 3015 ita,
1103 2941 1487 3002 immanente
1511 2955 1683 3018 pror·

110 3059 210 3102 sus
246 3037 489 3100 eadem
533 3036 789 3109 unione,
830 3033 1197 3113 intelligitur
1228 3032 1364 3093 fieri
1416 3031 1679 3093 mutatio

106 3135 159 3193 in
194 3130 633 3203 humanitate,
660 3127 835 3187 nulla
864 3126 1029 3187 facta
1056 3123 1409 3186 mutatione
1434 3123 1500 3184 in
1526 3124 1681 3184 Ver·

104 3231 201 3288 he.
240 3225 323 3287 Et
354 3222 655 3301 exempla
681 3219 953 3281 adducta
980 3218 1187 3300 potius
1211 3218 1425 3279 valent
1455 3215 1535 3278 ad
1560 3215 1681 3278 hoc

100 3315 625 3382 confirmandum
650 3329 843 3392 quam
868 3311 949 3374 ad
972 3311 1501 3391 impugnandum,
1533 3311 1681 3389 quia

102 3415 325 3475 anima
356 3427 490 3471 non
506 3412 714 3489 potest
742 3405 979 3468 moveri
994 3405 1073 3467 ad
1096 3405 1304 3466 locum
1330 3405 1395 3465 in
1424 3420 1550 3482 quo
1571 3420 1686 3463 an-

102 3517 203 3570 tea
234 3513 409 3579 erat,
442 3521 588 3566 oum
618 3519 745 3562 non
776 3499 1159 3580 intelligatur
1185 3499 1251 3560 in
1294 3496 1518 3560 eodem
1546 3496 1685 3559 loco

100 3603 203 3664 bis
231 3617 411 3671 esse,
442 3595 638 3659 etiam
681 3595 735 3656 si
762 3594 1026 3656 fortasse
1054 3594 1118 3656 in
1150 3592 1376 3656 eodem
1406 3592 1545 3654 loco
1594 3594 1687 3653 in-

108 3699 349 3758 formet
380 3693 547 3755 duas
582 3691 881 3753 materias
920 3705 989 3751 se
1030 3692 1437 3769 penetrantes
1468 3704 1689 3749 secun-

119 3791 281 3852 dnm
302 3789 542 3850 locum.
584 3785 661 3848 Et
700 3783 921 3848 eodem
958 3781 1147 3844 modo
1202 3799 1430 3862 corpus
1467 3781 1685 3844 Christi

124 3882 395 3958 Domini,
418 3882 487 3941 in
518 3895 669 3942 casn
698 3877 926 3958 posito,
958 3893 1085 3938 non
1121 3881 1409 3936 movetur
1450 3890 1565 3954 per
1588 3887 1687 3935 ae·

120 3975 367 4052 cidenS,
399 3973 551 4056 quia
582 3989 835 4052 semper
854 3971 1083 4054 retinet
1104 3967 1392 4031 eamdem
1412 3981 1688 4048 praesen-

114 4073 269 4132 tiam
298 4067 654 4131 secundum
672 4083 741 4127 se
766 4069 991 4140 totum,
1013 4070 1075 4127 et
1096 4061 1443 4125 secundum
1464 4077 1687 4124 omnes

116 4169 331 4244 partes
393 4179 543 4222 suas
583 4159 666 4221 ad
693 4158 956 4239 speciae,
996 4163 1060 4219 et
1092 4155 1173 4218 ad
1220 4173 1439 4216 omnes
1477 4159 1689 4235 partes

116 4275 365 4330 earum,
421 4260 487 4317 et
524 4251 812 4316 eamdem
852 4249 1221 4312 relationem
1272 4248 1585 4310 distantiis
1624 4254 1689 4311 et

112 4347 610 4432 propinquitatis
624 4345 705 4407 ad
735 4351 957 4406 caetera
983 4359 1269 4424 corpora.

201 4449 307 4508 10.
362 4442 648 4524 objectio.
681 4471 762 4487 -
790 4437 1142 4518 Responsio.
1177 4467 1259 4483 —
1286 4434 1465 4496 Dices
1492 4455 1508 4495 τ
1534 4451 1683 4514 ergo

120 4559 233 4620 per
290 4531 930 4599 communicationem
998 4529 1365 4590 idiomatum
1426 4528 1683 4590 concedi

120 4638 370 4714 posset,
416 4627 693 4690 Verbum
752 4629 863 4685 aut
910 4624 1113 4685 Deum
1165 4639 1303 4683 esse
1352 4628 1681 4694 mutatum,

122 4723 380 4807 quando
414 4721 699 4785 Christus
725 4723 1005 4779 mutatus
1033 4723 1147 4778 est.
1193 4715 1401 4792 Aliqui
1429 4731 1689 4795 respon·

124 4823 273 4882 dent
308 4820 432 4880 hoe
456 4831 641 4896 posse
671 4819 737 4873 et
762 4811 995 4873 debere
1028 4811 1283 4873 concedi
1310 4811 1373 4870 in
1394 4807 1689 4871 determi-

126 4915 283 4976 natis
328 4927 446 4972 seu
494 4905 807 4988 specificis
836 4903 1288 4966 mutationibus
1306 4924 1325 4978 3
1380 4901 1469 4968 sic
1518 4903 1689 4964 enim

126 5009 389 5070 dicimus
417 5003 617 5064 Deum
646 4999 1038 5076 ambulasse,
1078 5015 1334 5082 passum
1382 5014 1545 5072 esse,
1588 5013 1689 5056 as·

129 5099 438 5170 condisse,
485 5101 605 5157 etc.
628 5139 646 5168 ,
689 5093 839 5172 quia
868 5093 1001 5155 istae
1030 5091 1378 5153 locutiones
1408 5091 1563 5152 nihil
1592 5091 1689 5152 in-

128 5195 383 5256 volvunt
432 5195 543 5251 aut
592 5188 923 5266 requirunt
964 5185 1045 5248 ad
1096 5203 1277 5248 suam
1328 5187 1679 5262 veritatem,

131 5287 291 5368 quod
322 5286 635 5364 repugnet
652 5280 861 5342 Verbo
892 5279 1238 5341 secundum
1272 5299 1375 5354 se3
1407 5281 1554 5360 quia
1580 5297 1683 5340 sa-

134 5382 205 5444 tis
230 5387 325 5443 est
364 5381 438 5438 ut
476 5373 585 5436 illa
623 5373 957 5454 praedicata
986 5373 1362 5436 conveniant
1403 5390 1687 5453 personoe

133 5475 370 5536 ratione
401 5469 667 5550 alicujus
693 5473 929 5528 naturae
955 5513 971 5540 ‚
1021 5475 1085 5529 et.
1113 5485 1191 5529 ex
1229 5468 1379 5548 ipsis
1406 5467 1687 5530 terminis

136 5568 283 5628 satis
313 5563 623 5627 indicatur
662 5561 771 5623 illa
816 5577 943 5622 non
970 5559 1089 5623 diei
1122 5561 1200 5622 de
1226 5561 1435 5625 Verbo
1466 5578 1687 5624 secun·

3204 409 3318 477 18¹

1760 507 1913 572 dum
1963 529 2032 574 se
2050 559 2072 589 ,
2127 512 2240 575 sed
2287 513 2530 576 ratione
2565 520 2808 577 natm-m
2834 522 3210 598 assumptoe3
3259 523 3326 581 at

1759 621 1909 666 vero
1940 605 2060 667 sub
2093 608 2372 686 generali
2413 608 2672 670 nomine
2699 610 3064 672 mutationis
3089 617 3326 691 negant

1758 697 1930 760 illam
1963 699 2381 773 locutionem;
2415 701 2562 778 quia
2589 720 2718 766 non
2748 708 2844 764 est
2884 703 3111 766 usitata
3143 723 3178 767 a
3205 707 3323 768 Pa·

1759 791 1960 853 tribus
2003 799 2066 854 et
2105 793 2419 855 Consiliis.
2453 794 2600 856 Mihi
2645 802 2860 857 tamen
2889 796 3138 860 videtur
3181 817 3322 862 esso

1760 885 2124 965 ambiguam
2167 891 2230 948 et
2255 886 2792 965 distinguendam,
2819 905 2900 950 ne
2927 889 3216 954 rideatur
3237 893 3323 955 si-

1762 979 2063 1059 gnificare
2092 979 2292 1041 Deum
2332 980 2397 1040 in
2428 997 2498 1042 se
2545 981 2680 1060 ipso
2709 985 3022 1044 mutatum
3052 1001 3192 1047 esse
3219 1003 3323 1047 ra·

1762 1072 1933 1132 tione
1961 1070 2151 1150 hujus
2183 1073 2488 1152 mysterii,
2515 1091 2664 1135 nam
2692 1075 2756 1135 in
2789 1075 2909 1137 hoc
2939 1093 3128 1139 sensu
3161 1077 3320 1140 falsa

1762 1169 1877 1236 est,
1906 1167 1972 1226 et
1999 1168 2264 1244 negatur
2285 1183 2321 1226 a
2345 1165 2628 1230 Patribus
2648 1185 2664 1240 ς
2695 1168 2748 1228 si
2775 1173 2989 1231 tamen
3011 1169 3090 1232 sit
3111 1187 3319 1234 sermo

1758 1257 1839 1318 de
1869 1256 2004 1324 sola
2031 1259 2598 1321 communicatione
2625 1259 2996 1324 idiomatum
3019 1308 3036 1336 ,
3063 1271 3322 1344 propter

1759 1349 2172 1411 mutationem
2209 1350 2438 1414 factam
2465 1352 2532 1413 in
2557 1353 2946 1417 humanitate
2972 1355 3100 1436 jam
3143 1358 3321 1420 unita

1758 1441 1990 1514 Verbo,
2037 1459 2187 1504 vera
2221 1449 2316 1506 est
2345 1445 2712 1525 propositio,
2755 1449 2828 1508 ut
2875 1453 3320 1528 argumentum

1757 1535 1984 1616 probat
2011 1579 2028 1610 ,
2083 1553 2292 1617 neque
2351 1539 2542 1601 habet
2609 1541 2817 1620 majus
2871 1541 3321 1605 inconveniens

1758 1645 1950 1708 quam
1977 1630 2148 1709 quod
2187 1632 2350 1692 Deus
2377 1633 2458 1695 sit
2483 1639 2770 1694 mortuus
2797 1682 2810 1708 ‚
2843 1633 2943 1696 vel
2967 1633 3216 1712 genitus
3241 1649 3320 1697 ex

1758 1739 2022 1804 virgine.

2279 1913 2634 1990 QUAESTIO
2664 1911 2795 1978 XV.

1760 2115 1835 2160 DE
1865 2115 2220 2164 nummus
2256 2117 2467 2164 Amant
2505 2118 2548 2164 A
2593 2119 2836 2166 cumsro
2867 2117 3210 2179 assumta,
3257 2119 3324 2168 m

2137 2210 2339 2258 unctu
2373 2209 2686 2260 aancums
2723 2211 2952 2260 mvlsA.

1844 2379 2074 2444 Deinde
2101 2381 2600 2446 considerandum
2626 2386 2716 2446 eat
2748 2382 2818 2447 de
2843 2383 3168 2460 defectibus
3189 2399 3322 2464 per-

1765 2473 2098 2536 tenentibus
2116 2473 2200 2538 ad
2221 2473 2512 2536 animam.
2537 2473 2632 2538 Et
2649 2475 2816 2538 circa
2834 2473 2940 2538 hoo
2961 2479 3319 2556 quartantur

1762 2563 1993 2629 decem:

1843 2659 2084 2734 Primo,
2111 2666 2318 2724 utrum
2347 2659 2414 2724 iu
2437 2659 2676 2725 Christo
2699 2661 2898 2738 fuerit
2911 2665 3238 2742 peceatum.

1844 2750 2154 2830 Secundo,
2199 2760 2404 2817 utrum
2433 2755 2501 2817 in
2527 2773 2589 2818 eo
2618 2755 2817 2830 fuerit
2854 2756 3046 2831 fomes
3068 2755 3323 2836 pucati.

1842 2845 2070 2921 Porcio,
2097 2853 2306 2911 utrum
2327 2848 2396 2910 in
2417 2863 2482 2909 eo
2501 2846 2696 2926 fuerit
2720 2849 3094 2930 {ymo-antia.

1846 2941 2100 3015 Quarto,
2137 2948 2344 3004 utrum
2375 2942 2580 3006 anima
2605 2942 2738 3022 ejas
2761 2943 2956 3020 fuerit
2973 2941 3321 3026 passibilis.

1848 3033 2092 3110 Quinto,
2117 3040 2324 3098 utrum
2346 3033 2414 3096 in
2433 3053 2494 3098 eo
2513 3037 2678 3112 sicori
2685 3038 2711 3098 t
2728 3035 2896 3098 dolor
2911 3035 3240 3100 sensibilis.

1847 3125 2058 3201 Sexto,
2085 3133 2293 3190 utrum
2316 3127 2382 3190 in
2409 3144 2472 3190 eo
2501 3130 2694 3206 suerit
2716 3127 3003 3191 matitia.

1847 3218 2142 3299 Septimo,
2163 3226 2374 3294 utrum
2394 3222 2462 3283 in
2485 3237 2548 3283 eo
2574 3223 2772 3298 suerit
2791 3223 2997 3285 timor.

1848 3313 2090 3387 Octavo,
2112 3319 2322 3376 utrum
2353 3314 2419 3374 in
2440 3330 2502 3375 eo
2519 3315 2708 3392 fuerit
2733 3313 3084 3378 admiratio.

1844 3405 2044 3480 Nono,
2065 3411 2272 3469 utrum
2293 3407 2364 3467 in
2393 3421 2454 3467 eo
2479 3406 2674 3484 fuerit
2691 3407 2813 3469 ira.

1845 3499 2112 3574 Decimo,
2141 3503 2350 3562 utrum
2379 3497 2566 3560 simul
2597 3499 2794 3576 fuerit
2827 3497 3030 3563 viator
3063 3507 3120 3566 et
3163 3519 3228 3566 oo
3236 3521 3319 3564 m-

1764 3597 2108 3679 proneam.

2286 3731 2714 3796 ARTICULUS
2762 3729 2803 3792 ¹.

1952 3895 2168 3958 Utrum
2191 3891 2259 3956 in
2291 3890 2527 3958 Christo
2551 3889 2748 3972 suerit
2767 3898 3082 3974 peccatum
3101 3893 3144 3954 ¹.

1850 4073 1907 4131 1.
1955 4067 2062 4132 Λα
2076 4071 2347 4149 primvm
2376 4069 2468 4131 sic
2485 4067 2860 4150 proceditur.
2905 4065 3153 4133 Videtur
3178 4068 3338 4150 quod

1766 4161 1832 4238 ,in
1876 4161 2124 4226 Christo
2163 4163 2357 4238 faerit
2392 4165 2724 4242 peccatum.
2773 4157 3026 4224 Dicitur
3063 4161 3220 4223 enim
3264 4160 3335 4224 in

1770 4253 2007 4320 Psalm.
2041 4255 2113 4316 21
2154 4273 2168 4314 z
2209 4253 2374 4318 Deus
2401 4269 2590 4330 meus,
2623 4253 2848 4335 respice
2889 4250 2958 4316 in
2998 4270 3112 4330 me,
3143 4270 3332 4335 quaro

1763 4365 1855 4411 me
1881 4347 2276 4430 dereliquisti,
2302 4349 2473 4430 longo
2504 4365 2544 4411 a
2572 4347 2768 4411 saltate
2795 4363 2924 4410 mea
2950 4347 3127 4410 verba
3148 4345 3334 4410 delio-

1766 4447 1964 4506 torum
2009 4458 2296 4504 meorum.
2359 4441 2488 4506 Sed
2531 4441 2658 4504 hoeo
2699 4441 2877 4502 verba
2927 4439 3216 4504 dicuntur
3259 4455 3334 4500 σω

1758 4551 2020 4618 persona
2051 4533 2249 4614 ipsius
2293 4533 2556 4608 Christi,
2593 4537 2664 4596 ut
2703 4536 2871 4614 patet
2914 4547 2988 4595 ex
3033 4531 3140 4594 Inoo
3179 4531 3336 4612 quod

1766 4630 1895 4708 ipsc
1923 4648 1993 4693 ea
2015 4630 2085 4690 in
2113 4645 2282 4692 mee
2303 4629 2584 4708 protulit.
2616 4625 2792 4706 Eryo
2819 4624 3060 4688 videtur
3087 4623 3246 4706 quod
3263 4623 3332 4686 in

1772 4721 2011 4786 Christo
2041 4723 2280 4800 fuerint
2310 4722 2553 4785 delicta.

1848 4817 1907 4877 2.
1959 4816 2300 4888 Pro-terea,
2342 4815 2598 4879 Roman.
2651 4815 2689 4874 5
2713 4861 2728 4886 ,
2780 4812 2930 4876 dicit
2973 4807 3328 4890 Apostolus,

1770 4909 1929 4992 quod
1955 4907 2024 4970 in
2053 4905 2248 4971 Adam
2275 4924 2477 4970 omnes
2495 4908 2886 4988 peccaverunt
2905 4927 2932 4975 ,·
2963 4902 3128 4984 quia,
3159 4903 3334 4968 scilt-

1768 5007 1855 5064 σει
1880 5046 1901 5077 ,
1944 5003 2016 5064 iu
2052 5019 2114 5065 eo
2153 5001 2536 5080 oriyinaliter
2565 5001 2842 5077 fuerunt.
2888 4995 3017 5062 Sed
3050 4993 3336 5061 Christus

1768 5098 1952 5162 etiam
1993 5093 2381 5175 oriqinalitaer
2416 5095 2546 5172 fuit
2581 5093 2648 5157 in
2688 5090 2909 5158 Adam.
2960 5091 3134 5174 quo
3167 5091 3234 5153 in
3269 5107 3334 5154 eo

1758 5189 2054 5272 peccavit.
2485 5207 2491 5214 ·

1848 5379 1867 5418 ⁸
1910 5376 2090 5452 lnt'r.,
2130 5395 2191 5456 q.
2225 5380 2325 5452 31,
2369 5382 2486 5440 art.
2523 5379 2584 5450 7,
2620 5382 2680 5438 et
2714 5375 2777 5450 3,
2805 5374 2869 5437 d.
2905 5375 2967 5449 6,
3007 5389 3074 5452 q.
3102 5374 3162 5443 1,
3197 5385 3326 5430 cor.

1767 5469 1901 5544 fin..
1936 5477 2000 5532 et
2023 5469 2086 5533 d.
2117 5475 2211 5548 12,
2243 5488 2304 5550 q.
2333 5473 2396 5546 2,
2426 5487 2626 5549 corp„
2655 5473 2718 5530 et
2739 5466 3020 5546 quodlib.
3041 5466 3104 5540 0,
3131 5477 3193 5540 q.
3226 5463 3328 5535 11,

1771 5583 1827 5628 a.
1860 5568 1917 5626 1.
