3892 6167
612 349 730 414 158

603 458 782 536 Juxta
810 456 975 515 hauc
1021 452 1288 533 gratiam
1339 456 1654 532 operatur,
1705 451 1904 513 utitur
1958 450 2168 529 aliqua

611 549 858 612 actione
881 566 997 609 sua
1030 554 1172 609 actu
1203 547 1529 620 existente,
1565 550 1627 608 et
1660 546 1774 607 sibi
1811 545 2007 620 unita,
2040 561 2171 605 non

609 658 760 705 vero
788 642 1058 717 actione,
1087 642 1184 703 vel
1213 641 1421 702 futura
1443 644 1506 703 et
1525 639 1806 702 noudum
1837 639 2168 712 existente,

609 736 710 799 vel
747 736 1087 817 praeterita,
1118 752 1256 815 quoe
1281 735 1416 815 jam
1443 750 1655 813 neque
1685 740 1778 796 est
1817 732 1934 793 sibi
1968 732 2171 807 uuita,

612 846 822 909 neque
863 828 1162 901 existens,
1195 829 1345 909 quia
1377 828 1482 889 illa
1509 846 1638 891 non
1669 834 1764 891 est
1791 846 1995 909 capax
2032 826 2173 888 talis

615 924 988 1000 efficientiae,
1021 928 1092 985 ut
1115 924 1352 986 dictum
1381 926 1496 985 est.

695 1022 796 1081 10.
842 1018 1061 1081 Statim
1085 1034 1236 1079 vero
1271 1016 1637 1079 occurrebat
1663 1014 1766 1077 hic
1811 1014 2167 1089 difficultate,

612 1112 932 1191 quomodo
961 1110 1239 1173 Christus
1277 1110 1593 1173 interdum
1643 1108 1955 1171 efficiebat
1986 1108 2172 1168 mira·

611 1206 750 1267 cula
769 1224 884 1285 per
908 1204 1100 1266 verba
1122 1219 1264 1283 quae
1290 1204 1463 1285 prius
1485 1204 1790 1265 finiuntur
1809 1220 1997 1282 quam
2020 1218 2173 1279 ope-

608 1304 849 1362 rentur.
897 1298 1025 1361 Sed
1063 1299 1198 1360 haec
1239 1298 1575 1360 difficultas
1613 1296 1864 1377 proprie
1903 1296 2176 1376 pertinet

611 1395 693 1457 ad
737 1396 970 1457 formas
1011 1402 1586 1472 sacramentorum,
1617 1401 1679 1455 et
1707 1392 1848 1455 ideo
1869 1410 2070 1473 usque
2095 1390 2176 1453 ad

611 1488 1024 1569 quaestionem
1055 1488 1136 1551 62
1165 1486 1512 1551 differenda
1556 1493 1692 1550 est.·

1221 1686 1442 1741 steno
1473 1686 1559 1741 IX.

624 1818 814 1879 Utrum
843 1817 1048 1877 Christi
1075 1816 1390 1877 hammites
1433 1817 1654 1893 efficere
1671 1796 1852 1893 possit
1896 1817 2175 1875 miracula

685 1904 883 1979 absque
903 1904 1117 1977 proevio
1135 1904 1372 1979 actione,
1396 1910 1449 1961 et
1471 1911 1862 1978 consequenter
1886 1920 1959 1960 an
1978 1909 2175 1975 potue-

684 1990 761 2045 rit
802 2004 918 2047 esse
947 1986 1376 2045 instrumentum
1411 1988 1706 2047 creationis
1752 1995 1846 2045 aut
1887 1986 2175 2045 annihila-

686 2072 890 2132 tionis.-

693 2242 720 2301 1
738 2286 754 2301 .
773 2240 922 2301 Haec
958 2244 1051 2301 est
1067 2238 1288 2301 ultima
1305 2236 1639 2300 difficultas
1653 2238 1842 2317 hujus
1865 2234 2170 2310 materiae,

613 2350 752 2413 quae
792 2333 1004 2414 plures
1033 2332 1290 2394 involvit
1313 2332 1478 2393 iuter
1519 2350 1588 2394 se
1619 2348 1956 2393 connexas.
1993 2330 2173 2391 Ratio

612 2432 824 2490 autem
845 2428 1170 2489 dubitandi
1197 2427 1258 2489 in
1287 2426 1396 2488 illa
1425 2433 1540 2501 est,
1568 2428 1715 2506 quia
1744 2426 1831 2508 (ut
1867 2443 2055 2504 supra
2088 2424 2179 2485 di-

612 2522 909 2584 cebamus
939 2540 1016 2582 ex
1049 2520 1331 2582 doctrina
1359 2522 1431 2582 D.
1463 2520 1740 2592 Thomae‚
1776 2522 1804 2581 1
1843 2536 1933 2598 p.,
1976 2536 2035 2596 q.
2071 2520 2175 2592 45,

613 2620 732 2677 art.
776 2617 837 2685 5,
871 2618 934 2674 et
955 2616 994 2673 2
1031 2613 1142 2674 lib.
1177 2616 1343 2675 cont.
1373 2612 1585 2688 Ceut„
1615 2630 1670 2673 c.
1700 2614 1801 2684 2¹,
1833 2614 1952 2671 rat.
1984 2612 2047 2689 6)
2078 2610 2179 2670 in-

613 2712 1029 2769 strumentum
1079 2722 1209 2768 non
1253 2712 1458 2787 potest
1495 2706 1724 2767 elevari
1768 2704 1850 2766 ad
1905 2704 2178 2765 efficien-

613 2800 764 2863 dum
783 2800 1076 2861 effectum
1105 2798 1463 2880 principalis
1491 2799 1756 2877 agentis,
1789 2796 1907 2858 nisi
1928 2814 2044 2878 per
2064 2795 2178 2857 ali-

613 2910 802 2973 quam
823 2893 1132 2954 actionem
1148 2892 1446 2971 praeviam
1467 2892 1584 2953 sihi
1610 2889 2171 2972 proportionatam;

611 2986 725 3048 sed
747 2984 968 3047 Christi
997 2985 1360 3046 humanitas
1387 3002 1514 3045 non
1544 2989 1788 3064 poterat
1807 2984 2047 3044 habere
2074 3000 2173 3043 ac-

609 3079 846 3141 tionem
864 3078 1158 3158 praeviam
1179 3079 1259 3139 ad
1284 3077 1676 3140 effectionem
1701 3076 2173 3151 miraculorum,

611 3190 782 3245 nam,
829 3172 974 3234 licet
1012 3163 1234 3252 posset
1269 3176 1380 3234 aut
1413 3171 1674 3234 verbum
1731 3172 2031 3251 proferre,
2070 3176 2180 3232 aut

611 3272 871 3346 tangere
919 3270 1238 3326 mortuum
1273 3310 1288 3339 ,
1337 3270 1446 3326 aut
1501 3265 1686 3325 aliam
1735 3262 1999 3325 similem
2038 3280 2179 3344 pro-

610 3362 814 3439 priam
845 3359 1155 3420 actionem
1187 3376 1500 3433 exercere,
1525 3364 1740 3419 tamen
1769 3358 1866 3419 hae
1881 3376 2010 3418 non
2029 3376 2176 3437 pos-

611 3458 757 3513 sunt
791 3450 914 3513 dici
943 3452 1218 3513 actiones
1241 3454 1490 3533 praeviae
1517 3452 1598 3513 ad
1628 3452 1918 3513 effectum
1947 3452 2175 3530 princi-

610 3545 770 3627 palis
822 3547 1088 3627 agentis,
1139 3547 1287 3625 quia
1334 3546 1414 3607 ad
1441 3545 1616 3607 illum
1653 3546 1807 3606 nihil
1842 3544 2176 3606 conferunt

609 3639 710 3701 vel
742 3638 1121 3718 disponunt;
1155 3645 1342 3718 atque
1367 3639 1527 3701 adeo
1552 3638 1812 3718 perinde
1835 3658 1905 3700 se
1939 3638 2175 3699 habent

611 3731 694 3817 ad
721 3732 911 3793 talem
931 3732 1248 3807 effectum,
1287 3748 1361 3793 ac
1384 3732 1440 3793 si
1467 3750 1594 3793 non
1619 3732 1844 3793 fierent
1869 3754 1887 3808 3
1919 3732 1967 3793 si
2005 3732 2174 3794 enim

609 3830 812 3887 tactus
836 3826 937 3887 vel
985 3844 1110 3887 vox
1153 3826 1376 3887 Christi
1421 3844 1538 3905 per
1567 3842 1658 3899 se,
1685 3833 1746 3888 et
1795 3830 2023 3887 natura
2058 3844 2174 3888 sua

609 3919 765 3979 nihil
825 3918 1067 3981 contert
1098 3918 1178 3980 ad
1229 3918 1654 3981 suscitandum
1673 3966 1694 3995 ‚
1725 3919 1897 3980 verbi
1950 3920 2170 3999 gratia,

609 4018 951 4083 mortuum,
981 4010 1134 4091 quid
1163 4013 1385 4075 attinet
1403 4012 1484 4073 ad
1509 4013 1698 4074 talem
1727 4013 2019 4075 effectum
2048 4014 2176 4075 effl-

611 4108 950 4170 ciendum?
983 4108 1052 4169 Iu
1079 4108 1504 4169 instrumentis
1543 4109 1710 4169 enim
1742 4107 1893 4171 artis
1935 4109 2035 4170 vel
2061 4126 2176 4169 na-

608 4208 766 4264 turae
793 4218 936 4280 quae
967 4218 1084 4261 uos
1116 4202 1495 4280 experimur,
1529 4206 1591 4263 ot
1622 4219 1698 4264 ex
1733 4204 1959 4283 quihus
2006 4204 2177 4264 colli-

608 4296 818 4376 gimus
833 4296 1251 4357 necessariam
1272 4314 1410 4358 esse
1433 4296 1878 4375 actionemprae
1927 4296 1940 4311 '
1988 4302 2178 4368 m,ta-

609 4388 688 4450 lis
729 4390 891 4449 actio
939 4387 1019 4450 de
1065 4406 1132 4450 se
1189 4388 1423 4468 aliquid
1475 4388 1714 4450 confert
1759 4390 1838 4450 ad
2011 4396 2174 4449 ctum

609 4482 970 4563 principalis
999 4482 1264 4561 agentiS,
1289 4482 1510 4545 saltem
1527 4481 1936 4561 disponendo,
1953 4487 2012 4542 et
2030 4480 2175 4541 ideo

609 4576 734 4639 tale
774 4576 1260 4637 instrumentum
1293 4576 1489 4637 hahet
1534 4575 1999 4657 proportionem
2029 4592 2175 4635 cum

611 4670 722 4732 tali
747 4670 975 4731 effectu
1025 4674 1090 4731 et
1133 4668 1244 4731 tali
1284 4675 1533 4752 agente,
1570 4676 1634 4731 et
1673 4688 1800 4730 non
1829 4684 1976 4729 cum
2007 4668 2169 4741 alio;

613 4782 789 4843 ergo,
821 4764 875 4825 si
905 4764 1069 4825 actio
1099 4764 1352 4844 propria
1391 4763 1784 4825 instrumenti
1829 4761 1987 4825 nihil
2026 4778 2175 4823 con·

609 4857 732 4919 fert
761 4858 841 4917 ad
874 4858 1168 4917 effectum
1198 4857 1560 4936 principalis
1588 4856 1832 4937 agentis
1852 4903 1872 4934 ,
1909 4854 2014 4916 illa
2042 4872 2171 4916 non

613 4956 710 5012 est
735 4950 1052 5011 sufficiens
1122 4949 1164 5011 d
1194 4951 1506 5011 actionem
1536 4948 1963 5022 instrumenti;
1994 4948 2170 5024 aliaS,

613 5044 668 5105 si
697 5043 801 5103 illa
839 5042 1054 5104 suffice
1133 5049 1176 5120 t,
1208 5050 1378 5104 certe
1410 5061 1538 5103 non
1574 5046 1744 5104 esset
1780 5042 2169 5114 necessaria3

614 5154 728 5199 cur
757 5136 926 5198 enim
953 5137 1248 5199 dicemus
1277 5151 1418 5197 eam
1463 5137 1808 5210 actionem,
1847 5152 1989 5215 quoe
2019 5134 2177 5195 nihil

618 5230 699 5291 ad
727 5230 1025 5293 effectum
1057 5232 1330 5305 confert,
1362 5230 1783 5291 necessariam
1826 5246 1967 5289 esse
2000 5228 2079 5287 ad
2106 5228 2179 5288 il-

521 5400 534 5411 ·
613 5322 786 5385 lum?
813 5324 890 5385 Et
917 5322 1356 5399 confirmatur,
1402 5339 1552 5384 nam
1593 5324 1753 5384 actio
1805 5320 2042 5401 praevia
2080 5322 2175 5382 in·

617 5418 947 5481 strumenti
985 5436 1234 5501 semper
1273 5423 1564 5481 versatur
1602 5416 1769 5481 circa
1821 5414 2179 5495 subjectum

617 5513 681 5573 in
715 5512 886 5591 quod
915 5519 1320 5593 operaturum
1341 5516 1439 5575 est
1467 5525 1663 5592 agens
1691 5510 2056 5593 principale,
2086 5516 2176 5587 ut,

1827 346 2065 414 QUAEST.
2097 338 2231 402 xlu.
2260 348 2464 403 Amic.
2497 346 2586 403 lv.

2249 450 2419 511 verbi
2449 449 2673 530 gratia,
2706 448 2879 511 calor
2900 446 3065 529 ignis
3094 447 3262 511 circa
3280 444 3506 529 lignum
3522 460 3613 527 est,
3630 470 3707 535 quo

2250 542 2413 621 iguis
2444 542 2891 623 producendus
2922 552 3035 616 est,
3068 546 3133 603 et
3165 543 3255 603 sic
3286 542 3363 604 de
3398 544 3520 606 aliis
3543 570 3557 622 ;
3582 556 3630 611 at
3646 570 3711 613 te·

2252 656 2323 699 ro
2353 654 2521 716 saepe
2554 639 2716 700 actio
2740 636 2999 712 Christi,
3034 654 3153 717 per
3181 654 3370 715 quam
3392 636 3617 703 faciebat
3640 647 3713 705 mi-

2254 732 2539 793 raculum
2563 777 2580 807 ‚
2634 748 2765 793 uon
2817 730 3190 793 versabatur
3244 730 3402 792 circa
3451 734 3712 813 subjectum

2256 827 2678 905 susceptivum
2714 826 2975 886 effectus
3006 823 3389 901 miraculosi,
3418 826 3519 886 sed
3544 830 3623 888 vel
3642 832 3715 892 cir-
3780 866 3782 869 ⁴

2256 938 2329 980 ca
2353 918 2657 994 medium,
2686 922 2758 979 ut
2784 934 2929 994 vox,
2950 918 3051 979 vel
3074 914 3391 979 interdum
3418 938 3631 983 manere
3650 944 3716 1003 po·
3771 973 3777 982 .

2252 1018 2415 1075 terat
2442 1013 2507 1072 in
2536 1012 2675 1092 ipsa
2702 1011 2914 1073 anima
2952 1010 3180 1072 Christi
3204 1056 3225 1086 ,
3256 1016 3327 1072 ut
3364 1010 3412 1072 si
3452 1030 3549 1092 per
3578 1026 3717 1079 actum
3777 1015 3783 1038 ²²

2250 1105 2587 1167 voluntatis
2620 1105 2855 1166 faceret
2882 1104 3280 1166 miraculum.
3774 1095 3778 1136 ³

2332 1203 2393 1261 2.
2428 1202 2573 1263 Haec
2600 1200 2933 1262 difficultas
2960 1201 3312 1280 pracsertim
3336 1202 3531 1283 vigere
3550 1204 3719 1267 videtur

2254 1294 2319 1356 in
2350 1294 2633 1357 doctrina
2664 1296 2733 1354 D.
2760 1296 3037 1367 Thomae,
3084 1294 3195 1373 qui
3240 1294 3424 1356 etiam
3468 1296 3526 1357 iu
3568 1298 3717 1359 diunis

2256 1388 2712 1460 instrumentis,
2743 1406 2883 1467 quae
2912 1395 3156 1450 tantum
3188 1407 3307 1468 per
3335 1389 3717 1452 obedientialem

2257 1482 2606 1563 potentiam
2645 1482 2726 1544 ad
2768 1482 3085 1561 agendum
3118 1487 3543 1557 assumuntur,
3578 1484 3718 1545 existi-
3769 1474 3782 1558 ’ᾖ

2258 1577 2451 1638 mavit
2478 1576 2903 1639 necessarium
2924 1584 2996 1638 ut
3013 1595 3129 1656 per
3156 1577 3470 1657 propriam
3496 1578 3717 1637 actionem
3780 1576 3783 1599 ²

2258 1670 2557 1751 praeviam
2588 1670 2917 1732 eleventur
2942 1670 3023 1732 ad
3068 1671 3463 1732 efficiendum
3488 1671 3717 1748 proprium
3780 1684 3783 1759 ζ

2256 1764 2549 1827 effectum
2606 1764 2971 1845 principalis
3024 1765 3312 1845 agenti53
3364 1772 3423 1826 et
3461 1764 3535 1825 ita
3576 1782 3721 1825 omnes
3780 1768 3783 1851 f

2256 1860 2539 1940 discipuli
2572 1860 2708 1941 ejus
2736 1865 3046 1923 conantur
3068 1858 3410 1921 defendere
3438 1860 3577 1919 hanc
3599 1859 3719 1918 actio·
3781 1858 3782 1879 *

2254 1972 2401 2016 nem
2448 1953 2745 2035 praeviam
2796 1954 2992 2016 fnisse
3044 1954 3238 2016 etiam
3294 1952 3658 2015 necessariam
3680 1950 3719 2009 in
3764 1947 3782 1979 ¹

2256 2048 2571 2111 miraculis
2612 2066 2751 2128 quae
2796 2050 3073 2112 Christus
3114 2048 3418 2110 Dominus
3449 2064 3547 2127 per
3568 2046 3721 2105 huma·
3781 2062 3782 2129 j

2258 2144 2517 2206 nitatem
2564 2162 2746 2206 suam
2788 2152 3083 2226 operatus
3132 2148 3269 2217 est;
3302 2142 3555 2203 fatentur
3582 2146 3721 2200 tamen
3780 2134 3783 2162 ¹

2256 2254 2385 2297 non
2416 2252 2551 2299 esse
2580 2238 3007 2301 necessarium
3036 2238 3205 2299 hanc
3245 2236 3541 2298 actionem
3564 2232 3719 2294 versari
3765 2216 3782 2311 1³

2258 2335 2367 2392 aut
2408 2331 2599 2411 recipi
2633 2333 2699 2393 in
2728 2334 3011 2412 subjecto
3041 2334 3103 2393 in
3138 2348 3268 2413 quo
3313 2330 3383 2393 fit
3408 2328 3721 2390 miraculosus
3767 2333 3777 2365 ⁴>

2260 2424 2538 2499 effectus,
2595 2424 2714 2487 hoc
2778 2426 2946 2487 enim
3003 2425 3323 2487 convincit
3381 2424 3719 2502 argumentum
3780 2432 3782 2441 ‘

2258 2518 2530 2595 factum3
2573 2518 2846 2581 fatentur
2899 2520 3087 2581 etiam
3132 2520 3304 2581 hanc
3349 2518 3617 2579 actionem
3644 2528 3719 2571 non
3777 2530 3782 2595 ¹3

2261 2632 2399 2677 esse
2426 2614 2742 2695 propriam
2788 2616 3262 2697 dispositionem
3286 2660 3303 2690 ,
3346 2629 3536 2693 neque
3570 2615 3716 2669 natura
3768 2639 3782 2689 ·„

2259 2726 2373 2769 sua
2416 2708 2651 2787 aliquid
2694 2708 2977 2771 conferre
3024 2709 3105 2771 ad
3138 2710 3432 2771 effectum
3461 2700 3717 2787 principat<
3781 2700 3782 2703 ’

2258 2800 2545 2881 agentis;
2597 2802 3003 2865 nihilomiuus
3044 2809 3260 2865 tamen
3313 2802 3481 2863 aiunt
3518 2814 3625 2858 esse
3656 2812 3719 2853 ne·
3771 2819 3782 2883 g¹

2258 2894 2640 2971 cessariam,
2690 2894 2957 2957 fortasse
3008 2914 3089 2958 ne
3130 2897 3590 2957 instrumentum
3626 2884 3721 2947 nihil
3771 2884 3782 2927 ’Ὗ

2260 2988 2515 3049 omnino
2542 3006 2731 3069 agere
2757 2988 3068 3062 videatur,
3094 2990 3143 3051 si
3170 3006 3251 3051 ex
3275 3004 3342 3050 se
3363 2986 3509 3048 nihil
3535 2978 3717 3045 contem
3769 2961 3782 3040 ,ἲ

2261 3088 2323 3145 et
2352 3082 2609 3161 quidam
2641 3100 2860 3145 eorum
2886 3084 3102 3145 dicunt
3123 3102 3267 3145 esse
3288 3076 3654 3143 necessariam
3671 3078 3721 3129 ta·

2258 3174 2385 3237 lem
2416 3176 2751 3252 actionem,
2780 3183 2849 3237 ut
2878 3194 2989 3257 per
3019 3194 3160 3238 eam
3191 3176 3508 3238 intimetur
3531 3168 3721 3231 divinum
3771 3208 3782 3253 ·;

2259 3268 2615 3348 imperium.
2658 3269 2781 3330 Sed
2826 3270 2963 3331 haec
2990 3268 3097 3348 (ut
3130 3286 3346 3331 verum
3390 3262 3599 3339 fatear)
3630 3254 3721 3315 mihi
3772 3244 3783 3343 ξ’

2258 3380 2385 3423 non
2410 3362 2830 3440 satisfaciunt3
2853 3382 2981 3423 non
3004 3364 3171 3425 enim
3194 3348 3475 3438 intelligo
3501 3372 3607 3424 cur,
3630 3350 3723 3409 sicut
3773 3334 3783 3442 t

2258 3454 2613 3515 humanitas
2642 3452 2906 3531 Christi,
2942 3469 3137 3517 manu
3184 3448 3582 3531 contingendo
3618 3458 3723 3503 mor-

2259 3554 2458 3623 tuum,
2498 3552 2699 3629 potuit
2736 3550 2915 3613 illum
2943 3551 3347 3628 resuscitare,
3376 3566 3498 3609 non
3528 3532 3721 3639 etiam-id

2256 3648 2469 3722 posset
2503 3642 2714 3705 facere
2766 3647 2900 3707 sine
2950 3644 3059 3707 tali
3108 3648 3424 3707 contactu·
3464 3636 3721 3701 Praesertim

2256 3754 2398 3797 cum
2424 3756 2613 3817 supra
2642 3742 2965 3801 ostensum
2998 3739 3075 3800 sit
3100 3740 3371 3801 localem
3394 3722 3723 3815 propinquita-

2256 3834 2383 3892 tem
2416 3849 2544 3891 non
2594 3850 2731 3895 csse
2768 3832 3189 3895 necessariam
3228 3833 3299 3893 in
3340 3818 3649 3909 hujusmodi
3668 3816 3720 3915 in:

2257 3926 2627 3987 strumento.
2664 3924 2928 4002 Deinde,
2976 3924 3264 4007 quamvis
3296 3926 3361 3985 in
3388 3936 3581 3991 manu,
3612 3906 3721 3971 verhl

2258 4017 2478 4098 gratia,
2498 4016 2745 4094 Christi,
2767 4038 2895 4080 non
2920 4020 3309 4100 intelligatur
3330 4034 3459 4079 esse
3478 4008 3609 4074 actio
3624 4017 3720 4082 pra·

2256 4111 2377 4184 via,
2410 4117 2615 4189 potest
2644 4118 2812 4174 recte
2843 4112 3107 4193 intelligi
3157 4113 3330 4193 quod
3379 4110 3504 4189 ipse
3542 4100 3720 4197 effectus

2254 4205 2555 4283 procedat
2601 4210 2663 4266 et
2708 4204 2983 4285 pendeat
3031 4204 3112 4267 ab
3151 4206 3285 4285 ipsa
3334 4214 3510 4265 carne
3536 4191 3713 4254 Chrisu;

2259 4314 2404 4357 nam
2455 4298 2707 4374 quando
2746 4298 3053 4360 efficiebat
3098 4298 3288 4360 talem
3319 4288 3721 4360 effectum,tan·

2260 4390 2489 4471 gendo,
2520 4390 2777 4452 effectus
2802 4408 3023 4453 revera
3048 4392 3407 4453 immediate
3430 4372 3718 4477 procedenti

2258 4483 2339 4545 ab
2366 4482 2509 4563 ipsa'
2528 4500 2717 4545 carne
2744 4528 2760 4559 ,
2790 4490 2853 4546 et
2880 4490 3077 4547 tactus
3108 4484 3312 4545 solum
3358 4484 3483 4544 erat
3526 4467 3719 4565 conditi-0

2258 4577 2437 4655 quasi
2466 4578 2813 4639 voluntarie
2844 4577 3145 4650 adhibita,
3174 4594 3302 4639 non
3331 4582 3528 4639 tamen
3555 4556 3719 4659 simlflf‘

2255 4671 2404 4732 citer
2432 4672 2812 4736 necessaria.
2846 4671 3013 4733 unde
3042 4672 3356 4733 interdum
3390 4660 3620 4730 faciebat
3644 4668 3719 4711 m1-

2252 4766 2531 4825 raculum
2566 4764 2699 4826 sine
2724 4764 2830 4825 tali
2864 4772 3189 4841 contactu3
3217 4782 3363 4846 ergo
3385 4756 3605 4843 praecise
3626 4760 3718 4825 pro-

2252 4864 2393 4939 pter
2426 4856 2825 4919 efficientiam
2862 4878 2991 4920 uon
3021 4864 3155 4922 erat
3184 4854 3521 4921 necessaria
3548 4844 3629 4907 illa
3655 4854 3716 4895 ac·

2256 4953 2341 5013 tio
2378 4953 2630 5031 praevia.
2682 4952 2963 5013 Tandem
3010 4954 3201 5029 illud,
3254 4950 3417 5033 quod
3458 4942 3641 5006 dicitur
3668 4927 3717 4987 df!

2255 5044 2648 5106 intimatione
2677 5044 2946 5124 imperii,
2982 5046 3116 5126 jam
3155 5046 3447 5124 rejectum
3473 5036 3714 5105 estiffllffl*

2258 5138 2311 5199 si
2334 5138 2535 5199 solum
2568 5136 2714 5198 dicit
2741 5136 3185 5213 conditionem,
3222 5139 3299 5199 ad
3328 5136 3492 5214 cujus
3517 5129 3716 5217 prff‘SP-ss‘

2258 5232 2409 5293 tiam
2431 5232 2594 5291 Deus
2625 5238 2941 5310 operatur,
2966 5232 3279 5293 haec'nihil
3302 5230 3481 5293 refert
3503 5218 3570 5282 ad
3588 5214 3714 5273 ratio·

2258 5342 2405 5386 nem
2434 5324 2565 5386 veri
2594 5324 3025 5402 instrumenti,
3069 5332 3129 5387 ct
3158 5330 3479 5405 praeterea,
3517 5286 3715 5404 ³5⁰¹¹²,⁸.d

2258 5420 2661 5501 praesentiam
2699 5419 2962 5481 actionis
3007 5426 3307 5482 creaturae
3328 5466 3343 5495 ,
3374 5410 3589 5499 ponitur
3614 5394 3716 5456 dffl‘

2260 5530 2414 5573 num
2442 5512 2801 5593 imperium,
2818 5511 2902 5575 ita
2922 5512 3001 5575 ad
3022 5512 3415 5593 praesentiam
3437 5500 3598 5585 ipsius
3619 5482 3717 5549 Sub·

3777 1196 3783 1229 t

3777 1282 3783 1319 'l
