3892 6167
1350 371 1668 426 ntsvu'rAT.
1705 368 1823 421 le.
1861 373 2029 426 SECT.
2065 373 2147 424 lv.

113 468 502 550 scripserim
539 487 669 530 non
721 485 858 530 esse
911 468 1384 548 praedicaudum
1436 469 1694 550 populo,

112 564 485 642 imaginem
515 563 734 624 Christi
775 579 913 622 esse
955 562 1340 624 adorandam
1385 564 1604 639 latria3
1637 569 1698 625 et

115 657 308 737 quod
339 655 716 718 asseruerim
754 656 828 716 D.
858 656 1164 717 'rhomam
1205 675 1334 718 non
1386 655 1580 718 fuisse
1631 654 1698 717 id

115 767 610 822 concessurum,
643 749 694 809 si
733 749 842 810 vn
884 749 1208 829 Synodum
1247 750 1524 828 legisset.
1572 747 1699 812 Sed

123 849 434 904 neutrum
461 843 686 904 horum
716 861 793 903 ex
822 843 1124 904 hactenus
1148 842 1327 904 dictis
1356 842 1561 922 colligi
1580 859 1698 922 po·-

121 942 284 998 test.
312 935 661 1014 Ecquidem
688 938 760 996 l).
807 937 1030 996 Thom.
1079 953 1198 1016 ego
1235 935 1419 998 valde
1466 935 1696 1013 proba-

121 1030 264 1091 bile
298 1029 611 1111 existimo,
643 1027 856 1108 ipsum
895 1046 1026 1090 non
1081 1029 1312 1090 vidisse
1345 1028 1453 1090 v11
1499 1031 1694 1109 Syno-

120 1123 313 1196 dum,
343 1139 488 1184 cum
519 1123 656 1200 ejus
683 1122 1069 1185 mentionem
1095 1141 1222 1184 non
1251 1123 1492 1185 fecerit.
1517 1123 1698 1196 Quod

125 1217 182 1278 si
201 1217 491 1289 vidisset,
517 1234 647 1276 non
667 1221 974 1278 mutasset
992 1217 1251 1296 quidem
1290 1217 1692 1292 sententiam,

125 1329 256 1372 nec
296 1309 558 1370 fortasse
587 1309 886 1386 loquendi
913 1309 1193 1381 modum,
1224 1327 1368 1372 cnm
1400 1309 1697 1390 simplici-

125 1407 226 1464 ter
245 1421 436 1464 verus
454 1403 530 1464 sit
541 1420 560 1480 3
587 1403 974 1483 exposuisset
993 1411 1206 1465 tamen
1223 1403 1330 1464 VII
1345 1403 1693 1483 Synodum,

126 1513 446 1573 suamque
488 1497 863 1558 sententiam
893 1513 1036 1558 cum
1068 1497 1256 1558 modo
1284 1496 1581 1576 loquendi
1629 1497 1699 1557 il-

127 1591 260 1650 lius
288 1589 702 1651 conciliasset.
728 1589 905 1662 Quod
921 1607 1072 1651 vero
1096 1590 1178 1651 ad
1198 1589 1697 1651 concionandum

129 1701 354 1746 coram
385 1682 569 1761 plebe
589 1682 882 1760 pertinet,
898 1701 1025 1744 non
1041 1700 1349 1763 negamus
1368 1684 1695 1745 veritatem

129 1776 304 1836 hanc
327 1773 792 1855 praedicandam
823 1793 962 1838 esse
994 1777 1249 1858 populo,
1281 1781 1586 1856 quantum
1614 1773 1697 1836 ad

132 1869 617 1933 aedificationem
649 1871 786 1950 ejus
825 1872 1140 1951 pertinere
1179 1876 1419 1951 potest;
1463 1869 1576 1931 sed
1605 1875 1700 1930 ta·

135 1981 312 2038 men,
351 1963 500 2042 quia
525 1964 790 2025 materia
819 1971 913 2024 est
930 1965 1170 2026 lubrica
1199 1970 1260 2026 et
1300 1963 1590 2040 obscura,
1636 1967 1699 2025 et

139 2055 203 2115 in
225 2073 300 2116 ea
323 2074 450 2116 non
480 2056 680 2117 solum
709 2059 854 2117 sunt
871 2056 1058 2118 variae
1078 2056 1538 2135 Theologorum
1561 2073 1698 2116 sen-

141 2149 518 2221 tentiae,sed
566 2165 814 2210 errores
859 2149 1047 2210 etiam
1103 2149 1354 2211 misceri
1409 2153 1696 2226 possunt,

140 2241 281 2304 ideo
312 2241 581 2304 dicimus
636 2261 848 2303 coram
905 2243 1092 2322 plebe
1120 2248 1306 2306 caute
1356 2248 1419 2303 et
1467 2240 1698 2302 diserte

141 2353 282 2398 esse
327 2335 741 2415 loquendum,
793 2327 856 2397 et
906 2337 1114 2415 potius
1146 2353 1284 2397 esse
1331 2351 1466 2395 rem
1494 2335 1698 2413 ipsam

139 2429 576 2510 explicandam
605 2429 726 2491 sub
755 2429 1192 2491 communibus
1219 2427 1500 2490 terminis
1523 2427 1631 2508 qui
1660 2445 1696 2489 a

137 2523 327 2603 plebe
379 2521 622 2602 concipi
673 2523 936 2602 possint,
989 2539 1182 2600 quam
1235 2521 1355 2582 sub
1415 2519 1695 2582 terminis

140 2615 548 2690 scholasticis,
582 2615 692 2694 qui
717 2616 820 2675 vix
843 2615 1104 2696 intelligi
1133 2616 1406 2677 valeant.

223 2713 318 2772 19.
365 2709 463 2771 Ad
520 2709 691 2770 aliud
751 2709 1232 2770 fundamentum
1307 2725 1386 2769 ex
1453 2709 1700 2770 ratione

134 2809 484 2882 sumptum,
504 2803 642 2882 jam
671 2819 1040 2881 responsum
1062 2807 1176 2874 est,
1193 2801 1298 2862 illo
1327 2807 1698 2882 argumento

133 2904 311 2958 recte
341 2894 651 2971 concludi,
685 2895 1026 2976 imaginem
1055 2911 1170 2974 per
1213 2911 1280 2955 se
1327 2895 1528 2956 solam
1567 2913 1698 2955 non

131 3007 326 3070 posse
355 2987 604 3050 adorari
627 2987 734 3048 illo
765 2989 959 3064 cultu,
978 2988 1087 3066 qui
1104 2987 1448 3066 exemplari
1471 3005 1698 3048 secun-

131 3085 293 3145 dum
357 3099 426 3143 se
483 3081 772 3158 debetur,
821 3098 950 3142 non
1005 3087 1216 3141 tamen
1270 3079 1522 3160 probari
1569 3099 1696 3141 non

129 3194 326 3258 posse
343 3175 662 3236 coadorari
694 3175 880 3236 simul
911 3192 1052 3236 cum
1084 3173 1426 3252 exemplari
1454 3173 1559 3234 illo
1589 3192 1697 3234 eo·-

129 3271 288 3332 dem
320 3269 488 3330 cultu
527 3287 653 3348 quo
691 3269 987 3329 adoratur
1015 3268 1354 3346 exemplar.
1389 3267 1463 3327 Et
1489 3264 1697 3345 quoad

133 3366 263 3424 hoc
286 3362 442 3423 nihil
470 3363 663 3422 refert
699 3361 871 3441 quod
899 3361 1108 3440 imago
1149 3360 1227 3420 sit
1267 3377 1372 3421 res
1412 3358 1701 3420 distincta

133 3463 204 3518 et
247 3455 502 3516 inferior
530 3461 890 3535 prototypo,
921 3459 1032 3514 aut
1071 3451 1241 3532 quod
1281 3469 1420 3513 esse
1473 3468 1702 3531 reprae-

133 3550 520 3612 sentativum
589 3548 938 3610 secundum
990 3565 1058 3608 se
1109 3548 1189 3608 sit
1239 3545 1548 3607 inferioris
1594 3565 1702 3606 ra·-

131 3643 326 3705 tionis
347 3688 368 3718 ,
425 3659 616 3722 quam
665 3657 884 3702 verum
943 3656 1082 3702 esse
1139 3645 1695 3719 reproesenlatum3

123 3755 282 3798 nam
329 3736 414 3796 ob
443 3737 606 3797 hanc
661 3753 916 3796 causam
973 3735 1109 3814 ipsa
1149 3733 1358 3813 imago
1409 3731 1696 3794 inferiori

129 3830 416 3910 quodam
447 3828 634 3890 modo
664 3829 992 3908 participat
1031 3828 1203 3888 illam
1235 3827 1692 3901 adorationem,

127 3941 248 3985 seu
288 3923 368 3986 ab
417 3922 522 3984 illa
575 3922 930 4002 attingitur;
976 3937 1150 3995 nam,
1207 3919 1354 3981 licet
1408 3919 1690 3981 adoratio

125 4035 262 4078 una
291 4016 387 4090 sit,
432 4033 560 4076 non
609 4021 706 4078 est
742 4031 1004 4076 necesse
1046 4017 1116 4074 ut
1153 4012 1476 4092 aequaliter
1510 4011 1694 4073 cadat

123 4111 198 4172 in
241 4109 452 4170 omnia
509 4125 648 4188 quai
705 4125 818 4187 per
863 4107 967 4168 illa
1021 4107 1475 4178 coadorantur3
1533 4106 1696 4166 sicut

125 4206 356 4269 eadem
386 4205 775 4276 adoratione,
809 4222 935 4282 qua
987 4209 1243 4264 sanctus
1293 4200 1484 4264 homo
1535 4200 1694 4261 coli·-

126 4307 260 4373 tur,
299 4299 636 4362 adorantur
679 4314 908 4376 corpus
937 4302 1003 4358 et
1031 4295 1263 4368 anima,
1293 4312 1424 4357 non
1481 4300 1691 4356 tamen

127 4410 339 4474 aeque,
370 4393 482 4454 sed
515 4393 716 4472 magis
741 4390 949 4452 anima
973 4407 1165 4469 quam
1193 4407 1450 4469 corpus;
1477 4387 1696 4450 sicer-

127 4505 216 4568 go
278 4488 486 4566 imago
517 4486 814 4546 adoratur
855 4483 1110 4564 quidem
1153 4501 1278 4543 una
1325 4481 1692 4544 adoratione

127 4599 283 4643 cum
311 4582 666 4659 prototypO,
699 4595 826 4638 non
859 4583 1070 4638 tamen
1099 4593 1280 4654 aeque
1310 4594 1384 4637 ac
1410 4581 1693 4656 prototy-

127 4692 288 4753 pon.
317 4674 518 4751 Atque
550 4673 667 4732 hoc
713 4671 923 4750 ipsum
970 4676 1032 4732 et
1075 4670 1234 4730 nihil
1262 4670 1432 4729 alind
1471 4667 1694 4748 probat

127 4765 528 4828 confirmatio
557 4763 792 4825 ibidem
840 4761 1159 4843 adjuncta,
1189 4762 1361 4842 quod
1411 4761 1694 4822 adoratio

129 4859 433 4938 imaginis
485 4857 834 4936 respectiva
875 4861 1006 4931 est,
1057 4855 1226 4933 quod
1284 4871 1505 4916 verum
1557 4869 1698 4916 esse

129 4970 392 5027 censeo,
433 4952 626 5014 etiam
672 4951 749 5012 de
793 4950 900 5012 illa
927 4949 1294 5012 adoratione
1330 4965 1456 5029 qna
1509 4947 1698 5009 simul

131 5063 286 5109 cum
317 5046 656 5126 exemplari
685 5045 894 5124 imago
927 5045 1248 5119 adoratur,
1289 5043 1438 5122 quia
1483 5043 1695 5121 imago

127 5140 316 5201 nullo
343 5139 531 5200 modo
562 5144 660 5200 est
686 5137 1026 5199 adorabilis
1051 5141 1308 5217 propter
1339 5152 1431 5206 se,
1459 5134 1574 5197 sed
1600 5151 1698 5195 so-

131 5237 272 5295 lum
293 5241 548 5315 propter
567 5235 978 5296 extrinsecam
999 5231 1456 5294 excellentiam.
1479 5230 1697 5309 Neque

131 5329 288 5390 inde
353 5329 708 5390 necessario
765 5328 855 5402 fit,
919 5326 1352 5407 adorationem
1407 5324 1700 5404 imaginis

133 5441 283 5486 esse
315 5423 672 5485 distinctam
700 5423 784 5484 ab
809 5421 916 5484 illa
946 5440 1073 5502 qna
1114 5422 1348 5483 directe
1400 5419 1700 5481 adoratur

135 5517 485 5596 exemplar,
519 5517 670 5596 quia
697 5534 823 5578 non
850 5523 1166 5596 repugnat
1221 5514 1508 5576 eamdem
1546 5511 1700 5575 ado-

461 5634 634 5682 xvm.

3176 361 3185 371 '
3222 365 3339 425 625

1780 469 2087 532 rationem
2116 489 2253 533 esse
2282 471 2687 552 respectivam
2725 477 2789 532 et
2826 469 3179 532 absolutam
3206 489 3340 532 res-

1778 570 1965 644 pectu
1994 565 2384 627 diversorum
2408 580 2428 641 3
2455 583 2583 625 non
2612 565 2781 624 enim
2811 563 3037 624 dicitur
3062 564 3339 625 formali-

1779 661 1875 718 ter
1902 658 2186 720 absoluta
2220 663 2285 719 et
2326 657 2675 736 respectiva
2708 663 2961 736 propter
3012 657 3329 718 habitudi-

1779 769 1927 811 nem
1957 751 2038 812 ad
2067 751 2337 830 aliquem
2363 751 2705 812 terminum
2730 767 2746 822 ;
2789 750 2877 810 sic
2907 750 3076 812 enim
3130 751 3337 811 omnis

1780 843 2059 907 adoratio
2106 849 2315 924 potest
2342 844 2463 905 dici
2494 843 2862 923 respectiva.
2891 843 3040 922 quia
3080 843 3338 922 respicit

1781 938 2098 1018 objectum
2128 938 2479 1012 adoratum,
2512 943 2575 998 et
2604 937 3036 999 excellentiam
3080 943 3338 1016 propter

1780 1046 1970 1108 quam
2022 1031 2355 1104 adoratum
2386 1030 2501 1092 sed
2552 1049 2631 1092 ex
2682 1036 2858 1110 parte
2908 1029 3135 1109 objecti
3192 1029 3341 1090 ado·

1777 1125 1917 1195 rati,
1952 1124 2122 1204 quod
2147 1129 2353 1204 potest
2384 1142 2520 1185 esse
2566 1122 2665 1184 vel
2715 1121 3001 1183 absolute
3050 1128 3110 1183 et
3160 1124 3224 1184 in
3270 1141 3339 1184 se

1777 1217 2092 1279 excellens
2104 1263 2124 1293 ,
2182 1218 2285 1279 vel
2346 1218 2549 1278 solum
2614 1215 2955 1295 respiciens
3027 1215 3338 1276 excellen-

1777 1311 1928 1372 tiam
1956 1329 2095 1390 quae
2122 1317 2213 1372 est
2250 1312 2315 1371 in
2347 1311 2467 1371 alio
2487 1357 2501 1383 ,
2531 1309 2758 1370 dicitur
2800 1308 3082 1369 absoluta
3114 1307 3340 1370 adora-

1777 1403 1886 1476 tio,
1919 1407 2105 1482 prout
2128 1402 2379 1482 respicit
2408 1403 2723 1480 objectum
2768 1402 2995 1480 prioris
3024 1401 3288 1462 rationis
3313 1423 3331 1476 3

1777 1496 2127 1575 respectiva
2178 1513 2351 1569 vero,
2380 1502 2448 1557 ut
2479 1495 2647 1556 cadit
2686 1495 2751 1554 in
2784 1495 3103 1570 objectum
3156 1493 3330 1574 quod

1779 1587 1985 1649 solum
2016 1588 2315 1650 adoratur
2353 1594 2611 1668 propter
2659 1587 3075 1648 extrinsecam
3124 1587 3327 1648 excel—

1776 1681 2067 1757 lentiam3
2114 1681 2250 1743 fieri
2280 1688 2492 1743 autem
2520 1687 2730 1760 potest
2752 1687 2823 1742 ut
2852 1684 3053 1742 totum
3084 1679 3343 1758 aliquod

1778 1775 2093 1855 objectum
2123 1775 2421 1837 adoretur
2447 1775 2689 1836 ratione
2708 1774 2897 1835 unius
2920 1773 3336 1850 excellentiae,

1779 1885 1918 1948 quoe
1966 1887 2095 1929 non
2124 1887 2305 1948 aeque
2341 1867 2492 1930 insit
2514 1866 2807 1930 omnibus
2858 1866 3141 1946 partibus
3194 1866 3335 1928 talis

1781 1959 2032 2041 objecti,
2068 1961 2180 2022 sed
2208 1962 2272 2021 in
2297 1979 2424 2021 una
2466 1966 2544 2021 sit
2569 1978 2685 2040 per
2718 1979 2806 2034 se,
2832 1959 2900 2019 in
2928 1960 3067 2020 aliis
3100 1965 3343 2021 tantum

1779 2055 2145 2117 habitudine
2176 2055 2447 2134 quadam
2467 2072 2481 2126 ;
2504 2062 2566 2116 et
2584 2054 2727 2115 talis
2747 2053 3032 2114 adoratio
3052 2061 3343 2133 respectu

1779 2150 1967 2210 unius
1984 2150 2161 2229 quasi
2194 2147 2471 2228 partialis
2501 2146 2724 2225 objecti
2756 2147 2999 2207 dicetur
3026 2145 3338 2223 absoluta,

1781 2247 1845 2304 et
1867 2248 2157 2322 respectu
2187 2242 2443 2304 alterins
2466 2240 2842 2320 respectiva.

1859 2337 1961 2398 20.
2021 2335 2271 2399 Ultima·
2295 2335 2638 2412 objectionis
2665 2333 2905 2396 solutio·
2930 2363 3010 2379 —-
3034 2332 3212 2396 Unde
3253 2332 3335 2393 ad

1778 2428 2066 2490 ultimam
2098 2427 2541 2506 objectionem,
2584 2444 2723 2505 quae
2776 2425 3009 2488 directe
3055 2425 3343 2505 procedit

1779 2529 1996 2584 contra
2046 2521 2435 2599 superiorem
2489 2518 2876 2594 doctrinam,
2918 2517 3339 2598 respondetur

1777 2633 1902 2677 non
1935 2615 2140 2676 solum
2169 2613 2481 2675 Christum
2510 2629 2650 2672 esse
2680 2613 2996 2690 objectum
3024 2611 3161 2672 talis
3188 2610 3342 2672 ado·

1779 2709 2059 2784 rationiS,
2093 2709 2205 2770 sed
2236 2708 2425 2769 etiam
2450 2706 2793 2784 imaginem
2812 2705 2929 2766 sub
2956 2705 3063 2765 illo
3090 2704 3336 2784 objecto

1780 2801 2249 2882 comprehendi.
2266 2799 2420 2862 Cum
2450 2805 2658 2860 autem
2691 2817 2767 2858 ex
2798 2800 2918 2858 hoc
2948 2796 3209 2857 infertur
3227 2796 3340 2857 ali-

1779 2913 1973 2976 quam
2018 2901 2372 2957 creaturam
2423 2910 2563 2955 esse
2588 2893 2810 2953 saltem
2840 2891 3101 2972 partiale
3128 2890 3335 2968 objec-

1778 2998 1913 3050 tum
1970 2988 2353 3050 adorationis
2390 2986 2607 3060 latriae,
2658 2986 3071 3065 respondetur
3124 2983 3341 3046 distin-

1780 3081 2032 3164 guendo
2061 3099 2489 3160 consequens:
2528 3084 2637 3140 aut
2666 3080 2834 3139 enim
2864 3077 3233 3156 intelligitur
3260 3077 3339 3139 de

1780 3176 2024 3255 objecto
2048 3193 2163 3254 per
2192 3191 2259 3234 se
2304 3173 2507 3252 primo
2538 3172 2822 3246 adorate,
2854 3176 2962 3231 aut
2990 3169 3068 3230 de
3088 3169 3336 3248 objecto

1779 3269 2148 3340 coadorato;
2184 3267 2263 3328 de
2314 3266 2508 3345 priori
2548 3271 2819 3344 negatur
2851 3263 3131 3340 sequela,
3164 3269 3234 3323 ut
3262 3279 3339 3324 ex

1784 3360 1963 3421 dictis
1988 3358 2167 3420 facile
2191 3365 2397 3438 patet;
2422 3358 2503 3419 de
2522 3356 2851 3438 posteriori
2882 3362 3095 3416 autem
3115 3373 3342 3416 conce-

1781 3453 1973 3528 ditur,
2006 3453 2177 3532 quia,
2230 3456 2297 3512 ut
2339 3469 2527 3528 supra
2570 3451 2862 3524 diximus,
2890 3449 2994 3508 illa
3026 3448 3212 3509 dictio
3237 3467 3340 3508 ex·

1783 3546 2019 3608 clusiva
2072 3564 2199 3608 non
2250 3544 2523 3606 excludit
2576 3542 3087 3624 concomitantia..
3120 3541 3337 3618 Neque

1784 3649 1878 3704 est
1906 3647 2123 3704 contra
2142 3640 2416 3701 divinam
2449 3637 2888 3712 reverentiam,
2924 3635 3051 3695 imo
3076 3641 3172 3696 cst
3204 3653 3340 3695 ma-

1776 3736 1946 3798 xime
1980 3741 2469 3796 consentaneum
2496 3732 2604 3804 illi,
2634 3737 2698 3792 ut
2724 3749 2867 3792 cum
2887 3729 3020 3808 ipso
3034 3729 3163 3790 Deo
3188 3727 3336 3788 ado-

1777 3833 1999 3890 rentur
2026 3845 2171 3908 quae
2197 3827 2285 3887 illi
2314 3827 2650 3906 conjuncta
2702 3830 2847 3884 sunt
2884 3839 2996 3900 per
3024 3821 3336 3882 habitudi-

1777 3939 1922 3983 nem
1981 3920 2062 3982 ad
2102 3921 2349 4001 ipsum3
2384 3917 2726 3997 quomodo,
2781 3921 3027 3976 servata
3068 3931 3336 3994 propor-

1774 4018 1970 4090 tione,
1999 4017 2061 4077 in
2108 4014 2537 4094 superioribus
2559 4011 2950 4085 dicebamus„
2985 4009 3337 4071 humanita-

1773 4117 1901 4173 tem
1935 4108 2160 4170 Christi
2185 4106 2434 4168 adorari
2475 4105 2680 4180 latria,
2710 4105 2856 4182 quia
2891 4101 3225 4182 conjuncta
3242 4105 3337 4164 est

1774 4202 2001 4274 Verb0,
2060 4201 2230 4279 quod
2294 4199 2560 4279 dignum
2625 4201 2718 4257 cst
2760 4194 2872 4255 tali
2928 4194 3329 4273 adoratione,

1777 4311 2141 4374 quanquam
2174 4291 2555 4360 humanitas,
2589 4289 2638 4352 si
2682 4289 2944 4368 praecise
2975 4287 3333 4350 considere-

1773 4395 1898 4464 tur,
1937 4406 2065 4449 non
2116 4404 2295 4464 teque
2322 4384 2654 4464 participet
2684 4382 2853 4442 illam
2898 4381 3330 4442 adorationem

1777 4501 1850 4544 ac
1878 4483 2017 4561 ipsa
2041 4497 2312 4561 persona
2328 4478 2429 4538 vel
2451 4476 2743 4538 divinitas
2756 4474 2970 4549 Verbi,
2986 4474 3135 4552 qnia
3164 4491 3333 4535 sem-

1774 4595 1890 4658 per
1922 4581 2135 4637 manet
2183 4579 2502 4646 creatura3
2537 4571 2624 4632 sic
2674 4587 2823 4647 ergo
2854 4586 2982 4628 non
3022 4571 3337 4649 repugnat

1777 4678 2128 4732 creaturam
2160 4666 2408 4729 adorari
2438 4684 2551 4726 seu
2581 4662 2910 4726 coadorari
2937 4661 3143 4723 latria.

1859 4766 1960 4826 21.
2011 4761 2413 4838 Sacrificium
2440 4756 2706 4838 imayim‘
2734 4756 2955 4836 offerri
2981 4771 3097 4816 non
3120 4761 3335 4836 potest,

1782 4863 1838 4921 et
1865 4873 2159 4936 φαεινὼ-
2178 4853 2302 4916 Sed
2330 4852 2629 4931 objicies:
2664 4867 2815 4928 ergo
2847 4848 3070 4908 eadem
3095 4849 3337 4908 ratione

1779 4948 2009 5030 poterit
2032 4947 2405 5008 sacrificium
2434 4944 2697 5023 imagini
2716 4941 2939 5003 Christi
2970 4941 3202 5016 offerri,
3222 4942 3340 5001 sal-

1779 5049 1911 5103 tem
1939 5041 2436 5102 concomitanter
2482 5055 2593 5098 seu
2649 5034 2834 5095 simul
2872 5052 3015 5095 cum
3069 5032 3335 5110 Christe,

1779 5136 1950 5215 quod
1978 5141 2073 5196 est
2124 5134 2311 5212 plane
2338 5132 2595 5204 falsum;
2629 5127 2886 5205 sequela
2931 5134 3122 5208 patet,
3169 5129 3337 5206 quia,

1781 5230 1986 5290 sinon
2014 5234 2225 5308 posset
2248 5225 2508 5304 imagini
2538 5221 2915 5282 sacrificium
2944 5222 3173 5294 offerri,
3216 5239 3344 5280 ma-

1777 5323 1944 5384 xime
2000 5322 2149 5400 quia
2195 5321 2473 5382 continet
2538 5316 2777 5376 cultum
2828 5313 3059 5388 latriae3
3105 5322 3168 5374 at
3223 5315 3342 5374 hoc

1781 5415 2029 5478 nullum
2099 5420 2194 5476 est
2234 5410 2708 5479 inconveniens,
2742 5407 2891 5488 quia
2957 5407 3192 5469 dictum
3251 5415 3346 5469 est

1783 5529 1966 5592 posse
1996 5509 2337 5587 imaginem
2362 5503 2689 5568 coadorari
2715 5501 2914 5564 latria.
2949 5502 3151 5581 Atque
3176 5500 3344 5566 idem.

2952 5607 3031 5666 40
