3892 6167
1322 356 1643 412 msPU‘rAT.
1676 355 1846 410 thx.
1882 357 2053 411 SEGT.
2087 359 2171 412 m.

137 461 429 526 seruisse
468 461 782 526 Christum
811 477 949 526 esse
978 457 1176 522 filium
1199 458 1583 541 adoptivum,
1609 458 1723 523 sed

137 575 299 618 cum
328 555 438 620 illa
462 555 841 638 adjectione,
873 555 944 617 in
969 553 1392 627 humanitatm
1376 559 1483 617 ·et
1508 553 1596 617 ita
1622 571 1724 616 re-

133 651 366 714 ferunt
388 650 527 732 ejus
548 665 826 712 errorem
851 653 1142 712 auctores
1161 647 1424 730 antiqui,
1456 653 1526 710 ut
1549 653 1722 729 patet

137 764 228 808 ex
254 746 423 808 Jona
451 744 883 818 Aurelianen„
925 741 1167 819 Adone,
1198 748 1262 806 et
1290 743 1603 820 Aimoni0‚
1631 743 1722 805 lo·

135 840 238 902 cis
262 838 428 904 intra
453 837 743 914 citandis,
764 838 874 918 qui
890 836 1089 913 aiunt,
1110 837 1382 900 Felicem
1403 837 1716 914 docuisse,

133 932 463 996 Christum
494 932 841 995 secundum
863 929 1320 994 humanitatem
1341 929 1538 994 fuisse
1565 931 1719 994 ado-

131 1027 414 1106 ptivum.
449 1025 526 1088 Et
549 1025 960 1088 nihilominus
989 1025 1203 1088 Patres
1229 1024 1488 1088 concilii
1523 1025 1720 1088 Fran-

129 1119 343 1183 cot'or.
375 1117 552 1184 illam
576 1118 976 1195 sententiam,
1009 1123 1082 1180 ut
1108 1117 1189 1180 ab
1216 1116 1522 1200 Elipando
1544 1135 1717 1183 asse·

129 1215 429 1289 rebatur,
460 1213 762 1276 damnant
787 1219 861 1276 ut
891 1213 1286 1287 beneficam:
1325 1229 1498 1291 ergo.

223 1309 288 1370 2.
340 1307 706 1373 Secundum.
728 1303 1120 1372 —Secundo
1149 1305 1453 1388 probatur
1475 1323 1552 1370 ex
1574 1326 1716 1370 ver·-

123 1401 242 1464 bis
265 1399 556 1482 ejusdem
579 1399 866 1478 Concilii,
895 1415 1046 1463 nam
1067 1399 1381 1482 imprimis
1402 1399 1714 1464 Adrianus

127 1495 338 1576 Papa,
386 1497 454 1558 in
491 1493 674 1576 epist.
725 1511 868 1575 qua:
919 1493 1152 1558 ibidem
1203 1493 1496 1570 retertur,
1557 1494 1710 1558 dum

123 1591 510 1653 damnasset
552 1589 931 1652 sententiam
985 1595 1047 1652 et
1095 1587 1357 1652 modum
1405 1588 1706 1670 loquendi

125 1683 458 1764 Elipandi,
489 1699 632 1764 quae
654 1689 838 1746 vocat
858 1684 1092 1766 perfida
1118 1684 1434 1748 vorborum
1459 1685 1708 1748 strami-

123 1797 246 1855 m,
277 1776 528 1840 subdit:
557 1776 696 1844 Hoc
740 1775 1054 1844 Gackozioa
1091 1776 1376 1842 Ecclesia
1399 1794 1708 1860 uunquam

125 1871 424 1948 eredidit,
442 1887 752 1952 unquam
789 1870 1018 1944 dom.
1067 1887 1376 1952 mmmm
1405 1870 1562 1939 malo
1583 1889 1708 1936 cre·

125 1965 420 2030 desuem
459 1981 774 2030 moenum
807 1963 1099 2047 potat.
1136 1963 1212 2028 Et
1237 1961 1494 2028 subdit:
1543 1962 1713 2040 Quod

125 2059 196 2122 n·
226 2057 554 2122 eamdem
589 2071 796 2122 eorum
825 2055 1110 2122 callidam
1159 2055 1710 2138 comversationem

129 2157 386 2228 cuncta,
417 2169 553 2232 Μ
591 2149 986 2232 protulimus,
1027 2151 1115 2214 ad
1155 2149 1538 2214 dividuum
1575 2153 1713 2214 m-

131 2245 444 2310 tummodo
481 2245 649 2310 Filii
689 2244 810 2308 Dei
845 2243 1166 2324 reserenda
1209 2244 1581 2325 opinantur,
1621 2242 1717 2308 di-

131 2343 286 2404 cant
307 2338 414 2402 ubi
441 2355 708 2420 numm
737 2337 1039 2402 conmuni
1086 2338 1310 2416 affectu
1345 2336 1575 2402 &adt
1611 2353 1716 2400 uo-

129 2435 370 2498 biscum
395 2460 418 2494 .·
437 2433 630 2497 Pater
641 2435 865 2496 noster.
899 2429 1040 2495 Scit
1067 2432 1226 2495 enim
1251 2432 1498 2513 (inquit)
1521 2430 1718 2495 Pater

127 2532 342 2590 vester
365 2523 710 2608 quidnobis
742 2539 893 2604 opu
938 2523 1066 2598 sin·
1105 2539 1229 2588 m
1271 2525 1466 2590 aicit:
1521 2525 1718 2589 Pater

129 2623 368 2694 noster,
390 2615 572 2699 quasi
598 2615 903 2680 2:0me
932 2619 1257 2698 adoptatae
1275 2633 1388 2698 por
1412 2618 1708 2698 praciam.

133 2711 203 2773 ln
227 2711 472 2790 quibus
520 2711 728 2775 verbis
775 2711 942 2774 clare
995 2711 1149 2773 satis
1176 2711 1508 2792 distinguit
1531 2710 1708 2776 Chri-

126 2813 306 2867 stum
327 2811 400 2867 ut
419 2805 622 2868 Deum
641 2809 708 2867 et
729 2807 800 2867 ut
819 2805 1169 2878 hominem,
1195 2810 1262 2868 et
1281 2810 1492 2886 negat,
1516 2804 1706 2867 etiam

125 2907 202 2962 nt
227 2898 558 2961 hominem
586 2917 728 2962 esse
757 2897 1128 2980 adoptatum
1153 2915 1268 2980 per
1297 2900 1587 2979 gratiam.
1629 2899 1708 2961 Et

125 2993 322 3068 infra,
355 2991 678 3056 adducens
699 2991 853 3055 illud
875 2992 959 3054 ad
981 2993 1163 3055 Rom.
1189 2994 1272 3056 8:
1303 2991 1568 3076 Proprie
1598 2991 1710 3058 Fu

123 3087 218 3154 zio
244 3107 358 3152 suo
375 3105 496 3151 noa
516 3087 806 3169 pepercit,
827 3086 1064 3168 scapo-o
1089 3085 1263 3150 nobis
1289 3087 1564 3152 omnibu
1581 3092 1708 3152 tra-

129 3181 298 3246 didit
321 3179 526 3255 illum,
557 3179 890 3262 ponderat,
932 3178 1282 3242 secundum
1319 3178 1384 3241 id
1413 3177 1534 3241 dici
1562 3196 1710 3261 pro·

129 3275 348 3356 prium
389 3273 596 3338 filium
646 3281 709 3338 et
753 3291 884 3336 non
927 3272 1314 3355 adoptivum,
1357 3272 1707 3336 secundnm

129 3371 313 3452 quod
340 3389 456 3452 pro
480 3369 663 3433 nobis
694 3369 959 3434 traditus
991 3374 1125 3446 est:
1155 3368 1426 3432 traditus
1471 3373 1568 3432 est
1593 3385 1708 3430 au-

127 3473 266 3530 tem
277 3465 342 3528 in
355 3469 658 3546 quantum
667 3465 883 3528 homo.
897 3464 1076 3529 Unde
1089 3462 1405 3526 concludit
1414 3463 1650 3526 Adrian
1659 3481 1702 3528 .:

129 3559 330 3628 Sicut
343 3567 588 3642 peecata
620 3564 836 3624 nostra
869 3575 989 3622 non
1027 3557 1283 3631 tolleret,
1315 3557 1373 3622 si
1401 3560 1532 3640 ipso
1571 3577 1706 3642 pec-

129 3662 341 3721 catum
369 3655 629 3732 haberet,
657 3651 753 3718 ita
781 3651 1124 3738 adoptionis
1150 3653 1422 3734 qratiam
1443 3669 1568 3716 non
1594 3653 1707 3719 tri·

132 3750 362 3824 haeret,
391 3749 450 3811 si
469 3745 598 3830 ipsc
623 3751 876 3830 propter
902 3745 1223 3822 hominem,
1262 3763 1435 3830 quem
1469 3763 1708 3812 assum-

123 3843 266 3926 psit
288 3845 422 3906 sine
443 3841 618 3906 eorde
638 3837 896 3925 peccati,
925 3839 1332 3906 necessarium
1357 3843 1610 3925 equor-it,
1637 3845 1709 3906 ut

125 3938 412 4024 qratiam
447 3933 788 4020 adoptionis
825 3933 1141 4017 κάρανα.
1194 3933 1431 3996 Similia
1477 3935 1702 4011 multa,

129 4039 270 4095 tam
300 4032 366 4093 in
391 4029 500 4091 illa
530 4028 817 4110 epistola,
849 4045 1039 4110 quam
1063 4028 1132 4089 in
1159 4029 1402 4091 caeteris
1419 4029 1704 4110 partibus

129 4126 308 4190 illius
334 4123 588 4187 Concilii
615 4123 936 4204 leguntur.
968 4122 1338 4202 specialiter
1363 4139 1514 4186 vero
1540 4123 1608 4186 in
1632 4125 1704 4187 li-

127 4221 250 4286 bro
299 4217 732 4300 Sacrosyllabo
773 4216 1164 4298 ponderatur
1219 4217 1284 4277 in
1327 4215 1450 4280 illis
1489 4219 1700 4281 verbis

129 4311 325 4389 Petri,
358 4311 579 4374 Matth.
613 4312 732 4376 16:
767 4309 866 4374 1¹1⁶
903 4327 966 4374 es
1015 4307 1295 4375 Christus
1335 4309 1551 4375 Filius
1586 4311 1702 4376 Dei

127 4408 286 4484 vivi,
340 4405 513 4487 quod
563 4421 798 4467 nomen
830 4402 1114 4468 christae
1150 4421 1282 4465 non
1319 4409 1418 4469 est
1461 4421 1699 4468 nomen

130 4499 330 4564 solius
375 4499 740 4575 divinitatis,
793 4497 909 4560 sed
933 4497 1210 4559 hominis
1251 4498 1386 4573 Dei,
1414 4498 1524 4580 qui
1567 4517 1700 4562 non

130 4603 383 4660 tantum
405 4601 476 4658 ut
498 4595 686 4672 Deus,
718 4593 832 4657 sed
850 4599 920 4656 ut
945 4593 1011 4656 in
1037 4593 1428 4657 humanitate
1452 4601 1692 4670 unctus,

129 4689 363 4754 dicitur
383 4687 574 4752 Filius
595 4689 733 4752 Dei.
761 4685 1045 4770 Denique
1075 4688 1288 4750 omnia
1312 4689 1696 4764 testimonia,

131 4784 366 4863 quibus
419 4801 609 4864 supra
659 4801 738 4846 ex
787 4781 896 4844 illo
961 4781 1236 4844 Concilio
1295 4781 1702 4861 probavimus

127 4877 444 4944 Christum
477 4881 550 4940 ut
581 4875 908 4940 hominem
945 4891 1088 4937 esse
1125 4875 1350 4938 Filium
1379 4875 1492 4938 Dei
1517 4882 1706 4939 natu·

129 4971 355 5046 ralem,
375 4971 725 5052 probantin
742 4987 818 5033 eo
844 4987 984 5032 esse
1007 4968 1358 5046 delinitum,
1384 4967 1700 5033 Christum

131 5085 263 5129 non
292 5083 479 5148 posse
507 5063 628 5127 dici
667 5063 869 5129 fllium
906 5063 1291 5145 adoptivum,
1337 5064 1528 5126 etiam
1553 5081 1700 5126 cum

129 5159 236 5222 illa
291 5157 787 5240 reduplicatione
835 5175 952 5221 seu
977 5187 986 5194 ·
1007 5155 1534 5222 determinatione
1559 5204 1575 5233 ,
1629 5157 1700 5223 in

128 5257 428 5336 quantum
454 5253 668 5325 homen-
692 5251 842 5332 quia
865 5252 1124 5333 stepelin
1151 5250 1378 5314 eodem
1397 5249 1694 5328 ConciliO,

129 5353 196 5411 et
237 5345 596 5428 specialiter
637 5347 703 5408 in
757 5345 939 5428 epist.
973 5345 1056 5409 ad
1095 5346 1440 5428 Episcopus
1480 5345 1698 5426 Hispa-

127 5441 276 5516 niae,
311 5439 538 5504 dicitur
561 5439 935 5504 filiationem
963 5438 1322 5522 adoptivam
1345 5445 1407 5504 et
1444 5447 1700 5503 natura-

127 5535 258 5596 lem
285 5551 415 5597 non
429 5551 618 5616 posse
638 5534 844 5597 eidem
859 5535 1216 5612 convenire,
1239 5535 1389 5618 quia
1403 5533 1696 5618 adoptiva

3256 364 3371 426 501

1801 459 2069 522 includit
2102 463 2509 544 negationem
2554 465 2891 544 naturalis;
2924 467 2975 528 si
3018 485 3172 549 ergo
3209 470 3378 534 Chri·

1803 557 1925 629 sto,
1956 554 2149 617 etiam
2192 571 2338 618 eum
2364 557 2471 622 illa
2500 511 2994 640 specificatio’ne,
3022 568 3091 626 ut
3118 563 3372 640 houm,

1803 648 2097 710 convenit
2123 647 2340 713 filiatio
2382 652 2721 728 naturalis,
2750 669 2883 716 non
2929 659 3139 734 potest
3180 655 3377 738 adop·

1801 741 1929 802 tiva
1976 744 2337 806 convenire.
2388 746 2623 824 Tertio,
2675 763 3015 827 possumus
3058 748 3179 810 hoc
3228 767 3375 814 con·

1799 831 2057 897 firmare
2085 837 2329 900 ratione
2368 845 2621 918 sumpta
2664 855 2744 901 ex
2784 840 3013 904 eodem
3054 839 3373 923 Concili03

1798 943 1951 990 nam
1982 927 2199 992 filiatio
2232 931 2529 1013 adoptive
2556 939 2623 996 et
2645 933 2955 996 naturalis
2977 933 3375 1014 distinguunt

1798 1035 2129 1100 personae,
2167 1041 2313 1086 cum
2340 1043 2471 1087 una
2510 1026 2593 1089 sit
2618 1032 2944 1104 extranea,
2974 1031 3039 1090 et
3065 1027 3191 1090 alia
3230 1047 3375 1110 pro-

1795 1113 1973 1192 pria:
2008 1116 2120 1178 sed
2148 1116 2537 1200 distinguere
2572 1137 2880 1201 personas
2910 1121 2977 1183 in
3000 1119 3247 1184 Christo
3274 1131 3373 1187 est

1795 1204 2199 1289 baereficum3
2229 1230 2385 1293 ergo
2408 1214 2603 1276 etiam
2626 1213 2719 1278 illi
2744 1215 3093 1278 attribuere
3120 1213 3371 1279 filiatio·

1795 1317 1949 1362 nem
1994 1301 2380 1384 adoptivam,
2428 1305 2795 1372 haereticum
2844 1315 2965 1372 est.

1874 1397 1936 1456 3.
1981 1396 2170 1462 Ratio
2206 1401 2279 1462 iu
2327 1405 2728 1467 contrarium.
2758 1433 2843 1453 -
2876 1404 2951 1467 In
2986 1405 3369 1468 contrarium

1793 1495 2011 1552 autem
2062 1494 2178 1566 est,
2224 1493 2373 1572 qnia
2414 1495 2595 1557 multi
2638 1502 2705 1558 et
2756 1513 2983 1576 graves
3026 1498 3331 1578 Theologi
3350 1543 3369 1573 ,

1791 1585 1981 1648 etiam
2026 1591 2169 1666 post
2221 1583 2566 1654 Concilium
2622 1590 2940 1666 Francos„
2986 1593 3089 1654 vel
3130 1593 3373 1674 opinati

1789 1685 1938 1742 sunt
1982 1677 2298 1744 Christum
2344 1699 2533 1764 posse
2576 1683 2701 1748 dici
2731 1683 2931 1748 fllium
2958 1685 3368 1768 adoptivum,

1787 1779 1899 1836 aut
1931 1772 2323 1854 simpliciter,
2364 1783 2477 1839 aut
2511 1795 2657 1840 cum
2705 1777 3258 1856 determinatione,
3303 1781 3374 1845 in

1789 1872 2085 1951 quantum
2130 1869 2341 1942 λουιος
2386 1870 2489 1933 vel
2526 1877 2699 1936 certe
2732 1873 3099 1952 judicarunt
3128 1871 3195 1936 id
3230 1891 3372 1937 esse

1788 1959 2139 2042 probabile,
2158 1963 2224 2024 et
2260 1962 2473 2026 nullus
2502 1981 2582 2026 ex
2616 1965 2895 2046 antiquis
2924 1965 3268 2041 damnavit,
3298 1973 3372 2029 ut

1791 2055 2181 2132 haereticam,
2206 2057 2587 2120 sententiam
2614 2059 2997 2123 tribuentem
3026 2059 3269 2124 Christo
3292 2067 3367 2124 ut

1792 2146 2035 2210 homini
2078 2147 2506 2231 adoptionem,
2558 2169 2637 2214 eo
2678 2171 2871 2216 sensu
2912 2171 3041 2234 quo
3085 2153 3361 2218 Durand.

1791 2239 2034 2319 tribuit,
2062 2248 2135 2306 ut
2152 2248 2333 2322 patet
2360 2261 2439 2308 ex
2458 2243 2697 2320 Menai,
2726 2246 2801 2308 D.
2823 2246 3090 2325 Thema,
3120 2255 3183 2310 et
3202 2248 3367 2310 mul-

1795 2341 1866 2397 to
1895 2335 2101 2415 magis
2128 2353 2211 2400 ex
2238 2337 2791 2414 Scoto,1tichardo
2824 2346 2887 2404 et
2912 2339 3073 2403 aliis.
3106 2341 3287 2414 Quod
3312 2345 3369 2404 si

1795 2430 1940 2507 quis
1968 2429 2139 2492 dicat
2160 2429 2279 2492 bos
2300 2432 2931 2544 auctoresignorasse
2942 2433 3369 2498 definitionem

1793 2523 2045 2585 Consilii
2060 2523 2378 2601 Francos„
2398 2544 2551 2588 cnm
2564 2497 2809 2589 nullam
2824 2527 2967 2608 ejus
2980 2529 3369 2592 mentionem

1793 2615 2077 2692 fecerint,
2112 2617 2179 2682 id
2200 2625 2375 2682 certe
2405 2619 2753 2683 verisimile
2772 2637 2907 2684 non
2934 2628 3063 2694 est:
3094 2639 3269 2698 nam,
3292 2621 3370 2683 li-

1788 2715 1888 2773 cet
1923 2709 2095 2773 credi
2138 2713 2339 2792 possit
2379 2730 2491 2776 eos
2532 2731 2667 2776 nen
2716 2713 2955 2778 vidisse
2986 2721 3127 2780 acta
3166 2715 3366 2796 ipsius

1786 2804 2063 2882 Concilii,
2094 2821 2240 2886 qua:
2280 2803 2485 2887 usque
2510 2806 2595 2869 ad
2634 2813 2853 2870 nostra
2888 2806 3029 2872 fere
3065 2816 3363 2890 tempora

1784 2898 2139 2976 latuerunt,
2168 2903 2387 2964 tamen
2412 2901 2523 2965 vix
2546 2901 2722 2965 credi
2749 2907 2955 2982 potest
2981 2920 3110 2966 non
3136 2903 3365 2984 legisse

1785 2991 2114 3070 historias,
2144 3009 2288 3072 quoe
2316 2991 2687 3074 frequenter
2707 2995 3099 3058 mentionem
3124 2996 3364 3060 faciunt

1785 3085 2116 3149 Felieianoe
2152 3086 2447 3164 heresis,
2495 3086 2678 3168 cujus
2730 3086 3033 3152 defenser
3072 3094 3137 3152 et
3178 3094 3363 3170 quasi

1785 3185 2109 3260 protector
2130 3177 2249 3244 fuit
2274 3179 2645 3261 Elipandns,
2680 3189 2747 3244 et
2768 3181 3191 3246 damnationis
3230 3186 3365 3264 ejus

1787 3272 1969 3335 factm
1984 3279 2273 3352 tempore
2288 3274 2547 3336 Adriani
2562 3276 2771 3355 Papae,
2790 3285 3174 3358 congregato
3202 3279 3363 3342 Con-

1785 3366 1925 3428 cilio
1939 3364 2265 3443 Francof.;
2282 3371 2347 3430 et
2358 3366 2525 3430 inter
2542 3366 2987 3443 Scholasticos‚
3016 3367 3263 3446 Palud„
3294 3372 3360 3434 in

1785 3463 1848 3538 3,
1877 3459 1944 3522 d.
1982 3463 2051 3536 4,
2078 3477 2145 3540 q.
2184 3464 2249 3536 1,
2304 3460 2494 3540 hujus
2536 3459 2920 3524 definitionis
2952 3463 3267 3538 meminit,
3294 3471 3360 3528 ct

1783 3553 2194 3618 nihilominus
2222 3554 2602 3619 contrariam
2632 3553 2999 3640 opinionem
3024 3573 3157 3622 non
3182 3555 3357 3622 dam·

1785 3655 1922 3712 nat.

1863 3745 1930 3804 Δ.
1972 3741 2199 3808 Prima
2228 3743 2553 3828 opimo.—
2576 3746 2651 3810 In
2674 3746 2795 3810 hac
2811 3765 2885 3811 re
2912 3747 3075 3812 varii
3094 3754 3243 3812 sunt
3260 3747 3357 3812 in·

1785 3840 1884 3898 ter
1906 3836 2189 3917 juniores
2228 3838 2479 3902 dicendi
2504 3839 2699 3904 modi.
2745 3839 2989 3904 Primus
3028 3845 3147 3918 est,
3189 3841 3357 3906 hane

1787 3930 2313 4012 propositionem:
2356 3933 2639 3996 Christus
2666 3941 2761 3998 est
2804 3933 2971 3998 filius
2996 3935 3351 4015 adoptivus,

1784 4024 2073 4087 absolute
2106 4043 2245 4088 esse
2264 4026 2653 4104 haereticam,
2674 4045 2805 4091 non
2820 4035 2955 4092 tam
2970 4034 3229 4110 propter
3245 4028 3355 4094 de·

1781 4117 2134 4182 finitionem
2150 4119 2411 4184 concilii
2428 4121 2860 4201 Francoford„
2880 4141 3077 4204 quam
3097 4130 3355 4206 propter

1781 4212 2075 4293 antiquas
2092 4213 2491 4278 definitiones
2510 4214 2767 4280 Concilii
2780 4215 3081 4298 Ephesini
3106 4225 3173 4282 et
3201 4217 3353 4281 alio·

1780 4325 1926 4370 rum
1954 4313 2173 4371 contra
2194 4309 2553 4373 Nestorium
2568 4354 2585 4386 ‚
2618 4317 2683 4374 et
2708 4329 3113 4375 communem
3150 4311 3353 4376 tradi-

1779 4402 2023 4466 tionem
2046 4401 2301 4464 Patrum
2328 4402 2395 4464 in
2423 4403 2745 4486 Scriptura
2772 4405 3129 4482 fundatam,
3158 4410 3230 4471 ut
3258 4407 3354 4469 vi·

1780 4511 1921 4558 sum
1972 4502 2068 4559 est
2110 4495 2385 4560 sectione
2432 4498 2853 4580 precedente.
2902 4500 2993 4562 De
3046 4499 3155 4561 illa
3196 4517 3350 4563 vero

1781 4590 2212 4672 propositione
2260 4609 2407 4654 cum
2450 4592 3013 4657 determinatione:
3046 4595 3350 4670 Christus,

1781 4683 1847 4746 in
1874 4690 2186 4764 quantum
2230 4684 2448 4762 homo,
2496 4689 2591 4750 est
2636 4687 2804 4750 iilius
2844 4688 3202 4770 adoptivus,
3239 4707 3352 4752 ne·

1781 4785 1936 4860 gant
1962 4797 2104 4842 esse
2136 4779 2495 4843 haereticam
2508 4825 2527 4858 ,
2560 4782 2711 4862 quia
2744 4799 2957 4864 neque
2996 4801 3079 4846 ex
3118 4801 3351 4864 proece·

1781 4874 1975 4938 dente
2000 4875 2313 4956 sequitur,
2355 4882 2427 4939 ut
2468 4893 2547 4941 ex
2572 4877 2713 4940 aliis
2742 4877 3053 4941 similibus
3078 4883 3349 4958 constat,

1780 4973 1844 5030 et
1859 4985 1940 5030 ex
1955 4968 2241 5031 doctrina
2258 4968 2497 5033 tradita
2522 4987 2737 5051 supra,
2758 4987 2825 5050 q.
2842 4973 2945 5048 16,
2974 4971 3109 5050 ubi,
3132 4978 3351 5036 contra

1777 5061 2138 5126 Gabrielem
2164 5067 2228 5126 et
2258 5064 2441 5140 alios,
2491 5065 2559 5127 in
2590 5067 2666 5140 3,
2696 5063 2845 5128 dist.
2879 5068 2959 5130 lo
2992 5069 3057 5130 et
3100 5070 3174 5130 11
3195 5114 3217 5145 ‚
3259 5084 3353 5128 os-

1777 5156 2098 5220 tendimus
2126 5175 2261 5220 non
2292 5175 2550 5222 omnem
2574 5158 3099 5240 propositionem,
3130 5177 3353 5224 veram

1779 5267 1924 5314 cum
1966 5251 2533 5331 determinatione,
2578 5269 2721 5317 esse
2761 5271 2975 5317 veram
3023 5254 3163 5316 sine
3212 5252 3345 5316 illa.

1777 5347 1999 5428 Neque
2024 5345 2217 5410 etiam
2240 5347 2351 5411 illa
2378 5349 2722 5430 propositio
2750 5365 2897 5412 cum
2920 5347 3027 5412 illa
3052 5345 3351 5410 determi-

1777 5441 2035 5503 natione
2063 5447 2293 5522 negam
2326 5447 2429 5504 est
2470 5447 2583 5505 aut
2606 5442 2909 5506 damnata
2946 5442 3031 5504 ab
3072 5440 3350 5520 antiquis

1778 5533 2067 5597 Patribus
2093 5535 2195 5598 vel
2222 5535 2549 5615 conciliis:
2578 5537 2709 5600 imo
2734 5535 3011 5599 Hilarius
3030 5539 3095 5600 et
3114 5533 3355 5602 Manus
