3892 6167
119 4890 398 4926 “v-w!

582 435 663 498 de
684 433 805 496 hoc
848 432 1075 494 timore
1116 429 1345 492 Christi
1390 433 1745 502 senserunt,
1790 433 1862 489 ut
1900 433 2144 492 constat

582 545 659 592 ex
690 526 905 607 Cyril„
937 524 1049 585 lib.
1078 527 1119 586 4
1152 524 1217 584 in
1240 524 1455 598 Joan.‚
1486 541 1541 584 c.
1576 525 1645 597 1;
1680 539 1825 582 cum
1854 523 2026 584 enim
2051 521 2144 582 di-

581 622 803 698 xisset,
850 618 1133 680 Verbum
1176 617 1337 679 nihil
1362 617 1624 689 timere,
1670 615 1881 677 subdit
1922 631 1938 674 ε
1986 614 2143 678 Caro

584 721 785 780 autem
810 716 1044 791 factum
1072 709 1379 794 permittit
1402 711 1582 792 carni
1606 725 1758 784 cuce,
1794 713 1869 772 ut
1890 707 2145 790 propria

578 809 901 891 patimur,-
926 811 985 868 et
1008 806 1139 868 idco
1172 809 1465 886 tanquam
1490 818 1666 866 nme
1692 803 1863 864 homo
1894 806 2147 863 mortem

582 902 657 964 in
690 898 911 981 januis
958 900 1305 962 existentem
1350 895 1743 978 pertimescit.
1800 895 1974 956 idem
2013 893 2146 955 fere

582 995 1083 1074 chrysostomus,
1110 991 1279 1052 hom.
1302 993 1381 1052 14
1401 990 1464 1050 in
1480 989 1699 1050 Matth.
1710 1011 1727 1064 3
1750 987 2144 1061 etDamasc.,

580 1089 690 1150 lib.
732 1092 771 1150 3
815 1088 895 1149 de
933 1086 1105 1160 Fide,
1136 1104 1193 1147 c.
1222 1087 1305 1146 23
1328 1129 1345 1157 ,
1382 1084 1667 1146 referens
1704 1082 2142 1156 Athanasium,

580 1183 689 1262 qui
717 1181 841 1243 hoc
865 1180 1055 1242 habet
1076 1179 1185 1240 lib.
1203 1177 1283 1240 de
1304 1180 1581 1251 lucam.;
1602 1177 1773 1240 idem
1798 1177 1923 1238 Leo
1949 1171 2140 1254 Papa,

582 1293 769 1338 serm.
805 1277 842 1335 7
868 1273 946 1335 de
972 1272 1269 1334 Passieno
1299 1271 1583 1344 Domini3
1618 1276 1683 1332 et
1706 1269 1919 1350 Cypr„
1953 1286 2140 1328 serm.

582 1369 663 1432 de
694 1367 956 1441 Pessio.;
990 1366 1237 1441 Amba,
1268 1364 1379 1426 lib.
1410 1367 1449 1426 2
1472 1365 1551 1425 de
1580 1363 1751 1439 Fide,
1787 1381 1843 1424 c.
1876 1364 1936 1424 3.
1962 1360 2142 1422 Ratio

578 1482 729 1527 vero
749 1469 865 1540 est,
886 1463 1035 1543 quia
1054 1463 1159 1524 hie
1178 1461 1441 1522 affectus
1464 1466 1559 1522 est
1576 1458 1881 1522 naturalis
1900 1455 2143 1518 homini

580 1555 884 1638 passibili,
918 1555 1017 1617 cui
1056 1555 1345 1616 imminet
1370 1553 1629 1632 aliquod
1666 1551 1927 1626 malum,
1959 1557 2022 1612 et
2049 1555 2144 1612 est

579 1651 877 1713 innoxius
900 1693 917 1726 ,
967 1655 1031 1710 et
1078 1647 1371 1728 poenalis,
1421 1653 1485 1710 et
1524 1645 2032 1707 accommodatus
2059 1643 2144 1706 ad

580 1744 909 1806 veritatem
934 1747 1179 1803 naturae
1218 1747 1283 1802 et
1316 1757 1521 1820 poenae
1558 1737 2138 1813 demonstrandam

581 1855 711 1898 non
742 1843 839 1898 est
870 1853 1021 1916 ergo
1050 1853 1164 1897 cur
1192 1834 1428 1896 assumi
1458 1851 1589 1894 non
1614 1833 1911 1914 potuerit,
1943 1835 2006 1894 et
2033 1832 2147 1894 de-

580 1929 811 1991 buerit.

662 2027 722 2086 3.
770 2023 1122 2106 Responsio.
1152 2053 1236 2068 -
1257 2019 1650 2097 Confutatur.
1677 2051 1759 2070 --
1790 2019 1891 2081 Ad
1940 2019 2145 2098 objec-

578 2120 822 2180 tionem
846 2121 1061 2177 autem
1094 2114 1327 2176 factam
1362 2131 1440 2176 ex
1467 2131 1728 2193 corpore
1748 2113 1994 2176 articuli
2017 2112 2146 2174 divi

580 2215 857 2285 Thomae,
888 2209 1227 2288 respondet
1250 2210 1447 2286 Cajet.
1486 2207 1661 2270 aliud
1690 2225 1829 2274 esse
1857 2205 2032 2286 loqui
2061 2205 2142 2268 de

578 2305 821 2368 Christo
845 2305 1229 2384 simpliciter,
1244 2302 1417 2364 aliud
1431 2319 1583 2364 vero
1597 2301 1943 2364 secundum
1965 2300 2140 2380 quid,

576 2399 643 2462 id
678 2405 797 2474 est,
850 2397 1201 2460 secundum
1243 2395 1609 2458 inferiorem
1650 2395 2044 2476 portionem3
2071 2393 2142 2454 in

578 2493 821 2556 Christo
864 2492 1035 2553 enim
1074 2487 1439 2570 simpliciter
1474 2507 1605 2550 non
1646 2489 1852 2569 potuit
1878 2506 2014 2550 esse
2043 2489 2142 2550 in-

578 2583 889 2650 certitudo
918 2583 1111 2646 futuri
1154 2588 1441 2658 eventus,
1472 2583 1621 2661 quia
1644 2581 1871 2644 saltem
1896 2597 2014 2660 per
2041 2599 2140 2642 ra-

574 2681 811 2743 tionem
850 2677 1239 2757 superiorem
1268 2675 1481 2737 omnia
1516 2675 1753 2737 sciebat
1764 2697 1782 2749 3
1814 2681 2028 2736 tamen
2071 2675 2137 2735 in

576 2779 757 2855 parte
776 2769 1073 2844 inferiori,
1096 2785 1209 2830 seu
1244 2767 1605 2848 cogitativa,
1630 2769 1833 2847 potuit
1860 2785 2000 2829 esse
2025 2786 2140 2847 ap-

576 2865 913 2946 prehensio
948 2862 1101 2924 mali
1144 2861 1361 2937 futuri,
1410 2861 1839 2924 abstrahendo
1886 2861 1974 2921 ab
2020 2862 2140 2922 hac

580 2957 989 3029 certitudine,
1040 2955 1189 3033 quia
1234 2955 1435 3034 potuit
1478 2955 1635 3016 ratio
1686 2954 1976 3033 superior
2009 2971 2138 3014 non

578 3051 1044 3114 communicare
1093 3048 1265 3108 illam
1306 3047 1623 3126 inferiori3
1652 3047 1863 3124 etita,
1896 3048 2042 3108 licet
2071 3047 2140 3108 in

576 3146 819 3208 Christo
860 3141 1221 3223 simpliciter
1266 3147 1329 3204 et
1364 3141 1647 3204 absolute
1690 3159 1819 3203 non
1866 3142 2140 3221 potuerit

579 3257 721 3302 esse
766 3238 985 3312 timor,
1040 3235 1250 3315 quoad
1292 3234 1801 3297 incertitudinem
1848 3241 2133 3310 eventus,

578 3339 795 3394 tamen
820 3329 889 3390 in
912 3329 1199 3408 portione
1226 3327 1509 3389 inferiori
1524 3328 1747 3390 Christi
1774 3329 1978 3408 potuit
1997 3345 2136 3389 esse

577 3422 940 3506 hujusmodi
964 3421 1173 3496 timor,
1206 3421 1379 3500 quod
1408 3423 1558 3484 satis
1596 3427 1691 3483 est
1719 3422 1875 3484 utin
1902 3439 1980 3484 eo
2003 3422 2138 3483 fue·

578 3521 657 3582 rit
694 3537 885 3581 verus
912 3517 1096 3578 timor
1127 3515 1483 3593 sensibilis3
1522 3533 1715 3594 quam
1756 3518 2135 3578 sententiam

574 3614 825 3676 videtur
846 3611 1021 3692 prius
1046 3609 1333 3671 docuisse
1354 3609 1670 3686 Richard.‚
1698 3610 1763 3671 in
1778 3610 1841 3683 3,
1862 3609 2006 3672 dist.
2033 3612 2133 3684 15,

578 3725 638 3770 a.
670 3709 730 3778 3,
758 3723 822 3784 q.
858 3708 920 3776 4,
966 3703 1047 3766 ad
1071 3707 1133 3764 4.
1164 3703 1288 3765 Sed
1318 3704 1453 3764 baee
1480 3703 1806 3782 responsio
1825 3703 2138 3782 imprimis

580 3801 785 3864 aliena
815 3805 913 3860 est
932 3814 973 3858 a
991 3814 1173 3858 sensu
1200 3797 1269 3856 D.
1297 3796 1577 3870 Thomae3
1596 3803 1814 3876 aperte
1836 3797 2006 3859 enim
2035 3797 2136 3858 hic

576 3894 859 3973 loquitur
884 3891 965 3952 de
992 3889 1278 3969 appetitu
1306 3889 1633 3965 sensitivo,
1676 3896 1743 3951 ut
1768 3895 1966 3967 patet,
1999 3896 2136 3952 tum

580 4005 659 4050 ex
689 3990 805 4048 art.
848 3987 887 4046 4
920 3990 985 4045 et
1012 3983 1423 4061 sequentibus
1442 4027 1464 4058 ,
1500 3988 1631 4044 tum
1660 3982 1807 4062 quia
1836 4000 2134 4062 expresse

574 4083 645 4143 in
672 4081 879 4142 littera
924 4075 1013 4137 ita
1056 4076 1205 4136 dicit
1248 4094 1262 4134 z
1300 4077 1513 4138 Timor
1532 4082 1727 4156 potest
1764 4076 2136 4140 considerari

574 4180 869 4258 mutum
904 4171 987 4232 ad
1022 4170 1175 4232 duo:
1198 4184 1317 4231 uno
1346 4170 1535 4243 modo,
1561 4175 1855 4250 quantum
1876 4171 1963 4231 ad
1982 4169 2090 4232 Ιιοσ
2113 4213 2132 4243 ,

576 4268 733 4349 quod
776 4264 1079 4345 appetitus
1118 4260 1442 4326 sensium
1486 4263 1865 4326 mue-aliter
1900 4264 2135 4342 refuyit

576 4359 847 4440 corporis
865 4356 1191 4430 laesionem,
1214 4361 1333 4416 etc.
1358 4355 1535 4416 Unde
1562 4355 1627 4418 in
1646 4362 1913 4436 utroque
1938 4374 2132 4420 mem.

572 4451 691 4514 bro
744 4465 875 4511 suas
918 4445 1333 4536 distipctionis
1366 4449 1687 4512 evidenter
1726 4449 2010 4530 loquitur
2049 4452 2132 4515 de

576 4544 822 4607 Christo
847 4542 1203 4609 seeundum
1242 4541 1535 4603 eamdem
1574 4543 1885 4605 rationem
1924 4551 1990 4606 et
2013 4563 2134 4625 po-

572 4637 860 4701 tent-iam.
890 4633 1129 4698 Deinde
1156 4634 1221 4694 hi
1263 4642 1551 4698 auctores
1580 4635 1871 4699 videntur
1898 4657 2134 4718 suppo—

559 4721 752 4806 nere,
784 4732 853 4792 in
878 4727 1103 4793 Christi
1128 4727 1449 4790 voluntate
1476 4747 1607 4790 non
1645 4747 1785 4792 esse
1815 4731 2128 4810 timorem,

480 4821 506 4834 ”
573 4826 688 4888 sed
733 4829 977 4886 tantum
1024 4822 1091 4882 in
1126 4821 1411 4900 appetitu
1450 4822 1778 4898 sensitivo,
1810 4825 1980 4903 quod
2019 4825 2133 4886 fnl-

570 4937 715 4982 sum
744 4935 885 4979 esse
908 4915 1236 4977 ostendam
1260 4914 1445 4986 infra,
1474 4933 1539 4994 q.
1574 4917 1670 4978 18.
1706 4917 1885 4989 Quod
1906 4921 1960 4978 si
1997 4919 2130 4980 for-

568 5019 737 5074 tasse
766 5011 831 5071 in
854 5011 989 5089 ipsa
1014 5008 1333 5070 voluntate
1365 5009 1752 5089 distinguant
1774 5014 2130 5091 portionem

570 5105 959 5186 superiorem
1015 5108 1078 5164 et
1122 5097 1516 5177 inferiorem,
1549 5109 1612 5164 et
1656 5104 1723 5164 in
1766 5105 1886 5166 hac
1916 5107 2132 5169 dicent

566 5198 763 5260 fuisse
786 5198 1103 5269 timerem,
1138 5211 1271 5256 non
1298 5195 1363 5256 in
1390 5195 1531 5272 illa,
1572 5195 1736 5258 redit
1764 5199 1990 5260 eadem
2011 5198 2130 5260 dif-

568 5291 813 5353 ficultas
831 5334 852 5369 ,
901 5290 1049 5368 quia
1096 5287 1385 5348 voluntas
1431 5305 1559 5349 non
1602 5295 1893 5353 movetur
1938 5293 2060 5354 nisi
2087 5311 2128 5354 a

560 5385 799 5466 judicio
824 5383 1211 5454 intellectus;
1234 5380 1303 5443 in
1316 5381 1639 5448 intellectu
1662 5389 1879 5448 autem
1902 5387 2126 5450 Christi

564 5479 809 5542 nullum
856 5477 971 5539 fuit
998 5475 1307 5556 judicium
1342 5475 1461 5536 nisi
1490 5483 1769 5556 certum,
1810 5486 1871 5544 et
1896 5481 2124 5544 infalli-

1794 328 2030 393 QUAEST.
2065 326 2170 381 XV.
2205 327 2408 380 Alme.
2445 327 2548 382 vll.

2223 426 2374 502 bile,
2417 433 2486 488 ut
2514 443 2706 506 supra
2753 425 3038 499 ostendi;
3073 441 3212 490 cum
3263 446 3401 510 ergo
3437 431 3672 511 judicabat
3756 429 3773 512 ,ἕ

2223 525 2494 582 mortem
2537 519 2654 581 sibi
2699 518 3054 592 imminere,
3093 521 3392 600 judicium
3427 528 3554 590 illud
3587 547 3674 598 erat

2225 615 2482 676 omnino
2513 620 2754 676 certum
2779 657 2795 687 ,
2827 615 3174 692 praesertim
3215 617 3358 695 quia
3383 637 3454 680 ex
3489 625 3675 690 scientia

2225 707 2428 768 infusa
2455 705 2858 786 procedebat.
2905 706 3084 768 Unde
3129 707 3200 769 fit
3229 711 3430 786 tertie,
3457 718 3602 778 etiam
3635 723 3677 783 in

2227 801 2561 881 cogitativa
2603 799 2895 861 facultate
2945 799 3168 862 animas
3201 801 3410 866 Christi
3445 825 3552 868 non
3583 819 3678 876 satis

2225 894 2488 974 intelligi
2543 893 2716 956 illam
2773 893 3332 973 apprehensionem
3377 901 3508 962 mali
3551 903 3679 968 futuri
3756 911 3775 923 “’

2227 1005 2374 1050 cum
2403 987 2822 1050 abstractione
2853 1005 2896 1048 a
2925 988 3298 1050 certitudine
3319 1035 3339 1064 ,
3369 993 3499 1072 quia
3519 1000 3682 1077 cogita-

2223 1082 2354 1142 tiva
2387 1099 2518 1142 non
2560 1081 3078 1163 apprehendebat
3105 1083 3206 1144 vel
3227 1084 3682 1162 judicabatdetn-
3758 1093 3768 1133 ·'

2225 1180 2366 1236 turo
2412 1176 2580 1236 malo
2601 1219 2620 1248 ‚
2661 1175 2782 1238 nisi
2827 1191 2906 1238 ex
2951 1178 3496 1243 communicatione
3519 1191 3570 1246 et
3589 1205 3682 1248 con·

2227 1268 2417 1330 sertio
2455 1269 2844 1342 intellectus;
2879 1270 3016 1342 sed,
3045 1277 3120 1331 ut
3140 1289 3224 1332 >ex
3247 1272 3417 1334 dictis
3443 1283 3597 1354 patet,
3620 1281 3683 1341 illa

2225 1361 2500 1442 cognitio
2528 1363 2802 1424 existens
2827 1364 2892 1423 in
2921 1365 3254 1442 cogitativa
3279 1367 3417 1427 oriri
3441 1385 3549 1429 non
3571 1381 3682 1449 pots-
3776 1411 3777 1418 κ

2221 1462 2342 1528 rat,
2369 1456 2488 1518 nisi
2519 1473 2598 1518 ex
2619 1463 2792 1520 certo
2815 1457 3054 1536 judicio
3071 1458 3416 1524 intellectus
3427 1477 3446 1538 3
3467 1479 3588 1542 ergo
3603 1483 3684 1528 nou

2221 1551 2470 1628 poterat
2507 1567 2648 1610 esse
2675 1550 2796 1610 nisi
2829 1555 3024 1626 certa,
3057 1569 3136 1614 eo
3163 1551 3352 1614 modo
3375 1569 3488 1633 quo
3511 1557 3687 1620 hach-

2223 1641 2411 1706 ferior
2459 1644 2742 1724 potentia
2789 1645 3168 1724 participare
3213 1653 3416 1726 potest
3455 1652 3688 1714 certitudi-

2223 1753 2394 1812 nem,
2427 1755 2540 1798 seu
2585 1738 3066 1818 apprehendere
3095 1741 3407 1820 objectum
3435 1747 3686 1806 etcertum
3778 1789 3779 1796 κ

2225 1837 2290 1892 et
2311 1830 2656 1894 infallibile.
2681 1833 2758 1894 Et
2777 1832 3210 1910 confirmatur,
3241 1853 3409 1912 nam,
3431 1837 3566 1898 sicut
3584 1841 3688 1899 Aris·

2225 1925 2449 1986 toteles
2477 1924 2654 2000 dixit,
2685 1925 2968 1988 secundo
2995 1927 3346 2000 Rhetoric.‚
3377 1947 3431 1990 e.
3475 1933 3508 1991 5
3527 1973 3544 2008 ‚
3567 1931 3688 1992 tino-

2224 2037 2362 2080 rem
2389 2037 2528 2081 esse
2557 2020 2638 2081 de
2663 2021 2836 2082 malo
2863 2021 3124 2098 incerto,
3155 2021 3244 2083 ita
3265 2023 3414 2086 dixit
3435 2039 3544 2084 non
3566 2041 3686 2103 poue

2225 2129 2366 2174 esse
2393 2113 2682 2174 timorem
2725 2115 2848 2175 nisi
2889 2113 3002 2176 ubi
3044 2121 3256 2194 potest
3299 2131 3430 2178 esse
3467 2118 3687 2178 evadendi

2225 2225 2400 2286 spes;
2435 2207 2552 2268 sed
2575 2225 2706 2268 non
2737 2208 2938 2286 potuit
2973 2207 3280 2283 Christus,
3311 2209 3488 2274 etiam
3509 2229 3601 2290 per
3625 2227 3690 2289 ap
3780 2261 3781 2266 ,

2221 2301 2490 2380 petitum
2529 2301 2924 2374 sensitivam,
2959 2302 3202 2364 habere
3251 2319 3428 2384 spem
3467 2306 3689 2366 evadendi
3780 2349 3781 2360 1

2221 2398 2528 2466 mortem;
2561 2411 2714 2474 ergo
2743 2413 2862 2456 nec
2903 2395 3106 2473 potuit
3133 2396 3374 2458 habere
3399 2395 3554 2458 illum
3571 2398 3689 2458 tim

2221 2505 2382 2562 rem,
2431 2487 2544 2567 qui
2593 2505 2739 2550 cum
2787 2488 3238 2552 incertitudine
3279 2491 3466 2553 futuri
3505 2497 3689 2554 avennis

2221 2581 2595 2659 conjunctus
2623 2587 2742 2644 est.

2300 2678 2364 2737 4.
2427 2675 2578 2742 Vera
2601 2678 2938 2756 responsio,
2965 2678 3116 2760 qaid
3129 2680 3228 2742 sit
3257 2681 3330 2744 da
3349 2681 3560 2744 ratim
3577 2680 3690 2742 tim
3760 2667 3774 2761 Ι

2215 2771 2860 2848 ris.-—-R.esp0ndetur
2890 2791 3042 2852 ergo
3063 2774 3274 2849 aliter,
3301 2775 3568 2856 negando
3587 2775 3690 2833 ham
3762 2763 3774 2851 j*

2219 2863 2728 2926 incertitudinem
2753 2866 2904 2927 mali
2931 2866 3144 2940 futuri,
3167 2887 3288 2930 seu
3311 2886 3480 2950 spem
3503 2867 3689 2930 evaden—
3764 2854 3774 2930 ἱ

2219 2957 2322 3031 di,
2371 2973 2508 3018 esse
2535 2957 2616 3018 de
2644 2957 2890 3022 ratione
2933 2961 3138 3022 omnis
3163 2963 3407 3026 timoris
3433 2963 3572 3034 verit,
3593 2961 3690 3039 fuga

2217 3050 2390 3114 enim
2433 3052 2584 3112 mali
2629 3051 2942 3128 absentie,
2984 3073 3100 3116 seu
3125 3059 3414 3120 nondum
3443 3056 3690 3133 inreipsa
3783 3097 3786 3110 ἃ

2217 3145 2564 3221 existentis,
2592 3145 2934 3223 aliquando
2963 3153 3177 3211 temen
3209 3150 3439 3227 futuri,
3468 3155 3551 3212 est
3571 3165 3692 3208 verus
3783 3169 3785 3205 j

2217 3239 2426 3312 timor,
2475 3239 2664 3302 etiam
2695 3240 2746 3300 si
2779 3240 2936 3301 illud
2963 3243 3201 3304 malum
3231 3246 3448 3308 evitari
3471 3261 3580 3304 nou
3600 3257 3693 3320 pm·
3768 3224 3778 3303 i

2219 3331 2336 3404 sit;
2363 3331 2485 3392 hoc
2515 3331 2686 3392 enim
2713 3349 2842 3394 non
2871 3334 3098 3397 minuit
3123 3338 3436 3399 rationem
3457 3335 3600 3406 mali,
3623 3331 3694 3392 sal

2217 3425 2426 3503 potius
2455 3429 2645 3503 aug-et
2661 3441 2686 3502 ;
2715 3425 2886 3488 unde
2917 3444 2994 3488 ex
3017 3428 3137 3490 hac
3165 3437 3348 3509 parte
3375 3447 3494 3492 non
3513 3425 3695 3507 impedit

2217 3519 2530 3593 timorem,
2555 3519 2666 3579 sed
2694 3520 3016 3584 constituit
3043 3523 3254 3601 potius
3279 3523 3590 3604 quemdam
3603 3535 3694 3597 spe-

2217 3611 2440 3672 cialem
2475 3611 2742 3691 gradum
2769 3613 2908 3692 eJue
2923 3651 2946 3688 ,
2975 3629 3168 3693 quem
3205 3615 3490 3678 videntur
3505 3627 3694 3678 vocasse

2217 3711 2540 3783 stuporem
2581 3705 2898 3778 Damaso„
2929 3707 3040 3768 lib.
3085 3713 3124 3770 2
3159 3709 3244 3772 de
3279 3711 3452 3786 Fide,
3477 3731 3526 3772 c.
3551 3712 3634 3780 1133
3657 3707 3695 3764 et

2215 3798 2476 3876 Gregor.
2508 3799 2800 3879 Nysaea„
2847 3799 2955 3862 lib.
2995 3803 3037 3862 ὁ
3067 3803 3331 3878 philos„
3359 3823 3414 3866 c.
3451 3805 3508 3864 4.
3543 3803 3694 3878 Neque

2215 3891 2422 3954 obstat
2451 3891 2622 3971 quod
2663 3893 2790 3954 tale
2829 3894 3072 3956 malum
3097 3903 3356 3976 propter
3387 3912 3556 3958 suam
3576 3890 3695 3956 certi-

2214 3984 2500 4046 tudinem
2527 3985 2920 4048 existimetur
2943 3993 3016 4050 ut
3055 4006 3358 4068 praesens,
3403 3995 3463 4052 et
3489 3990 3602 4068 jam
3635 3985 3696 4044 in·

2215 4083 2394 4156 gerat
2417 4078 2760 4153 tristitiam3
2787 4080 2962 4158 quia,
2989 4099 3138 4143 cum
3163 4084 3394 4163 reipsa
3413 4084 3486 4145 sit
3507 4083 3692 4146 absens,
3782 4109 3785 4160 !

3782 4071 3785 4106 Ι

2213 4172 2420 4234 adhuc
2463 4173 2760 4252 relinquit
2801 4175 3014 4239 ‚locum
3039 4176 3322 4256 aliquem
3363 4175 3572 4249 timori,
3599 4185 3694 4234 cum
3782 4163 3785 4248 ,ἓ

2213 4281 2340 4342 quo
2387 4265 2496 4326 illa
2535 4268 2782 4330 tristitia
2809 4270 3144 4348 conjuncta
3187 4289 3330 4334 esse
3366 4274 3582 4352 potest,
3609 4267 3694 4326 imo

2213 4359 2676 4438 quodammodo
2691 4362 2876 4426 inille
2888 4363 3158 4426 fundari.
3173 4365 3356 4437 Quod
3365 4365 3584 4428 videtur
3595 4359 3696 4420 satis

2211 4471 2396 4533 posse
2427 4454 2678 4516 suaderi
2705 4463 3078 4536 argumento
3101 4477 3140 4520 a
3157 4459 3466 4520 contrario
3487 4457 3692 4532 sumpla),
3783 4457 3785 4522 i

2213 4549 2672 4610 contrariorum
2697 4550 2868 4612 enim
2909 4550 3258 4614 estendam
3287 4541 3694 4631 proportionalis
3783 4539 3785 4582 ³

2211 4641 2402 4714 ratim
2445 4649 2688 4704 constat
2736 4650 2944 4707 autem
2971 4645 3214 4708 bonum
3235 4637 3694 4718 futurum,etiam
3783 4655 3785 4660 ·

2215 4735 2266 4796 si
2293 4736 2550 4797 omnino
2581 4743 2821 4799 certum
2845 4755 2961 4800 seu
2989 4738 3390 4800 inamissibiie
3415 4733 3695 4816 apprehen·

2211 4829 2418 4902 datur,
2465 4847 2591 4892 non
2639 4831 2782 4894 ideo
2831 4833 3162 4896 excludere
3211 4849 3408 4911 spem,
3449 4835 3514 4892 ut
3533 4827 3693 4904 aperie

2211 4927 2450 4984 constat
2477 4924 2546 4984 in
2575 4923 2900 4988 animabus
2925 4926 3295 5004 purgatorii,
3317 4925 3394 4988 in
3409 4921 3610 5002 quibus
3625 4927 3694 4974 w·

2209 5033 2282 5075 ra
2311 5020 2407 5076 est
2453 5033 2594 5094 spes
2637 5019 3068 5097 consequendi
3097 5017 3552 5086 beatitudinem,
3588 5005 3692 5086 quia

2211 5107 2494 5170 nondum
2521 5110 2694 5172 illam
2722 5119 3076 5176 consecutas
3105 5105 3568 5190 annuntiaturis
3598 5114 3694 5162 oer·

2209 5202 2443 5262 tissime
2459 5209 2844 5280 cognoscant
2867 5223 2938 5268 se
2959 5205 3128 5268 illam
3149 5208 3572 5268 consecuturas
3589 5193 3693 5254 ab?

2207 5313 2334 5374 que
2361 5295 2492 5358 ullo
2521 5296 2985 5376 impedimento.
3027 5301 3113 5362 Ex
3137 5316 3268 5377 qua
3287 5291 3622 5362 certitudine
3649 5286 3690 5342 el

2207 5407 2318 5470 spe
2341 5392 2746 5470 consequitur
2791 5391 2856 5454 in
2893 5393 3016 5456 illis
3052 5407 3283 5473 magna
3313 5381 3618 5454 consolatio
3647 5378 3691 5479 e}

2205 5482 2528 5563 gaudium,
2553 5490 2618 5547 et
2639 5485 2990 5550 excluditur
3005 5487 3212 5551 omnis
3233 5485 3412 5551 timot
3428 5467 3690 5544 amitiendi
