3892 6167
529 439 677 514 ciiii,
701 455 914 521 neque
943 435 1035 500 illi
1061 453 1206 500 eam
1227 437 1424 502 fidem
1448 441 1511 499 et
1535 435 1955 499 reverentiam
1984 432 2093 494 ad-

529 535 771 611 hibere,
824 551 968 616 quae
1015 551 1168 597 vero
1213 532 1486 596 Concilio
1533 531 1831 606 debetur-3
1879 529 2093 610 itaque

529 645 763 708 magna
813 628 1165 690 differentia
1215 628 1384 689 inter
1435 625 1540 688 illa
1589 625 1716 688 duo
1767 629 2053 686 versatur
2072 668 2089 698 ,

529 721 926 800 multumque
954 720 1148 783 refert
1165 720 1230 781 in
1253 718 1614 802 particulari
1641 718 1802 780 scire
1827 723 1936 780 aut
1956 735 2097 779 cre-

532 816 682 878 dere
699 863 722 894 ‚
753 817 874 878 hoc
914 816 1120 895 ipsum
1151 831 1311 895 opus
1355 831 1494 877 esse
1522 811 1807 875 illudmet
1834 809 2008 894 quod
2058 827 2096 872 a

531 909 814 972 Patribus
841 909 1010 970 illius
1045 907 1301 972 Concilii
1337 907 1572 970 editum
1614 912 1731 970 est.

611 1007 713 1066 20.
759 1003 940 1066 Dices
965 1002 1223 1064 tandem
1251 1001 1344 1065 :si
1375 1007 1578 1064 totum
1605 1001 1690 1073 id,
1721 999 1894 1082 quod
1919 1000 1990 1061 in
2018 1015 2096 1062 eo

532 1097 804 1160 Concilio
834 1097 1190 1160 continetur
1229 1101 1293 1158 et
1323 1095 1611 1169 refertur,
1641 1100 1734 1157 est
1760 1097 2099 1156 consenta-

533 1205 726 1251 neum
751 1189 851 1251 his
879 1207 1016 1270 quae
1057 1189 1137 1252 de
1167 1189 1440 1252 Concilio
1468 1187 1872 1254 Francoford.
1901 1187 2101 1249 histo-

529 1285 640 1345 riae
667 1283 970 1358 referunt,
1003 1283 1162 1344 etin
1192 1301 1269 1346 eo
1311 1282 1468 1345 nihil
1497 1288 1594 1345 est
1627 1281 1796 1362 quod
1829 1281 1910 1343 ad
1950 1299 2099 1344 cau-

531 1393 668 1438 sam
693 1375 843 1438 fidei
881 1375 1330 1438 stabiliendam
1365 1393 1497 1438 non
1525 1376 1830 1448 conferat,
1868 1381 1932 1437 et
1956 1375 2097 1455 pie-

530 1475 724 1532 tatem
750 1487 824 1531 ac
841 1487 1058 1532 veram
1079 1470 1427 1532 doctrinam
1449 1469 1684 1545 foveat,
1708 1485 1832 1548 qua
1851 1469 2097 1532 ratione

529 1563 594 1626 in
625 1563 884 1625 dubium
909 1563 1073 1626 verti
1108 1569 1336 1643 potest,
1365 1563 1530 1625 hanc
1553 1579 1694 1624 esse
1721 1579 1938 1624 veram
1968 1561 2100 1642 epi·-

529 1657 755 1720 stolam
785 1657 1167 1719 decretalem
1213 1656 1468 1718 Adriani
1513 1656 1726 1736 Papoe,
1757 1671 2099 1734 verumque

529 1748 878 1813 Concilium
943 1749 1554 1812 Francofordiense?
1617 1749 2059 1828 Respondetur
2072 1793 2096 1826 ,

529 1841 678 1904 hinc
723 1847 896 1904 recte
940 1841 1194 1923 probari
1245 1842 1522 1923 priorem
1569 1848 1818 1923 partem
1865 1851 2099 1904 nostrai

531 1935 893 1998 assertionis
915 1981 930 2008 ‚
963 1935 1259 1998 nimirum
1280 1983 1296 2012 ,
1345 1936 1490 1999 lieet
1515 1937 1638 2000 hoc
1667 1953 1796 1998 non
1831 1936 2099 1999 sufficiat

529 2031 610 2096 ad
637 2030 1082 2093 certitudinem
1105 2030 1254 2092 fidei
1289 2029 1666 2108 faciendam,
1691 2031 1981 2094 sufficere
2004 2035 2100 2094 ta-

529 2143 676 2187 men
721 2129 792 2187 ut
839 2125 1244 2186 temerarium
1291 2125 1374 2187 sit
1419 2130 1484 2186 et
1501 2125 1936 2206 periculosum
1980 2127 2099 2188 hoc

527 2237 789 2300 negare.
813 2219 1162 2281 Praesertim
1191 2218 1364 2298 quia,
1394 2223 1729 2300 postquam
1753 2217 1909 2280 illud
1936 2217 2099 2282 Con·

529 2315 742 2377 cilium
775 2315 841 2376 in
879 2315 1088 2378 lucem
1117 2313 1371 2396 prodiit,
1423 2315 1687 2395 aliisque
1729 2313 2099 2394 adjunctum

529 2413 658 2486 est,
687 2425 919 2490 magno
951 2405 1416 2470 Catholicorum
1444 2425 1758 2472 consensu
1786 2408 1868 2470 ab
1897 2405 2098 2470 omni·

527 2501 648 2564 bus
701 2507 794 2564 est
841 2505 1192 2582 receptum,
1241 2501 1578 2583 nullusque
1629 2501 1896 2582 scriptor
1939 2499 2098 2562 illud

528 2611 765 2676 negare
793 2613 986 2658 ausus
1015 2601 1131 2658 est.
1155 2595 1438 2670 Accedit,
1471 2595 1645 2676 quod
1675 2597 1725 2658 si
1751 2595 1885 2658 haec
1909 2595 2099 2658 detur

526 2689 806 2763 licentia,
829 2689 1058 2768 poterit
1085 2691 1226 2768 quis
1250 2705 1550 2751 revocare
1579 2689 1644 2750 in
1670 2688 1935 2751 dubium
1960 2707 2094 2751 om-

528 2783 635 2844 nia
675 2779 955 2845 Concilia
984 2799 1126 2862 quae
1151 2781 1522 2845 Laurentius
1550 2783 1770 2845 Sarius
1797 2783 1860 2843 in
1885 2781 2095 2845 iucem

530 2875 746 2951 edidit,
787 2881 973 2938 antea
1001 2893 1132 2937 non
1160 2875 1356 2950 edita;
1384 2875 1507 2939 hoc
1535 2881 1748 2937 autem
1777 2874 1961 2938 valde
1990 2875 2099 2938 ab·

531 2967 792 3031 surdum
829 2973 947 3044 est,
990 2975 1053 3031 et
1097 2970 1236 3050 pias
1285 2985 1472 3031 aures
1526 2967 1807 3032 offendit.
1855 2968 2097 3031 Deinde

529 3059 860 3143 profitetur
911 3062 1130 3124 Surius
1175 3061 1303 3144 (vir
1352 3063 1517 3143 pius,
1551 3062 1794 3136 doctus,
1830 3067 1895 3124 et
1922 3061 2098 3125 omni

527 3155 654 3218 fide
685 3155 941 3235 dignus)
969 3157 1032 3217 in
1063 3155 1338 3236 epistolis
1367 3155 1449 3218 ad
1473 3155 1855 3238 Philippum,
1877 3173 2096 3236 regem

529 3248 946 3324 catholicum,
971 3247 1145 3311 etad
1170 3249 1496 3326 lectorem,
1525 3267 1594 3312 se
1619 3249 1776 3310 nihil
1801 3249 2096 3313 Consiliis

531 3346 641 3404 aut
665 3357 934 3405 numero
961 3343 1380 3406 conciliorum
1405 3343 1662 3420 addere,
1685 3343 1854 3425 quod
1881 3361 1961 3406 ex
1984 3361 2098 3405 ve-

527 3437 885 3501 tustissimis
923 3437 1385 3517 exemplaribus
1415 3437 1878 3517 manuscriptis,
1901 3444 1981 3500 et
2016 3453 2095 3499 ex

531 3531 825 3612 gravibus
851 3537 914 3593 et
935 3529 1266 3595 Catholicis
1295 3529 1688 3594 bibliothecis
1716 3549 1847 3592 non
1877 3547 2093 3593 excer-

528 3625 755 3707 pserit3
789 3643 940 3705 ergo
981 3622 1150 3687 idem
1181 3625 1534 3688 necessario
1565 3625 1952 3688 credendum
1996 3629 2093 3686 est

530 3719 610 3782 de
659 3717 780 3781 hac
830 3717 1084 3800 synodo
1135 3719 1641 3782 Francofordien.
1693 3719 1892 3782 Nemo
1939 3735 2091 3800 ergo

528 3813 828 3893 suspicari
873 3813 1010 3876 sine
1051 3831 1284 3894 magna
1314 3812 1665 3875 temeritate
1710 3818 1938 3893 potest,
1968 3811 2093 3874 hoe

529 3907 872 3970 Concilium
906 3907 1225 3986 Francoi'.,
1248 3913 1436 3989 prout
1463 3923 1634 3968 nunc
1661 3905 1951 3981 habetur,
1983 3905 2095 3969 de-

527 4019 655 4063 nuo
680 3999 1017 4062 confictum
1047 4019 1208 4076 esse,
1241 4017 1384 4064 cnm
1413 4017 1490 4062 ex
1517 4001 1714 4062 veteri
1745 4001 2091 4080 exemplari

528 4093 610 4156 ab
637 4093 894 4156 homine
923 4101 1098 4158 tanta
1141 4093 1269 4156 fide
1298 4095 1490 4176 digno
1521 4093 1764 4156 dicatur
1795 4095 2089 4158 transcri-

526 4193 730 4269 ptum.
759 4187 976 4266 Neque
1007 4189 1196 4250 etiam
1221 4196 1313 4251 est
1337 4187 1466 4250 ulla
1495 4187 1743 4250 occasio
1769 4190 2093 4268 suspican-

529 4281 616 4355 di,
648 4279 798 4341 olim
827 4280 1014 4343 fuisse
1049 4281 1235 4343 simili
1258 4281 1478 4343 fraude
1513 4283 1594 4344 ab
1625 4281 1838 4362 aliquo
1862 4283 2093 4344 confic-

529 4381 688 4449 tum,
721 4373 869 4453 quia
898 4391 1106 4451 neque
1136 4379 1230 4437 est
1275 4375 1466 4455 buJus
1501 4374 1597 4436 rei
1623 4373 1727 4436 vel
1759 4375 2091 4437 minimum

529 4467 852 4544 indicium,
876 4483 1084 4546 neque
1110 4467 1189 4529 de
1221 4467 1345 4528 ullo
1371 4467 1504 4529 viro
1527 4465 1844 4530 catholieo
1867 4467 1933 4528 id
1958 4485 2095 4532 cre-

528 4562 590 4623 di
620 4567 855 4643 potest3
891 4560 1061 4641 quod
1098 4567 1308 4624 autem
1352 4561 1434 4623 ab
1459 4562 1749 4624 haeretico
1779 4565 2094 4644 composi-

529 4663 664 4718 tum
707 4673 837 4718 non
881 4655 986 4731 sit,
1030 4655 1566 4718 evidentissimum
1597 4661 1712 4732 est,
1758 4656 1904 4736 quia
1933 4657 2095 4722 nibil

527 4756 622 4812 est
661 4749 726 4811 in
757 4765 834 4812 eo
863 4765 1054 4830 opere
1097 4747 1267 4828 quod
1303 4767 1525 4812 sanam
1573 4749 1920 4813 doctrinam
1962 4749 2093 4815 n'on

528 4843 872 4918 contineat,
901 4849 966 4904 et
989 4842 1291 4924 pietatem
1322 4842 1620 4906 redoleat.

611 4939 712 5000 21.
761 4935 1128 5017 objectiones
1154 4941 1370 5002 contra
1397 4937 1817 5004 auctoritatem
1854 4937 2095 5021 Synodi

529 5029 887 5106 Francofor.
931 5061 1013 5077 —
1052 5032 1213 5092 Sunt
1239 5035 1453 5093 tamen
1493 5049 1698 5111 pauca
1739 5051 1876 5113 quae
1905 5032 2094 5114 oinci

526 5129 791 5206 possunt
837 5129 1051 5186 contra
1097 5123 1288 5204 hujus
1327 5123 1584 5187 Concilii
1629 5128 2089 5204 auctoritatem,

528 5215 757 5298 quibus
785 5214 1144 5280 satisfacere
1169 5221 1436 5298 oportet.
1473 5217 1748 5281 Primum
1778 5227 1895 5298 est,
1919 5219 2091 5302 quod

525 5311 716 5375 totius
747 5311 1004 5373 Concilii
1032 5312 1250 5392 stylus,
1278 5319 1410 5376 tam
1447 5313 1515 5375 in
1560 5313 1805 5394 epistol.
1837 5315 2091 5378 Adriani

525 5405 738 5484 Papae,
767 5421 958 5486 quam
985 5403 1050 5467 in
1076 5407 1252 5486 epist.
1287 5409 1479 5470 totius
1507 5407 1787 5484 Concilii,
1813 5408 1961 5471 etin
1980 5407 2088 5471 lib.

523 5497 984 5578 Sacrosyllaho,
1015 5499 1204 5561 nimis
1243 5500 1494 5564 videtur
1537 5519 1686 5565 acer
1717 5519 1792 5564 ac
1828 5501 2090 5582 rigidus,

1735 335 1971 401 QUAEST.
2008 333 2161 388 ΧΧΙΙ.
2198 333 2399 388 An'l'lc.
2435 333 2517 388 IV.

2174 433 2347 514 quod
2370 432 2619 496 videtur
2662 449 2797 496 esse
2824 433 3109 497 alienum
3134 452 3174 496 a
3204 433 3532 497 Pontificia
3554 441 3613 496 et
3632 455 3715 518 pa-

2175 531 2355 590 terna
2392 528 2650 591 lenitate
2670 573 2686 603 ‚
2718 535 2781 591 et
2806 526 3233 592 conciliorum
3265 529 3717 594 consuetudine.

2174 623 2254 684 Et
2292 621 2722 684 difficultatem
2768 629 2984 703 auget,
3034 623 3211 705 quod
3258 641 3399 685 non
3446 623 3637 685 solum
3676 627 3721 688 ia

2176 715 2561 790 doctrinam,
2592 716 2707 778 sed
2756 718 2946 779 etiam
2976 715 3044 779 in
3088 733 3412 798 personas
3456 717 3727 782 invehun-

2176 815 2309 884 tur-3
2344 829 2489 872 cum
2516 815 2731 872 tamen
2761 809 2935 873 Felix
2961 815 3304 892 (quantum
3352 829 3439 874 ex
3486 811 3725 875 historiis

2176 921 2367 988 supra
2395 905 2598 968 citatis
2632 903 2839 984 colligi
2880 907 3124 986 potest)
3144 905 3289 984 jam
3344 923 3427 968 eo
3472 911 3725 986 tempore

2176 1015 2456 1062 errorem
2502 1015 2689 1060 suum
2730 1015 2946 1060 coram
2986 997 3293 1062 Pontiflce
3323 1005 3727 1074 retractasset,

2178 1091 2521 1174 Elipandus
2566 1097 2780 1154 autem
2830 1109 2961 1154 non
2992 1091 3211 1156 fuisset
3256 1091 3534 1155 omnino
3574 1095 3733 1174 perii·

2178 1204 2327 1261 nax,
2356 1183 2471 1248 sed
2496 1185 2678 1247 enixe
2702 1183 2958 1248 Concilii
2974 1185 3293 1267 judicium
3324 1183 3729 1269 efflagitasset,

2180 1281 2367 1362 eique
2408 1277 2675 1363 parendi
2698 1279 3086 1342 voluntatem
3124 1279 3560 1356 ostendisset,
3590 1285 3652 1342 ut
3674 1299 3737 1344 ex

2180 1374 2362 1455 epist.
2388 1372 2593 1435 Caroli
2614 1389 2743 1434 non
2764 1371 3027 1437 obscure
3053 1373 3403 1455 colligitur.
3446 1373 3531 1436 Et
3572 1375 3737 1456 (quod

2176 1467 2449 1530 maxime
2480 1467 2841 1530 mirandum
2883 1472 3000 1550 est)
3044 1487 3193 1532 cum
3239 1471 3429 1534 solus
3480 1469 3655 1534 Felix
3690 1479 3739 1532 et

2178 1560 2551 1642 Elipandus,
2600 1565 2661 1624 et
2707 1563 2891 1642 pauci
2930 1561 3197 1626 fortasse
3241 1565 3355 1626 alii
3402 1571 3729 1636 errassent,

2178 1655 2536 1719 nniversam
2560 1655 2927 1735 Hispaniam
2956 1673 3308 1737 omnesque
3332 1659 3481 1738 ejus
3508 1657 3737 1736 Episco-

2180 1769 2293 1832 pos
2330 1751 2561 1813 acriter
2588 1749 3069 1830 reprehendunt
3094 1755 3164 1814 ut
3201 1753 3447 1814 haeresi
3476 1751 3739 1816 infectos.

2180 1846 2283 1908 Sic
2330 1845 2489 1907 adeo
2528 1849 2599 1906 ut
2626 1843 2708 1905 ob
2747 1861 2890 1906 eam
2929 1861 3189 1908 causam
3220 1845 3475 1922 dicant,
3508 1845 3739 1911 traditos

2176 1939 2370 2004 fuisse
2396 1937 2705 2020 Hispanos
2722 1938 2792 2000 in
2822 1940 3320 2002 sarracenorum
3348 1945 3741 2022 potestatem,

2178 2033 2351 2119 quod
2370 2035 2437 2096 in
2463 2033 2777 2098 Christum
2802 2033 3014 2114 injurii
3036 2034 3333 2112 fuissent,
3362 2051 3523 2098 cum
3552 2042 3741 2097 tamen

2180 2147 2259 2192 ex
2284 2127 2553 2192 historiis
2596 2133 2877 2206 constet,
2906 2129 3097 2210 longe
3142 2135 3294 2192 ante
3344 2129 3737 2210 Elipandum,

2178 2223 2545 2306 Hispaniam
2588 2223 2653 2284 in
2692 2225 3185 2287 sarracenorum
3230 2229 3633 2304 potestatem
3660 2241 3739 2286 te·

2180 2319 2373 2380 nisse.
2402 2315 2583 2380 Unde
2618 2315 3077 2380 eruditissimus
3106 2317 3369 2380 Garsias
3394 2318 3669 2399 Loaysa,
3690 2318 3741 2378 in

2132 2473 2141 2482 ,
2178 2411 2555 2474 Collectione
2605 2411 3020 2476 Conciliorum
3066 2413 3419 2494 Hispaniae,
3482 2411 3552 2474 in
3602 2429 3741 2474 com-

2178 2505 2485 2568 mentario
2554 2503 2635 2568 de
2688 2506 2966 2586 primatu
3018 2507 3323 2570 Ecclesiae
3380 2505 3701 2568 Toletanae
3724 2555 3738 2582 ,

2178 2603 2369 2679 quem
2411 2599 2493 2661 ad
2522 2597 2847 2664 decretum
2873 2596 3258 2662 Gundemari
3286 2597 3571 2678 addidit,
3608 2602 3738 2662 inter

2175 2691 2524 2770 Urbanum,
2575 2693 3129 2774 Archiepiscopum
3164 2694 3595 2772 Toletanum,
3638 2711 3739 2774 quo

2180 2785 2476 2850 Pontifice
2494 2785 2807 2864 Toletum,
2833 2805 2871 2849 a
2891 2787 3741 2872 sarracenis-oppugnatum,

2179 2880 2325 2943 dolo
2354 2885 2607 2960 captum
2638 2885 2753 2956 est,
2776 2881 3050 2960 quatuor
3080 2882 3440 2962 Episcopos
3476 2887 3747 2942 numerat

2182 2979 2329 3036 ante
2366 2973 2768 3054 Elipandum‚
2797 2973 3111 3050 videlicet,
3140 2973 3467 3046 Cixillam,
3516 2973 3747 3036 Petrum

2178 3067 2513 3130 Pulchrum
2542 3112 2557 3139 ,
2612 3067 3029 3130 Sunicredum
3052 3114 3073 3144 ,
3128 3066 3573 3132 Concordiam
3594 3115 3616 3144 ,
3666 3069 3745 3129 cui

2178 3161 2477 3224 successit
2504 3159 2883 3242 Elipandus‚
2910 3161 2991 3224 de
3031 3178 3158 3241 quo
3186 3159 3474 3223 inferius
3504 3163 3598 3224 sic
3624 3161 3749 3224 scri·

2175 3255 2310 3318 bit:
2372 3255 2533 3320 Usus
2588 3257 2889 3338 frequenti
2937 3255 3309 3320 Maurorum
3367 3257 3745 3326 commercio,

2174 3367 2307 3412 cnm
2345 3349 2513 3428 lonye
2548 3349 2775 3414 abesset
2816 3349 2888 3413 ab
2918 3350 3165 3413 illorum
3192 3353 3553 3430 temporum
3576 3349 3747 3426 sllici-

2175 3447 2321 3517 tate,
2348 3443 2417 3505 in
2438 3443 2654 3526 quibus
2678 3441 3116 3508 Ecclesiastico
3142 3442 3518 3526 sineretque
3545 3442 3744 3506 doctri-

2171 3554 2255 3600 na
2284 3537 2523 3616 viqobat
2541 3582 2558 3610 ,
2583 3553 2917 3618 parumque
2934 3539 3229 3601 acono-ato
3253 3537 3324 3600 in
3352 3535 3575 3600 sacris
3612 3535 3745 3599 litte·

2170 3629 2264 3694 ris
2314 3637 2593 3695 versatus
2638 3635 2810 3704 esset,
2856 3630 2928 3693 in
2978 3629 3256 3693 Itoeresim
3306 3629 3385 3693 de
3440 3631 3747 3711 adoptione

2177 3722 2411 3790 ono-isti
2449 3721 2805 3790 Ser-catoris
2841 3724 3042 3787 nostri
3070 3727 3446 3807 amqanter
3484 3729 3553 3787 et
3593 3723 3746 3806 igno-

2172 3823 2385 3884 muter
2427 3819 2698 3900 impeyit.
2754 3815 3081 3891 Quomodo
3131 3835 3287 3896 ergo
3334 3835 3577 3879 verum
3624 3835 3744 3880 esse

2172 3918 2379 3994 potest
2396 3959 2417 3990 ,
2460 3911 2632 3993 quod
2680 3910 3021 3976 Concilium
3075 3909 3455 3982 Franccfor.
3506 3911 3627 3988 ait,
3678 3911 3747 3972 ob

2172 4008 2421 4088 culpam
2456 4007 2644 4087 hujus
2682 4007 2913 4070 erroris
2945 4003 3315 4087 Hispaniam
3356 4021 3507 4072 esse
3542 4009 3745 4070 Sarra-

2172 4120 2476 4166 cenorum
2504 4103 2795 4182 potestati
2829 4101 3165 4164 traditam?

2249 4195 2351 4258 22.
2399 4194 2689 4257 Secundo
2736 4211 2811 4256 ac
2864 4196 3178 4276 praecipue
3220 4195 3472 4258 multos
3516 4202 3739 4272 movet,

2171 4287 2364 4369 quod,
2397 4289 2462 4349 in
2490 4287 2715 4350 eodem
2744 4287 3040 4366 Concilio,
3073 4287 3343 4370 epistola
3388 4291 3479 4352 ad
3510 4291 3740 4372 Episco-

2172 4399 2287 4462 pos
2322 4381 2666 4460 Hispaniae,
2694 4383 3038 4462 Eugenius,
3069 4381 3435 4445 ildefonsus
3466 4391 3538 4446 et
3574 4384 3739 4448 Julia-

2172 4491 2318 4550 nuS,
2358 4475 2738 4537 sanctissimi
2777 4481 2839 4537 et
2882 4475 3223 4537 doctissimi
3268 4476 3611 4541 Toletanae
3644 4479 3739 4539 Ec-

2174 4566 2376 4629 clesiae
2403 4565 2904 4650 Archiepiseopi,
2934 4569 3193 4648 indigne
3224 4587 3301 4634 ac
3330 4571 3741 4635 irreverenter
3837 4587 3839 4640 i

2170 4661 2426 4722 tractari
2450 4659 2761 4737 videntur,
2784 4669 3087 4742 tanquam
3106 4664 3419 4744 vulgares
3440 4663 3735 4736 homines,
3837 4659 3839 4734 s

2171 4753 2279 4834 qui
2321 4753 2487 4816 male
2530 4755 2609 4817 de
2658 4752 2902 4819 Christo
2948 4757 3327 4833 sensissent3
3378 4777 3539 4822 cum
3594 4763 3737 4822 enim

2170 4847 2515 4927 Elipandus
2550 4867 2658 4910 eos
2696 4847 2762 4910 in
2791 4867 2923 4912 suae
2953 4851 3280 4914 sententiae
3328 4855 3739 4916 confirmatio-

2175 4958 2324 5003 nem
2362 4941 2751 5018 adduxisset,
2796 4943 2954 5006 nihil
3000 4945 3174 5007 aliud
3218 4945 3585 5010 Concilium
3624 4965 3739 5010 res-

2172 5033 2432 5116 pondet,
2464 5036 2585 5097 nisi
2608 5056 2623 5097 ε
2652 5037 2799 5112 Ques·
2816 5055 2893 5101 σω
2914 5041 3237 5121 parentum
3262 5045 3618 5104 vostrorum
3636 5041 3741 5105 dic-

2173 5131 2261 5194 tis
2282 5129 2603 5210 posuistis,
2634 5135 2709 5207 ut
2736 5132 3130 5211 manifestum
3158 5131 3267 5209 sit,
3301 5137 3523 5214 quales
3550 5135 3741 5198 mia-

2172 5223 2259 5286 tis
2294 5228 2599 5304 parentes.
2632 5225 2711 5286 Et
2748 5223 2911 5286 infra
2940 5243 2961 5289 ε
3004 5225 3236 5289 Melias
3276 5231 3369 5290 est
3406 5227 3741 5292 testimonio

2170 5317 2289 5380 Dei
2324 5315 2551 5381 Patris
2588 5319 2823 5383 credere
2854 5319 2927 5384 de
2964 5333 3073 5383 suo
3109 5314 3315 5396 Filio,
3345 5337 3535 5400 quam
3590 5321 3739 5384 Im·

2169 5411 2343 5488 scusi
2370 5411 2563 5476 vestri
2576 5455 2597 5488 ,
2628 5413 2737 5497 qui
2765 5411 2921 5478 tales
2950 5411 3117 5477 vobis
3160 5417 3505 5496 componit
3542 5419 3739 5496 prem

2172 5504 2240 5568 in
2270 5503 2617 5570 Missurum
2659 5505 2967 5574 solemniis
2981 5551 3003 5585 ‚
3030 5503 3243 5588 quales
3282 5507 3661 5574 univer-eatis
3682 5511 3735 5570 et
