<?xml version="1.0" encoding="UTF-8"?>
<!DOCTYPE html PUBLIC "-//W3C//DTD XHTML 1.0 Transitional//EN"
    "http://www.w3.org/TR/xhtml1/DTD/xhtml1-transitional.dtd">
<html xmlns="http://www.w3.org/1999/xhtml" xml:lang="en" lang="en">
 <head>
  <title>
</title>
<meta http-equiv="Content-Type" content="text/html;charset=utf-8" />
  <meta name='ocr-system' content='tesseract 3.04.00' />
  <meta name='ocr-capabilities' content='ocr_page ocr_carea ocr_par ocr_line ocrx_word'/>
</head>
<body>
  <div class='ocr_page' id='page_1' title='image "./rpfranciscisuar00unkngoog_0503.png"; bbox 0 0 3892 6167; ppageno 0'>
   <div class='ocr_carea' id='block_1_1' title="bbox 1387 349 2203 404">
    <p class='ocr_par' dir='ltr' id='par_1_1' title="bbox 1387 349 2203 404">
     <span class='ocr_line' id='line_1_1' title="bbox 1387 349 2203 404; baseline 0 -1"><span class='ocrx_word' id='word_1_1' title='bbox 1387 349 1704 404; x_wconf 69' lang='lat' dir='ltr'><strong>rstsPUTAT.</strong></span> <span class='ocrx_word' id='word_1_2' title='bbox 1737 349 1907 404; x_wconf 76' lang='lat' dir='ltr'><strong>xmx.</strong></span> <span class='ocrx_word' id='word_1_3' title='bbox 1943 351 2109 404; x_wconf 78' lang='lat' dir='ltr'><strong>SECT.</strong></span> <span class='ocrx_word' id='word_1_4' title='bbox 2146 351 2203 404; x_wconf 85' lang='lat'><strong>11.</strong></span> 
     </span>
    </p>
   </div>
   <div class='ocr_carea' id='block_1_2' title="bbox 93 442 1737 5594">
    <p class='ocr_par' dir='ltr' id='par_1_2' title="bbox 93 442 1737 4001">
     <span class='ocr_line' id='line_1_2' title="bbox 96 442 1735 535; baseline 0.002 -27"><span class='ocrx_word' id='word_1_5' title='bbox 96 442 415 525; x_wconf 66' lang='lat' dir='ltr'><strong>ripatico,</strong></span> <span class='ocrx_word' id='word_1_6' title='bbox 441 451 637 530; x_wconf 76' lang='lat' dir='ltr'><strong>quod</strong></span> <span class='ocrx_word' id='word_1_7' title='bbox 659 466 765 535; x_wconf 76' lang='lat' dir='ltr'><strong>per</strong></span> <span class='ocrx_word' id='word_1_8' title='bbox 779 467 844 518; x_wconf 74' lang='lat' dir='ltr'><strong>so</strong></span> <span class='ocrx_word' id='word_1_9' title='bbox 873 449 1122 515; x_wconf 76' lang='lat' dir='ltr'><strong>dicitur.</strong></span> <span class='ocrx_word' id='word_1_10' title='bbox 1149 450 1297 524; x_wconf 81' lang='lat' dir='ltr'><strong>Quae</strong></span> <span class='ocrx_word' id='word_1_11' title='bbox 1318 450 1476 512; x_wconf 82' lang='lat' dir='ltr'><strong>ratio</strong></span> <span class='ocrx_word' id='word_1_12' title='bbox 1501 451 1735 531; x_wconf 88' lang='lat' dir='ltr'><strong>optime</strong></span> 
     </span>
     <span class='ocr_line' id='line_1_3' title="bbox 93 537 1734 625; baseline 0.005 -25"><span class='ocrx_word' id='word_1_13' title='bbox 93 537 346 620; x_wconf 87' lang='lat' dir='ltr'><strong>probat</strong></span> <span class='ocrx_word' id='word_1_14' title='bbox 363 584 390 618; x_wconf 87' lang='lat'><strong>,</strong></span> <span class='ocrx_word' id='word_1_15' title='bbox 423 540 779 608; x_wconf 82' lang='lat' dir='ltr'><strong>Christum</strong></span> <span class='ocrx_word' id='word_1_16' title='bbox 808 543 1089 606; x_wconf 87' lang='lat' dir='ltr'><strong>absolute</strong></span> <span class='ocrx_word' id='word_1_17' title='bbox 1129 549 1190 607; x_wconf 89' lang='lat' dir='ltr'><strong>et</strong></span> <span class='ocrx_word' id='word_1_18' title='bbox 1218 543 1582 625; x_wconf 88' lang='lat' dir='ltr'><strong>simpliciter</strong></span> <span class='ocrx_word' id='word_1_19' title='bbox 1605 559 1734 610; x_wconf 84' lang='lat' dir='ltr'><strong>non</strong></span> 
     </span>
     <span class='ocr_line' id='line_1_4' title="bbox 95 633 1729 718; baseline 0.004 -26"><span class='ocrx_word' id='word_1_20' title='bbox 95 650 302 714; x_wconf 88' lang='lat' dir='ltr'><strong>posse</strong></span> <span class='ocrx_word' id='word_1_21' title='bbox 342 633 494 698; x_wconf 89' lang='lat' dir='ltr'><strong>dici</strong></span> <span class='ocrx_word' id='word_1_22' title='bbox 541 635 761 700; x_wconf 85' lang='lat' dir='ltr'><strong>filium</strong></span> <span class='ocrx_word' id='word_1_23' title='bbox 799 635 1184 718; x_wconf 86' lang='lat' dir='ltr'><strong>adoptivum,</strong></span> <span class='ocrx_word' id='word_1_24' title='bbox 1212 637 1328 702; x_wconf 87' lang='lat' dir='ltr'><strong>sed</strong></span> <span class='ocrx_word' id='word_1_25' title='bbox 1352 637 1729 716; x_wconf 83' lang='lat' dir='ltr'><strong>naturalem,</strong></span> 
     </span>
     <span class='ocr_line' id='line_1_5' title="bbox 99 723 1732 806; baseline 0.004 -18"><span class='ocrx_word' id='word_1_26' title='bbox 99 723 284 806; x_wconf 88' lang='lat' dir='ltr'><strong>quod</strong></span> <span class='ocrx_word' id='word_1_27' title='bbox 343 732 460 789; x_wconf 82' lang='lat' dir='ltr'><strong>est</strong></span> <span class='ocrx_word' id='word_1_28' title='bbox 519 730 958 793; x_wconf 85' lang='lat' dir='ltr'><strong>certissimum</strong></span> <span class='ocrx_word' id='word_1_29' title='bbox 984 748 1001 803; x_wconf 79' lang='lat'>3</span> <span class='ocrx_word' id='word_1_30' title='bbox 1052 749 1186 793; x_wconf 90' lang='lat' dir='ltr'><strong>non</strong></span> <span class='ocrx_word' id='word_1_31' title='bbox 1227 735 1441 794; x_wconf 89' lang='lat' dir='ltr'><strong>tamen</strong></span> <span class='ocrx_word' id='word_1_32' title='bbox 1489 729 1732 794; x_wconf 87' lang='lat' dir='ltr'><strong>videtur</strong></span> 
     </span>
     <span class='ocr_line' id='line_1_6' title="bbox 101 821 1732 908; baseline 0.005 -27"><span class='ocrx_word' id='word_1_33' title='bbox 101 839 176 881; x_wconf 85' lang='lat' dir='ltr'><strong>co</strong></span> <span class='ocrx_word' id='word_1_34' title='bbox 185 821 346 884; x_wconf 77' lang='lat' dir='ltr'><strong>nvin</strong></span> <span class='ocrx_word' id='word_1_35' title='bbox 353 838 557 902; x_wconf 84' lang='lat' dir='ltr'><strong>cere,</strong></span> <span class='ocrx_word' id='word_1_36' title='bbox 577 824 790 906; x_wconf 87' lang='lat' dir='ltr'><strong>posita</strong></span> <span class='ocrx_word' id='word_1_37' title='bbox 803 823 1348 902; x_wconf 79' lang='lat' dir='ltr'><strong>determinatione,</strong></span> <span class='ocrx_word' id='word_1_38' title='bbox 1362 827 1430 888; x_wconf 77' lang='lat' dir='ltr'><strong>in</strong></span> <span class='ocrx_word' id='word_1_39' title='bbox 1439 829 1732 908; x_wconf 72' lang='lat' dir='ltr'><strong>quantum</strong></span> 
     </span>
     <span class='ocr_line' id='line_1_7' title="bbox 99 914 1731 1000; baseline 0.001 -22"><span class='ocrx_word' id='word_1_40' title='bbox 99 914 310 987; x_wconf 65' lang='lat' dir='ltr'><strong>homo,</strong></span> <span class='ocrx_word' id='word_1_41' title='bbox 361 934 522 978; x_wconf 89' lang='lat' dir='ltr'><strong>non</strong></span> <span class='ocrx_word' id='word_1_42' title='bbox 574 936 772 1000; x_wconf 83' lang='lat' dir='ltr'><strong>posse</strong></span> <span class='ocrx_word' id='word_1_43' title='bbox 815 917 1175 1000; x_wconf 86' lang='lat' dir='ltr'><strong>adoptivum</strong></span> <span class='ocrx_word' id='word_1_44' title='bbox 1227 919 1549 1000; x_wconf 85' lang='lat' dir='ltr'><strong>appellari,</strong></span> <span class='ocrx_word' id='word_1_45' title='bbox 1582 917 1731 1000; x_wconf 83' lang='lat' dir='ltr'><strong>quia</strong></span> 
     </span>
     <span class='ocr_line' id='line_1_8' title="bbox 103 1007 1730 1094; baseline 0.002 -25"><span class='ocrx_word' id='word_1_46' title='bbox 103 1007 230 1070; x_wconf 88' lang='lat' dir='ltr'><strong>hoc</strong></span> <span class='ocrx_word' id='word_1_47' title='bbox 257 1007 482 1072; x_wconf 88' lang='lat' dir='ltr'><strong>modo</strong></span> <span class='ocrx_word' id='word_1_48' title='bbox 509 1010 768 1092; x_wconf 88' lang='lat' dir='ltr'><strong>optime</strong></span> <span class='ocrx_word' id='word_1_49' title='bbox 788 1012 1082 1092; x_wconf 79' lang='lat' dir='ltr'>recipitur</span> <span class='ocrx_word' id='word_1_50' title='bbox 1099 1011 1334 1094; x_wconf 88' lang='lat' dir='ltr'><strong>aliquid</strong></span> <span class='ocrx_word' id='word_1_51' title='bbox 1352 1029 1498 1074; x_wconf 91' lang='lat' dir='ltr'><strong>cum</strong></span> <span class='ocrx_word' id='word_1_52' title='bbox 1520 1011 1730 1091; x_wconf 87' lang='lat' dir='ltr'><strong>aliqua</strong></span> 
     </span>
     <span class='ocr_line' id='line_1_9' title="bbox 103 1099 1737 1188; baseline 0.002 -24"><span class='ocrx_word' id='word_1_53' title='bbox 103 1099 700 1170; x_wconf 79' lang='lat' dir='ltr'><strong>determinatione</strong></span> <span class='ocrx_word' id='word_1_54' title='bbox 742 1107 863 1169; x_wconf 90' lang='lat' dir='ltr'><strong>dici</strong></span> <span class='ocrx_word' id='word_1_55' title='bbox 899 1107 1355 1188; x_wconf 82' lang='lat' dir='ltr'><strong>participative,</strong></span> <span class='ocrx_word' id='word_1_56' title='bbox 1383 1105 1556 1186; x_wconf 90' lang='lat' dir='ltr'><strong>quod</strong></span> <span class='ocrx_word' id='word_1_57' title='bbox 1579 1105 1737 1168; x_wconf 89' lang='lat' dir='ltr'><strong>sim-</strong></span> 
     </span>
     <span class='ocr_line' id='line_1_10' title="bbox 103 1196 1736 1284; baseline 0.004 -26"><span class='ocrx_word' id='word_1_58' title='bbox 103 1196 372 1278; x_wconf 80' lang='lat' dir='ltr'><strong>pliciter</strong></span> <span class='ocrx_word' id='word_1_59' title='bbox 395 1215 540 1280; x_wconf 86' lang='lat' dir='ltr'><strong>per</strong></span> <span class='ocrx_word' id='word_1_60' title='bbox 567 1218 646 1262; x_wconf 85' lang='lat' dir='ltr'><strong>se</strong></span> <span class='ocrx_word' id='word_1_61' title='bbox 674 1199 900 1266; x_wconf 86' lang='lat' dir='ltr'><strong>dicitur</strong></span> <span class='ocrx_word' id='word_1_62' title='bbox 914 1217 936 1279; x_wconf 90' lang='lat'>;</span> <span class='ocrx_word' id='word_1_63' title='bbox 965 1206 1038 1262; x_wconf 87' lang='lat' dir='ltr'><strong>ut</strong></span> <span class='ocrx_word' id='word_1_64' title='bbox 1067 1201 1345 1264; x_wconf 87' lang='lat' dir='ltr'><strong>Christus</strong></span> <span class='ocrx_word' id='word_1_65' title='bbox 1374 1199 1736 1284; x_wconf 86' lang='lat' dir='ltr'><strong>simpliciter</strong></span> 
     </span>
     <span class='ocr_line' id='line_1_11' title="bbox 106 1293 1734 1376; baseline 0.001 -22"><span class='ocrx_word' id='word_1_66' title='bbox 106 1297 206 1354; x_wconf 89' lang='lat' dir='ltr'><strong>est</strong></span> <span class='ocrx_word' id='word_1_67' title='bbox 245 1308 379 1352; x_wconf 89' lang='lat' dir='ltr'><strong>ens</strong></span> <span class='ocrx_word' id='word_1_68' title='bbox 407 1310 554 1374; x_wconf 86' lang='lat' dir='ltr'><strong>per</strong></span> <span class='ocrx_word' id='word_1_69' title='bbox 585 1293 957 1372; x_wconf 78' lang='lat' dir='ltr'><strong>essentiam,</strong></span> <span class='ocrx_word' id='word_1_70' title='bbox 987 1295 1139 1376; x_wconf 88' lang='lat' dir='ltr'><strong>quia</strong></span> <span class='ocrx_word' id='word_1_71' title='bbox 1181 1297 1277 1357; x_wconf 87' lang='lat' dir='ltr'><strong>est</strong></span> <span class='ocrx_word' id='word_1_72' title='bbox 1301 1295 1500 1370; x_wconf 88' lang='lat' dir='ltr'><strong>Deus;</strong></span> <span class='ocrx_word' id='word_1_73' title='bbox 1532 1299 1596 1359; x_wconf 86' lang='lat' dir='ltr'><strong>et</strong></span> <span class='ocrx_word' id='word_1_74' title='bbox 1634 1301 1734 1356; x_wconf 91' lang='lat' dir='ltr'><strong>ta-</strong></span> 
     </span>
     <span class='ocr_line' id='line_1_12' title="bbox 109 1379 1734 1468; baseline 0.004 -24"><span class='ocrx_word' id='word_1_75' title='bbox 109 1401 264 1444; x_wconf 88' lang='lat' dir='ltr'><strong>men</strong></span> <span class='ocrx_word' id='word_1_76' title='bbox 296 1379 629 1450; x_wconf 84' lang='lat' dir='ltr'><strong>Christus</strong></span> <span class='ocrx_word' id='word_1_77' title='bbox 653 1388 718 1449; x_wconf 90' lang='lat' dir='ltr'><strong>in</strong></span> <span class='ocrx_word' id='word_1_78' title='bbox 747 1394 1056 1468; x_wconf 89' lang='lat' dir='ltr'><strong>quantum</strong></span> <span class='ocrx_word' id='word_1_79' title='bbox 1081 1387 1272 1451; x_wconf 89' lang='lat' dir='ltr'><strong>homo</strong></span> <span class='ocrx_word' id='word_1_80' title='bbox 1311 1393 1479 1451; x_wconf 88' lang='lat' dir='ltr'><strong>recte</strong></span> <span class='ocrx_word' id='word_1_81' title='bbox 1505 1386 1734 1451; x_wconf 86' lang='lat' dir='ltr'><strong>dicitur</strong></span> 
     </span>
     <span class='ocr_line' id='line_1_13' title="bbox 110 1480 1734 1564; baseline 0.002 -24"><span class='ocrx_word' id='word_1_82' title='bbox 110 1493 229 1540; x_wconf 86' lang='lat' dir='ltr'><strong>ens</strong></span> <span class='ocrx_word' id='word_1_83' title='bbox 253 1495 382 1557; x_wconf 87' lang='lat' dir='ltr'><strong>per</strong></span> <span class='ocrx_word' id='word_1_84' title='bbox 405 1481 1010 1564; x_wconf 74' lang='lat' dir='ltr'><strong>participationem,</strong></span> <span class='ocrx_word' id='word_1_85' title='bbox 1035 1481 1186 1562; x_wconf 90' lang='lat' dir='ltr'><strong>quia</strong></span> <span class='ocrx_word' id='word_1_86' title='bbox 1206 1487 1279 1544; x_wconf 90' lang='grc' dir='ltr'><strong>ιιι</strong></span> <span class='ocrx_word' id='word_1_87' title='bbox 1307 1480 1394 1544; x_wconf 88' lang='lat' dir='ltr'><strong>sic</strong></span> <span class='ocrx_word' id='word_1_88' title='bbox 1433 1487 1532 1545; x_wconf 88' lang='lat' dir='ltr'><strong>est</strong></span> <span class='ocrx_word' id='word_1_89' title='bbox 1555 1497 1734 1546; x_wconf 89' lang='lat' dir='ltr'><strong>crea-</strong></span> 
     </span>
     <span class='ocr_line' id='line_1_14' title="bbox 115 1569 1732 1658; baseline 0.004 -27"><span class='ocrx_word' id='word_1_90' title='bbox 115 1579 284 1632; x_wconf 83' lang='lat' dir='ltr'><strong>tura.</strong></span> <span class='ocrx_word' id='word_1_91' title='bbox 317 1569 524 1636; x_wconf 84' lang='lat' dir='ltr'><strong>Idem</strong></span> <span class='ocrx_word' id='word_1_92' title='bbox 562 1593 723 1657; x_wconf 80' lang='lat' dir='ltr'><strong>ergo</strong></span> <span class='ocrx_word' id='word_1_93' title='bbox 755 1575 871 1638; x_wconf 89' lang='lat' dir='ltr'><strong>erit</strong></span> <span class='ocrx_word' id='word_1_94' title='bbox 895 1576 962 1638; x_wconf 91' lang='lat' dir='ltr'><strong>in</strong></span> <span class='ocrx_word' id='word_1_95' title='bbox 993 1573 1293 1639; x_wconf 84' lang='lat' dir='ltr'><strong>filiatione</strong></span> <span class='ocrx_word' id='word_1_96' title='bbox 1320 1593 1435 1658; x_wconf 87' lang='lat' dir='ltr'><strong>per</strong></span> <span class='ocrx_word' id='word_1_97' title='bbox 1471 1593 1577 1653; x_wconf 89' lang='lat' dir='ltr'><strong>se,</strong></span> <span class='ocrx_word' id='word_1_98' title='bbox 1617 1594 1732 1639; x_wconf 90' lang='lat' dir='ltr'><strong>seu</strong></span> 
     </span>
     <span class='ocr_line' id='line_1_15' title="bbox 113 1663 1734 1752; baseline 0.005 -28"><span class='ocrx_word' id='word_1_99' title='bbox 113 1663 438 1742; x_wconf 89' lang='lat' dir='ltr'><strong>naturali,</strong></span> <span class='ocrx_word' id='word_1_100' title='bbox 473 1671 553 1728; x_wconf 84' lang='lat' dir='ltr'><strong>et</strong></span> <span class='ocrx_word' id='word_1_101' title='bbox 593 1686 715 1748; x_wconf 89' lang='lat' dir='ltr'><strong>per</strong></span> <span class='ocrx_word' id='word_1_102' title='bbox 744 1668 1314 1752; x_wconf 84' lang='lat' dir='ltr'><strong>participationem,</strong></span> <span class='ocrx_word' id='word_1_103' title='bbox 1340 1687 1454 1732; x_wconf 91' lang='lat' dir='ltr'><strong>seu</strong></span> <span class='ocrx_word' id='word_1_104' title='bbox 1494 1667 1734 1752; x_wconf 89' lang='lat' dir='ltr'><strong>adopti-</strong></span> 
     </span>
     <span class='ocr_line' id='line_1_16' title="bbox 118 1759 1726 1844; baseline 0.002 -24"><span class='ocrx_word' id='word_1_105' title='bbox 118 1776 221 1821; x_wconf 85' lang='lat' dir='ltr'><strong>va.</strong></span> <span class='ocrx_word' id='word_1_106' title='bbox 245 1759 494 1839; x_wconf 84' lang='lat' dir='ltr'><strong>Neque</strong></span> <span class='ocrx_word' id='word_1_107' title='bbox 513 1759 612 1824; x_wconf 89' lang='lat' dir='ltr'><strong>ad</strong></span> <span class='ocrx_word' id='word_1_108' title='bbox 633 1761 756 1826; x_wconf 88' lang='lat' dir='ltr'><strong>hoc</strong></span> <span class='ocrx_word' id='word_1_109' title='bbox 778 1762 1028 1825; x_wconf 81' lang='lat' dir='ltr'><strong>videtui·</strong></span> <span class='ocrx_word' id='word_1_110' title='bbox 1045 1761 1301 1837; x_wconf 82' lang='lat' dir='ltr'><strong>referre,</strong></span> <span class='ocrx_word' id='word_1_111' title='bbox 1323 1761 1492 1844; x_wconf 90' lang='lat' dir='ltr'><strong>quod</strong></span> <span class='ocrx_word' id='word_1_112' title='bbox 1513 1761 1726 1825; x_wconf 85' lang='lat' dir='ltr'><strong>filiatio</strong></span> 
     </span>
     <span class='ocr_line' id='line_1_17' title="bbox 119 1853 1726 1939; baseline 0.002 -23"><span class='ocrx_word' id='word_1_113' title='bbox 119 1853 198 1916; x_wconf 88' lang='lat' dir='ltr'><strong>sit</strong></span> <span class='ocrx_word' id='word_1_114' title='bbox 241 1855 646 1934; x_wconf 79' lang='lat' dir='ltr'><strong>proprietas</strong></span> <span class='ocrx_word' id='word_1_115' title='bbox 675 1875 983 1939; x_wconf 81' lang='lat' dir='ltr'><strong>personae,</strong></span> <span class='ocrx_word' id='word_1_116' title='bbox 1014 1875 1164 1920; x_wconf 88' lang='lat' dir='ltr'><strong>nam</strong></span> <span class='ocrx_word' id='word_1_117' title='bbox 1213 1858 1402 1920; x_wconf 89' lang='lat' dir='ltr'><strong>etiam</strong></span> <span class='ocrx_word' id='word_1_118' title='bbox 1449 1857 1726 1921; x_wconf 85' lang='lat' dir='ltr'><strong>Christus</strong></span> 
     </span>
     <span class='ocr_line' id='line_1_18' title="bbox 123 1945 1726 2030; baseline 0.005 -22"><span class='ocrx_word' id='word_1_119' title='bbox 123 1951 192 2008; x_wconf 85' lang='lat' dir='ltr'><strong>ut</strong></span> <span class='ocrx_word' id='word_1_120' title='bbox 236 1945 451 2012; x_wconf 85' lang='lat' dir='ltr'><strong>homo</strong></span> <span class='ocrx_word' id='word_1_121' title='bbox 507 1956 619 2012; x_wconf 87' lang='lat' dir='ltr'><strong>est</strong></span> <span class='ocrx_word' id='word_1_122' title='bbox 671 1969 945 2030; x_wconf 85' lang='lat' dir='ltr'><strong>persona</strong></span> <span class='ocrx_word' id='word_1_123' title='bbox 991 1949 1295 2028; x_wconf 86' lang='lat' dir='ltr'><strong>humana,</strong></span> <span class='ocrx_word' id='word_1_124' title='bbox 1341 1951 1597 2028; x_wconf 86' lang='lat' dir='ltr'><strong>seilicet,</strong></span> <span class='ocrx_word' id='word_1_125' title='bbox 1649 1969 1726 2016; x_wconf 81' lang='lat' dir='ltr'><strong>ex</strong></span> 
     </span>
     <span class='ocr_line' id='line_1_19' title="bbox 120 2040 1726 2126; baseline 0.002 -22"><span class='ocrx_word' id='word_1_126' title='bbox 120 2058 408 2122; x_wconf 85' lang='lat' dir='ltr'><strong>persona</strong></span> <span class='ocrx_word' id='word_1_127' title='bbox 443 2040 704 2121; x_wconf 78' lang='lat' dir='ltr'><strong>divIna,</strong></span> <span class='ocrx_word' id='word_1_128' title='bbox 747 2047 811 2107; x_wconf 85' lang='lat' dir='ltr'><strong>et</strong></span> <span class='ocrx_word' id='word_1_129' title='bbox 835 2044 1228 2108; x_wconf 83' lang='lat' dir='ltr'><strong>humanitate</strong></span> <span class='ocrx_word' id='word_1_130' title='bbox 1264 2046 1608 2126; x_wconf 85' lang='lat' dir='ltr'><strong>composita</strong></span> <span class='ocrx_word' id='word_1_131' title='bbox 1633 2043 1726 2126; x_wconf 89' lang='lat' dir='ltr'><strong>(ut</strong></span> 
     </span>
     <span class='ocr_line' id='line_1_20' title="bbox 129 2135 1725 2220; baseline 0.004 -24"><span class='ocrx_word' id='word_1_132' title='bbox 129 2151 322 2214; x_wconf 84' lang='lat' dir='ltr'><strong>supra</strong></span> <span class='ocrx_word' id='word_1_133' title='bbox 345 2135 758 2216; x_wconf 84' lang='lat' dir='ltr'><strong>explicatum</strong></span> <span class='ocrx_word' id='word_1_134' title='bbox 788 2138 944 2220; x_wconf 88' lang='lat' dir='ltr'><strong>est);</strong></span> <span class='ocrx_word' id='word_1_135' title='bbox 982 2156 1132 2219; x_wconf 85' lang='lat' dir='ltr'><strong>ergo</strong></span> <span class='ocrx_word' id='word_1_136' title='bbox 1157 2144 1226 2203; x_wconf 86' lang='lat' dir='ltr'><strong>ut</strong></span> <span class='ocrx_word' id='word_1_137' title='bbox 1257 2138 1349 2202; x_wconf 89' lang='lat' dir='ltr'><strong>sic</strong></span> <span class='ocrx_word' id='word_1_138' title='bbox 1377 2137 1496 2202; x_wconf 89' lang='lat' dir='ltr'><strong>erit</strong></span> <span class='ocrx_word' id='word_1_139' title='bbox 1525 2155 1725 2220; x_wconf 83' lang='lat' dir='ltr'><strong>capax</strong></span> 
     </span>
     <span class='ocr_line' id='line_1_21' title="bbox 129 2228 1724 2315; baseline 0.003 -23"><span class='ocrx_word' id='word_1_140' title='bbox 129 2228 472 2294; x_wconf 82' lang='lat' dir='ltr'><strong>relationis</strong></span> <span class='ocrx_word' id='word_1_141' title='bbox 503 2229 839 2294; x_wconf 81' lang='lat' dir='ltr'><strong>filiationis</strong></span> <span class='ocrx_word' id='word_1_142' title='bbox 877 2231 1104 2296; x_wconf 83' lang='lat' dir='ltr'><strong>divinae</strong></span> <span class='ocrx_word' id='word_1_143' title='bbox 1145 2250 1260 2314; x_wconf 90' lang='lat' dir='ltr'><strong>per</strong></span> <span class='ocrx_word' id='word_1_144' title='bbox 1301 2233 1724 2315; x_wconf 84' lang='lat' dir='ltr'><strong>participatio-</strong></span> 
     </span>
     <span class='ocr_line' id='line_1_22' title="bbox 129 2325 1722 2409; baseline 0.004 -26"><span class='ocrx_word' id='word_1_145' title='bbox 129 2337 520 2404; x_wconf 79' lang='lat' dir='ltr'><strong>nem3ergo</strong></span> <span class='ocrx_word' id='word_1_146' title='bbox 563 2329 633 2387; x_wconf 91' lang='lat' dir='ltr'><strong>et</strong></span> <span class='ocrx_word' id='word_1_147' title='bbox 674 2325 1050 2406; x_wconf 89' lang='lat' dir='ltr'><strong>adoptionis.</strong></span> <span class='ocrx_word' id='word_1_148' title='bbox 1095 2327 1224 2389; x_wconf 90' lang='lat' dir='ltr'><strong>Nec</strong></span> <span class='ocrx_word' id='word_1_149' title='bbox 1254 2325 1445 2390; x_wconf 89' lang='lat' dir='ltr'><strong>modo</strong></span> <span class='ocrx_word' id='word_1_150' title='bbox 1477 2327 1722 2409; x_wconf 88' lang='lat' dir='ltr'><strong>disputo</strong></span> 
     </span>
     <span class='ocr_line' id='line_1_23' title="bbox 133 2414 1722 2498; baseline 0.004 -20"><span class='ocrx_word' id='word_1_151' title='bbox 133 2432 214 2478; x_wconf 85' lang='lat' dir='ltr'><strong>au</strong></span> <span class='ocrx_word' id='word_1_152' title='bbox 269 2414 420 2480; x_wconf 82' lang='lat' dir='ltr'><strong>haec</strong></span> <span class='ocrx_word' id='word_1_153' title='bbox 461 2418 702 2482; x_wconf 90' lang='lat' dir='ltr'><strong>relatio</strong></span> <span class='ocrx_word' id='word_1_154' title='bbox 747 2421 828 2484; x_wconf 87' lang='lat' dir='ltr'><strong>sit</strong></span> <span class='ocrx_word' id='word_1_155' title='bbox 873 2420 1149 2498; x_wconf 86' lang='lat' dir='ltr'><strong>rationis,</strong></span> <span class='ocrx_word' id='word_1_156' title='bbox 1194 2420 1299 2483; x_wconf 82' lang='lat' dir='ltr'><strong>vel</strong></span> <span class='ocrx_word' id='word_1_157' title='bbox 1337 2419 1546 2496; x_wconf 70' lang='lat' dir='ltr'><strong>malie,</strong></span> <span class='ocrx_word' id='word_1_158' title='bbox 1586 2421 1722 2485; x_wconf 78' lang='lat' dir='ltr'><strong>haec</strong></span> 
     </span>
     <span class='ocr_line' id='line_1_24' title="bbox 136 2507 1722 2578; baseline 0.003 -6"><span class='ocrx_word' id='word_1_159' title='bbox 136 2507 303 2572; x_wconf 85' lang='lat' dir='ltr'><strong>enim</strong></span> <span class='ocrx_word' id='word_1_160' title='bbox 344 2513 800 2576; x_wconf 84' lang='lat' dir='ltr'><strong>controversia</strong></span> <span class='ocrx_word' id='word_1_161' title='bbox 837 2513 962 2576; x_wconf 89' lang='lat' dir='ltr'><strong>hoc</strong></span> <span class='ocrx_word' id='word_1_162' title='bbox 1001 2515 1141 2578; x_wconf 91' lang='lat' dir='ltr'><strong>loco</strong></span> <span class='ocrx_word' id='word_1_163' title='bbox 1186 2513 1543 2578; x_wconf 88' lang='lat' dir='ltr'><strong>necessaria</strong></span> <span class='ocrx_word' id='word_1_164' title='bbox 1590 2533 1722 2577; x_wconf 89' lang='lat' dir='ltr'><strong>non</strong></span> 
     </span>
     <span class='ocr_line' id='line_1_25' title="bbox 137 2603 1722 2688; baseline 0.004 -24"><span class='ocrx_word' id='word_1_165' title='bbox 137 2607 245 2678; x_wconf 87' lang='lat' dir='ltr'><strong>est,</strong></span> <span class='ocrx_word' id='word_1_166' title='bbox 267 2603 426 2684; x_wconf 90' lang='lat' dir='ltr'><strong>quia</strong></span> <span class='ocrx_word' id='word_1_167' title='bbox 455 2623 606 2670; x_wconf 90' lang='lat' dir='ltr'><strong>non</strong></span> <span class='ocrx_word' id='word_1_168' title='bbox 629 2607 866 2688; x_wconf 86' lang='lat' dir='ltr'><strong>pendet</strong></span> <span class='ocrx_word' id='word_1_169' title='bbox 887 2625 965 2672; x_wconf 87' lang='lat' dir='ltr'><strong>ex</strong></span> <span class='ocrx_word' id='word_1_170' title='bbox 986 2607 1096 2670; x_wconf 90' lang='lat' dir='ltr'><strong>illa</strong></span> <span class='ocrx_word' id='word_1_171' title='bbox 1122 2608 1350 2672; x_wconf 82' lang='lat' dir='ltr'><strong>veritas</strong></span> <span class='ocrx_word' id='word_1_172' title='bbox 1378 2607 1722 2671; x_wconf 87' lang='lat' dir='ltr'><strong>conclusio·</strong></span> 
     </span>
     <span class='ocr_line' id='line_1_26' title="bbox 133 2695 1723 2784; baseline 0.005 -28"><span class='ocrx_word' id='word_1_173' title='bbox 133 2695 266 2773; x_wconf 84' lang='lat' dir='ltr'><strong>nis,</strong></span> <span class='ocrx_word' id='word_1_174' title='bbox 305 2697 648 2782; x_wconf 84' lang='lat' dir='ltr'><strong>quidquid</strong></span> <span class='ocrx_word' id='word_1_175' title='bbox 693 2699 885 2782; x_wconf 85' lang='lat' dir='ltr'><strong>aliqui</strong></span> <span class='ocrx_word' id='word_1_176' title='bbox 927 2701 1003 2765; x_wconf 90' lang='lat' dir='ltr'><strong>D.</strong></span> <span class='ocrx_word' id='word_1_177' title='bbox 1042 2699 1296 2764; x_wconf 77' lang='lat' dir='ltr'><strong>&#39;rhomae</strong></span> <span class='ocrx_word' id='word_1_178' title='bbox 1338 2703 1723 2784; x_wconf 82' lang='lat' dir='ltr'><strong>expositores</strong></span> 
     </span>
     <span class='ocr_line' id='line_1_27' title="bbox 137 2791 1722 2878; baseline 0.004 -30"><span class='ocrx_word' id='word_1_179' title='bbox 137 2796 471 2857; x_wconf 90' lang='lat' dir='ltr'><strong>conentur.</strong></span> <span class='ocrx_word' id='word_1_180' title='bbox 496 2791 674 2868; x_wconf 85' lang='lat' dir='ltr'><strong>Quia</strong></span> <span class='ocrx_word' id='word_1_181' title='bbox 705 2812 836 2858; x_wconf 89' lang='lat' dir='ltr'><strong>non</strong></span> <span class='ocrx_word' id='word_1_182' title='bbox 865 2799 962 2859; x_wconf 88' lang='lat' dir='ltr'><strong>est</strong></span> <span class='ocrx_word' id='word_1_183' title='bbox 988 2793 1069 2856; x_wconf 90' lang='lat' dir='ltr'><strong>de</strong></span> <span class='ocrx_word' id='word_1_184' title='bbox 1097 2793 1344 2858; x_wconf 86' lang='lat' dir='ltr'><strong>ratione</strong></span> <span class='ocrx_word' id='word_1_185' title='bbox 1370 2793 1722 2878; x_wconf 87' lang='lat' dir='ltr'><strong>adoptionis</strong></span> 
     </span>
     <span class='ocr_line' id='line_1_28' title="bbox 137 2883 1724 2971; baseline 0.003 -25"><span class='ocrx_word' id='word_1_186' title='bbox 137 2890 205 2946; x_wconf 88' lang='lat' dir='ltr'><strong>ut</strong></span> <span class='ocrx_word' id='word_1_187' title='bbox 227 2883 524 2949; x_wconf 84' lang='lat' dir='ltr'><strong>includat</strong></span> <span class='ocrx_word' id='word_1_188' title='bbox 557 2887 932 2952; x_wconf 85' lang='lat' dir='ltr'><strong>relationem</strong></span> <span class='ocrx_word' id='word_1_189' title='bbox 954 2886 1210 2964; x_wconf 86' lang='lat' dir='ltr'><strong>realem,</strong></span> <span class='ocrx_word' id='word_1_190' title='bbox 1235 2894 1300 2953; x_wconf 88' lang='lat' dir='ltr'><strong>et</strong></span> <span class='ocrx_word' id='word_1_191' title='bbox 1316 2887 1546 2952; x_wconf 88' lang='lat' dir='ltr'><strong>deinde</strong></span> <span class='ocrx_word' id='word_1_192' title='bbox 1572 2889 1724 2971; x_wconf 88' lang='lat' dir='ltr'><strong>quia</strong></span> 
     </span>
     <span class='ocr_line' id='line_1_29' title="bbox 141 2979 1722 3064; baseline 0.003 -24"><span class='ocrx_word' id='word_1_193' title='bbox 141 2981 454 3062; x_wconf 87' lang='lat' dir='ltr'><strong>(utsupra</strong></span> <span class='ocrx_word' id='word_1_194' title='bbox 486 2979 816 3064; x_wconf 70' lang='lat' dir='ltr'><strong>dicebam)</strong></span> <span class='ocrx_word' id='word_1_195' title='bbox 841 2999 974 3044; x_wconf 90' lang='lat' dir='ltr'><strong>non</strong></span> <span class='ocrx_word' id='word_1_196' title='bbox 1017 2980 1222 3044; x_wconf 90' lang='lat' dir='ltr'><strong>omnis</strong></span> <span class='ocrx_word' id='word_1_197' title='bbox 1267 2981 1456 3045; x_wconf 87' lang='lat' dir='ltr'><strong>realis</strong></span> <span class='ocrx_word' id='word_1_198' title='bbox 1499 2982 1722 3045; x_wconf 88' lang='lat' dir='ltr'><strong>relatio</strong></span> 
     </span>
     <span class='ocr_line' id='line_1_30' title="bbox 141 3073 1724 3158; baseline 0.001 -22"><span class='ocrx_word' id='word_1_199' title='bbox 141 3079 457 3154; x_wconf 83' lang='lat' dir='ltr'><strong>repugnat</strong></span> <span class='ocrx_word' id='word_1_200' title='bbox 481 3073 766 3150; x_wconf 81' lang='lat' dir='ltr'><strong>Christo,</strong></span> <span class='ocrx_word' id='word_1_201' title='bbox 792 3075 942 3158; x_wconf 87' lang='lat' dir='ltr'><strong>quia</strong></span> <span class='ocrx_word' id='word_1_202' title='bbox 980 3092 1111 3139; x_wconf 88' lang='lat' dir='ltr'><strong>non</strong></span> <span class='ocrx_word' id='word_1_203' title='bbox 1136 3079 1382 3158; x_wconf 86' lang='lat' dir='ltr'><strong>oportet</strong></span> <span class='ocrx_word' id='word_1_204' title='bbox 1421 3081 1493 3139; x_wconf 90' lang='lat' dir='ltr'><strong>ut</strong></span> <span class='ocrx_word' id='word_1_205' title='bbox 1523 3075 1724 3138; x_wconf 81' lang='lat' dir='ltr'><strong>inhae-</strong></span> 
     </span>
     <span class='ocr_line' id='line_1_31' title="bbox 147 3165 1724 3250; baseline 0.004 -24"><span class='ocrx_word' id='word_1_206' title='bbox 147 3173 273 3230; x_wconf 87' lang='lat' dir='ltr'><strong>reat</strong></span> <span class='ocrx_word' id='word_1_207' title='bbox 317 3165 442 3250; x_wconf 87' lang='lat' dir='ltr'><strong>ipsi</strong></span> <span class='ocrx_word' id='word_1_208' title='bbox 489 3187 787 3250; x_wconf 81' lang='lat' dir='ltr'><strong>personae</strong></span> <span class='ocrx_word' id='word_1_209' title='bbox 829 3169 1178 3233; x_wconf 89' lang='lat' dir='ltr'><strong>secundum</strong></span> <span class='ocrx_word' id='word_1_210' title='bbox 1223 3187 1314 3246; x_wconf 92' lang='lat' dir='ltr'><strong>se,</strong></span> <span class='ocrx_word' id='word_1_211' title='bbox 1359 3169 1474 3233; x_wconf 83' lang='lat' dir='ltr'><strong>sed</strong></span> <span class='ocrx_word' id='word_1_212' title='bbox 1519 3170 1724 3235; x_wconf 88' lang='lat' dir='ltr'><strong>solum</strong></span> 
     </span>
     <span class='ocr_line' id='line_1_32' title="bbox 146 3259 1724 3339; baseline 0.004 -19"><span class='ocrx_word' id='word_1_213' title='bbox 146 3259 464 3324; x_wconf 82' lang='lat' dir='ltr'><strong>mediante</strong></span> <span class='ocrx_word' id='word_1_214' title='bbox 535 3269 798 3339; x_wconf 88' lang='lat' dir='ltr'><strong>natura,</strong></span> <span class='ocrx_word' id='word_1_215' title='bbox 849 3263 941 3326; x_wconf 90' lang='lat' dir='ltr'><strong>ita</strong></span> <span class='ocrx_word' id='word_1_216' title='bbox 982 3270 1200 3327; x_wconf 86' lang='lat' dir='ltr'><strong>tamen</strong></span> <span class='ocrx_word' id='word_1_217' title='bbox 1243 3269 1312 3326; x_wconf 90' lang='lat' dir='ltr'><strong>ut</strong></span> <span class='ocrx_word' id='word_1_218' title='bbox 1360 3263 1724 3328; x_wconf 81' lang='lat' dir='ltr'><strong>denominat</strong></span> 
     </span>
     <span class='ocr_line' id='line_1_33' title="bbox 148 3354 1725 3434; baseline 0.004 -20"><span class='ocrx_word' id='word_1_219' title='bbox 148 3368 482 3432; x_wconf 83' lang='lat' dir='ltr'><strong>personam</strong></span> <span class='ocrx_word' id='word_1_220' title='bbox 499 3374 532 3434; x_wconf 71' lang='grc' dir='ltr'>ς</span> <span class='ocrx_word' id='word_1_221' title='bbox 559 3361 624 3420; x_wconf 88' lang='lat' dir='ltr'><strong>et</strong></span> <span class='ocrx_word' id='word_1_222' title='bbox 647 3354 770 3420; x_wconf 90' lang='lat' dir='ltr'><strong>hoc</strong></span> <span class='ocrx_word' id='word_1_223' title='bbox 795 3355 987 3420; x_wconf 90' lang='lat' dir='ltr'><strong>modo</strong></span> <span class='ocrx_word' id='word_1_224' title='bbox 1008 3375 1139 3420; x_wconf 90' lang='lat' dir='ltr'><strong>non</strong></span> <span class='ocrx_word' id='word_1_225' title='bbox 1160 3357 1409 3421; x_wconf 86' lang='lat' dir='ltr'><strong>videtur</strong></span> <span class='ocrx_word' id='word_1_226' title='bbox 1434 3356 1725 3422; x_wconf 83' lang='lat' dir='ltr'><strong>inconve-</strong></span> 
     </span>
     <span class='ocr_line' id='line_1_34' title="bbox 148 3445 1725 3531; baseline 0.003 -23"><span class='ocrx_word' id='word_1_227' title='bbox 148 3445 326 3510; x_wconf 87' lang='lat' dir='ltr'><strong>niens</strong></span> <span class='ocrx_word' id='word_1_228' title='bbox 347 3451 422 3512; x_wconf 88' lang='lat' dir='ltr'><strong>ut</strong></span> <span class='ocrx_word' id='word_1_229' title='bbox 449 3449 691 3512; x_wconf 76' lang='lat' dir='ltr'><strong>eadem</strong></span> <span class='ocrx_word' id='word_1_230' title='bbox 718 3467 1013 3531; x_wconf 87' lang='lat' dir='ltr'><strong>persona,</strong></span> <span class='ocrx_word' id='word_1_231' title='bbox 1043 3467 1184 3530; x_wconf 82' lang='lat' dir='ltr'><strong>quae</strong></span> <span class='ocrx_word' id='word_1_232' title='bbox 1215 3449 1579 3531; x_wconf 85' lang='lat' dir='ltr'><strong>simpliciter</strong></span> <span class='ocrx_word' id='word_1_233' title='bbox 1613 3450 1725 3513; x_wconf 88' lang='lat' dir='ltr'><strong>de-</strong></span> 
     </span>
     <span class='ocr_line' id='line_1_35' title="bbox 153 3541 1720 3627; baseline 0.004 -27"><span class='ocrx_word' id='word_1_234' title='bbox 153 3541 527 3609; x_wconf 77' lang='lat' dir='ltr'><strong>nominatur:</strong></span> <span class='ocrx_word' id='word_1_235' title='bbox 564 3542 754 3606; x_wconf 90' lang='lat' dir='ltr'><strong>Filius</strong></span> <span class='ocrx_word' id='word_1_236' title='bbox 795 3562 910 3625; x_wconf 89' lang='lat' dir='ltr'><strong>per</strong></span> <span class='ocrx_word' id='word_1_237' title='bbox 944 3561 1013 3606; x_wconf 91' lang='lat' dir='ltr'><strong>se</strong></span> <span class='ocrx_word' id='word_1_238' title='bbox 1054 3551 1117 3608; x_wconf 87' lang='lat' dir='ltr'><strong>et</strong></span> <span class='ocrx_word' id='word_1_239' title='bbox 1135 3542 1614 3627; x_wconf 85' lang='lat' dir='ltr'><strong>perfectissime,</strong></span> <span class='ocrx_word' id='word_1_240' title='bbox 1656 3543 1720 3618; x_wconf 85' lang='lat' dir='ltr'><strong>in</strong></span> 
     </span>
     <span class='ocr_line' id='line_1_36' title="bbox 139 3636 1717 3720; baseline 0.004 -26"><span class='ocrx_word' id='word_1_241' title='bbox 139 3639 458 3712; x_wconf 69' lang='lat' dir='ltr'><strong>quantum</strong></span> <span class='ocrx_word' id='word_1_242' title='bbox 475 3637 680 3705; x_wconf 86' lang='lat' dir='ltr'><strong>homo</strong></span> <span class='ocrx_word' id='word_1_243' title='bbox 704 3636 1148 3702; x_wconf 88' lang='lat' dir='ltr'><strong>denominetur</strong></span> <span class='ocrx_word' id='word_1_244' title='bbox 1168 3636 1518 3702; x_wconf 88' lang='lat' dir='ltr'><strong>secundum</strong></span> <span class='ocrx_word' id='word_1_245' title='bbox 1545 3637 1717 3720; x_wconf 88' lang='lat' dir='ltr'><strong>quid,</strong></span> 
     </span>
     <span class='ocr_line' id='line_1_37' title="bbox 157 3731 1722 3814; baseline 0.005 -26"><span class='ocrx_word' id='word_1_246' title='bbox 157 3731 215 3788; x_wconf 88' lang='lat' dir='ltr'><strong>et</strong></span> <span class='ocrx_word' id='word_1_247' title='bbox 241 3745 356 3806; x_wconf 83' lang='lat' dir='ltr'><strong>per</strong></span> <span class='ocrx_word' id='word_1_248' title='bbox 397 3731 991 3814; x_wconf 77' lang='lat' dir='ltr'><strong>participationem3</strong></span> <span class='ocrx_word' id='word_1_249' title='bbox 1033 3731 1192 3796; x_wconf 87' lang='lat' dir='ltr'><strong>sicut</strong></span> <span class='ocrx_word' id='word_1_250' title='bbox 1232 3731 1404 3796; x_wconf 89' lang='lat' dir='ltr'><strong>idem</strong></span> <span class='ocrx_word' id='word_1_251' title='bbox 1445 3731 1722 3796; x_wconf 84' lang='lat' dir='ltr'><strong>Christus</strong></span> 
     </span>
     <span class='ocr_line' id='line_1_38' title="bbox 156 3817 1720 3908; baseline 0.006 -28"><span class='ocrx_word' id='word_1_252' title='bbox 156 3817 435 3898; x_wconf 86' lang='lat' dir='ltr'><strong>absolute</strong></span> <span class='ocrx_word' id='word_1_253' title='bbox 461 3829 566 3890; x_wconf 86' lang='lat' dir='ltr'><strong>est</strong></span> <span class='ocrx_word' id='word_1_254' title='bbox 583 3825 808 3896; x_wconf 83' lang='lat' dir='ltr'><strong>beatus</strong></span> <span class='ocrx_word' id='word_1_255' title='bbox 828 3843 943 3906; x_wconf 89' lang='lat' dir='ltr'><strong>per</strong></span> <span class='ocrx_word' id='word_1_256' title='bbox 961 3825 1322 3905; x_wconf 87' lang='lat' dir='ltr'><strong>essentiam,</strong></span> <span class='ocrx_word' id='word_1_257' title='bbox 1346 3832 1410 3890; x_wconf 89' lang='lat' dir='ltr'><strong>et</strong></span> <span class='ocrx_word' id='word_1_258' title='bbox 1430 3826 1497 3887; x_wconf 90' lang='lat' dir='ltr'><strong>in</strong></span> <span class='ocrx_word' id='word_1_259' title='bbox 1521 3843 1720 3908; x_wconf 86' lang='lat' dir='ltr'><strong>quan·</strong></span> 
     </span>
     <span class='ocr_line' id='line_1_39' title="bbox 157 3911 1612 4001; baseline 0.004 -25"><span class='ocrx_word' id='word_1_260' title='bbox 157 3911 284 3976; x_wconf 68' lang='lat' dir='ltr'><strong>tum</strong></span> <span class='ocrx_word' id='word_1_261' title='bbox 303 3913 502 3982; x_wconf 86' lang='lat' dir='ltr'><strong>homo</strong></span> <span class='ocrx_word' id='word_1_262' title='bbox 533 3921 631 3982; x_wconf 85' lang='lat' dir='ltr'><strong>est</strong></span> <span class='ocrx_word' id='word_1_263' title='bbox 655 3917 879 3982; x_wconf 77' lang='lat' dir='ltr'><strong>heatus</strong></span> <span class='ocrx_word' id='word_1_264' title='bbox 901 3938 1021 4001; x_wconf 84' lang='lat' dir='ltr'><strong>per</strong></span> <span class='ocrx_word' id='word_1_265' title='bbox 1045 3919 1612 4000; x_wconf 80' lang='lat' dir='ltr'><strong>participationem.</strong></span> 
     </span>
    </p>

    <p class='ocr_par' dir='ltr' id='par_1_3' title="bbox 155 4009 1718 5510">
     <span class='ocr_line' id='line_1_40' title="bbox 228 4009 1716 4093; baseline 0.004 -23"><span class='ocrx_word' id='word_1_266' title='bbox 228 4009 286 4070; x_wconf 79' lang='lat'><strong>5.</strong></span> <span class='ocrx_word' id='word_1_267' title='bbox 325 4009 408 4076; x_wconf 86' lang='lat' dir='ltr'><strong>Ut</strong></span> <span class='ocrx_word' id='word_1_268' title='bbox 454 4028 613 4093; x_wconf 81' lang='lat' dir='ltr'><strong>ergo</strong></span> <span class='ocrx_word' id='word_1_269' title='bbox 647 4010 796 4073; x_wconf 89' lang='lat' dir='ltr'><strong>huic</strong></span> <span class='ocrx_word' id='word_1_270' title='bbox 837 4012 1068 4074; x_wconf 87' lang='lat' dir='ltr'><strong>rationi</strong></span> <span class='ocrx_word' id='word_1_271' title='bbox 1105 4012 1180 4075; x_wconf 90' lang='lat' dir='ltr'><strong>D.</strong></span> <span class='ocrx_word' id='word_1_272' title='bbox 1210 4013 1468 4076; x_wconf 76' lang='lat' dir='ltr'><strong>Thomae</strong></span> <span class='ocrx_word' id='word_1_273' title='bbox 1496 4013 1624 4074; x_wconf 81' lang='lat' dir='ltr'><strong>vim</strong></span> <span class='ocrx_word' id='word_1_274' title='bbox 1653 4021 1716 4076; x_wconf 90' lang='lat' dir='ltr'><strong>et</strong></span> 
     </span>
     <span class='ocr_line' id='line_1_41' title="bbox 157 4099 1716 4182; baseline 0.004 -22"><span class='ocrx_word' id='word_1_275' title='bbox 157 4099 492 4168; x_wconf 85' lang='lat' dir='ltr'><strong>efficaciam</strong></span> <span class='ocrx_word' id='word_1_276' title='bbox 559 4103 913 4180; x_wconf 82' lang='lat' dir='ltr'><strong>tribuamus</strong></span> <span class='ocrx_word' id='word_1_277' title='bbox 945 4150 964 4182; x_wconf 91' lang='lat'><strong>,</strong></span> <span class='ocrx_word' id='word_1_278' title='bbox 1034 4103 1342 4168; x_wconf 87' lang='lat' dir='ltr'><strong>addamus</strong></span> <span class='ocrx_word' id='word_1_279' title='bbox 1406 4107 1716 4169; x_wconf 85' lang='lat' dir='ltr'><strong>rationem</strong></span> 
     </span>
     <span class='ocr_line' id='line_1_42' title="bbox 155 4191 1716 4281; baseline 0.004 -25"><span class='ocrx_word' id='word_1_280' title='bbox 155 4191 355 4274; x_wconf 81' lang='lat' dir='ltr'><strong>aliam,</strong></span> <span class='ocrx_word' id='word_1_281' title='bbox 380 4217 510 4280; x_wconf 83' lang='lat' dir='ltr'><strong>qua</strong></span> <span class='ocrx_word' id='word_1_282' title='bbox 537 4197 850 4262; x_wconf 85' lang='lat' dir='ltr'><strong>Adrianus</strong></span> <span class='ocrx_word' id='word_1_283' title='bbox 877 4199 1046 4281; x_wconf 88' lang='lat' dir='ltr'><strong>Papa</strong></span> <span class='ocrx_word' id='word_1_284' title='bbox 1071 4205 1134 4264; x_wconf 88' lang='lat' dir='ltr'><strong>et</strong></span> <span class='ocrx_word' id='word_1_285' title='bbox 1156 4198 1498 4263; x_wconf 85' lang='lat' dir='ltr'><strong>Concilium</strong></span> <span class='ocrx_word' id='word_1_286' title='bbox 1527 4197 1716 4262; x_wconf 87' lang='lat' dir='ltr'><strong>Fran-</strong></span> 
     </span>
     <span class='ocr_line' id='line_1_43' title="bbox 158 4287 1714 4377; baseline 0.006 -30"><span class='ocrx_word' id='word_1_287' title='bbox 158 4287 381 4358; x_wconf 78' lang='lat' dir='ltr'><strong>cot&#39;ord.</strong></span> <span class='ocrx_word' id='word_1_288' title='bbox 415 4299 705 4372; x_wconf 88' lang='lat' dir='ltr'><strong>utuntur,</strong></span> <span class='ocrx_word' id='word_1_289' title='bbox 737 4301 801 4360; x_wconf 88' lang='lat' dir='ltr'><strong>et</strong></span> <span class='ocrx_word' id='word_1_290' title='bbox 831 4313 972 4358; x_wconf 89' lang='lat' dir='ltr'><strong>esse</strong></span> <span class='ocrx_word' id='word_1_291' title='bbox 999 4292 1191 4359; x_wconf 88' lang='lat' dir='ltr'><strong>debet</strong></span> <span class='ocrx_word' id='word_1_292' title='bbox 1217 4293 1542 4377; x_wconf 88' lang='lat' dir='ltr'><strong>proprium</strong></span> <span class='ocrx_word' id='word_1_293' title='bbox 1571 4295 1714 4356; x_wconf 83' lang='lat' dir='ltr'><strong>t’un-</strong></span> 
     </span>
     <span class='ocr_line' id='line_1_44' title="bbox 159 4377 1712 4470; baseline 0.005 -25"><span class='ocrx_word' id='word_1_294' title='bbox 159 4377 517 4450; x_wconf 82' lang='lat' dir='ltr'><strong>damentum</strong></span> <span class='ocrx_word' id='word_1_295' title='bbox 553 4385 742 4470; x_wconf 85' lang='lat' dir='ltr'><strong>hujus</strong></span> <span class='ocrx_word' id='word_1_296' title='bbox 791 4388 1067 4452; x_wconf 83' lang='lat' dir='ltr'><strong>veritatis</strong></span> <span class='ocrx_word' id='word_1_297' title='bbox 1093 4408 1110 4465; x_wconf 91' lang='lat'><strong>;</strong></span> <span class='ocrx_word' id='word_1_298' title='bbox 1137 4407 1303 4462; x_wconf 55' lang='lat' dir='ltr'><strong>,nam</strong></span> <span class='ocrx_word' id='word_1_299' title='bbox 1342 4387 1423 4452; x_wconf 91' lang='lat' dir='ltr'><strong>de</strong></span> <span class='ocrx_word' id='word_1_300' title='bbox 1467 4389 1712 4452; x_wconf 86' lang='lat' dir='ltr'><strong>ratione</strong></span> 
     </span>
     <span class='ocr_line' id='line_1_45' title="bbox 161 4471 1714 4565; baseline 0.005 -27"><span class='ocrx_word' id='word_1_301' title='bbox 161 4471 503 4557; x_wconf 78' lang='lat' dir='ltr'><strong>adoptionis</strong></span> <span class='ocrx_word' id='word_1_302' title='bbox 532 4487 666 4558; x_wconf 90' lang='lat' dir='ltr'><strong>est,</strong></span> <span class='ocrx_word' id='word_1_303' title='bbox 707 4487 778 4547; x_wconf 87' lang='grc' dir='ltr'><strong>ιιι</strong></span> <span class='ocrx_word' id='word_1_304' title='bbox 804 4489 1102 4547; x_wconf 86' lang='lat' dir='ltr'><strong>extranea</strong></span> <span class='ocrx_word' id='word_1_305' title='bbox 1129 4500 1403 4565; x_wconf 88' lang='lat' dir='ltr'><strong>persona</strong></span> <span class='ocrx_word' id='word_1_306' title='bbox 1430 4489 1714 4564; x_wconf 85' lang='lat' dir='ltr'><strong>accepte·</strong></span> 
     </span>
     <span class='ocr_line' id='line_1_46' title="bbox 161 4569 1714 4656; baseline 0.008 -30"><span class='ocrx_word' id='word_1_307' title='bbox 161 4571 256 4628; x_wconf 89' lang='lat' dir='ltr'><strong>tur</strong></span> <span class='ocrx_word' id='word_1_308' title='bbox 277 4569 626 4639; x_wconf 85' lang='lat' dir='ltr'><strong>liberaliter</strong></span> <span class='ocrx_word' id='word_1_309' title='bbox 651 4573 736 4637; x_wconf 88' lang='lat' dir='ltr'><strong>ad</strong></span> <span class='ocrx_word' id='word_1_310' title='bbox 761 4576 1194 4640; x_wconf 74' lang='lat' dir='ltr'><strong>haereditatem</strong></span> <span class='ocrx_word' id='word_1_311' title='bbox 1220 4593 1242 4656; x_wconf 86' lang='lat'>3</span> <span class='ocrx_word' id='word_1_312' title='bbox 1274 4574 1386 4640; x_wconf 90' lang='lat' dir='ltr'><strong>sed</strong></span> <span class='ocrx_word' id='word_1_313' title='bbox 1415 4575 1574 4639; x_wconf 84' lang='lat' dir='ltr'><strong>nihil</strong></span> <span class='ocrx_word' id='word_1_314' title='bbox 1599 4579 1714 4639; x_wconf 88' lang='lat' dir='ltr'><strong>ho-</strong></span> 
     </span>
     <span class='ocr_line' id='line_1_47' title="bbox 161 4666 1708 4746; baseline 0.004 -20"><span class='ocrx_word' id='word_1_315' title='bbox 161 4677 294 4726; x_wconf 82' lang='lat' dir='ltr'><strong>rum</strong></span> <span class='ocrx_word' id='word_1_316' title='bbox 310 4666 502 4734; x_wconf 83' lang='lat' dir='ltr'><strong>habet</strong></span> <span class='ocrx_word' id='word_1_317' title='bbox 523 4668 735 4730; x_wconf 87' lang='lat' dir='ltr'><strong>locum</strong></span> <span class='ocrx_word' id='word_1_318' title='bbox 755 4668 820 4730; x_wconf 91' lang='lat' dir='ltr'><strong>in</strong></span> <span class='ocrx_word' id='word_1_319' title='bbox 842 4669 1102 4746; x_wconf 86' lang='lat' dir='ltr'><strong>Christo,</strong></span> <span class='ocrx_word' id='word_1_320' title='bbox 1129 4670 1318 4733; x_wconf 89' lang='lat' dir='ltr'><strong>etiam</strong></span> <span class='ocrx_word' id='word_1_321' title='bbox 1338 4673 1408 4732; x_wconf 87' lang='lat' dir='ltr'><strong>ut</strong></span> <span class='ocrx_word' id='word_1_322' title='bbox 1428 4669 1708 4732; x_wconf 90' lang='lat' dir='ltr'><strong>homine.</strong></span> 
     </span>
     <span class='ocr_line' id='line_1_48' title="bbox 165 4751 1716 4846; baseline 0.004 -26"><span class='ocrx_word' id='word_1_323' title='bbox 165 4751 309 4820; x_wconf 80' lang='lat' dir='ltr'><strong>Nam</strong></span> <span class='ocrx_word' id='word_1_324' title='bbox 333 4761 536 4842; x_wconf 82' lang='lat' dir='ltr'><strong>primo</strong></span> <span class='ocrx_word' id='word_1_325' title='bbox 563 4760 843 4826; x_wconf 85' lang='lat' dir='ltr'><strong>Christus</strong></span> <span class='ocrx_word' id='word_1_326' title='bbox 867 4808 883 4839; x_wconf 93' lang='lat'><strong>,</strong></span> <span class='ocrx_word' id='word_1_327' title='bbox 925 4769 1000 4825; x_wconf 92' lang='lat' dir='ltr'><strong>ut</strong></span> <span class='ocrx_word' id='word_1_328' title='bbox 1019 4762 1213 4826; x_wconf 90' lang='lat' dir='ltr'><strong>homo</strong></span> <span class='ocrx_word' id='word_1_329' title='bbox 1234 4810 1256 4842; x_wconf 93' lang='lat'><strong>,</strong></span> <span class='ocrx_word' id='word_1_330' title='bbox 1301 4781 1434 4826; x_wconf 90' lang='lat' dir='ltr'><strong>non</strong></span> <span class='ocrx_word' id='word_1_331' title='bbox 1455 4771 1552 4826; x_wconf 87' lang='lat' dir='ltr'><strong>est</strong></span> <span class='ocrx_word' id='word_1_332' title='bbox 1576 4781 1716 4846; x_wconf 89' lang='lat' dir='ltr'><strong>per-</strong></span> 
     </span>
     <span class='ocr_line' id='line_1_49' title="bbox 165 4857 1718 4939; baseline 0.005 -28"><span class='ocrx_word' id='word_1_333' title='bbox 165 4863 310 4912; x_wconf 75' lang='lat' dir='ltr'><strong>sona</strong></span> <span class='ocrx_word' id='word_1_334' title='bbox 325 4861 648 4933; x_wconf 86' lang='lat' dir='ltr'><strong>extranea,</strong></span> <span class='ocrx_word' id='word_1_335' title='bbox 665 4857 814 4938; x_wconf 86' lang='lat' dir='ltr'><strong>quia</strong></span> <span class='ocrx_word' id='word_1_336' title='bbox 833 4875 963 4920; x_wconf 91' lang='lat' dir='ltr'><strong>non</strong></span> <span class='ocrx_word' id='word_1_337' title='bbox 983 4863 1078 4919; x_wconf 89' lang='lat' dir='ltr'><strong>est</strong></span> <span class='ocrx_word' id='word_1_338' title='bbox 1097 4858 1221 4921; x_wconf 87' lang='lat' dir='ltr'><strong>alia</strong></span> <span class='ocrx_word' id='word_1_339' title='bbox 1239 4873 1509 4939; x_wconf 89' lang='lat' dir='ltr'><strong>persona</strong></span> <span class='ocrx_word' id='word_1_340' title='bbox 1528 4873 1718 4938; x_wconf 87' lang='lat' dir='ltr'><strong>aper-</strong></span> 
     </span>
     <span class='ocr_line' id='line_1_50' title="bbox 167 4945 1714 5032; baseline 0.01 -33"><span class='ocrx_word' id='word_1_341' title='bbox 167 4955 310 5006; x_wconf 85' lang='lat' dir='ltr'><strong>soua</strong></span> <span class='ocrx_word' id='word_1_342' title='bbox 333 4945 468 5011; x_wconf 86' lang='lat' dir='ltr'><strong>Filii</strong></span> <span class='ocrx_word' id='word_1_343' title='bbox 499 4947 608 5012; x_wconf 89' lang='lat' dir='ltr'><strong>Dei</strong></span> <span class='ocrx_word' id='word_1_344' title='bbox 637 4947 943 5014; x_wconf 82' lang='lat' dir='ltr'><strong>naturalis</strong></span> <span class='ocrx_word' id='word_1_345' title='bbox 965 4996 989 5030; x_wconf 88' lang='lat'><strong>,</strong></span> <span class='ocrx_word' id='word_1_346' title='bbox 1029 4951 1178 5032; x_wconf 89' lang='lat' dir='ltr'><strong>quia</strong></span> <span class='ocrx_word' id='word_1_347' title='bbox 1202 4949 1393 5015; x_wconf 85' lang='lat' dir='ltr'><strong>etiam</strong></span> <span class='ocrx_word' id='word_1_348' title='bbox 1421 4950 1473 5030; x_wconf 83' lang='lat' dir='ltr'><strong>si</strong></span> <span class='ocrx_word' id='word_1_349' title='bbox 1501 4967 1714 5014; x_wconf 83' lang='lat' dir='ltr'><strong>suma-</strong></span> 
     </span>
     <span class='ocr_line' id='line_1_51' title="bbox 167 5035 1714 5125; baseline 0 -21"><span class='ocrx_word' id='word_1_350' title='bbox 167 5039 260 5096; x_wconf 67' lang='lat' dir='ltr'><strong>tur</strong></span> <span class='ocrx_word' id='word_1_351' title='bbox 280 5035 552 5104; x_wconf 83' lang='lat' dir='ltr'><strong>Christus</strong></span> <span class='ocrx_word' id='word_1_352' title='bbox 579 5045 649 5108; x_wconf 87' lang='lat' dir='ltr'><strong>ut</strong></span> <span class='ocrx_word' id='word_1_353' title='bbox 666 5049 762 5106; x_wconf 88' lang='lat' dir='ltr'><strong>est</strong></span> <span class='ocrx_word' id='word_1_354' title='bbox 783 5061 1055 5125; x_wconf 85' lang='lat' dir='ltr'><strong>persona</strong></span> <span class='ocrx_word' id='word_1_355' title='bbox 1085 5045 1458 5125; x_wconf 89' lang='lat' dir='ltr'><strong>composita,</strong></span> <span class='ocrx_word' id='word_1_356' title='bbox 1489 5043 1714 5106; x_wconf 86' lang='lat' dir='ltr'><strong>intrin-</strong></span> 
     </span>
     <span class='ocr_line' id='line_1_52' title="bbox 173 5132 1716 5220; baseline 0.009 -35"><span class='ocrx_word' id='word_1_357' title='bbox 173 5142 302 5192; x_wconf 82' lang='lat' dir='ltr'><strong>sece</strong></span> <span class='ocrx_word' id='word_1_358' title='bbox 328 5132 585 5198; x_wconf 86' lang='lat' dir='ltr'><strong>includit</strong></span> <span class='ocrx_word' id='word_1_359' title='bbox 625 5137 996 5200; x_wconf 88' lang='lat' dir='ltr'><strong>filiationem</strong></span> <span class='ocrx_word' id='word_1_360' title='bbox 1033 5137 1146 5201; x_wconf 89' lang='lat' dir='ltr'><strong>Dei</strong></span> <span class='ocrx_word' id='word_1_361' title='bbox 1183 5139 1560 5214; x_wconf 86' lang='lat' dir='ltr'><strong>naturalem,</strong></span> <span class='ocrx_word' id='word_1_362' title='bbox 1600 5155 1716 5220; x_wconf 88' lang='lat' dir='ltr'><strong>per</strong></span> 
     </span>
     <span class='ocr_line' id='line_1_53' title="bbox 172 5227 1715 5314; baseline 0.006 -30"><span class='ocrx_word' id='word_1_363' title='bbox 172 5235 348 5296; x_wconf 81' lang='lat' dir='ltr'><strong>quam</strong></span> <span class='ocrx_word' id='word_1_364' title='bbox 385 5227 782 5294; x_wconf 85' lang='lat' dir='ltr'><strong>constituitur</strong></span> <span class='ocrx_word' id='word_1_365' title='bbox 808 5231 874 5292; x_wconf 90' lang='lat' dir='ltr'><strong>in</strong></span> <span class='ocrx_word' id='word_1_366' title='bbox 915 5249 1052 5294; x_wconf 87' lang='lat' dir='ltr'><strong>esse</strong></span> <span class='ocrx_word' id='word_1_367' title='bbox 1080 5231 1269 5314; x_wconf 84' lang='lat' dir='ltr'><strong>hujus</strong></span> <span class='ocrx_word' id='word_1_368' title='bbox 1298 5249 1618 5314; x_wconf 84' lang='lat' dir='ltr'><strong>personae,</strong></span> <span class='ocrx_word' id='word_1_369' title='bbox 1651 5238 1715 5294; x_wconf 90' lang='lat' dir='ltr'><strong>et</strong></span> 
     </span>
     <span class='ocr_line' id='line_1_54' title="bbox 176 5307 1716 5415; baseline 0.008 -40"><span class='ocrx_word' id='word_1_370' title='bbox 176 5307 305 5415; x_wconf 71' lang='lat' dir='ltr'><strong>ideo</strong></span> <span class='ocrx_word' id='word_1_371' title='bbox 325 5319 438 5383; x_wconf 88' lang='lat' dir='ltr'><strong>sub</strong></span> <span class='ocrx_word' id='word_1_372' title='bbox 461 5323 633 5386; x_wconf 87' lang='lat' dir='ltr'><strong>nulla</strong></span> <span class='ocrx_word' id='word_1_373' title='bbox 659 5325 902 5387; x_wconf 87' lang='lat' dir='ltr'><strong>ratione</strong></span> <span class='ocrx_word' id='word_1_374' title='bbox 924 5330 1130 5406; x_wconf 89' lang='lat' dir='ltr'><strong>potest</strong></span> <span class='ocrx_word' id='word_1_375' title='bbox 1157 5325 1278 5388; x_wconf 89' lang='lat' dir='ltr'><strong>dici</strong></span> <span class='ocrx_word' id='word_1_376' title='bbox 1303 5343 1512 5406; x_wconf 89' lang='lat' dir='ltr'><strong>neque</strong></span> <span class='ocrx_word' id='word_1_377' title='bbox 1535 5325 1716 5388; x_wconf 89' lang='lat' dir='ltr'><strong>intel-</strong></span> 
     </span>
     <span class='ocr_line' id='line_1_55' title="bbox 176 5401 1716 5510; baseline 0 -28"><span class='ocrx_word' id='word_1_378' title='bbox 176 5401 299 5510; x_wconf 53' lang='lat' dir='ltr'><strong>llgi.</strong></span> <span class='ocrx_word' id='word_1_379' title='bbox 331 5429 536 5496; x_wconf 83' lang='lat' dir='ltr'><strong>neque</strong></span> <span class='ocrx_word' id='word_1_380' title='bbox 575 5417 644 5480; x_wconf 87' lang='lat' dir='ltr'><strong>in</strong></span> <span class='ocrx_word' id='word_1_381' title='bbox 679 5416 1010 5482; x_wconf 88' lang='lat' dir='ltr'><strong>duratione</strong></span> <span class='ocrx_word' id='word_1_382' title='bbox 1041 5420 1365 5502; x_wconf 74' lang='lat' dir='ltr'><strong>temporie,</strong></span> <span class='ocrx_word' id='word_1_383' title='bbox 1409 5435 1619 5500; x_wconf 88' lang='lat' dir='ltr'><strong>neque</strong></span> <span class='ocrx_word' id='word_1_384' title='bbox 1648 5420 1716 5482; x_wconf 86' lang='lat' dir='ltr'><strong>in</strong></span> 
     </span>
    </p>

    <p class='ocr_par' dir='ltr' id='par_1_4' title="bbox 185 5493 1714 5594">
     <span class='ocr_line' id='line_1_56' title="bbox 185 5493 1714 5594; baseline 0.007 -31"><span class='ocrx_word' id='word_1_385' title='bbox 185 5493 373 5579; x_wconf 68' lang='lat' dir='ltr'><strong>ahquo</strong></span> <span class='ocrx_word' id='word_1_386' title='bbox 399 5505 574 5590; x_wconf 77' lang='lat' dir='ltr'><strong>signo</strong></span> <span class='ocrx_word' id='word_1_387' title='bbox 599 5515 858 5588; x_wconf 83' lang='lat' dir='ltr'><strong>natnrae,</strong></span> <span class='ocrx_word' id='word_1_388' title='bbox 883 5511 1056 5590; x_wconf 88' lang='lat' dir='ltr'><strong>quod</strong></span> <span class='ocrx_word' id='word_1_389' title='bbox 1077 5513 1158 5576; x_wconf 87' lang='lat' dir='ltr'><strong>sit</strong></span> <span class='ocrx_word' id='word_1_390' title='bbox 1181 5529 1455 5594; x_wconf 88' lang='lat' dir='ltr'><strong>persona</strong></span> <span class='ocrx_word' id='word_1_391' title='bbox 1479 5509 1714 5590; x_wconf 87' lang='lat' dir='ltr'><strong>aliena,</strong></span> 
     </span>
    </p>
   </div>
   <div class='ocr_carea' id='block_1_3' title="bbox 1793 449 3379 5590">
    <p class='ocr_par' dir='ltr' id='par_1_5' title="bbox 1809 449 3375 1280">
     <span class='ocr_line' id='line_1_57' title="bbox 1817 449 3374 529; baseline 0.006 -17"><span class='ocrx_word' id='word_1_392' title='bbox 1817 466 1930 512; x_wconf 86' lang='lat' dir='ltr'><strong>seu</strong></span> <span class='ocrx_word' id='word_1_393' title='bbox 1955 456 2248 513; x_wconf 84' lang='lat' dir='ltr'><strong>extranea</strong></span> <span class='ocrx_word' id='word_1_394' title='bbox 2267 469 2306 512; x_wconf 92' lang='lat' dir='ltr'><strong>a</strong></span> <span class='ocrx_word' id='word_1_395' title='bbox 2328 451 2537 512; x_wconf 85' lang='lat' dir='ltr'><strong>divina</strong></span> <span class='ocrx_word' id='word_1_396' title='bbox 2554 449 2876 529; x_wconf 83' lang='lat' dir='ltr'><strong>filiatione,</strong></span> <span class='ocrx_word' id='word_1_397' title='bbox 2908 455 2970 515; x_wconf 86' lang='lat' dir='ltr'><strong>et</strong></span> <span class='ocrx_word' id='word_1_398' title='bbox 2989 452 3133 516; x_wconf 83' lang='lat' dir='ltr'><strong>ideo</strong></span> <span class='ocrx_word' id='word_1_399' title='bbox 3156 473 3233 518; x_wconf 84' lang='lat' dir='ltr'><strong>ex</strong></span> <span class='ocrx_word' id='word_1_400' title='bbox 3256 458 3374 522; x_wconf 89' lang='lat' dir='ltr'><strong>hoc</strong></span> 
     </span>
     <span class='ocr_line' id='line_1_58' title="bbox 1814 543 3371 630; baseline 0.004 -24"><span class='ocrx_word' id='word_1_401' title='bbox 1814 543 2120 626; x_wconf 86' lang='lat' dir='ltr'><strong>principio</strong></span> <span class='ocrx_word' id='word_1_402' title='bbox 2162 561 2293 606; x_wconf 88' lang='lat' dir='ltr'><strong>non</strong></span> <span class='ocrx_word' id='word_1_403' title='bbox 2341 550 2433 607; x_wconf 88' lang='lat' dir='ltr'><strong>est</strong></span> <span class='ocrx_word' id='word_1_404' title='bbox 2478 561 2679 624; x_wconf 84' lang='lat' dir='ltr'><strong>capax</strong></span> <span class='ocrx_word' id='word_1_405' title='bbox 2724 543 3097 624; x_wconf 60' lang='lat' dir='ltr'><strong>adoptionis</strong></span> <span class='ocrx_word' id='word_1_406' title='bbox 3155 549 3371 630; x_wconf 83' lang='lat' dir='ltr'><strong>Neque</strong></span> 
     </span>
     <span class='ocr_line' id='line_1_59' title="bbox 1815 635 3375 718; baseline 0.005 -20"><span class='ocrx_word' id='word_1_407' title='bbox 1815 636 2003 699; x_wconf 88' lang='lat' dir='ltr'><strong>etiam</strong></span> <span class='ocrx_word' id='word_1_408' title='bbox 2029 654 2109 699; x_wconf 84' lang='lat' dir='ltr'><strong>ex</strong></span> <span class='ocrx_word' id='word_1_409' title='bbox 2134 635 2283 714; x_wconf 88' lang='lat' dir='ltr'><strong>alio,</strong></span> <span class='ocrx_word' id='word_1_410' title='bbox 2312 637 2460 718; x_wconf 86' lang='lat' dir='ltr'><strong>quia</strong></span> <span class='ocrx_word' id='word_1_411' title='bbox 2478 636 2581 700; x_wconf 87' lang='lat' dir='ltr'><strong>hic</strong></span> <span class='ocrx_word' id='word_1_412' title='bbox 2606 637 2797 700; x_wconf 86' lang='lat' dir='ltr'><strong>homo</strong></span> <span class='ocrx_word' id='word_1_413' title='bbox 2824 637 3101 702; x_wconf 85' lang='lat' dir='ltr'><strong>Christus</strong></span> <span class='ocrx_word' id='word_1_414' title='bbox 3120 660 3249 704; x_wconf 87' lang='lat' dir='ltr'><strong>non</strong></span> <span class='ocrx_word' id='word_1_415' title='bbox 3274 661 3375 706; x_wconf 91' lang='lat' dir='ltr'><strong>ac-</strong></span> 
     </span>
     <span class='ocr_line' id='line_1_60' title="bbox 1814 729 3373 814; baseline 0.004 -23"><span class='ocrx_word' id='word_1_416' title='bbox 1814 735 2099 810; x_wconf 87' lang='lat' dir='ltr'><strong>ceptatur</strong></span> <span class='ocrx_word' id='word_1_417' title='bbox 2140 729 2218 793; x_wconf 88' lang='lat' dir='ltr'><strong>ad</strong></span> <span class='ocrx_word' id='word_1_418' title='bbox 2262 729 2537 793; x_wconf 82' lang='lat' dir='ltr'><strong>divinam</strong></span> <span class='ocrx_word' id='word_1_419' title='bbox 2574 729 3002 794; x_wconf 77' lang='lat' dir='ltr'><strong>haereditatem</strong></span> <span class='ocrx_word' id='word_1_420' title='bbox 3034 735 3373 814; x_wconf 89' lang='lat' dir='ltr'><strong>suscipien-</strong></span> 
     </span>
     <span class='ocr_line' id='line_1_61' title="bbox 1813 822 3375 906; baseline 0.004 -21"><span class='ocrx_word' id='word_1_421' title='bbox 1813 822 2047 886; x_wconf 90' lang='lat' dir='ltr'><strong>damin</strong></span> <span class='ocrx_word' id='word_1_422' title='bbox 2068 825 2457 888; x_wconf 86' lang='lat' dir='ltr'><strong>humanitate</strong></span> <span class='ocrx_word' id='word_1_423' title='bbox 2476 843 2590 886; x_wconf 91' lang='lat' dir='ltr'><strong>sua</strong></span> <span class='ocrx_word' id='word_1_424' title='bbox 2615 827 3045 906; x_wconf 84' lang='lat' dir='ltr'><strong>acceptatione</strong></span> <span class='ocrx_word' id='word_1_425' title='bbox 3068 845 3243 891; x_wconf 90' lang='lat' dir='ltr'><strong>mere</strong></span> <span class='ocrx_word' id='word_1_426' title='bbox 3270 847 3375 891; x_wconf 89' lang='lat' dir='ltr'><strong>ex·</strong></span> 
     </span>
     <span class='ocr_line' id='line_1_62' title="bbox 1809 917 3367 1000; baseline 0.003 -22"><span class='ocrx_word' id='word_1_427' title='bbox 1809 917 2106 992; x_wconf 84' lang='lat' dir='ltr'><strong>trinseca,</strong></span> <span class='ocrx_word' id='word_1_428' title='bbox 2137 923 2199 980; x_wconf 91' lang='lat' dir='ltr'><strong>et</strong></span> <span class='ocrx_word' id='word_1_429' title='bbox 2225 918 2479 982; x_wconf 89' lang='lat' dir='ltr'><strong>omnino</strong></span> <span class='ocrx_word' id='word_1_430' title='bbox 2506 917 2771 992; x_wconf 88' lang='lat' dir='ltr'><strong>liberali,</strong></span> <span class='ocrx_word' id='word_1_431' title='bbox 2803 919 2917 981; x_wconf 88' lang='lat' dir='ltr'><strong>sed</strong></span> <span class='ocrx_word' id='word_1_432' title='bbox 2939 921 3367 1000; x_wconf 85' lang='lat' dir='ltr'><strong>acceptatione</strong></span> 
     </span>
     <span class='ocr_line' id='line_1_63' title="bbox 1811 1009 3374 1091; baseline 0.004 -21"><span class='ocrx_word' id='word_1_433' title='bbox 1811 1010 1992 1091; x_wconf 88' lang='lat' dir='ltr'><strong>quasi</strong></span> <span class='ocrx_word' id='word_1_434' title='bbox 2016 1009 2355 1074; x_wconf 83' lang='lat' dir='ltr'><strong>intrinseca</strong></span> <span class='ocrx_word' id='word_1_435' title='bbox 2384 1017 2446 1073; x_wconf 87' lang='lat' dir='ltr'><strong>et</strong></span> <span class='ocrx_word' id='word_1_436' title='bbox 2479 1012 2902 1087; x_wconf 87' lang='lat' dir='ltr'><strong>connaturali,</strong></span> <span class='ocrx_word' id='word_1_437' title='bbox 2934 1030 3009 1076; x_wconf 89' lang='lat' dir='ltr'><strong>ac</strong></span> <span class='ocrx_word' id='word_1_438' title='bbox 3032 1013 3244 1076; x_wconf 84' lang='lat' dir='ltr'><strong>debita</strong></span> <span class='ocrx_word' id='word_1_439' title='bbox 3273 1033 3374 1076; x_wconf 88' lang='lat' dir='ltr'><strong>ra-</strong></span> 
     </span>
     <span class='ocr_line' id='line_1_64' title="bbox 1813 1101 3373 1187; baseline 0.003 -21"><span class='ocrx_word' id='word_1_440' title='bbox 1813 1101 1985 1167; x_wconf 79' lang='lat' dir='ltr'><strong>tione</strong></span> <span class='ocrx_word' id='word_1_441' title='bbox 2014 1103 2263 1167; x_wconf 87' lang='lat' dir='ltr'><strong>unionis</strong></span> <span class='ocrx_word' id='word_1_442' title='bbox 2288 1124 2306 1182; x_wconf 81' lang='lat'><em>3</em></span> <span class='ocrx_word' id='word_1_443' title='bbox 2349 1122 2501 1186; x_wconf 81' lang='lat' dir='ltr'><strong>ergo</strong></span> <span class='ocrx_word' id='word_1_444' title='bbox 2528 1122 2608 1168; x_wconf 85' lang='lat' dir='ltr'><strong>ex</strong></span> <span class='ocrx_word' id='word_1_445' title='bbox 2636 1104 2806 1168; x_wconf 88' lang='lat' dir='ltr'><strong>omni</strong></span> <span class='ocrx_word' id='word_1_446' title='bbox 2838 1106 3043 1187; x_wconf 89' lang='lat' dir='ltr'><strong>capite</strong></span> <span class='ocrx_word' id='word_1_447' title='bbox 3080 1113 3177 1169; x_wconf 87' lang='lat' dir='ltr'><strong>est</strong></span> <span class='ocrx_word' id='word_1_448' title='bbox 3204 1106 3373 1170; x_wconf 89' lang='lat' dir='ltr'><strong>inca-</strong></span> 
     </span>
     <span class='ocr_line' id='line_1_65' title="bbox 1813 1194 2341 1280; baseline 0.006 -21"><span class='ocrx_word' id='word_1_449' title='bbox 1813 1215 1938 1280; x_wconf 87' lang='lat' dir='ltr'><strong>pax</strong></span> <span class='ocrx_word' id='word_1_450' title='bbox 1967 1194 2341 1279; x_wconf 77' lang='lat' dir='ltr'><strong>adoptioniS.</strong></span> 
     </span>
    </p>

    <p class='ocr_par' dir='ltr' id='par_1_6' title="bbox 1793 1289 3379 5590">
     <span class='ocr_line' id='line_1_66' title="bbox 1895 1289 3379 1376; baseline 0.001 -20"><span class='ocrx_word' id='word_1_451' title='bbox 1895 1295 1958 1356; x_wconf 79' lang='lat'><strong>6.</strong></span> <span class='ocrx_word' id='word_1_452' title='bbox 2004 1289 2358 1376; x_wconf 66' lang='lat' dir='ltr'><strong>Responsio.</strong></span> <span class='ocrx_word' id='word_1_453' title='bbox 2407 1321 2491 1340; x_wconf 91' lang='lat'><em>-</em></span> <span class='ocrx_word' id='word_1_454' title='bbox 2534 1293 2942 1373; x_wconf 85' lang='lat' dir='ltr'><strong>Respondent</strong></span> <span class='ocrx_word' id='word_1_455' title='bbox 2986 1293 3206 1374; x_wconf 84' lang='lat' dir='ltr'><strong>aliqui,</strong></span> <span class='ocrx_word' id='word_1_456' title='bbox 3257 1294 3379 1358; x_wconf 85' lang='lat' dir='ltr'><strong>hac</strong></span> 
     </span>
     <span class='ocr_line' id='line_1_67' title="bbox 1811 1384 3375 1464; baseline 0.001 -17"><span class='ocrx_word' id='word_1_457' title='bbox 1811 1385 2057 1447; x_wconf 88' lang='lat' dir='ltr'><strong>ratione</strong></span> <span class='ocrx_word' id='word_1_458' title='bbox 2100 1384 2182 1447; x_wconf 88' lang='lat' dir='ltr'><strong>ad</strong></span> <span class='ocrx_word' id='word_1_459' title='bbox 2218 1401 2537 1447; x_wconf 89' lang='lat' dir='ltr'><strong>summum</strong></span> <span class='ocrx_word' id='word_1_460' title='bbox 2574 1385 2829 1464; x_wconf 82' lang='lat' dir='ltr'><strong>probari</strong></span> <span class='ocrx_word' id='word_1_461' title='bbox 2870 1387 3182 1450; x_wconf 85' lang='lat' dir='ltr'><strong>Christum</strong></span> <span class='ocrx_word' id='word_1_462' title='bbox 3229 1386 3375 1449; x_wconf 86' lang='lat' dir='ltr'><strong>sim-</strong></span> 
     </span>
     <span class='ocr_line' id='line_1_68' title="bbox 1807 1477 3365 1562; baseline 0.001 -22"><span class='ocrx_word' id='word_1_463' title='bbox 1807 1479 2055 1562; x_wconf 87' lang='lat' dir='ltr'><strong>pliciter</strong></span> <span class='ocrx_word' id='word_1_464' title='bbox 2072 1497 2203 1540; x_wconf 90' lang='lat' dir='ltr'><strong>non</strong></span> <span class='ocrx_word' id='word_1_465' title='bbox 2230 1497 2419 1560; x_wconf 89' lang='lat' dir='ltr'><strong>posse</strong></span> <span class='ocrx_word' id='word_1_466' title='bbox 2438 1495 2583 1542; x_wconf 77' lang='lat' dir='ltr'><strong>vere</strong></span> <span class='ocrx_word' id='word_1_467' title='bbox 2608 1477 2725 1542; x_wconf 83' lang='lat' dir='ltr'><strong>diei</strong></span> <span class='ocrx_word' id='word_1_468' title='bbox 2753 1479 2952 1544; x_wconf 85' lang='lat' dir='ltr'><strong>filium</strong></span> <span class='ocrx_word' id='word_1_469' title='bbox 2980 1479 3365 1562; x_wconf 82' lang='lat' dir='ltr'><strong>adoptivum,</strong></span> 
     </span>
     <span class='ocr_line' id='line_1_69' title="bbox 1811 1573 3369 1654; baseline -0.001 -18"><span class='ocrx_word' id='word_1_470' title='bbox 1811 1591 1944 1636; x_wconf 89' lang='lat' dir='ltr'><strong>non</strong></span> <span class='ocrx_word' id='word_1_471' title='bbox 1985 1591 2134 1636; x_wconf 82' lang='lat' dir='ltr'><strong>vero</strong></span> <span class='ocrx_word' id='word_1_472' title='bbox 2180 1589 2327 1636; x_wconf 91' lang='lat' dir='ltr'><strong>cum</strong></span> <span class='ocrx_word' id='word_1_473' title='bbox 2370 1573 2891 1637; x_wconf 83' lang='lat' dir='ltr'><strong>determinatione</strong></span> <span class='ocrx_word' id='word_1_474' title='bbox 2943 1576 3011 1637; x_wconf 90' lang='lat' dir='ltr'><strong>in</strong></span> <span class='ocrx_word' id='word_1_475' title='bbox 3060 1580 3369 1654; x_wconf 86' lang='lat' dir='ltr'><strong>quantum</strong></span> 
     </span>
     <span class='ocr_line' id='line_1_70' title="bbox 1809 1665 3363 1748; baseline 0.001 -19"><span class='ocrx_word' id='word_1_476' title='bbox 1809 1665 2027 1744; x_wconf 87' lang='lat' dir='ltr'><strong>home,</strong></span> <span class='ocrx_word' id='word_1_477' title='bbox 2074 1668 2223 1748; x_wconf 86' lang='lat' dir='ltr'><strong>quia</strong></span> <span class='ocrx_word' id='word_1_478' title='bbox 2268 1667 2626 1731; x_wconf 89' lang='lat' dir='ltr'><strong>humanitas</strong></span> <span class='ocrx_word' id='word_1_479' title='bbox 2676 1687 2755 1730; x_wconf 82' lang='lat' dir='ltr'><strong>ex</strong></span> <span class='ocrx_word' id='word_1_480' title='bbox 2794 1685 2860 1730; x_wconf 89' lang='lat' dir='ltr'><strong>se</strong></span> <span class='ocrx_word' id='word_1_481' title='bbox 2905 1673 3202 1731; x_wconf 85' lang='lat' dir='ltr'><strong>extranea</strong></span> <span class='ocrx_word' id='word_1_482' title='bbox 3246 1674 3363 1730; x_wconf 86' lang='lat' dir='ltr'><strong>est.</strong></span> 
     </span>
     <span class='ocr_line' id='line_1_71' title="bbox 1807 1761 3367 1837; baseline -0.003 -11"><span class='ocrx_word' id='word_1_483' title='bbox 1807 1761 1988 1826; x_wconf 86' lang='lat' dir='ltr'><strong>Unde</strong></span> <span class='ocrx_word' id='word_1_484' title='bbox 2029 1761 2433 1825; x_wconf 87' lang='lat' dir='ltr'><strong>confirmatur</strong></span> <span class='ocrx_word' id='word_1_485' title='bbox 2452 1806 2473 1837; x_wconf 94' lang='lat'><strong>,</strong></span> <span class='ocrx_word' id='word_1_486' title='bbox 2522 1779 2673 1823; x_wconf 89' lang='lat' dir='ltr'><strong>nam</strong></span> <span class='ocrx_word' id='word_1_487' title='bbox 2712 1761 2935 1824; x_wconf 86' lang='lat' dir='ltr'><strong>saltem</strong></span> <span class='ocrx_word' id='word_1_488' title='bbox 2968 1761 3093 1824; x_wconf 86' lang='lat' dir='ltr'><strong>hac</strong></span> <span class='ocrx_word' id='word_1_489' title='bbox 3124 1761 3367 1824; x_wconf 88' lang='lat' dir='ltr'><strong>ratione</strong></span> 
     </span>
     <span class='ocr_line' id='line_1_72' title="bbox 1805 1853 3370 1936; baseline 0.001 -21"><span class='ocrx_word' id='word_1_490' title='bbox 1805 1871 1934 1916; x_wconf 91' lang='lat' dir='ltr'><strong>non</strong></span> <span class='ocrx_word' id='word_1_491' title='bbox 1965 1856 2287 1936; x_wconf 87' lang='lat' dir='ltr'><strong>probatur,</strong></span> <span class='ocrx_word' id='word_1_492' title='bbox 2318 1855 2775 1918; x_wconf 86' lang='lat' dir='ltr'><strong>humanitatem</strong></span> <span class='ocrx_word' id='word_1_493' title='bbox 2794 1874 2923 1917; x_wconf 89' lang='lat' dir='ltr'><strong>non</strong></span> <span class='ocrx_word' id='word_1_494' title='bbox 2947 1873 3085 1918; x_wconf 88' lang='lat' dir='ltr'><strong>esse</strong></span> <span class='ocrx_word' id='word_1_495' title='bbox 3108 1853 3370 1935; x_wconf 87' lang='lat' dir='ltr'><strong>adopta·-</strong></span> 
     </span>
     <span class='ocr_line' id='line_1_73' title="bbox 1805 1947 3366 2030; baseline -0.001 -19"><span class='ocrx_word' id='word_1_496' title='bbox 1805 1951 1934 2011; x_wconf 85' lang='lat' dir='ltr'><strong>tam</strong></span> <span class='ocrx_word' id='word_1_497' title='bbox 1956 1965 1977 2028; x_wconf 84' lang='lat'><em>3</em></span> <span class='ocrx_word' id='word_1_498' title='bbox 2012 1967 2161 2029; x_wconf 82' lang='lat' dir='ltr'><strong>ergo</strong></span> <span class='ocrx_word' id='word_1_499' title='bbox 2184 1967 2303 2013; x_wconf 85' lang='lat' dir='ltr'><strong>nec</strong></span> <span class='ocrx_word' id='word_1_500' title='bbox 2327 1947 2497 2030; x_wconf 85' lang='lat' dir='ltr'><strong>quod</strong></span> <span class='ocrx_word' id='word_1_501' title='bbox 2524 1949 2801 2011; x_wconf 86' lang='lat' dir='ltr'><strong>Christus</strong></span> <span class='ocrx_word' id='word_1_502' title='bbox 2822 1948 3165 2012; x_wconf 87' lang='lat' dir='ltr'><strong>secundum</strong></span> <span class='ocrx_word' id='word_1_503' title='bbox 3192 1948 3366 2010; x_wconf 86' lang='lat' dir='ltr'><strong>illam</strong></span> 
     </span>
     <span class='ocr_line' id='line_1_74' title="bbox 1805 2041 3364 2124; baseline -0.001 -20"><span class='ocrx_word' id='word_1_504' title='bbox 1805 2057 1936 2105; x_wconf 91' lang='lat' dir='ltr'><strong>non</strong></span> <span class='ocrx_word' id='word_1_505' title='bbox 1978 2043 2057 2105; x_wconf 89' lang='lat' dir='ltr'><strong>sit</strong></span> <span class='ocrx_word' id='word_1_506' title='bbox 2097 2043 2447 2124; x_wconf 84' lang='lat' dir='ltr'><strong>adoptatus.</strong></span> <span class='ocrx_word' id='word_1_507' title='bbox 2492 2043 2928 2124; x_wconf 88' lang='lat' dir='ltr'><strong>Respondetur</strong></span> <span class='ocrx_word' id='word_1_508' title='bbox 2967 2041 3049 2104; x_wconf 89' lang='lat' dir='ltr'><strong>ad</strong></span> <span class='ocrx_word' id='word_1_509' title='bbox 3090 2042 3364 2122; x_wconf 86' lang='lat' dir='ltr'><strong>priorem</strong></span> 
     </span>
     <span class='ocr_line' id='line_1_75' title="bbox 1807 2135 3367 2220; baseline 0.001 -22"><span class='ocrx_word' id='word_1_510' title='bbox 1807 2136 2225 2218; x_wconf 87' lang='lat' dir='ltr'><strong>objectionem</strong></span> <span class='ocrx_word' id='word_1_511' title='bbox 2252 2135 2545 2220; x_wconf 86' lang='lat' dir='ltr'><strong>negando</strong></span> <span class='ocrx_word' id='word_1_512' title='bbox 2572 2144 3000 2219; x_wconf 85' lang='lat' dir='ltr'><strong>assumptum;</strong></span> <span class='ocrx_word' id='word_1_513' title='bbox 3030 2136 3111 2199; x_wconf 87' lang='lat' dir='ltr'><strong>ad</strong></span> <span class='ocrx_word' id='word_1_514' title='bbox 3137 2137 3367 2218; x_wconf 87' lang='lat' dir='ltr'><strong>proba-</strong></span> 
     </span>
     <span class='ocr_line' id='line_1_76' title="bbox 1803 2229 3363 2312; baseline -0.001 -19"><span class='ocrx_word' id='word_1_515' title='bbox 1803 2229 2040 2294; x_wconf 82' lang='lat' dir='ltr'><strong>tionem</strong></span> <span class='ocrx_word' id='word_1_516' title='bbox 2068 2230 2261 2312; x_wconf 87' lang='lat' dir='ltr'><strong>(quod</strong></span> <span class='ocrx_word' id='word_1_517' title='bbox 2287 2231 2645 2294; x_wconf 87' lang='lat' dir='ltr'><strong>humanitas</strong></span> <span class='ocrx_word' id='word_1_518' title='bbox 2670 2229 3019 2294; x_wconf 87' lang='lat' dir='ltr'><strong>secundum</strong></span> <span class='ocrx_word' id='word_1_519' title='bbox 3043 2247 3115 2292; x_wconf 85' lang='lat' dir='ltr'><strong>se</strong></span> <span class='ocrx_word' id='word_1_520' title='bbox 3143 2235 3239 2292; x_wconf 89' lang='lat' dir='ltr'><strong>est</strong></span> <span class='ocrx_word' id='word_1_521' title='bbox 3262 2247 3363 2291; x_wconf 83' lang='lat' dir='ltr'><strong>ex-</strong></span> 
     </span>
     <span class='ocr_line' id='line_1_77' title="bbox 1803 2322 3364 2406; baseline -0.002 -20"><span class='ocrx_word' id='word_1_522' title='bbox 1803 2324 2047 2406; x_wconf 88' lang='lat' dir='ltr'><strong>tranea)</strong></span> <span class='ocrx_word' id='word_1_523' title='bbox 2073 2323 2319 2402; x_wconf 89' lang='lat' dir='ltr'><strong>dicitur,</strong></span> <span class='ocrx_word' id='word_1_524' title='bbox 2341 2324 2408 2387; x_wconf 91' lang='lat' dir='ltr'><strong>id</strong></span> <span class='ocrx_word' id='word_1_525' title='bbox 2428 2323 2585 2386; x_wconf 85' lang='lat' dir='ltr'><strong>nihil</strong></span> <span class='ocrx_word' id='word_1_526' title='bbox 2602 2323 2861 2402; x_wconf 85' lang='lat' dir='ltr'><strong>referre,</strong></span> <span class='ocrx_word' id='word_1_527' title='bbox 2887 2322 3033 2405; x_wconf 88' lang='lat' dir='ltr'><strong>quia</strong></span> <span class='ocrx_word' id='word_1_528' title='bbox 3052 2323 3210 2386; x_wconf 83' lang='lat' dir='ltr'><strong>ratio</strong></span> <span class='ocrx_word' id='word_1_529' title='bbox 3236 2339 3364 2384; x_wconf 91' lang='lat' dir='ltr'><strong>non</strong></span> 
     </span>
     <span class='ocr_line' id='line_1_78' title="bbox 1802 2417 3365 2499; baseline -0.001 -20"><span class='ocrx_word' id='word_1_530' title='bbox 1802 2419 2101 2494; x_wconf 88' lang='lat' dir='ltr'><strong>assumit,</strong></span> <span class='ocrx_word' id='word_1_531' title='bbox 2145 2419 2226 2481; x_wconf 90' lang='lat' dir='ltr'><strong>ad</strong></span> <span class='ocrx_word' id='word_1_532' title='bbox 2250 2418 2655 2499; x_wconf 88' lang='lat' dir='ltr'><strong>adoptionem</strong></span> <span class='ocrx_word' id='word_1_533' title='bbox 2678 2417 2917 2499; x_wconf 89' lang='lat' dir='ltr'><strong>requiri</strong></span> <span class='ocrx_word' id='word_1_534' title='bbox 2944 2417 3113 2498; x_wconf 87' lang='lat' dir='ltr'><strong>quod</strong></span> <span class='ocrx_word' id='word_1_535' title='bbox 3141 2423 3365 2479; x_wconf 81' lang='lat' dir='ltr'><strong>natura</strong></span> 
     </span>
     <span class='ocr_line' id='line_1_79' title="bbox 1802 2509 3361 2592; baseline -0.001 -19"><span class='ocrx_word' id='word_1_536' title='bbox 1802 2509 1882 2573; x_wconf 87' lang='lat' dir='ltr'><strong>sit</strong></span> <span class='ocrx_word' id='word_1_537' title='bbox 1911 2515 2233 2589; x_wconf 84' lang='lat' dir='ltr'><strong>extranea,</strong></span> <span class='ocrx_word' id='word_1_538' title='bbox 2268 2511 2384 2573; x_wconf 88' lang='lat' dir='ltr'><strong>sed</strong></span> <span class='ocrx_word' id='word_1_539' title='bbox 2416 2512 2586 2592; x_wconf 89' lang='lat' dir='ltr'><strong>quod</strong></span> <span class='ocrx_word' id='word_1_540' title='bbox 2613 2529 2884 2592; x_wconf 87' lang='lat' dir='ltr'><strong>persona</strong></span> <span class='ocrx_word' id='word_1_541' title='bbox 2910 2511 2991 2578; x_wconf 89' lang='lat' dir='ltr'><strong>sit</strong></span> <span class='ocrx_word' id='word_1_542' title='bbox 3020 2514 3361 2588; x_wconf 84' lang='lat' dir='ltr'><strong>extranea3</strong></span> 
     </span>
     <span class='ocr_line' id='line_1_80' title="bbox 1800 2603 3361 2688; baseline 0.001 -24"><span class='ocrx_word' id='word_1_543' title='bbox 1800 2603 1990 2686; x_wconf 89' lang='lat' dir='ltr'><strong>idque</strong></span> <span class='ocrx_word' id='word_1_544' title='bbox 2013 2605 2283 2685; x_wconf 89' lang='lat' dir='ltr'><strong>probare</strong></span> <span class='ocrx_word' id='word_1_545' title='bbox 2310 2622 2440 2667; x_wconf 92' lang='lat' dir='ltr'><strong>non</strong></span> <span class='ocrx_word' id='word_1_546' title='bbox 2480 2611 2747 2687; x_wconf 89' lang='lat' dir='ltr'><strong>oportet,</strong></span> <span class='ocrx_word' id='word_1_547' title='bbox 2790 2603 2944 2686; x_wconf 87' lang='lat' dir='ltr'><strong>quia</strong></span> <span class='ocrx_word' id='word_1_548' title='bbox 2972 2621 3051 2668; x_wconf 82' lang='lat' dir='ltr'><strong>ex</strong></span> <span class='ocrx_word' id='word_1_549' title='bbox 3074 2604 3213 2688; x_wconf 86' lang='lat' dir='ltr'><strong>ipso</strong></span> <span class='ocrx_word' id='word_1_550' title='bbox 3238 2619 3361 2666; x_wconf 89' lang='lat' dir='ltr'><strong>no-</strong></span> 
     </span>
     <span class='ocr_line' id='line_1_81' title="bbox 1801 2697 3364 2780; baseline 0 -22"><span class='ocrx_word' id='word_1_551' title='bbox 1801 2697 1975 2760; x_wconf 90' lang='lat' dir='ltr'><strong>mine</strong></span> <span class='ocrx_word' id='word_1_552' title='bbox 2008 2697 2364 2780; x_wconf 88' lang='lat' dir='ltr'><strong>adoptionis</strong></span> <span class='ocrx_word' id='word_1_553' title='bbox 2405 2703 2475 2761; x_wconf 86' lang='lat' dir='ltr'><strong>et·</strong></span> <span class='ocrx_word' id='word_1_554' title='bbox 2502 2715 2583 2760; x_wconf 87' lang='lat' dir='ltr'><strong>ex</strong></span> <span class='ocrx_word' id='word_1_555' title='bbox 2608 2697 3071 2761; x_wconf 87' lang='lat' dir='ltr'><strong>conditionibus</strong></span> <span class='ocrx_word' id='word_1_556' title='bbox 3098 2697 3237 2776; x_wconf 84' lang='lat' dir='ltr'><strong>ejus</strong></span> <span class='ocrx_word' id='word_1_557' title='bbox 3264 2713 3364 2758; x_wconf 86' lang='lat' dir='ltr'><strong>su-</strong></span> 
     </span>
     <span class='ocr_line' id='line_1_82' title="bbox 1800 2789 3360 2874; baseline 0 -23"><span class='ocrx_word' id='word_1_558' title='bbox 1800 2807 1917 2874; x_wconf 85' lang='lat' dir='ltr'><strong>pra</strong></span> <span class='ocrx_word' id='word_1_559' title='bbox 1942 2791 2262 2871; x_wconf 79' lang='lat' dir='ltr'><strong>explicatis</strong></span> <span class='ocrx_word' id='word_1_560' title='bbox 2286 2797 2349 2854; x_wconf 93' lang='lat' dir='ltr'><strong>et</strong></span> <span class='ocrx_word' id='word_1_561' title='bbox 2373 2789 2651 2874; x_wconf 85' lang='lat' dir='ltr'><strong>probatis</strong></span> <span class='ocrx_word' id='word_1_562' title='bbox 2680 2790 2744 2852; x_wconf 87' lang='lat' dir='ltr'><strong>in</strong></span> <span class='ocrx_word' id='word_1_563' title='bbox 2768 2790 3243 2853; x_wconf 85' lang='lat' dir='ltr'><strong>Commentariis</strong></span> <span class='ocrx_word' id='word_1_564' title='bbox 3266 2805 3360 2851; x_wconf 84' lang='lat' dir='ltr'><strong>ar-</strong></span> 
     </span>
     <span class='ocr_line' id='line_1_83' title="bbox 1801 2883 3362 2966; baseline -0.002 -19"><span class='ocrx_word' id='word_1_565' title='bbox 1801 2883 2140 2948; x_wconf 84' lang='lat' dir='ltr'><strong>ticulorum</strong></span> <span class='ocrx_word' id='word_1_566' title='bbox 2174 2885 2247 2948; x_wconf 91' lang='lat' dir='ltr'><strong>D.</strong></span> <span class='ocrx_word' id='word_1_567' title='bbox 2281 2885 2563 2963; x_wconf 74' lang='lat' dir='ltr'><strong>Thomas,</strong></span> <span class='ocrx_word' id='word_1_568' title='bbox 2598 2885 2931 2966; x_wconf 70' lang='lat' dir='ltr'><strong>probatum</strong></span> <span class='ocrx_word' id='word_1_569' title='bbox 2970 2901 3045 2948; x_wconf 88' lang='lat' dir='ltr'><strong>ac</strong></span> <span class='ocrx_word' id='word_1_570' title='bbox 3082 2883 3362 2946; x_wconf 87' lang='lat' dir='ltr'><strong>declara-</strong></span> 
     </span>
     <span class='ocr_line' id='line_1_84' title="bbox 1799 2979 3363 3055; baseline -0.001 -13"><span class='ocrx_word' id='word_1_571' title='bbox 1799 2983 1936 3042; x_wconf 86' lang='lat' dir='ltr'><strong>tum</strong></span> <span class='ocrx_word' id='word_1_572' title='bbox 1966 2985 2082 3042; x_wconf 87' lang='lat' dir='ltr'><strong>est.</strong></span> <span class='ocrx_word' id='word_1_573' title='bbox 2118 2979 2529 3055; x_wconf 84' lang='lat' dir='ltr'><strong>Quantumvis</strong></span> <span class='ocrx_word' id='word_1_574' title='bbox 2565 2986 2779 3045; x_wconf 86' lang='lat' dir='ltr'><strong>autem</strong></span> <span class='ocrx_word' id='word_1_575' title='bbox 2807 2985 3035 3042; x_wconf 82' lang='lat' dir='ltr'><strong>natura</strong></span> <span class='ocrx_word' id='word_1_576' title='bbox 3064 2985 3363 3042; x_wconf 83' lang='lat' dir='ltr'><strong>extranea</strong></span> 
     </span>
     <span class='ocr_line' id='line_1_85' title="bbox 1803 3071 3364 3157; baseline -0.001 -21"><span class='ocrx_word' id='word_1_577' title='bbox 1803 3071 1904 3150; x_wconf 88' lang='lat' dir='ltr'><strong>sit,</strong></span> <span class='ocrx_word' id='word_1_578' title='bbox 1927 3091 2057 3136; x_wconf 89' lang='lat' dir='ltr'><strong>non</strong></span> <span class='ocrx_word' id='word_1_579' title='bbox 2076 3072 2285 3138; x_wconf 89' lang='lat' dir='ltr'><strong>reddit</strong></span> <span class='ocrx_word' id='word_1_580' title='bbox 2300 3077 2663 3138; x_wconf 83' lang='lat' dir='ltr'><strong>extraneam</strong></span> <span class='ocrx_word' id='word_1_581' title='bbox 2681 3091 3017 3157; x_wconf 83' lang='lat' dir='ltr'><strong>personam</strong></span> <span class='ocrx_word' id='word_1_582' title='bbox 3036 3089 3364 3136; x_wconf 88' lang='lat' dir='ltr'><strong>assumen-</strong></span> 
     </span>
     <span class='ocr_line' id='line_1_86' title="bbox 1801 3165 3355 3248; baseline -0.001 -20"><span class='ocrx_word' id='word_1_583' title='bbox 1801 3172 1957 3244; x_wconf 87' lang='lat' dir='ltr'><strong>tem,</strong></span> <span class='ocrx_word' id='word_1_584' title='bbox 1971 3166 2142 3248; x_wconf 88' lang='lat' dir='ltr'><strong>quod</strong></span> <span class='ocrx_word' id='word_1_585' title='bbox 2152 3172 2319 3231; x_wconf 87' lang='lat' dir='ltr'><strong>recte</strong></span> <span class='ocrx_word' id='word_1_586' title='bbox 2334 3167 2635 3232; x_wconf 87' lang='lat' dir='ltr'><strong>indicavit</strong></span> <span class='ocrx_word' id='word_1_587' title='bbox 2644 3169 2979 3246; x_wconf 82' lang='lat' dir='ltr'><strong>Adrianus,</strong></span> <span class='ocrx_word' id='word_1_588' title='bbox 2996 3167 3117 3229; x_wconf 91' lang='lat' dir='ltr'><strong>illis</strong></span> <span class='ocrx_word' id='word_1_589' title='bbox 3128 3165 3355 3230; x_wconf 78' lang='lat' dir='ltr'><strong>verbis:</strong></span> 
     </span>
     <span class='ocr_line' id='line_1_87' title="bbox 1808 3260 3363 3345; baseline -0.001 -19"><span class='ocrx_word' id='word_1_590' title='bbox 1808 3260 1999 3336; x_wconf 79' lang='lat' dir='ltr'><strong>Quasi</strong></span> <span class='ocrx_word' id='word_1_591' title='bbox 2015 3261 2249 3325; x_wconf 73' lang='lat' dir='ltr'><strong>alienus</strong></span> <span class='ocrx_word' id='word_1_592' title='bbox 2268 3261 2591 3345; x_wconf 74' lang='lat' dir='ltr'><strong>aliquando</strong></span> <span class='ocrx_word' id='word_1_593' title='bbox 2608 3279 2647 3325; x_wconf 83' lang='lat' dir='ltr'><strong>a</strong></span> <span class='ocrx_word' id='word_1_594' title='bbox 2668 3262 2861 3328; x_wconf 76' lang='lat' dir='ltr'><strong>Patre</strong></span> <span class='ocrx_word' id='word_1_595' title='bbox 2876 3263 3095 3340; x_wconf 72' lang='lat' dir='ltr'><strong>suerit,</strong></span> <span class='ocrx_word' id='word_1_596' title='bbox 3120 3267 3230 3326; x_wconf 72' lang='lat' dir='ltr'><strong>aut</strong></span> <span class='ocrx_word' id='word_1_597' title='bbox 3252 3277 3363 3341; x_wconf 75' lang='lat' dir='ltr'><strong>por</strong></span> 
     </span>
     <span class='ocr_line' id='line_1_88' title="bbox 1805 3355 3357 3433; baseline -0.003 -13"><span class='ocrx_word' id='word_1_598' title='bbox 1805 3357 2038 3429; x_wconf 73' lang='lat' dir='ltr'><strong>earnis,</strong></span> <span class='ocrx_word' id='word_1_599' title='bbox 2065 3359 2389 3420; x_wconf 60' lang='lat' dir='ltr'><strong>extraneus</strong></span> <span class='ocrx_word' id='word_1_600' title='bbox 2412 3355 2485 3418; x_wconf 79' lang='lat' dir='ltr'><strong>ab</strong></span> <span class='ocrx_word' id='word_1_601' title='bbox 2513 3371 2575 3418; x_wconf 75' lang='lat' dir='ltr'><strong>oo</strong></span> <span class='ocrx_word' id='word_1_602' title='bbox 2596 3359 2801 3433; x_wconf 76' lang='lat' dir='ltr'><strong>faetus</strong></span> <span class='ocrx_word' id='word_1_603' title='bbox 2822 3401 2839 3430; x_wconf 91' lang='lat'><strong>,</strong></span> <span class='ocrx_word' id='word_1_604' title='bbox 2870 3355 3357 3433; x_wconf 70' lang='lat' dir='ltr'><strong>assumptionem.</strong></span> 
     </span>
     <span class='ocr_line' id='line_1_89' title="bbox 1803 3445 3363 3530; baseline 0.001 -23"><span class='ocrx_word' id='word_1_605' title='bbox 1803 3446 1967 3522; x_wconf 90' lang='lat' dir='ltr'><strong>Quin</strong></span> <span class='ocrx_word' id='word_1_606' title='bbox 1991 3449 2201 3528; x_wconf 88' lang='lat' dir='ltr'><strong>potius</strong></span> <span class='ocrx_word' id='word_1_607' title='bbox 2236 3465 2351 3530; x_wconf 89' lang='lat' dir='ltr'><strong>per</strong></span> <span class='ocrx_word' id='word_1_608' title='bbox 2378 3448 2872 3528; x_wconf 88' lang='lat' dir='ltr'><strong>assumptionem</strong></span> <span class='ocrx_word' id='word_1_609' title='bbox 2902 3447 3038 3527; x_wconf 90' lang='lat' dir='ltr'><strong>ipsa</strong></span> <span class='ocrx_word' id='word_1_610' title='bbox 3074 3445 3363 3508; x_wconf 84' lang='lat' dir='ltr'><strong>humani-</strong></span> 
     </span>
     <span class='ocr_line' id='line_1_90' title="bbox 1802 3537 3363 3623; baseline -0.001 -19"><span class='ocrx_word' id='word_1_611' title='bbox 1802 3541 1900 3604; x_wconf 79' lang='lat' dir='ltr'><strong>tas</strong></span> <span class='ocrx_word' id='word_1_612' title='bbox 1927 3540 2093 3604; x_wconf 86' lang='lat' dir='ltr'><strong>facta</strong></span> <span class='ocrx_word' id='word_1_613' title='bbox 2121 3546 2219 3603; x_wconf 91' lang='lat' dir='ltr'><strong>est</strong></span> <span class='ocrx_word' id='word_1_614' title='bbox 2243 3539 2708 3622; x_wconf 86' lang='lat' dir='ltr'><strong>quodammodo</strong></span> <span class='ocrx_word' id='word_1_615' title='bbox 2740 3541 3019 3623; x_wconf 86' lang='lat' dir='ltr'><strong>propria,</strong></span> <span class='ocrx_word' id='word_1_616' title='bbox 3050 3545 3115 3602; x_wconf 90' lang='lat' dir='ltr'><strong>et</strong></span> <span class='ocrx_word' id='word_1_617' title='bbox 3144 3537 3363 3602; x_wconf 83' lang='lat' dir='ltr'><strong>filiatio</strong></span> 
     </span>
     <span class='ocr_line' id='line_1_91' title="bbox 1804 3633 3362 3699; baseline 0.001 -3"><span class='ocrx_word' id='word_1_618' title='bbox 1804 3633 2107 3698; x_wconf 84' lang='lat' dir='ltr'><strong>naturalis</strong></span> <span class='ocrx_word' id='word_1_619' title='bbox 2140 3636 2229 3699; x_wconf 88' lang='lat' dir='ltr'><strong>ita</strong></span> <span class='ocrx_word' id='word_1_620' title='bbox 2260 3641 2357 3699; x_wconf 83' lang='lat' dir='ltr'><strong>est</strong></span> <span class='ocrx_word' id='word_1_621' title='bbox 2394 3635 2483 3698; x_wconf 87' lang='lat' dir='ltr'><strong>illi</strong></span> <span class='ocrx_word' id='word_1_622' title='bbox 2532 3635 2749 3697; x_wconf 89' lang='lat' dir='ltr'><strong>intime</strong></span> <span class='ocrx_word' id='word_1_623' title='bbox 2778 3639 2841 3698; x_wconf 90' lang='lat' dir='ltr'><strong>et</strong></span> <span class='ocrx_word' id='word_1_624' title='bbox 2868 3634 3362 3698; x_wconf 81' lang='lat' dir='ltr'><strong>substantialiter</strong></span> 
     </span>
     <span class='ocr_line' id='line_1_92' title="bbox 1801 3726 3363 3812; baseline -0.003 -20"><span class='ocrx_word' id='word_1_625' title='bbox 1801 3727 2141 3809; x_wconf 82' lang='lat' dir='ltr'><strong>conjuncta</strong></span> <span class='ocrx_word' id='word_1_626' title='bbox 2156 3774 2181 3807; x_wconf 87' lang='lat'><strong>,</strong></span> <span class='ocrx_word' id='word_1_627' title='bbox 2218 3733 2291 3792; x_wconf 88' lang='lat' dir='ltr'><strong>ut</strong></span> <span class='ocrx_word' id='word_1_628' title='bbox 2316 3729 2662 3812; x_wconf 88' lang='lat' dir='ltr'><strong>composita</strong></span> <span class='ocrx_word' id='word_1_629' title='bbox 2688 3745 2962 3812; x_wconf 88' lang='lat' dir='ltr'><strong>persona</strong></span> <span class='ocrx_word' id='word_1_630' title='bbox 2988 3727 3137 3790; x_wconf 88' lang='lat' dir='ltr'><strong>inde</strong></span> <span class='ocrx_word' id='word_1_631' title='bbox 3160 3726 3363 3790; x_wconf 84' lang='lat' dir='ltr'><strong>resul-</strong></span> 
     </span>
     <span class='ocr_line' id='line_1_93' title="bbox 1799 3821 3361 3904; baseline 0.001 -21"><span class='ocrx_word' id='word_1_632' title='bbox 1799 3824 1942 3884; x_wconf 83' lang='lat' dir='ltr'><strong>tans</strong></span> <span class='ocrx_word' id='word_1_633' title='bbox 1960 3867 1982 3899; x_wconf 95' lang='lat'><strong>,</strong></span> <span class='ocrx_word' id='word_1_634' title='bbox 2024 3823 2215 3885; x_wconf 86' lang='lat' dir='ltr'><strong>etiam</strong></span> <span class='ocrx_word' id='word_1_635' title='bbox 2240 3827 2316 3884; x_wconf 89' lang='grc' dir='ltr'><strong>ιιι</strong></span> <span class='ocrx_word' id='word_1_636' title='bbox 2338 3822 2475 3886; x_wconf 84' lang='lat' dir='ltr'><strong>talis</strong></span> <span class='ocrx_word' id='word_1_637' title='bbox 2504 3829 2600 3886; x_wconf 85' lang='lat' dir='ltr'><strong>est</strong></span> <span class='ocrx_word' id='word_1_638' title='bbox 2613 3868 2635 3901; x_wconf 94' lang='lat'><strong>,</strong></span> <span class='ocrx_word' id='word_1_639' title='bbox 2685 3841 2813 3886; x_wconf 90' lang='lat' dir='ltr'><strong>non</strong></span> <span class='ocrx_word' id='word_1_640' title='bbox 2844 3821 3041 3904; x_wconf 88' lang='lat' dir='ltr'><strong>possit</strong></span> <span class='ocrx_word' id='word_1_641' title='bbox 3066 3827 3361 3884; x_wconf 81' lang='lat' dir='ltr'><strong>extranea</strong></span> 
     </span>
     <span class='ocr_line' id='line_1_94' title="bbox 1800 3913 3361 3998; baseline -0.002 -20"><span class='ocrx_word' id='word_1_642' title='bbox 1800 3914 2047 3978; x_wconf 87' lang='lat' dir='ltr'><strong>censeri</strong></span> <span class='ocrx_word' id='word_1_643' title='bbox 2070 3937 2088 3994; x_wconf 83' lang='lat'><em>3</em></span> <span class='ocrx_word' id='word_1_644' title='bbox 2119 3915 2249 3978; x_wconf 90' lang='lat' dir='ltr'><strong>imo</strong></span> <span class='ocrx_word' id='word_1_645' title='bbox 2278 3915 2385 3978; x_wconf 89' lang='lat' dir='ltr'><strong>illa</strong></span> <span class='ocrx_word' id='word_1_646' title='bbox 2414 3920 2484 3979; x_wconf 90' lang='lat' dir='ltr'><strong>ut</strong></span> <span class='ocrx_word' id='word_1_647' title='bbox 2510 3917 2601 3979; x_wconf 86' lang='lat' dir='ltr'><strong>sic</strong></span> <span class='ocrx_word' id='word_1_648' title='bbox 2629 3935 2708 3980; x_wconf 86' lang='lat' dir='ltr'><strong>ex</strong></span> <span class='ocrx_word' id='word_1_649' title='bbox 2730 3916 3026 3998; x_wconf 73' lang='lat' dir='ltr'><strong>propriiS,</strong></span> <span class='ocrx_word' id='word_1_650' title='bbox 3072 3922 3137 3978; x_wconf 89' lang='lat' dir='ltr'><strong>et</strong></span> <span class='ocrx_word' id='word_1_651' title='bbox 3160 3914 3243 3977; x_wconf 86' lang='lat' dir='ltr'><strong>ab</strong></span> <span class='ocrx_word' id='word_1_652' title='bbox 3268 3913 3361 3976; x_wconf 87' lang='lat' dir='ltr'><strong>in·</strong></span> 
     </span>
     <span class='ocr_line' id='line_1_95' title="bbox 1796 4007 3359 4090; baseline -0.002 -18"><span class='ocrx_word' id='word_1_653' title='bbox 1796 4009 2068 4072; x_wconf 87' lang='lat' dir='ltr'><strong>trinseco</strong></span> <span class='ocrx_word' id='word_1_654' title='bbox 2103 4009 2210 4090; x_wconf 78' lang='lat' dir='ltr'><strong>jus</strong></span> <span class='ocrx_word' id='word_1_655' title='bbox 2250 4008 2482 4072; x_wconf 85' lang='lat' dir='ltr'><strong>habeat</strong></span> <span class='ocrx_word' id='word_1_656' title='bbox 2507 4009 2591 4072; x_wconf 88' lang='lat' dir='ltr'><strong>ad</strong></span> <span class='ocrx_word' id='word_1_657' title='bbox 2625 4009 2905 4072; x_wconf 86' lang='lat' dir='ltr'><strong>divinam</strong></span> <span class='ocrx_word' id='word_1_658' title='bbox 2928 4007 3359 4072; x_wconf 64' lang='lat' dir='ltr'><strong>haereditatem</strong></span> 
     </span>
     <span class='ocr_line' id='line_1_96' title="bbox 1797 4100 3357 4186; baseline -0.003 -21"><span class='ocrx_word' id='word_1_659' title='bbox 1797 4105 1992 4166; x_wconf 89' lang='lat' dir='ltr'><strong>etiam</strong></span> <span class='ocrx_word' id='word_1_660' title='bbox 2016 4105 2083 4166; x_wconf 93' lang='lat' dir='ltr'><strong>in</strong></span> <span class='ocrx_word' id='word_1_661' title='bbox 2110 4111 2431 4186; x_wconf 86' lang='lat' dir='ltr'><strong>assumpta</strong></span> <span class='ocrx_word' id='word_1_662' title='bbox 2460 4109 2709 4182; x_wconf 86' lang='lat' dir='ltr'><strong>natura,</strong></span> <span class='ocrx_word' id='word_1_663' title='bbox 2738 4122 2871 4166; x_wconf 88' lang='lat' dir='ltr'><strong>non</strong></span> <span class='ocrx_word' id='word_1_664' title='bbox 2896 4103 3141 4166; x_wconf 84' lang='lat' dir='ltr'><strong>ratione</strong></span> <span class='ocrx_word' id='word_1_665' title='bbox 3168 4100 3357 4176; x_wconf 79' lang='lat' dir='ltr'><strong>illius,</strong></span> 
     </span>
     <span class='ocr_line' id='line_1_97' title="bbox 1797 4195 3362 4278; baseline -0.001 -20"><span class='ocrx_word' id='word_1_666' title='bbox 1797 4195 1912 4261; x_wconf 89' lang='lat' dir='ltr'><strong>sed</strong></span> <span class='ocrx_word' id='word_1_667' title='bbox 1939 4197 2185 4260; x_wconf 90' lang='lat' dir='ltr'><strong>ratione</strong></span> <span class='ocrx_word' id='word_1_668' title='bbox 2227 4214 2515 4278; x_wconf 78' lang='lat' dir='ltr'><strong>personae</strong></span> <span class='ocrx_word' id='word_1_669' title='bbox 2550 4198 2649 4260; x_wconf 87' lang='lat' dir='ltr'><strong>cui</strong></span> <span class='ocrx_word' id='word_1_670' title='bbox 2682 4197 2938 4273; x_wconf 79' lang='lat' dir='ltr'><strong>nnitur3</strong></span> <span class='ocrx_word' id='word_1_671' title='bbox 2964 4213 3117 4278; x_wconf 85' lang='lat' dir='ltr'><strong>ergo</strong></span> <span class='ocrx_word' id='word_1_672' title='bbox 3154 4211 3233 4259; x_wconf 84' lang='lat' dir='ltr'><strong>ex</strong></span> <span class='ocrx_word' id='word_1_673' title='bbox 3256 4211 3362 4258; x_wconf 82' lang='lat' dir='ltr'><strong>ea·</strong></span> 
     </span>
     <span class='ocr_line' id='line_1_98' title="bbox 1795 4289 3361 4373; baseline -0.002 -19"><span class='ocrx_word' id='word_1_674' title='bbox 1795 4291 1944 4355; x_wconf 90' lang='lat' dir='ltr'><strong>dem</strong></span> <span class='ocrx_word' id='word_1_675' title='bbox 1966 4290 2177 4354; x_wconf 88' lang='lat' dir='ltr'><strong>radice</strong></span> <span class='ocrx_word' id='word_1_676' title='bbox 2196 4292 2487 4372; x_wconf 81' lang='lat' dir='ltr'><strong>provenit</strong></span> <span class='ocrx_word' id='word_1_677' title='bbox 2512 4291 2685 4373; x_wconf 90' lang='lat' dir='ltr'><strong>quod</strong></span> <span class='ocrx_word' id='word_1_678' title='bbox 2706 4292 2809 4355; x_wconf 87' lang='lat' dir='ltr'><strong>hic</strong></span> <span class='ocrx_word' id='word_1_679' title='bbox 2828 4291 3047 4368; x_wconf 84' lang='lat' dir='ltr'><strong>home,</strong></span> <span class='ocrx_word' id='word_1_680' title='bbox 3074 4289 3266 4355; x_wconf 85' lang='lat' dir='ltr'><strong>etiam</strong></span> <span class='ocrx_word' id='word_1_681' title='bbox 3287 4294 3361 4352; x_wconf 87' lang='lat' dir='ltr'><strong>ut</strong></span> 
     </span>
     <span class='ocr_line' id='line_1_99' title="bbox 1793 4383 3361 4466; baseline -0.001 -20"><span class='ocrx_word' id='word_1_682' title='bbox 1793 4383 2011 4460; x_wconf 90' lang='lat' dir='ltr'><strong>homo,</strong></span> <span class='ocrx_word' id='word_1_683' title='bbox 2036 4401 2166 4446; x_wconf 91' lang='lat' dir='ltr'><strong>non</strong></span> <span class='ocrx_word' id='word_1_684' title='bbox 2192 4385 2392 4466; x_wconf 88' lang='lat' dir='ltr'><strong>possit</strong></span> <span class='ocrx_word' id='word_1_685' title='bbox 2410 4383 2581 4448; x_wconf 87' lang='lat' dir='ltr'><strong>filius</strong></span> <span class='ocrx_word' id='word_1_686' title='bbox 2610 4403 2749 4448; x_wconf 90' lang='lat' dir='ltr'><strong>esse</strong></span> <span class='ocrx_word' id='word_1_687' title='bbox 2776 4383 3130 4465; x_wconf 82' lang='lat' dir='ltr'><strong>adoptivus,</strong></span> <span class='ocrx_word' id='word_1_688' title='bbox 3162 4399 3361 4466; x_wconf 80' lang='lat' dir='ltr'><strong>quan-</strong></span> 
     </span>
     <span class='ocr_line' id='line_1_100' title="bbox 1793 4475 3361 4559; baseline -0.001 -19"><span class='ocrx_word' id='word_1_689' title='bbox 1793 4477 2021 4541; x_wconf 83' lang='lat' dir='ltr'><strong>tumvis</strong></span> <span class='ocrx_word' id='word_1_690' title='bbox 2060 4485 2383 4559; x_wconf 87' lang='lat' dir='ltr'><strong>assumpta</strong></span> <span class='ocrx_word' id='word_1_691' title='bbox 2408 4486 2637 4542; x_wconf 90' lang='lat' dir='ltr'><strong>natura</strong></span> <span class='ocrx_word' id='word_1_692' title='bbox 2674 4477 3025 4542; x_wconf 87' lang='lat' dir='ltr'><strong>seeundum</strong></span> <span class='ocrx_word' id='word_1_693' title='bbox 3060 4493 3131 4541; x_wconf 87' lang='lat' dir='ltr'><strong>se</strong></span> <span class='ocrx_word' id='word_1_694' title='bbox 3161 4475 3361 4540; x_wconf 88' lang='lat' dir='ltr'><strong>consi·</strong></span> 
     </span>
     <span class='ocr_line' id='line_1_101' title="bbox 1795 4572 3360 4654; baseline -0.003 -16"><span class='ocrx_word' id='word_1_695' title='bbox 1795 4573 2012 4638; x_wconf 85' lang='lat' dir='ltr'><strong>derata</strong></span> <span class='ocrx_word' id='word_1_696' title='bbox 2055 4579 2355 4636; x_wconf 89' lang='lat' dir='ltr'><strong>extranea</strong></span> <span class='ocrx_word' id='word_1_697' title='bbox 2390 4591 2527 4636; x_wconf 87' lang='lat' dir='ltr'><strong>esse</strong></span> <span class='ocrx_word' id='word_1_698' title='bbox 2566 4573 2872 4638; x_wconf 85' lang='lat' dir='ltr'><strong>videatur.</strong></span> <span class='ocrx_word' id='word_1_699' title='bbox 2920 4572 3019 4638; x_wconf 81' lang='lat' dir='ltr'><strong>Ad</strong></span> <span class='ocrx_word' id='word_1_700' title='bbox 3053 4573 3360 4654; x_wconf 85' lang='lat' dir='ltr'><strong>posterio-</strong></span> 
     </span>
     <span class='ocr_line' id='line_1_102' title="bbox 1795 4665 3361 4750; baseline -0.001 -20"><span class='ocrx_word' id='word_1_701' title='bbox 1795 4683 1932 4730; x_wconf 87' lang='lat' dir='ltr'><strong>rem</strong></span> <span class='ocrx_word' id='word_1_702' title='bbox 1960 4665 2405 4748; x_wconf 88' lang='lat' dir='ltr'><strong>objectionem,</strong></span> <span class='ocrx_word' id='word_1_703' title='bbox 2437 4666 2743 4750; x_wconf 89' lang='lat' dir='ltr'><strong>quidquid</strong></span> <span class='ocrx_word' id='word_1_704' title='bbox 2770 4667 2850 4731; x_wconf 86' lang='lat' dir='ltr'><strong>sit</strong></span> <span class='ocrx_word' id='word_1_705' title='bbox 2875 4666 2954 4730; x_wconf 90' lang='lat' dir='ltr'><strong>de</strong></span> <span class='ocrx_word' id='word_1_706' title='bbox 2983 4665 3361 4730; x_wconf 84' lang='lat' dir='ltr'><strong>anteceden-</strong></span> 
     </span>
     <span class='ocr_line' id='line_1_103' title="bbox 1795 4760 3362 4844; baseline -0.003 -20"><span class='ocrx_word' id='word_1_707' title='bbox 1795 4766 1885 4838; x_wconf 88' lang='lat' dir='ltr'><strong>te,</strong></span> <span class='ocrx_word' id='word_1_708' title='bbox 1936 4760 2017 4823; x_wconf 89' lang='lat' dir='ltr'><strong>de</strong></span> <span class='ocrx_word' id='word_1_709' title='bbox 2053 4778 2180 4842; x_wconf 92' lang='lat' dir='ltr'><strong>quo</strong></span> <span class='ocrx_word' id='word_1_710' title='bbox 2222 4763 2434 4824; x_wconf 85' lang='lat' dir='ltr'><strong>statim</strong></span> <span class='ocrx_word' id='word_1_711' title='bbox 2473 4761 2680 4827; x_wconf 88' lang='lat' dir='ltr'><strong>dicam</strong></span> <span class='ocrx_word' id='word_1_712' title='bbox 2699 4807 2721 4840; x_wconf 93' lang='lat'>‚</span> <span class='ocrx_word' id='word_1_713' title='bbox 2764 4779 2931 4844; x_wconf 82' lang='lat' dir='ltr'><strong>nego</strong></span> <span class='ocrx_word' id='word_1_714' title='bbox 2973 4776 3362 4840; x_wconf 88' lang='lat' dir='ltr'><strong>consequen-</strong></span> 
     </span>
     <span class='ocr_line' id='line_1_104' title="bbox 1797 4853 3359 4936; baseline -0.001 -19"><span class='ocrx_word' id='word_1_715' title='bbox 1797 4855 1976 4931; x_wconf 89' lang='lat' dir='ltr'><strong>tiam,</strong></span> <span class='ocrx_word' id='word_1_716' title='bbox 2018 4855 2170 4936; x_wconf 85' lang='lat' dir='ltr'><strong>quia</strong></span> <span class='ocrx_word' id='word_1_717' title='bbox 2198 4853 2497 4932; x_wconf 78' lang='lat' dir='ltr'><strong>ChristuS,</strong></span> <span class='ocrx_word' id='word_1_718' title='bbox 2524 4862 2591 4919; x_wconf 91' lang='lat' dir='ltr'><strong>ut</strong></span> <span class='ocrx_word' id='word_1_719' title='bbox 2624 4856 2843 4933; x_wconf 90' lang='lat' dir='ltr'><strong>homo,</strong></span> <span class='ocrx_word' id='word_1_720' title='bbox 2888 4861 2949 4920; x_wconf 90' lang='lat' dir='ltr'><strong>et</strong></span> <span class='ocrx_word' id='word_1_721' title='bbox 2975 4854 3359 4931; x_wconf 86' lang='lat' dir='ltr'><strong>humanitas,</strong></span> 
     </span>
     <span class='ocr_line' id='line_1_105' title="bbox 1793 4949 3356 5034; baseline -0.001 -24"><span class='ocrx_word' id='word_1_722' title='bbox 1793 4965 1938 5034; x_wconf 27' lang='lat' dir='ltr'><strong>non‘</strong></span> <span class='ocrx_word' id='word_1_723' title='bbox 1968 4955 2116 5011; x_wconf 88' lang='lat' dir='ltr'><strong>sunt</strong></span> <span class='ocrx_word' id='word_1_724' title='bbox 2160 4949 2416 5012; x_wconf 89' lang='lat' dir='ltr'><strong>omnino</strong></span> <span class='ocrx_word' id='word_1_725' title='bbox 2457 4950 2650 5026; x_wconf 88' lang='lat' dir='ltr'><strong>idem,</strong></span> <span class='ocrx_word' id='word_1_726' title='bbox 2698 4957 2767 5012; x_wconf 88' lang='lat' dir='ltr'><strong>ut</strong></span> <span class='ocrx_word' id='word_1_727' title='bbox 2812 4965 2930 5030; x_wconf 88' lang='lat' dir='ltr'><strong>per</strong></span> <span class='ocrx_word' id='word_1_728' title='bbox 2972 4965 3042 5012; x_wconf 87' lang='lat' dir='ltr'><strong>se</strong></span> <span class='ocrx_word' id='word_1_729' title='bbox 3087 4949 3356 5022; x_wconf 86' lang='lat' dir='ltr'><strong>constat,</strong></span> 
     </span>
     <span class='ocr_line' id='line_1_106' title="bbox 1795 5042 3361 5124; baseline -0.001 -20"><span class='ocrx_word' id='word_1_730' title='bbox 1795 5045 1946 5124; x_wconf 83' lang='lat' dir='ltr'><strong>quia</strong></span> <span class='ocrx_word' id='word_1_731' title='bbox 1990 5043 2291 5121; x_wconf 85' lang='lat' dir='ltr'><strong>Christus,</strong></span> <span class='ocrx_word' id='word_1_732' title='bbox 2335 5045 2551 5108; x_wconf 89' lang='lat' dir='ltr'><strong>addita</strong></span> <span class='ocrx_word' id='word_1_733' title='bbox 2598 5047 2789 5108; x_wconf 83' lang='lat' dir='ltr'><strong>etiam</strong></span> <span class='ocrx_word' id='word_1_734' title='bbox 2831 5043 2941 5106; x_wconf 90' lang='lat' dir='ltr'><strong>illa</strong></span> <span class='ocrx_word' id='word_1_735' title='bbox 2980 5042 3361 5110; x_wconf 84' lang='lat' dir='ltr'><strong>determina·</strong></span> 
     </span>
     <span class='ocr_line' id='line_1_107' title="bbox 1794 5133 3361 5220; baseline -0.004 -19"><span class='ocrx_word' id='word_1_736' title='bbox 1794 5139 1988 5212; x_wconf 89' lang='lat' dir='ltr'><strong>tione,</strong></span> <span class='ocrx_word' id='word_1_737' title='bbox 2028 5137 2290 5202; x_wconf 88' lang='lat' dir='ltr'><strong>includit</strong></span> <span class='ocrx_word' id='word_1_738' title='bbox 2321 5138 2716 5220; x_wconf 87' lang='lat' dir='ltr'><strong>suppositum</strong></span> <span class='ocrx_word' id='word_1_739' title='bbox 2742 5137 2914 5218; x_wconf 89' lang='lat' dir='ltr'><strong>quod</strong></span> <span class='ocrx_word' id='word_1_740' title='bbox 2942 5155 3073 5202; x_wconf 92' lang='lat' dir='ltr'><strong>non</strong></span> <span class='ocrx_word' id='word_1_741' title='bbox 3097 5133 3361 5199; x_wconf 87' lang='lat' dir='ltr'><strong>includit</strong></span> 
     </span>
     <span class='ocr_line' id='line_1_108' title="bbox 1794 5228 3361 5313; baseline -0.004 -19"><span class='ocrx_word' id='word_1_742' title='bbox 1794 5232 2200 5311; x_wconf 83' lang='lat' dir='ltr'><strong>humanitas3</strong></span> <span class='ocrx_word' id='word_1_743' title='bbox 2242 5231 2414 5296; x_wconf 90' lang='lat' dir='ltr'><strong>unde</strong></span> <span class='ocrx_word' id='word_1_744' title='bbox 2455 5233 2560 5295; x_wconf 90' lang='lat' dir='ltr'><strong>ille</strong></span> <span class='ocrx_word' id='word_1_745' title='bbox 2604 5229 2727 5295; x_wconf 88' lang='lat' dir='ltr'><strong>dici</strong></span> <span class='ocrx_word' id='word_1_746' title='bbox 2766 5237 2973 5313; x_wconf 88' lang='lat' dir='ltr'><strong>potest</strong></span> <span class='ocrx_word' id='word_1_747' title='bbox 3010 5228 3200 5303; x_wconf 87' lang='lat' dir='ltr'><strong>filius,</strong></span> <span class='ocrx_word' id='word_1_748' title='bbox 3227 5243 3361 5288; x_wconf 88' lang='lat' dir='ltr'><strong>non</strong></span> 
     </span>
     <span class='ocr_line' id='line_1_109' title="bbox 1796 5322 3362 5404; baseline -0.005 -14"><span class='ocrx_word' id='word_1_749' title='bbox 1796 5331 2013 5404; x_wconf 80' lang='lat' dir='ltr'><strong>autem</strong></span> <span class='ocrx_word' id='word_1_750' title='bbox 2054 5326 2457 5400; x_wconf 76' lang='lat' dir='ltr'><strong>humanitas3</strong></span> <span class='ocrx_word' id='word_1_751' title='bbox 2501 5344 2671 5389; x_wconf 90' lang='lat' dir='ltr'><strong>nuuc</strong></span> <span class='ocrx_word' id='word_1_752' title='bbox 2710 5343 2860 5389; x_wconf 83' lang='lat' dir='ltr'><strong>vero</strong></span> <span class='ocrx_word' id='word_1_753' title='bbox 2904 5343 3033 5386; x_wconf 88' lang='lat' dir='ltr'><strong>non</strong></span> <span class='ocrx_word' id='word_1_754' title='bbox 3078 5322 3362 5403; x_wconf 87' lang='lat' dir='ltr'><strong>disputa-</strong></span> 
     </span>
     <span class='ocr_line' id='line_1_110' title="bbox 1795 5414 3363 5502; baseline -0.003 -20"><span class='ocrx_word' id='word_1_755' title='bbox 1795 5439 1938 5482; x_wconf 87' lang='lat' dir='ltr'><strong>mus</strong></span> <span class='ocrx_word' id='word_1_756' title='bbox 1967 5420 2047 5482; x_wconf 91' lang='lat' dir='ltr'><strong>de</strong></span> <span class='ocrx_word' id='word_1_757' title='bbox 2076 5421 2489 5494; x_wconf 80' lang='lat' dir='ltr'><strong>humanitate,</strong></span> <span class='ocrx_word' id='word_1_758' title='bbox 2524 5419 2603 5482; x_wconf 91' lang='lat' dir='ltr'><strong>de</strong></span> <span class='ocrx_word' id='word_1_759' title='bbox 2623 5435 2747 5502; x_wconf 86' lang='lat' dir='ltr'><strong>qua</strong></span> <span class='ocrx_word' id='word_1_760' title='bbox 2773 5416 2983 5480; x_wconf 88' lang='lat' dir='ltr'><strong>statim</strong></span> <span class='ocrx_word' id='word_1_761' title='bbox 3008 5414 3233 5480; x_wconf 86' lang='lat' dir='ltr'><strong>dicturi</strong></span> <span class='ocrx_word' id='word_1_762' title='bbox 3259 5433 3363 5476; x_wconf 88' lang='lat' dir='ltr'><strong>su-</strong></span> 
     </span>
     <span class='ocr_line' id='line_1_111' title="bbox 1795 5505 3361 5590; baseline -0.001 -14"><span class='ocrx_word' id='word_1_763' title='bbox 1795 5529 1940 5576; x_wconf 84' lang='lat' dir='ltr'><strong>mus</strong></span> <span class='ocrx_word' id='word_1_764' title='bbox 1972 5561 1985 5586; x_wconf 86' lang='lat'><strong>,</strong></span> <span class='ocrx_word' id='word_1_765' title='bbox 2028 5511 2143 5576; x_wconf 87' lang='lat' dir='ltr'><strong>sed</strong></span> <span class='ocrx_word' id='word_1_766' title='bbox 2176 5514 2256 5577; x_wconf 87' lang='lat' dir='ltr'><strong>de</strong></span> <span class='ocrx_word' id='word_1_767' title='bbox 2295 5511 2538 5576; x_wconf 86' lang='lat' dir='ltr'><strong>Christo</strong></span> <span class='ocrx_word' id='word_1_768' title='bbox 2566 5519 2637 5575; x_wconf 91' lang='lat' dir='ltr'><strong>ut</strong></span> <span class='ocrx_word' id='word_1_769' title='bbox 2663 5512 2917 5574; x_wconf 87' lang='lat' dir='ltr'><strong>homine</strong></span> <span class='ocrx_word' id='word_1_770' title='bbox 2944 5525 2965 5590; x_wconf 81' lang='lat'>3</span> <span class='ocrx_word' id='word_1_771' title='bbox 3015 5517 3077 5574; x_wconf 89' lang='lat' dir='ltr'><strong>et</strong></span> <span class='ocrx_word' id='word_1_772' title='bbox 3102 5505 3249 5572; x_wconf 85' lang='lat' dir='ltr'><strong>ideo</strong></span> <span class='ocrx_word' id='word_1_773' title='bbox 3272 5508 3361 5574; x_wconf 86' lang='lat' dir='ltr'><strong>nil</strong></span> 
     </span>
    </p>
   </div>
  </div>
 </body>
</html>
