3892 6167
543 390 765 548 ἑέειῐιιι·
782 483 1125 563 objectum,
1148 484 1453 559 quantum
1476 478 1717 543 visibile
1742 486 1869 555 est3
1892 480 1960 543 id
1981 486 2098 557 est,

542 585 673 641 tem
702 576 979 658 perfecte
1007 574 1219 649 modo,
1252 579 1559 652 quantum
1595 579 1821 637 nature
1850 592 1968 635 sua
2009 580 2104 637 est

542 678 763 753 aptum
788 667 1105 747 cognosci.
1136 668 1211 731 Et
1254 667 1544 729 eamdem
1602 667 1952 731 doctrinam
2007 685 2103 729 re-

540 766 699 846 petit
726 766 801 827 D.
833 764 1129 837 Thomas,
1158 760 1267 823 lib.
1300 763 1341 823 3
1366 766 1533 823 cont.
1558 760 1771 836 Gent.,
1801 780 1856 824 c.
1892 763 1994 836 55,
2039 766 2102 823 et

542 876 607 939 q.
644 859 685 921 8
710 856 793 919 de
817 856 1041 931 verit„
1080 860 1201 917 art.
1232 858 1293 929 2,
1339 856 1405 917 in
1440 874 1639 935 corp.,
1672 862 1733 918 et
1770 856 1851 917 ad
1878 858 1917 919 2
1949 861 2012 919 et
2035 857 2096 931 6,

540 952 773 1032 quibus
806 950 961 1013 locis
987 949 1183 1011 utitur
1224 949 1511 1029 exemplo
1562 949 1939 1028 cognitionis
1988 967 2102 1029 per

542 1047 931 1129 opinionem,
958 1062 1149 1125 quam
1188 1044 1339 1107 dicit
1364 1062 1493 1105 non
1524 1062 1661 1106 esse
1687 1044 2097 1124 eomprehen-

538 1142 809 1215 sionem,
838 1139 1227 1203 etiamsinon
1242 1140 1566 1219 ignoretur
1594 1138 1911 1217 aliquidin
1930 1138 2098 1217 prin·

538 1235 727 1315 cipio,
748 1235 849 1295 vel
876 1232 1305 1310 conclusione,
1336 1232 1539 1293 solum
1594 1232 1745 1310 quia
1794 1232 1859 1293 in
1906 1232 2098 1295 modo

538 1327 915 1409 cognitionis
944 1331 1041 1389 est
1092 1324 1476 1405 imperfecta.
1526 1324 1717 1387 Citari
1751 1330 1960 1405 potest
1985 1343 2098 1405 pro

538 1424 659 1484 hac
688 1420 999 1483 sententie.
1024 1418 1333 1492 Durand.,
1372 1418 1441 1479 in
1474 1421 1535 1493 1,
1570 1417 1635 1481 d.
1665 1420 1769 1493 35,
1821 1437 1885 1499 q.
1938 1423 1994 1492 1,
2029 1436 2097 1479 n.

541 1518 641 1591 10,
669 1515 775 1576 ubi
806 1514 915 1587 ait,
946 1529 1327 1593 cognoscere
1374 1528 1507 1573 rem
1554 1511 2097 1591 comprehensive,

534 1628 679 1672 esse
708 1624 1091 1689 cognoscere
1118 1606 1293 1667 illem
1342 1604 1517 1667 omni
1566 1604 1757 1669 modo
1812 1622 1941 1685 quo
1996 1622 2100 1666 co·

536 1703 758 1783 gnossi
791 1705 1019 1780 potest.
1050 1700 1127 1761 Et
1154 1699 1217 1759 in
1244 1701 1305 1772 3,
1334 1698 1524 1771 (1.14,
1567 1714 1631 1777 q.
1662 1702 1727 1775 2,
1758 1716 1823 1759 n.
1878 1700 1941 1773 6,
1987 1698 2094 1775 ait,

540 1798 687 1859 licet
712 1801 1005 1858 creatura
1033 1793 1243 1855 videat
1261 1793 1327 1853 in
1362 1793 1490 1854 Deo
1518 1792 1751 1867 omnia,
1801 1810 1929 1855 non
1959 1810 2098 1855 esse

538 1896 753 1953 tamen
815 1889 985 1949 illem
1066 1885 1583 1965 perfectissimam
1644 1885 2094 1965 cognitionem.

537 1983 717 2047 Unde
768 1980 1077 2061 significat
1129 1994 1257 2043 non
1315 1978 1451 2041 fore
1488 1980 2094 2059 comprehensivam.

537 2077 709 2139 idem
740 2075 971 2137 clarius
1010 2072 1163 2135 dicit
1188 2072 1275 2135 ibi
1300 2074 1547 2148 Scotus,
1580 2089 1643 2150 q.
1678 2074 1741 2149 2,
1796 2071 1835 2152 ς
1885 2074 2098 2135 Potest

534 2170 683 2245 dici,
718 2168 840 2249 et§
865 2167 962 2229 Ad
989 2170 1027 2229 2
1060 2184 1123 2245 q.
1156 2166 1233 2227 Et
1258 2166 1421 2227 hanc
1448 2166 1829 2229 sententiam
1874 2184 2097 2229 neces-

534 2264 701 2325 sario
754 2260 935 2341 sequi
980 2260 1217 2323 debent
1276 2276 1501 2323 omnes
1558 2259 1667 2336 qui
1736 2258 2095 2321 existiment

533 2374 721 2437 posse
748 2360 1103 2418 creaturam
1130 2352 1343 2415 videre
1390 2353 1457 2413 in
1501 2353 1629 2413 Deo
1680 2352 1917 2428 omnia,
1961 2370 2091 2417 non

534 2450 739 2512 solum
756 2449 993 2523 futura,
1026 2446 1140 2509 sed
1160 2445 1355 2507 etiem
1379 2444 1727 2525 possibilis,
1760 2451 1825 2507 et
1876 2452 2090 2507 tamen

532 2563 660 2605 non
719 2539 1255 2620 comprehendere
1307 2538 1539 2618 ipsum.
1589 2538 1741 2617 Ejus
1768 2538 1941 2601 modi
1995 2544 2094 2601 est

536 2637 817 2711 Aut-eol„
846 2634 1014 2715 apud
1034 2630 1349 2713 Capreol.,
1368 2633 1434 2708 4,
1464 2630 1527 2691 d.
1545 2633 1651 2708 49,
1678 2649 1743 2710 q.
1764 2632 1902 2706 ult„
1922 2650 1982 2693 a.
2007 2634 2085 2705 23

534 2730 841 2804 Bachon.,
872 2730 939 2789 in
970 2729 1033 2801 3,
1064 2726 1127 2789 d.
1163 2726 1263 2800 14,
1296 2742 1359 2803 q.
1394 2728 1453 2797 1,
1486 2742 1546 2785 e.
1579 2727 1657 2802 33
1680 2725 1893 2803 Greg.,
1928 2728 1990 2801 1,
2022 2725 2086 2788 d.

530 2824 713 2903 ΜΛ.
736 2825 871 2899 4,ο,.
903 2818 1059 2893 med
1082 2817 1356 2892 93Gab.‚
1378 2816 1519 2893 3‚d.
1547 2818 1649 2891 14,
1666 2836 1729 2879 e.
1748 2820 2008 2891 2‚conc.
2023 2822 2086 2894 2,

530 2922 597 2979 et
624 2934 683 2978 e..
708 2916 771 2987 3,
804 2912 952 2975 dub.
988 2912 1065 2987 23
1095 2909 1321 2987 Major,
1360 2909 1473 2984 ib„
1520 2926 1585 2989 q.
1630 2913 1693 2985 2,
1732 2910 1815 2973 ad
1850 2909 1992 2986 fin„
2027 2916 2090 2973 et

528 3010 675 3087 4,(1.
708 3010 881 3087 49,(Ῑ.
916 3007 1014 3067 15.
1047 3005 1179 3065 Irno
1210 3008 1272 3063 et
1292 3003 1443 3065 Soto
1470 3003 1665 3081 ibi,q.
1688 3005 1817 3079 3,a.
1840 3004 2082 3079 3,conc.

528 3107 591 3180 5,
616 3103 697 3165 ad
734 3104 773 3163 Ξ
810 3118 947 3179 arg.
976 3104 1141 3162 cont.
1174 3096 1369 3167 illem,
1402 3097 1493 3158 eit
1518 3096 1711 3176 quod,
1744 3096 1893 3161 licet
1944 3098 2088 3177 quis

526 3196 773 3259 videret
816 3192 1027 3257 omnis
1060 3190 1125 3251 in
1154 3191 1307 3263 Deo,
1339 3206 1467 3251 non
1520 3189 2090 3269 comprehenderet

526 3292 757 3371 ipsum,
778 3289 829 3351 si
856 3304 981 3351 non
1006 3284 1249 3347 infinita
1276 3283 1559 3347 claritate
1580 3283 1844 3361 videret,
1868 3284 2087 3363 deque

526 3403 599 3445 re
628 3382 811 3462 plura
836 3380 1146 3451 dicemus,
1178 3382 1332 3438 sect.
1366 3381 1427 3439 3.

607 3484 668 3541 7.
700 3475 825 3538 Sed
850 3488 1217 3553 quanquam
1230 3470 1369 3533 hoec
1384 3469 1688 3546 doctrina,
1720 3477 1889 3535 recte
1908 3472 2088 3535 intel-

525 3572 707 3645 lecta,
742 3572 825 3631 sit
854 3584 1027 3642 vere,
1060 3563 1317 3637 scilicet,
1348 3562 1431 3625 ad
1454 3564 2087 3643 comprehensionem

522 3662 951 3727 necessarium
985 3674 1125 3721 esse
1150 3657 1342 3719 etiam
1360 3656 1621 3719 modum
1640 3658 1986 3737 perfectum
2007 3678 2086 3723 ex

523 3762 702 3838 perte
742 3750 1197 3835 cognoscentis,
1226 3756 1289 3813 et
1310 3750 1845 3830 proportionatum
1876 3752 2086 3832 objec-

522 3858 589 3913 to
622 3848 896 3929 cognite,
926 3843 1333 3907 nihilominus
1356 3862 1487 3905 non
1522 3844 1808 3908 existimo
1828 3845 2086 3907 distinc-

522 3945 759 4007 tionem
782 3942 955 4005 illem
976 3957 1117 4003 esse
1147 3936 1567 4001 necessariam
1595 3957 1611 4012 ;
1638 3939 1789 4017 quia
1816 3958 1943 4001 non
1973 3959 2086 4019 po-

522 4045 645 4101 test
662 4054 803 4099 esse
833 4032 1311 4113 comprehensio
1338 4048 1489 4092 vera
1502 4036 1567 4093 et
1578 4033 1831 4111 propria
1852 4050 1927 4095 ex
1946 4051 2086 4111 pnr-

522 4138 587 4197 te
632 4129 861 4211 objecti
916 4125 1173 4205 cogniti,
1204 4124 1361 4202 quin
1402 4124 1481 4185 sit
1535 4125 1721 4185 etiam
1776 4126 2084 4189 intensive

520 4224 903 4289 sufficienter
916 4219 1217 4300 perfecta,
1238 4223 1319 4279 -ut
1345 4217 1822 4296 comprehensio
1848 4219 2086 4299 simpli-

520 4319 677 4381 citer
698 4314 821 4378 dici
854 4312 1070 4394 possit.
1102 4308 1282 4385 Quod
1308 4326 1423 4388 per
1444 4317 1783 4389 sequentes
1805 4312 2083 4392 proposi-

518 4412 725 4473 tiones
752 4409 821 4469 in
858 4407 1027 4469 hunc
1046 4403 1309 4467 modum
1326 4401 1599 4465 declaro.

602 4509 663 4569 8.
709 4502 934 4567 Prima
968 4496 1517 4563 conductae-Dico
1547 4496 1772 4577 prim0,
1804 4498 1889 4561 ed
1910 4516 2080 4561 com·

520 4597 1006 4681 prehensionem
1032 4591 1519 4655 intellectualem
1544 4594 1970 4655 necessarium
1985 4612 2080 4656 es-

520 4711 589 4756 se
614 4696 687 4753 ut
714 4688 985 4770 cognitio
1008 4686 1089 4749 sit
1106 4685 1298 4759 clare,
1332 4684 1590 4748 evidens
1618 4691 1683 4747 et
1710 4689 1905 4763 certe,
1932 4706 2078 4751 cum

518 4786 729 4849 debite
779 4779 1183 4864 proportione
1230 4778 1315 4840 ad
1356 4778 1675 4866 obJectum
1728 4780 2072 4859 cognitum.

520 4883 663 4943 Haec
688 4876 949 4939 assertio
976 4878 1071 4937 est
1097 4888 1393 4952 expressa
1415 4872 1484 4933 D.
1514 4872 1738 4934 Thom.
1766 4873 1972 4935 citetis
1986 4874 2078 4936 lo-

520 4974 633 5051 cis,
664 4978 728 5034 et
753 4977 883 5033 tam
910 4968 1102 5042 clera,
1130 4972 1353 5027 utnon
1377 4964 1575 5043 possit
1600 4967 1665 5027 in
1694 4964 1958 5029 dubium
1982 4985 2080 5029 re-

517 5066 752 5143 vocari,
782 5063 933 5145 quia
968 5061 1076 5140 qui
1130 5077 1261 5123 non
1310 5058 1503 5121 habet
1548 5059 1643 5121 rei
1678 5059 2076 5137 evidentiam,

519 5168 763 5224 tantum
790 5159 1131 5237 potestant
1176 5170 1287 5231 per
1312 5151 1527 5227 fidem,
1554 5158 1666 5215 aut
1694 5171 1810 5234 per
1852 5156 2079 5217 extrin-

516 5274 665 5318 seca
704 5250 913 5331 media
960 5254 1023 5311 et
1049 5244 1419 5328 probabilis,
1457 5247 1784 5311 veritatem
1812 5266 2081 5325 cognos-

516 5362 699 5426 cere,
725 5342 1000 5425 cognitio
1026 5349 1237 5405 sutem
1266 5357 1381 5420 per
1402 5338 1594 5403 fidem
1614 5346 1725 5403 eut
1750 5358 1867 5421 per
1890 5343 2079 5405 retio-

514 5462 662 5508 nem
716 5438 1127 5522 probabilem,
1160 5435 1367 5516 potius
1418 5436 1829 5517 ignorationis
1884 5454 2075 5519 qnam

518 5531 1098 5618 comprehensionis
1128 5548 1361 5593 nomen
1384 5537 1683 5597 meretur.
1717 5530 1921 5609 Unde,
1953 5533 2078 5596 ssl-

1807 383 2042 447 QUAEST.
2077 384 2138 439 X.
2171 386 2376 443 Anne.
2409 390 2492 442 lv.

2182 491 2310 549 tem
2353 484 2564 565 quoad
2591 484 2736 557 hoc,
2767 484 2832 546 id
2879 488 2996 559 est,
3045 480 3264 563 quoad
3297 480 3642 547 cleritatem
3679 496 3726 551 et

2183 579 2562 643 evidentiam
2592 577 2988 659 cognitionis,
3013 576 3260 639 clarum
3313 581 3416 637 est
3461 576 3544 637 ed
3595 596 3731 643 oom-
3831 590 3833 615 ³

2181 674 2670 753 prehensionem
2709 672 2944 751 requiri
2985 671 3270 750 aliquem
3315 668 3583 733 modum
3619 690 3724 751 per·

2180 766 2416 829 fectum
2445 787 2524 830 ex
2567 772 2746 847 parte
2781 764 3182 847 cognitioniS,
3203 781 3371 827 nem
3425 762 3661 829 claritas
3683 776 3728 831 et

2181 862 2521 939 evidentia,
2559 861 2790 923 modus
2835 859 3208 939 cognitionis
3259 862 3387 919 est.
3441 858 3730 929 Quomodo

2179 962 2390 1019 entem
2418 956 2556 1018 hoec
2579 955 2826 1017 claritas
2850 971 2990 1016 esse
3019 952 3249 1015 debeat
3279 953 3732 1033 proportionata

2177 1052 2268 1113 rei
2279 1053 2566 1132 cognitae,
2585 1052 2666 1113 ita
2679 1048 2986 1113 declarari
2998 1053 3224 1129 potest:
3257 1064 3420 1109 nem
3445 1046 3728 1127 objectum
3833 1096 3835 1143 ᾗ

2179 1151 2276 1209 est
2303 1144 2722 1226 cognoscibile
2743 1149 2817 1206 ut
2839 1157 3094 1219 verum3
3123 1146 3342 1221 potest
3371 1158 3530 1221 ergo
3555 1142 3616 1203 in
3639 1144 3729 1205 oh·
3833 1148 3835 1177 ³

2177 1240 2344 1321 jecto
2387 1257 2528 1301 esse
2579 1238 2812 1301 veritas
2859 1236 3148 1316 simplex,
3191 1252 3318 1297 seu
3351 1233 3725 1312 immediata,
3833 1230 3835 1281 ἱ

2181 1333 2386 1413 qualis
2409 1352 2448 1395 n
2463 1332 2648 1395 nohis
2675 1329 3045 1411 intelligitur
3079 1348 3218 1393 esse
3237 1328 3310 1393 in
3333 1327 3564 1409 primis
3589 1330 3728 1409 prin-

2183 1428 2382 1507 cipiis,
2409 1433 2520 1489 ant
2545 1426 2844 1499 mediata,
2873 1423 3079 1502 qualis
3107 1422 3300 1485 estin
3342 1421 3728 1487 conclusioni·

2181 1518 2300 1579 bus
2301 1564 2322 1595 ,
2331 1536 2600 1598 quarum
2618 1524 2922 1593 extrema,
2943 1535 3074 1581 non
3091 1534 3206 1596 per
3215 1532 3394 1588 sese,
3413 1514 3530 1577 sed
3553 1516 3725 1579 medio

2181 1614 2392 1694 aliquo
2439 1612 2832 1693 copulantur.
2861 1610 2960 1673 Ad
2985 1607 3626 1689 comprehensionem
3651 1628 3726 1670 cr·

2181 1728 2284 1791 go,
2315 1712 2386 1770 ut
2411 1708 2768 1782 minimum,
2789 1706 3218 1769 necessarium
3247 1710 3354 1767 est
3382 1710 3458 1765 ut
3479 1708 3644 1765 tanta
3663 1706 3724 1769 sit

2179 1804 2427 1867 claritas
2453 1802 2520 1864 in
2557 1800 2940 1881 cognitione,
2977 1805 3212 1879 quanta
3241 1797 3526 1861 sufficiat
3551 1798 3626 1859 ed
3643 1818 3725 1861 co-

2177 1895 2604 1978 gnoscendam
2622 1894 2950 1957 veritatem
2966 1892 3220 1973 objecti,
3239 1898 3438 1972 prout
3447 1892 3518 1953 in
3539 1908 3600 1955 se
3625 1900 3720 1969 θείς

2177 1990 2232 2053 si
2253 1988 2618 2051 immediata
2641 1987 2856 2063 fuerit,
2875 1986 3022 2049 cxvi
3041 1985 3426 2066 cognitionis
3443 1992 3722 2049 extremo·

2176 2100 2341 2158 rum;
2375 2082 2742 2156 eimediata,
2769 2098 2848 2143 ex
2876 2080 2934 2144 vi
2951 2080 3122 2141 illius
3140 2077 3388 2160 proprii
3405 2078 3594 2141 medii
3616 2098 3717 2157 quo
3834 2092 3839 2105 ’·

2175 2185 2458 2243 extrema
2481 2176 2872 2257 copulantur.
2915 2176 2992 2237 Et
3017 2173 3376 2237 secundum
3415 2173 3580 2237 hanc
3601 2193 3720 2235 con·

2175 2272 2622 2334 siderationem
2647 2274 2744 2331 est
2761 2267 3068 2349 imprimis
3083 2268 3166 2330 de
3185 2268 3442 2329 ratione
3467 2285 3717 2347 compre·

2175 2364 2518 2439 hensionis,
2538 2369 2608 2425 ut
2625 2380 2740 2443 per
2765 2362 2938 2423 illam
2953 2366 3378 2441 cognoscatur
3399 2360 3715 2439 objectum,

2171 2463 2478 2538 quantum
2497 2456 2916 2537 cognoscibile
2939 2460 3038 2519 est
3063 2474 3140 2517 ex
3167 2460 3354 2535 parte
3385 2454 3596 2527 medii,
3623 2473 3712 2517 seu

2170 2552 2345 2615 modi
2367 2549 2898 2631 cognoscendi,ut
2916 2548 3308 2611 declaratum
3323 2554 3448 2611 est.
3481 2548 3556 2611 Et
3581 2550 3709 2611 rstio

2173 2650 2272 2707 est
2289 2650 2532 2724 aperta,
2547 2660 2690 2723 quin
2711 2642 2916 2722 magis
2939 2642 3130 2705 etiem
3167 2642 3458 2705 declarat
3485 2659 3708 2703 causam

2172 2738 2438 2818 ⁸P1'501'iv
2453 2738 2536 2799 ⁰1>
2555 2754 2750 2816 quam
2769 2754 2898 2799 non
2920 2743 3128 2817 potest
3155 2754 3298 2799 esse
3325 2738 3711 2817 comprehen·
3839 2696 3841 2775 ζ

2169 2832 2286 2910 sio,
2317 2834 2433 2895 nisi
2447 2834 2526 2895 sit
2545 2833 2732 2894 etiam
2763 2832 3034 2912 cognitio
3055 2832 3316 2895 evidens
3331 2834 3594 2906 stolam,
3613 2834 3708 2895 sci·

2167 2928 2334 3002 licet,
2371 2928 2545 3007 quia,
2579 2926 2632 2988 si
2661 2926 2892 2988 veritas
2911 2931 3078 2989 esset
3101 2926 3494 3003 immediate,
3521 2935 3580 2991 et
3601 2948 3706 2990 non

2167 3026 2656 3101 cognosceretur
2675 3036 2792 3098 per
2821 3019 3118 3100 seipsam,
3149 3038 3264 3083 seu
3303 3040 3382 3083 ex
3421 3023 3482 3083 vi
3523 3022 3706 3103 cogni·

2165 3114 2356 3177 tionis
2373 3119 2824 3187 extremorum,
2843 3130 3106 3175 necesse
3117 3121 3286 3177 esset
3300 3115 3704 3178 habitudinem

2166 3207 2510 3288 propriam,
2537 3224 2730 3286 quam
2757 3208 2922 3269 inter
2951 3226 3020 3269 se
3032 3207 3266 3271 hebent
3287 3210 3400 3271 illa
3427 3213 3700 3280 extrema,

2169 3320 2207 3362 e
2231 3306 2652 3381 cognoscente
2671 3300 2946 3381 ignorari
2969 3320 2988 3373 ;
3019 3318 3192 3375 nam,
3215 3302 3266 3363 si
3296 3303 3478 3365 illam
3505 3321 3710 3381 cog-no-

2169 3400 2398 3469 sceret,
2431 3394 2620 3455 simul
2647 3394 2840 3455 etism
2867 3394 3108 3457 videret
3145 3414 3270 3475 quo
3299 3398 3554 3460 vinculo
3575 3398 3711 3457 inter

2167 3506 2238 3551 se
2289 3488 2854 3569 conjungerentur-3
2899 3488 2952 3549 si
3007 3494 3222 3551 entem
3271 3490 3384 3551 illa
3441 3489 3709 3553 hebitudo

2165 3582 2490 3661 ignoratur
2502 3625 2524 3659 ,
2569 3598 2698 3643 non
2757 3582 3314 3661 comprehenditur
3369 3585 3666 3666 objectum
3690 3628 3706 3659 ‚

2163 3675 2315 3755 quia
2340 3693 2472 3737 non
2519 3675 2918 3755 cognoscitur
2951 3677 3300 3739 secundum
3341 3696 3594 3740 omnem
3621 3679 3708 3737 ha-

2163 3767 2512 3830 bitudinem
2541 3769 2776 3830 realem
2811 3786 3004 3850 quam
3031 3770 3099 3831 in
3143 3789 3212 3833 se
3263 3772 3482 3835 habet.
3515 3770 3706 3835 Simili·

2165 3867 2286 3936 ter,
2313 3862 2370 3923 si
2401 3861 2634 3923 veritas
2663 3861 2894 3941 objecti
2923 3864 3002 3927 sit
3029 3864 3330 3941 mediata,
3361 3872 3430 3928 et
3473 3883 3594 3927 non
3619 3882 3705 3925 co-

2167 3959 2506 4034 gnoscatur
2523 3972 2640 4033 per
2659 3956 2987 4036 proprium
3005 3957 3310 4033 medium,
3337 3976 3596 4021 necesse
3629 3962 3704 4018 est

2163 4047 2442 4127 ignorari
2463 4047 2898 4111 habitudinem
2920 4051 3264 4130 propriam,
3287 4070 3482 4131 quam
3503 4053 3600 4113 illa
3619 4068 3702 4111 ex-

2165 4147 2368 4203 treme.
2396 4141 2634 4203 habent
2653 4160 2797 4203 cnm
2837 4144 2946 4205 tali
2973 4145 3211 4218 medio,
3239 4152 3302 4207 et
3335 4161 3702 4225 consequen·

2165 4240 2262 4299 ter
2283 4252 2544 4297 necesse
2583 4241 2681 4298 est
2709 4236 2902 4299 talem
2931 4240 3264 4303 veritatem
3285 4258 3418 4303 non
3447 4254 3702 4319 compre·

2161 4328 2377 4390 bendi.
2417 4330 2622 4408 Atque
2674 4328 2823 4392 hinc
2855 4331 2927 4394 fit
2969 4338 3044 4393 ut
3083 4352 3296 4414 neque
3351 4333 3648 4399 evidentia
3669 4350 3702 4391 a

2161 4421 2515 4500 posteriori,
2541 4422 2676 4484 sive
2703 4440 2820 4501 per
2845 4424 3162 4501 effectum,
3194 4428 3278 4489 ad
3313 4428 3700 4510 comprehen-

2161 4516 2406 4577 sionem
2427 4516 2728 4590 sufflcist3
2761 4519 3110 4598 quiaillud,
3133 4524 3304 4601 qnod
3325 4531 3422 4586 est
3447 4524 3698 4586 medium

2161 4608 2536 4688 cognitionis
2571 4627 2609 4671 a
2635 4614 2987 4690 posteriori,
3019 4632 3148 4677 non
3181 4623 3278 4679 est
3310 4618 3578 4681 medinm
3619 4615 3696 4694 ip-

2159 4701 2286 4762 sius
2307 4702 2422 4778 rei,
2454 4720 2570 4765 seu
2597 4720 2724 4783 quo
2755 4709 3034 4769 extrema
3061 4709 3130 4769 in
3155 4726 3228 4771 re
3251 4710 3390 4790 ipse.
3423 4710 3697 4791 copulan—

2157 4798 2293 4867 tur3
2327 4800 2390 4857 et
2420 4795 2508 4857 ita
2547 4814 2626 4857 ex
2665 4798 2726 4859 vi
2754 4798 2894 4861 telis
2927 4802 3298 4881 cognitionis
3337 4822 3468 4867 non
3493 4818 3694 4883 cogno·

2159 4888 2356 4949 scitur
2381 4889 2634 4968 propria
2659 4897 2722 4953 et
2741 4891 3076 4957 intrinsece
3099 4896 3420 4976 hebitudo,
3453 4914 3586 4979 quse
3613 4898 3694 4955 est

2160 4979 2230 5042 in
2256 4980 2506 5060 objecto
2532 4983 2695 5061 ipso,
2719 4985 2804 5047 ad
2831 4987 3110 5050 medium
3139 4992 3242 5054 vel
3267 5010 3520 5055 censam
3545 4987 3690 5050 unde

2161 5073 2299 5152 ejus
2337 5075 2564 5136 veritas
2607 5077 2868 5155 pendet,
2913 5084 2976 5142 et
3021 5081 3168 5146 ideo
3199 5130 3218 5160 ,
3269 5102 3396 5165 quo
3447 5078 3690 5163 cognitio

2157 5165 2350 5228 fuerit
2375 5184 2491 5245 per
2517 5168 2799 5231 medium
2831 5175 3035 5254 magis
3063 5178 3502 5253 extrinsecum,
3521 5182 3584 5237 ut
3609 5178 3688 5234 est

2161 5259 2226 5322 in
2253 5260 2379 5323 fide
2411 5262 2516 5323 vel
2535 5264 2854 5343 opinione,
2893 5286 2970 5331 eo
2999 5273 3204 5353 magis
3229 5274 3478 5337 distabit
3501 5268 3687 5350 cogni·

2162 5354 2246 5417 tio
2269 5354 2604 5435 eperfeete
2647 5364 3253 5443 comprehensione;
3285 5384 3490 5449 neque
3533 5384 3601 5428 ex
3637 5362 3683 5421 vi

2159 5448 2302 5509 talis
2331 5451 2706 5531 cognitionis
2739 5455 2988 5519 videtur
3025 5477 3128 5521 res
3155 5466 3221 5523 et
3268 5464 3496 5527 veritas
3541 5459 3678 5539 ejus,

2159 5548 2344 5620 prout
2384 5543 2452 5607 in
2481 5564 2550 5609 se
2577 5552 2697 5625 est,
2735 5566 2854 5613 nec
2907 5555 3196 5633 proprius
3243 5561 3308 5619 et
3351 5558 3679 5636 adaequatus

3834 2102 3840 2257 ψ
