3892 6167
519 408 642 469 150

519 498 854 575 difficultas
907 510 974 570 in
1025 512 1200 569 sexto
1251 510 1624 585 argumento
1671 508 1838 565 tacta
1871 549 1886 579 ,
1934 502 2084 582 quia

518 606 764 670 nullum
797 612 892 667 est
919 602 1389 673 inconvenienS,
1421 620 1537 661 nec
1564 616 1663 660 res
1699 616 1928 675 magna
1973 598 2087 659 ad-

518 701 848 763 miratione
897 698 1110 775 digna‚
1160 696 1326 775 quod
1357 694 1581 754 modus
1624 692 1850 771 aliquis
1897 692 2084 771 spiri-

519 794 744 865 tualis,
785 792 985 871 qualis
1029 796 1124 851 est
1168 790 1276 851 illa
1324 787 1764 869 dependentia,
1809 784 2085 865 pendeat

521 886 731 965 quoad
762 882 1322 947 individuationem
1355 900 1533 942 suam
1565 899 1598 941 a
1628 880 1931 961 principio
1956 896 2085 939 ma-

521 980 747 1055 teriali,
773 978 852 1039 ad
873 996 1018 1039 eum
1035 976 1292 1037 modum
1315 994 1437 1055 quo
1467 976 1675 1036 anima
1706 972 2083 1034 individuari

521 1074 751 1135 dicitur
778 1091 854 1133 ex
885 1070 1249 1131 habitudine
1298 1069 1378 1129 ad
1421 1087 1670 1149 corpuS.
1713 1068 1915 1145 Atque
1952 1068 2085 1126 haec

519 1169 618 1229 via
642 1174 730 1229 est
759 1166 1102 1248 probabilis
1127 1164 1208 1225 ad
1229 1164 1732 1225 satisfaciendum
1763 1162 2083 1241 proposito

521 1268 915 1343 argumento.
947 1258 1363 1321 Nihilominus
1391 1256 1545 1317 mihi
1587 1256 1971 1337 probabilius
1998 1254 2089 1315 vi-

526 1354 712 1417 detur
749 1353 886 1415 illas
934 1354 1216 1415 actiones
1258 1368 1398 1413 esse
1441 1349 1857 1411 essentialiter
1885 1348 2089 1409 diver-

520 1470 640 1523 sas·‚
689 1448 836 1529 quia
875 1453 937 1510 et
993 1447 1237 1508 nullum
1281 1452 1376 1507 est
1425 1444 1728 1505 indicium
1771 1442 2090 1504 sufficiens

519 1544 780 1605 unitatis
812 1541 1182 1614 essentialiS,
1214 1546 1275 1601 et
1305 1545 1452 1600 sunt
1489 1538 1684 1598 multa
1716 1556 1854 1616 quae
1893 1536 2091 1597 diver·

523 1640 772 1699 sitatcm
797 1635 1196 1698 essentialem
1227 1632 1566 1713 plurimum
1593 1632 1892 1692 indicant.
1919 1630 2091 1691 Prior

517 1750 665 1813 pars
696 1732 1015 1812 probatur,
1045 1730 1190 1809 quia
1223 1728 1469 1787 nullum
1502 1730 1596 1787 est
1623 1724 1922 1785 indicium
1954 1724 2090 1785 uni·

518 1826 667 1888 tatis
698 1822 1070 1895 essentialis,
1098 1822 1218 1881 nisi
1250 1822 1457 1881 unitas
1496 1819 1771 1890 termini,
1811 1837 1921 1879 seu
1968 1816 2091 1879 for-

516 1936 637 1981 mae
690 1918 1008 1999 productae
1045 1938 1061 1991 3
1097 1916 1218 1977 hoc
1273 1922 1482 1976 autem
1537 1913 1923 1974 insufficiens
1968 1918 2085 1989 est,

515 2014 744 2097 primo,
778 2014 926 2093 quia
961 2012 1151 2077 etiam
1179 2028 1276 2073 res
1319 2009 1622 2091 producta
1665 2027 1779 2089 per
1813 2008 2087 2069 creatio-

517 2126 668 2170 nem
700 2115 761 2169 et
791 2108 1264 2189 generationem
1309 2110 1518 2185 potest
1561 2122 1700 2164 esse
1746 2104 1995 2178 eadem,
2025 2106 2087 2163 et

517 2220 656 2263 non
687 2208 780 2262 est
806 2206 1140 2281 propterea
1165 2198 1502 2260 dicendum
1526 2198 1999 2279 generationem
2030 2200 2090 2257 et

529 2296 912 2356 creationem
934 2312 1070 2355 esse
1100 2292 1380 2355 artiones
1399 2292 1682 2371 ejusdem
1705 2290 1959 2369 speciei.
1982 2290 2094 2351 Se-

525 2389 757 2461 cundo,
778 2388 946 2468 quia,
967 2388 1539 2463 utD.Thom.,1.⁶2.,
1558 2404 1618 2465 q.
1639 2388 1772 2457 l‚a.
1796 2386 1854 2457 3,
1879 2390 1938 2446 et
1956 2384 2093 2445 aliis

521 2482 676 2544 locis
722 2483 942 2559 docet,
985 2482 1146 2543 actio
1193 2478 1382 2543 sumit
1421 2480 1695 2559 speciem
1730 2476 2092 2558 aprincipio

525 2576 800 2657 agendi,
844 2574 1016 2655 quod
1059 2576 1279 2635 saltem
1324 2575 1442 2635 hoc
1483 2590 1668 2633 sensu
1709 2588 1928 2632 verum
1974 2576 2091 2645 est,

525 2671 694 2751 quod
727 2670 804 2731 ad
828 2672 962 2749 ejus
990 2668 1516 2747 specificationem
1549 2684 1680 2726 non
1699 2671 1942 2726 tantum
1970 2671 2095 2725 ter-

523 2766 757 2837 minuS,
779 2764 888 2825 sed
906 2764 1092 2824 ctiam
1113 2762 1490 2842 principium
1507 2758 1732 2839 agendi
1755 2758 2092 2834 concurrit,

528 2856 700 2937 quod
731 2865 822 2919 est
845 2858 994 2918 satis
1019 2862 1512 2917 consentaneum
1542 2854 1794 2925 rationi,
1819 2852 1966 2931 quia
1995 2870 2097 2913 ac-

527 2950 611 3012 tio
629 2959 723 3012 cst
741 2951 1159 3012 essentialiter
1181 2948 1604 3028 dependentia
1625 2966 1640 3018 ;
1671 2946 2095 3026 dependentia

528 3051 736 3105 autem
795 3050 865 3105 ut
917 3044 1001 3103 sic
1040 3048 1170 3104 tam
1223 3039 1624 3103 essentialem
1657 3038 2094 3099 habitudinem

526 3138 672 3199 dicit
703 3137 781 3198 ad
813 3136 1183 3218 principium
1214 3154 1248 3195 a
1282 3154 1405 3212 quo
1436 3135 1595 3207 fluit,
1630 3152 1821 3213 quam
1852 3132 1932 3193 ad
1960 3150 2093 3194 rem

530 3232 606 3291 ad
633 3250 820 3313 quam
851 3230 1072 3292 tendit.
1102 3232 1187 3292 Ac
1213 3230 1508 3308 denique.
1532 3228 1677 3308 quia
1709 3244 1938 3287 novum
1966 3242 2093 3287 non

531 3331 648 3399 est,
701 3326 980 3387 actiones
1023 3324 1118 3386 vel
1167 3331 1364 3398 actuS,
1411 3323 1520 3403 qui
1545 3328 1878 3382 versantur
1929 3321 2093 3381 circa

528 3418 818 3481 eamdem
848 3436 982 3479 rem
1015 3418 1113 3479 vel
1143 3418 1481 3496 objectum,
1522 3415 1700 3494 quasi
1745 3414 2092 3475 materiali-

523 3518 622 3574 ter
661 3519 1004 3593 sumptum,
1034 3512 1332 3591 distingui
1371 3528 1446 3571 ex
1477 3508 1666 3569 modo
1697 3508 1997 3570 tendendi
2026 3509 2092 3569 in

525 3606 713 3679 illud;
749 3608 835 3669 sic
865 3624 1014 3687 ergo
1049 3604 1346 3685 distingui
1376 3610 1715 3684 potuerunt
1744 3602 1838 3664 hae
1864 3604 2092 3682 depen-

525 3700 775 3763 dentiae.
811 3702 1122 3762 Posterior
1151 3718 1302 3761 vero
1332 3716 1478 3779 pars
1515 3696 1909 3771 declaratur,
1943 3698 2091 3775 quia

522 3794 658 3857 haec
685 3793 1111 3873 dependentia
1148 3810 1260 3853 seu
1300 3793 1482 3865 acti0,
1509 3808 1634 3869 qua
1660 3790 1860 3871 gratia
1885 3788 1955 3849 fit
1979 3808 2094 3868 per

523 3906 744 3949 vocem
777 3888 879 3948 vel
913 3902 1165 3965 aquam,
1187 3892 1431 3947 estnon
1453 3886 1658 3947 solum
1685 3902 1874 3963 supra
1903 3890 2091 3943 natu-

523 4000 660 4043 ram
679 3982 951 4043 hominis
967 3980 1068 4040 vel
1086 3998 1285 4058 aquae,
1303 3980 1415 4040 sed
1442 3980 1630 4040 etiam
1657 3984 1890 4057 praeter
1913 3982 2093 4036 natu·

525 4094 662 4137 ram
685 4077 880 4155 ipsius
907 4074 1121 4156 gratiae
1144 4095 1160 4148 ;
1181 4073 1377 4133 altera
1405 4091 1555 4133 vero
1586 4072 1776 4146 acti0,
1804 4088 1942 4150 quas
1956 4070 2028 4132 fit
2054 4088 2091 4131 a

527 4168 660 4230 solo
681 4170 834 4239 De0,
853 4174 946 4229 est
972 4168 1053 4227 illi
1089 4166 1513 4228 connaturalis
1535 4186 1550 4225 :
1576 4166 1706 4225 haec
1724 4172 1934 4226 autem
1954 4169 2092 4226 tan-

526 4270 588 4325 ta
607 4262 932 4325 diversitas
953 4262 1093 4341 plus
1116 4278 1306 4341 quam
1327 4260 1792 4321 distinctionem
1809 4260 2091 4321 numeri-

527 4374 668 4419 cam
705 4356 959 4417 indicat.
991 4353 1264 4427 Deinde,
1297 4354 1476 4433 quia,
1511 4353 1562 4413 si
1599 4354 1758 4413 actio
1802 4353 2089 4433 ejusdem

525 4450 744 4511 formae
790 4466 934 4511 cum
985 4466 1292 4509 concursu
1341 4464 1545 4506 causoe
1597 4447 1957 4522 materialis,
1988 4449 2089 4509 vel

526 4546 660 4606 sine
690 4542 831 4617 ino,
865 4546 958 4603 est
1001 4541 1208 4621 specie
1249 4540 1522 4615 diversa,
1561 4558 1674 4603 cur
1716 4558 1843 4601 non
1885 4540 2089 4619 magis

527 4639 644 4701 erit
669 4637 908 4698 diversa
939 4634 1172 4716 specie,
1200 4635 1363 4695 actio
1396 4634 1680 4713 ejusdem
1707 4634 1924 4695 formae
1963 4636 2089 4714 spi-

523 4730 768 4792 ritualis
793 4747 907 4811 per
931 4728 1419 4790 instrumentum
1451 4729 1796 4802 materiale,
1819 4730 1918 4790 vel
1950 4730 2087 4791 sine

524 4824 630 4886 illo
653 4828 678 4885 ’ἰ
704 4824 906 4901 magis
951 4824 1117 4884 enim
1167 4840 1244 4884 ex
1291 4824 1478 4884 modo
1509 4824 1800 4885 videntur
1835 4822 2087 4884 differre

523 4918 622 4979 hoe
648 4916 928 4979 actiones
957 4934 1146 4994 quam
1179 4916 1298 4977 illae
1325 4937 1342 4993 3
1371 4915 1562 4993 unde,
1607 4918 1655 4977 si
1689 4918 1790 4977 hic
1819 4923 2090 4996 negatur

525 5010 837 5073 distinctio
892 5010 1184 5091 specifica
1213 5056 1229 5083 ,
1283 5028 1606 5089 nunquam
1661 5009 1888 5089 poterit
1943 5024 2088 5069 cum

520 5105 932 5167 fundamento
981 5104 1275 5165 affirmari
1319 5104 1482 5166 inter
1530 5106 1808 5166 actiones
1859 5106 2090 5184 quibus

521 5200 744 5263 eadem
774 5217 874 5260 res
898 5199 1262 5279 producitur
1291 5198 1392 5259 vel
1419 5201 1841 5259 conservatur.

605 5292 744 5354 106.
773 5290 902 5353 Hac
927 5310 1076 5372 ergo
1107 5294 1418 5355 sententia
1447 5293 1788 5373 supposita,
1817 5290 1898 5353 ad
1928 5290 2091 5354 diffi-

523 5387 817 5447 cultatem
842 5384 907 5446 in
939 5394 1110 5449 sexto
1140 5394 1511 5467 argumento
1541 5388 1835 5469 positam,
1869 5404 2089 5449 conce-

523 5478 801 5540 dendum
831 5486 928 5540 est
953 5470 1311 5559 hujusniodi
1349 5480 1656 5541 actionem
1695 5480 1887 5540 talem
1925 5498 2085 5555 esse,

521 5578 591 5635 ut
617 5590 694 5635 ex
733 5572 793 5634 vi
824 5588 950 5637 suae
989 5574 1275 5638 essentiae
1304 5592 1416 5637 seu
1447 5574 1675 5654 speciei
1704 5572 1993 5653 postulet·
2020 5580 2087 5636 ut

1764 400 2001 466 QUAEST.
2036 398 2164 456 xm.
2196 400 2400 456 Alme.
2434 402 2516 456 lv,

2164 502 2275 565 flat
2312 504 2521 567 medio
2552 505 2967 568 instrumento
3010 504 3577 585 supernaturaliter
3622 504 3723 567 ele·
3829 485 3841 500 ’

2164 604 2332 673 vat0,
2362 616 2475 659 seu
2506 599 2713 677 (quod
2754 598 2923 661 idem
2954 600 3079 679 est)
3102 606 3176 659 ut
3201 598 3626 660 essentialiter
3650 597 3723 659 di-

2165 698 2263 753 cat
2284 694 2893 755 transcendentalem
2910 694 3363 769 habitudinem,
3384 710 3515 752 non
3536 691 3725 753 solum

2166 784 2247 847 ad
2288 786 2487 847 Deum
2527 792 2595 847 ut
2625 786 2967 866 principale
3002 804 3219 865 egena,
3253 786 3365 847 sed
3411 786 3613 847 etiam
3660 786 3726 845 ad

2166 886 2513 943 creaturam
2542 888 2611 943 ut
2638 888 3007 962 operantem
3036 880 3609 945 instrumentaliter
3632 898 3727 959 per

2166 976 2511 1055 potentiam
2542 976 3049 1039 obedientialem.
3078 976 3295 1055 Neque
3334 976 3459 1037 hoc
3500 980 3603 1036 est
3650 974 3727 1035 in·

2166 1070 2570 1143 convenienS,
2596 1070 2935 1150 singulare,
2960 1078 3071 1132 aut
3090 1088 3321 1131 novum
3344 1070 3413 1131 in
3442 1069 3728 1129 humani·

2168 1168 2295 1223 tate
2320 1163 2568 1237 Christi,
2597 1170 2704 1225 aut
2724 1165 3150 1228 instrumentis
3173 1167 3331 1244 ejuS‚
3360 1162 3611 1225 namin
3640 1163 3727 1222 ha·
3825 1230 3833 1240 Ι

2170 1256 2403 1317 bitibus
2446 1257 3031 1338 supernaturalibus
3068 1258 3283 1337 gratias
3318 1263 3385 1319 et
3428 1258 3725 1318 virtutum
3825 1259 3833 1268 '

2172 1348 2541 1426 infusarum,
2568 1351 2895 1415 fatendum
2940 1358 3035 1415 est
3061 1352 3297 1413 hahere
3326 1351 3724 1413 essentialem

2174 1444 2605 1506 habitudinem
2632 1446 2713 1507 ad
2757 1446 3141 1527 spiritualem
3182 1446 3615 1507 substantiam
3648 1446 3727 1507 vel
3827 1451 3848 1475 '¹

2173 1538 2541 1617 potentiam,
2564 1546 2878 1617 quatenus
2900 1547 2991 1600 est
3010 1558 3207 1620 capax
3236 1557 3459 1600 eorum
3492 1556 3617 1618 per
3642 1556 3729 1619 po-
3827 1553 3848 1597 3*

2172 1632 2432 1691 tentiam
2456 1633 2966 1707 obedientialem‚
2990 1635 3162 1714 quia,
3190 1652 3335 1695 cum
3362 1635 3495 1694 sint
3522 1633 3729 1695 formai
3821 1657 3832 1674 ·

2172 1725 2620 1802 accidentaleS,
2640 1728 3055 1791 essentialiter
3073 1728 3289 1790 dicunt
3304 1728 3731 1789 habitudinem

2173 1820 2253 1881 ad
2275 1820 2629 1898 subjectum
2652 1840 2869 1883 earum
2895 1840 3091 1901 capax
3113 1842 3129 1893 ς
3162 1826 3225 1883 ct
3252 1821 3551 1883 similiter
3572 1826 3732 1883 actus
3846 1854 3848 1857 ⁴

2172 1915 2683 1993 supernaturales
2701 1916 3118 1995 spiritualium
3134 1915 3592 1997 potentiarum,
3606 1934 3730 1975 cum

2170 2016 2395 2069 natura
2442 2026 2555 2069 sua
2608 2009 3028 2071 immanentes
3078 2010 3227 2085 sint,
3272 2010 3469 2071 etiam
3523 2008 3731 2071 dicunt

2171 2103 2645 2163 connaturalem
2670 2102 3105 2165 habitudinem
3136 2105 3217 2166 ad
3246 2122 3393 2166 suas
3418 2104 3729 2185 potentias

2172 2202 2473 2275 tanquam
2504 2196 2584 2257 ad
2623 2197 2935 2276 principia
2966 2214 3004 2258 a
3034 2199 3260 2287 quibu?
3290 2198 3431 2259 elici
3476 2196 3727 2271 debent,

2174 2291 2419 2351 etiamsi
2441 2291 2558 2351 illae
2588 2310 2702 2371 per
2732 2292 3076 2371 potentiam
3107 2292 3604 2355 obedientialem
3634 2310 3729 2353 eos
3836 2298 3850 2335 Ξ

2176 2384 2445 2447 eliciant.
2474 2386 2685 2447 Potest
2712 2392 2923 2448 autem
2954 2387 3181 2465 aliquis
3210 2386 3627 2465 probabiliter
3652 2385 3730 2445 di·
3840 2392 3850 2429 ῑ

2177 2496 2319 2539 cere
2348 2478 2517 2539 illam
2548 2480 2884 2554 actionem,
2912 2498 3025 2541 seu
3056 2480 3551 2561 dependentiam
3602 2496 3729 2558 gra-

2174 2570 2303 2646 tiae,
2338 2590 2479 2651 quae
2522 2572 2591 2635 fit
2634 2573 2841 2636 medio
2872 2574 3310 2647 instrumentO,
3338 2574 3637 2653 quamvis
3668 2592 3730 2633 ex

2176 2668 2236 2726 vi
2266 2685 2391 2727 suae
2418 2668 2725 2747 specificoe
2769 2670 3031 2730 rationis
3078 2669 3245 2731 dicat
3297 2668 3729 2730 habitudinem

2180 2760 2261 2821 ad
2296 2762 2641 2838 potentiam
2676 2762 3184 2838 obedientialem‚
3216 2782 3345 2825 non
3382 2770 3607 2825 tamen
3636 2764 3729 2824 de-

2178 2855 2512 2916 terminate
2529 2856 2610 2917 ad
2636 2858 2983 2935 potentiam
3007 2876 3145 2935 quae
3170 2859 3247 2918 sit
3270 2857 3335 2919 in
3360 2858 3727 2919 instrumen-

2178 2950 2241 3007 to
2270 2949 2599 3025 materiali,
2632 2950 2827 3011 autin
2857 2951 3276 3012 instrumento
3304 2949 3723 3021 immateriali,

2178 3042 2291 3101 sed
2336 3042 2771 3105 indifferenter
2792 3090 2807 3117 ‚
2852 3051 3159 3123 quantum
3210 3050 3306 3107 est
3362 3062 3442 3105 ex
3492 3045 3725 3105 ratione

2176 3136 2491 3213 specifica,
2514 3138 2800 3217 quamvis
2816 3138 2879 3197 in
2898 3138 3218 3199 individuo
3235 3138 3494 3218 aliquod
3514 3140 3725 3199 horum

2176 3228 2590 3293 determinate
2618 3232 2908 3311 respiciat
2930 3248 2949 3308 ;
2975 3232 3083 3293 illa
3109 3232 3275 3293 enim
3306 3232 3637 3295 diversitas
3668 3234 3723 3295 in

2176 3322 2535 3402 hujusmodi
2565 3325 2884 3403 principiis
2912 3327 3251 3387 materialis
3278 3333 3395 3400 est,
3428 3335 3725 3407 quantum

2177 3422 2415 3495 spectat
2440 3416 2517 3477 ad
2540 3418 2848 3479 rationem
2870 3425 2934 3480 et
2954 3419 3213 3480 modum
3235 3419 3489 3495 agendi,
3506 3428 3570 3483 et
3594 3422 3724 3482 ideo

2174 3528 2303 3571 non
2343 3510 2588 3572 videtur
2620 3513 2911 3574 sufficere
2950 3515 3032 3576 ad
3070 3515 3497 3576 diversitatem
3542 3516 3728 3595 speei-

2173 3604 2355 3664 fieam
2389 3606 2730 3682 actionum,
2756 3606 2869 3669 sed
2888 3608 2967 3671 ad
2986 3607 3438 3669 individualem
3462 3616 3722 3671 tantum.

2176 3698 2353 3769 Quod
2381 3701 2433 3760 si
2458 3701 2577 3761 hoc
2606 3718 2827 3762 verum
2857 3706 2974 3777 est,
2998 3701 3239 3763 facilior
3261 3703 3547 3765 redditur
3574 3704 3725 3765 diffl-

2174 3792 2373 3853 cultas
2405 3800 2571 3855 tacta
2598 3795 2659 3854 in
2702 3802 2877 3857 sexto
2915 3802 3287 3875 argumento
3316 3798 3395 3859 de
3422 3798 3725 3859 habitudi-

2172 3904 2253 3948 ne
2280 3886 2469 3966 hujus
2498 3888 2935 3969 dependentiae
2986 3891 3069 3952 ad
3113 3909 3251 3952 rem
3294 3892 3715 3964 materialem:

2175 3980 2509 4042 dicendum
2544 3994 2642 4044 est
2667 3985 2859 4059 enim,
2891 4002 2969 4045 ex
2994 3984 3057 4045 vi
3087 4002 3213 4045 suae
3242 3988 3503 4047 rationis
3532 3987 3721 4066 speci-

2172 4072 2307 4135 ficae
2339 4076 2618 4154 praecise,
2654 4078 2967 4157 respicere
3006 4096 3202 4156 agens
3250 4080 3718 4141 instrumentale

2172 4186 2287 4247 por
2326 4170 2670 4249 potentiam
2700 4171 3223 4244 obedientialem;
3261 4174 3433 4252 quod
3464 4191 3617 4236 vero
3651 4174 3719 4234 il-

2172 4260 2281 4321 lud
2318 4263 2397 4322 sit
2426 4280 2823 4344 corporeum,
2858 4282 2970 4343 per
3002 4266 3294 4327 accidens
3324 4273 3421 4327 est
3442 4268 3525 4327 ad
3544 4268 3717 4328 talem

2171 4356 2523 4434 specificam
2562 4357 2891 4433 rationem,
2921 4366 2983 4420 et
3006 4377 3135 4421 non
3160 4366 3255 4424 est
3282 4360 3719 4423 inconveniens

2172 4450 2338 4529 quod
2394 4451 2473 4512 ad
2516 4450 3073 4515 individuationem
3114 4454 3256 4516 talis
3296 4454 3717 4537 dependentiae

2170 4546 2366 4624 possit
2395 4546 2651 4625 requiri.

2253 4640 2388 4703 10¹2.
2440 4640 2616 4700 Addo
2650 4658 2798 4702 vero
2821 4642 3077 4716 ultimo,
3100 4644 3348 4705 etiamsi
3376 4644 3599 4707 demus
3625 4660 3717 4704 ac·

2170 4732 2373 4792 tiones
2421 4733 2559 4794 illas
2604 4752 2719 4813 per
2764 4734 3252 4799 instrumentum
3290 4740 3615 4801 materiale
3660 4742 3717 4798 et

2171 4825 2492 4903 spirituale
2536 4827 2699 4888 inter
2740 4846 2807 4889 se
2846 4828 3058 4909 specie
3094 4831 3383 4907 differre,
3424 4850 3553 4893 non
3587 4848 3712 4893 esse

2170 4916 2619 4980 inconveniens
2648 4921 2906 4982 modum
2936 4922 3210 5001 aliquem
3241 4924 3621 5007 spiritualem
3644 4940 3713 4984 ex

2173 5010 2463 5091 specifica
2497 5014 2741 5076 ratione
2770 5034 2883 5077 sua
2924 5016 3133 5079 dicere
3180 5018 3585 5081 intrinsecam
3612 5020 3715 5078 ha-

2172 5104 2521 5167 bitudinem
2570 5108 2651 5168 ad
2678 5126 2811 5169 rem
2840 5110 3266 5190 materialem3
3318 5126 3467 5174 nam
3493 5157 3508 5186 ,
3538 5114 3589 5173 si
3616 5128 3713 5171 ve-

2170 5216 2311 5260 rum
2364 5206 2458 5261 est
2510 5200 2882 5279 phantasma
2933 5221 3073 5265 esse
3120 5206 3602 5269 instrumentum
3642 5202 3713 5264 ad

2172 5292 2645 5373 producendam
2686 5296 2963 5374 speciem
3004 5297 3484 5378 intelligibilem,
3524 5299 3588 5360 id
3614 5314 3707 5357 ne·

2172 5388 2443 5448 cessario
2486 5386 2820 5449 dicendum
2868 5390 2987 5451 erit
3032 5390 3113 5452 de
3164 5392 3579 5472 dependentia
3606 5405 3704 5452 seu

2169 5482 2413 5541 actione
2442 5498 2556 5561 per
2592 5500 2779 5560 quam
2810 5482 2951 5544 talis
2988 5484 3231 5564 species
3258 5484 3327 5547 fit
3348 5532 3368 5565 ,
3416 5492 3497 5556 et,
3538 5484 3587 5546 si
3615 5498 3703 5543 vc-

2166 5592 2308 5635 rum
2339 5576 2433 5637 est
2464 5574 2835 5639 relationem
2863 5576 3201 5641 identitatis
3226 5580 3533 5659 genericae
3558 5581 3703 5639 inter
