3892 6167
1428 347 1747 402 DISPUTAT.
1780 347 1950 404 xLul.
1985 351 2154 408 SECT.
2192 355 2229 409 Ι,

156 437 407 503 modo
426 439 725 506 christus·
748 459 947 525 capax
974 446 1267 527 praecepti
1288 447 1483 511 fuerit
1505 492 1521 521 ,
1555 454 1621 510 et
1647 449 1790 529 qui-

154 529 311 593 hus
341 537 703 617 praeccptis
728 535 1278 618 fuerit-'subjectum
1310 547 1375 602 ct
1400 539 1629 604 deinde
1654 559 1785 604 mo·

154 625 357 688 dum
406 629 717 710 loquendi
744 627 1022 694 breviter
1056 632 1533 713 explicabimus.

852 816 1073 872 ssent)
1102 819 1147 872 1.

170 949 416 1009 Utrum
445 928 697 1012 Christus
721 955 987 1014 Dominus
1004 959 1181 1034 suerit
1203 975 1385 1032 capax
1400 963 1669 1036 proeccpti
1692 963 1785 1020 cui

772 1047 913 1099 esset
940 1039 1232 1117 subjectus.

262 1207 297 1264 1
316 1251 339 1266 .
402 1202 591 1267 ilatio
620 1205 950 1269 dubitandi
977 1211 1103 1282 est,
1146 1209 1291 1290 quia
1319 1215 1634 1290 praecepta
1668 1210 1781 1271 ha·

158 1295 355 1358 bont
388 1297 530 1360 vim
560 1301 927 1377 coactivam,
955 1301 1126 1364 unde
1166 1301 1321 1364 illud
1348 1301 1583 1365 directe
1616 1301 1781 1365 cadit

161 1385 310 1450 snb
344 1401 780 1475 praeceptum,
800 1394 880 1457 ad
905 1394 1074 1474 quod
1098 1395 1201 1458 lex
1218 1395 1407 1476 cogit,
1432 1402 1502 1459 ut
1524 1395 1595 1459 D.
1618 1395 1782 1457 Tho·

158 1491 335 1545 mas
364 1483 589 1561 docet,
622 1489 682 1549 1.
710 1490 773 1560 2,
805 1504 867 1565 q.
899 1487 1002 1564 90,
1034 1493 1152 1550 art.
1187 1489 1249 1563 3,
1276 1487 1359 1550 ad
1374 1490 1437 1554 2,
1466 1495 1530 1551 et
1550 1505 1615 1568 q.
1638 1489 1779 1562 100,

162 1581 311 1637 art.
354 1579 445 1651 9;
474 1583 539 1640 et
567 1575 709 1640 ideo
730 1579 939 1642 nullus
962 1587 1168 1660 potest
1197 1581 1520 1662 imponere
1548 1582 1779 1662 legem,

162 1669 313 1729 nisi
366 1669 491 1750 qni
521 1677 894 1750 potestatem
924 1673 1117 1736 habet
1145 1675 1484 1737 coactivam
1502 1721 1523 1752 ,
1553 1682 1625 1737 ut
1653 1673 1785 1737 effi·

168 1763 456 1825 caciter
478 1765 673 1844 possit
694 1764 997 1829 inducere
1047 1767 1125 1830 ad
1158 1767 1664 1831 observationem
1692 1769 1781 1830 le-

170 1855 335 1934 gis;
376 1875 537 1938 ergo
580 1857 903 1921 solus·ille
938 1867 1033 1923 est
1060 1879 1259 1942 capax
1307 1863 1634 1942 praecepti,
1674 1861 1781 1941 qui

168 1947 403 2010 subdi
424 1953 629 2030 potest
657 1951 867 2015 virtuti
888 1955 1185 2016 coactivas
1202 1977 1221 2029 3
1241 1953 1364 2016 hoc
1384 1959 1597 2017 autem
1613 1954 1783 2017 Chri-

170 2045 287 2102 sto
352 2049 713 2124 repugnat3
760 2061 935 2126 ergo.
992 2047 1413 2110 confirmatur
1438 2047 1642 2128 primo
1670 2093 1686 2123 ,
1720 2054 1783 2111 et

174 2134 589 2214 explicatur,
638 2138 789 2217 quia
835 2139 1131 2220 obligatio
1180 2141 1475 2221 praecepti
1521 2141 1785 2204 includit

176 2226 383 2288 hane
432 2228 714 2291 divinam
769 2231 1355 2300 comminationem,
1386 2235 1451 2296 Si
1490 2235 1612 2296 hoc
1652 2251 1783 2296 non

180 2317 472 2394 feceris,
508 2322 635 2383 eris
658 2323 835 2384 mihi
864 2325 1177 2388 inimicus.
1210 2326 1337 2390 Sed
1360 2328 1496 2389 haec
1530 2326 1782 2388 morali·

181 2417 302 2473 ter
336 2413 484 2475 fieri
529 2430 660 2475 non
681 2423 915 2495 “petest
959 2417 1082 2480 nisi
1126 2418 1207 2481 ad
1258 2437 1404 2481 eum
1438 2417 1549 2501 qui
1574 2423 1781 2500 potest

184 2503 351 2566 fieri
404 2506 701 2569 inimicus
720 2553 736 2582 ,
768 2510 941 2589 qnod
971 2509 1215 2574 Christo
1241 2519 1589 2593 repugnat;
1625 2523 1779 2592 ergo

191 2598 506 2660 similiter
542 2599 633 2662 illi
674 2610 987 2682 repugnat
1014 2622 1165 2666 vera
1212 2623 1287 2667 ac
1324 2606 1577 2686 propria
1622 2605 1777 2668 obli·-

192 2693 389 2770 gatio
422 2692 579 2772 legis
608 2701 672 2756 et
693 2697 1008 2777 praecepti.
1039 2699 1218 2763 Unde
1248 2697 1656 2761 confirmatur
1682 2718 1780 2763 se·

190 2784 425 2846 cundo
447 2831 465 2860 ,
496 2787 645 2864 quia
673 2787 949 2851 Christus
992 2795 1087 2852 est
1114 2791 1539 2872 impeccabilis
1568 2793 1651 2854 ab
1678 2794 1780 2853 in-

194 2879 515 2955 trinsece,
542 2884 607 2942 et
636 2897 717 2942 ex
757 2887 985 2944 natura
1022 2901 1169 2958 sna;
1199 2903 1351 2966 ergo
1392 2903 1522 2947 non
1552 2891 1648 2949 est
1675 2903 1783 2947 ca·-

198 2989 339 3051 pax
364 2974 681 3053 praeeepti.
716 2975 893 3039 Patet
920 2978 1395 3056 consequentia,
1440 2979 1590 3058 quia
1628 2995 1783 3059 pree-

204 3069 475 3142 ceptum
522 3065 758 3146 obligat
802 3069 923 3131 sub
959 3075 1139 3132 reatu
1184 3070 1421 3150 culpse;
1460 3071 1594 3133 hoec
1629 3089 1783 3134 vero

206 3156 525 3237 obligatio
550 3177 679 3220 non
706 3162 879 3225 cadit
902 3164 1020 3225 nisi
1052 3165 1119 3225 in
1146 3183 1293 3227 eum
1322 3164 1432 3243 qui
1462 3171 1556 3226 cst
1584 3181 1782 3245 capax

204 3249 445 3329 culpa.
467 3251 747 3315 Tandem
766 3255 1195 3334 confirmatur,
1218 3257 1366 3336 quia
1384 3257 1665 3320 Christus
1684 3266 1780 3320 est

202 3361 551 3422 supremus
601 3345 929 3422 dominus:
968 3352 1159 3414 habet
1206 3369 1357 3431 ergo
1401 3355 1778 3431 potestatem

203 3437 622 3517 dispensandi
671 3441 735 3501 in
770 3443 951 3504 omni
988 3445 1160 3526 lege;
1191 3449 1439 3524 poterat
1476 3461 1629 3525 ergo
1678 3461 1779 3507 se-

204 3547 360 3590 cum
380 3531 753 3612 dispensare
778 3553 794 3608 ;
824 3553 955 3598 non
990 3555 1141 3617 ergo
1170 3538 1505 3618 obligatur.

289 3625 358 3684 2.
396 3625 659 3705 Propter
680 3629 819 3692 hoec
847 3631 1133 3692 nonnulli
1150 3631 1389 3711 opinati
1412 3636 1582 3706 sunt,
1608 3629 1777 3692 Chri-

204 3723 380 3777 stum
404 3733 534 3778 non
560 3735 701 3782 csse
722 3737 1017 3802 capacem
1042 3725 1354 3805 praecepti.
1378 3724 1779 3804 Distinguunt

207 3817 430 3870 tamen
450 3810 619 3874 inter
636 3821 1021 3894 praeceptum
1039 3824 1099 3879 et
1118 3817 1511 3889 mandatum,
1528 3823 1600 3878 nt
1619 3833 1779 3896 proe·

208 3909 468 3982 ceptum
514 3905 595 3966 sit
620 3923 770 3968 vera
802 3907 929 3982 lex,
959 3917 1191 3971 veram·
1208 3910 1655 3990 obligationem
1680 3910 1781 3970 in·-

208 3997 479 4070 dncens,
510 3998 691 4078 cnjus
738 4002 1159 4082 transgressio
1181 4003 1438 4082 justitiae
1467 4019 1582 4064 seu
1626 4002 1779 4063 obe-

206 4089 469 4151 dientioe
492 4091 806 4154 contraria
834 4095 951 4168 sit;
989 4095 1359 4158 mandatum
1400 4113 1553 4158 vero
1588 4095 1777 4157 latius

206 4187 409 4262 patet,
432 4189 496 4246 et
520 4185 827 4265 significat
850 4207 979 4250 nen
1004 4189 1209 4250 solum
1238 4191 1593 4268 rigon-osum
1619 4205 1780 4267 prae-

206 4283 487 4356 ceptum.
516 4278 629 4340 sed
651 4280 837 4342 etiam
862 4298 1308 4360 quamcunque
1338 4279 1774 4357 directionem,

210 4385 324 4429 seu
350 4369 663 4448 regulam,
692 4389 833 4451 quse
854 4373 1095 4453 aliquid
1118 4374 1399 4448 mandat,
1428 4391 1543 4435 seu
1570 4375 1781 4452 potius

210 4461 482 4536 ordinat,
500 4469 611 4524 aut
630 4466 1033 4528 commendat
1050 4473 1355 4546 tanquam
1368 4465 1775 4545 convenicae,

211 4573 325 4615 seu
356 4556 617 4630 melius3
646 4575 789 4635 quae
818 4559 1134 4622 distinctio
1158 4559 1645 4623 fundamentum
1664 4561 1779 4624 ha·

210 4647 323 4708 bet
347 4648 411 4708 in
442 4649 513 4711 D.
546 4651 769 4712 r[flium.
821 4655 881 4713 1.
924 4655 987 4728 2,
1020 4669 1083 4733 q.
1130 4655 1234 4730 99,
1270 4659 1387 4715 art.
1424 4656 1505 4731 53
1536 4651 1650 4714 ubi
1698 4671 1778 4716 ex

216 4741 475 4806 Hieron.
504 4744 724 4821 refert,
744 4745 813 4806 in
843 4748 1169 4828 praeceptis
1187 4765 1331 4812 esse
1354 4747 1685 4829 justitiam,
1710 4749 1775 4810 in

208 4836 526 4898 mandatis
570 4837 978 4914 charitatem3
1013 4841 1185 4921 quod
1222 4841 1460 4904 dictum
1506 4843 1775 4904 habetur

206 4928 271 4988 in
296 4929 525 4991 Glossa
560 4929 899 5009 ordinaria,
929 4934 997 4995 in
1023 4935 1333 5014 prooemio
1374 4935 1440 4997 in
1466 4935 1771 4999 Marcum.

208 5021 445 5086 Dicitur
462 5029 679 5084 autem
700 5029 1085 5106 proeceptum
1104 5027 1425 5090 continere
1439 5027 1771 5107 justitiam,

207 5115 359 5192 qnia
384 5115 665 5178 continet
684 5117 791 5195 jus
818 5119 1127 5198 superiori
1180 5119 1461 5189 debitum
1479 5165 1496 5194 ,
1541 5125 1606 5182 et
1636 5121 1777 5200 ejus

208 5207 607 5270 observantia
632 5209 712 5270 ad
739 5211 1177 5274 rectitudinem
1210 5230 1461 5276 morum
1484 5229 1773 5275 necessa-

204 5299 297 5359 ria
318 5305 446 5372 esu
466 5299 839 5364 mandatum
856 5321 1007 5365 vero
1032 5303 1260 5366 dicitur
1284 5305 1608 5368 continere
1630 5307 1775 5367 cha-

210 5391 485 5468 ritalem,
516 5395 667 5472 qaia
696 5395 833 5476 ejus
874 5395 1269 5460 observantia
1298 5417 1430 5462 non
1458 5403 1553 5462 est
1588 5399 1655 5460 in
1691 5399 1775 5461 ri-

215 5502 369 5562 gore
396 5489 749 5552 necessaria
770 5529 811 5567 ‚·
838 5508 957 5556 nec
994 5491 1295 5558 fundatur
1324 5493 1557 5574 injure
1586 5510 1773 5574 supe-

1866 451 2022 514 riori
2049 453 2286 530 debito,
2309 453 2422 516 'sed
2447 455 2514 516 in
2541 451 2816 533 quadam
2847 453 3117 516 amicitia
3144 471 3257 516 seu
3285 460 3426 538 p'er·

1864 543 2161 610 sectione.
2214 547 2414 610 Habet
2459 548 2658 612 ctiam,
2681 546 2814 608 haec
2859 546 3176 610 distinctio
3203 548 3426 612 funda-

1865 645 2151 703 mentum
2179 641 2246 702 in
2293 639 2541 722 Chrys„
2594 639 2944 722 Theophyl.
2973 688 2988 714 ,
3023 647 3086 703 et
3111 641 3249 703 aliis
3295 659 3428 704 sec·

1864 732 2036 795 tione
2065 733 2284 796 ultima
2312 734 2601 796 citandis,
2632 733 2860 796 Dicunt
2887 733 3078 814 igitur
3109 734 3426 797 Christum

1865 843 1995 888 non
2019 843 2158 888 esse
2187 829 2486 908 capacem
2514 827 2752 908 proprii
2779 827 3101 907 praecepti,
3124 827 3270 907 quia
3295 845 3421 889 non

1867 923 1963 980 est
1999 937 2198 1000 capax
2245 920 2514 1000 proprias
2559 919 2990 999 obligationis,
3036 923 3108 982 ut
3139 920 3424 982 rationes

1864 1011 2044 1074 factae
2069 1012 2363 1075 videntur
2386 1013 2694 1094 probare;
2726 1011 2946 1074 dicunt
2990 1017 3205 1074 tamen
3233 1013 3424 1074 fuisse

1864 1119 2160 1184 capacem
2209 1105 2534 1179 mandati,
2592 1112 2726 1168 tum
2770 1109 3026 1185 propter
3071 1106 3425 1167 testimonia

1863 1198 2326 1276 Scripturerum
2367 1198 2532 1260 infra
2579 1196 2826 1260 citanda
2854 1221 2874 1274 3
2929 1203 3064 1260 ium
3113 1199 3262 1278 quia
3309 1215 3428 1278 per

1862 1292 2122 1354 modum
2143 1291 2501 1356 directionis
2524 1293 2724 1374 potuit
2745 1293 3096 1373 intelligere
3115 1292 3265 1372 quid
3291 1293 3426 1355 Deo

1864 1391 2032 1448 esset
2063 1387 2322 1465 gratius,
2371 1391 2442 1448 ut
2495 1387 2652 1448 illud
2700 1387 2880 1466 quasi
2909 1386 3424 1450 commendatum

1863 1477 2128 1540 haberet
2155 1479 2236 1540 ad
2264 1479 2602 1541 volendum
2629 1485 2691 1540 et
2719 1478 3179 1557 exequendum.

1944 1571 2006 1632 3.
2057 1570 2220 1646 Quid
2241 1572 2622 1636 discriminis
2641 1572 2808 1636 iuteo·
2833 1571 3156 1634 consilium
3179 1576 3242 1634 et
3261 1589 3428 1654 proe·

1864 1670 2094 1744 ceptum
2119 1667 2414 1730 versetur.
2432 1696 2515 1712 -
2535 1663 2616 1726 Ut
2643 1670 2856 1727 tamen
2885 1667 3056 1726 certo
3081 1669 3323 1726 constet
3343 1661 3426 1725 de

1863 1775 1990 1836 quo
2013 1759 2092 1820 sit
2113 1758 2475 1838 disputatio,
2503 1776 2788 1840 suppono
2817 1758 3226 1839 quaestionem
3263 1759 3424 1820 hanc

1860 1851 2113 1912 tractari
2163 1852 2242 1913 de
2288 1853 2539 1934 proprio
2599 1857 2935 1932 praecepto,
2981 1857 3046 1914 ut
3085 1869 3124 1912 a
3165 1850 3424 1913 consilio

1865 1942 2292 2022 distinguitur,
2329 1951 2390 2007 et
2435 1950 2532 2008 est
2569 1963 2720 2006 vera
2747 1945 2850 2006 lex
2885 1943 3270 2023 superioris;
3303 1943 3425 2004 hoc

1864 2038 2035 2098 enim
2085 2055 2204 2099 vox
2251 2039 2390 2118 ipsa
2417 2039 2484 2100 in
2514 2039 2721 2118 rigore
2771 2037 3115 2117 significat;
3149 2044 3212 2099 et
3255 2036 3424 2099 idem

1864 2131 2174 2212 significat
2201 2150 2343 2210 vox,
2373 2121 2772 2210 mandatu*
2811 2137 2880 2194 ut
2913 2135 3158 2193 constat
3185 2149 3262 2193 ex
3291 2145 3427 2192 om-

1862 2225 2040 2286 nium
2093 2225 2454 2288 Latinorum
2486 2243 2647 2302 usu3
2680 2225 2802 2287 alia
2845 2226 3012 2287 enim
3054 2222 3424 2304 significatio

1862 2321 2073 2381 minus
2101 2320 2355 2400 propria
2405 2325 2499 2382 est
2539 2327 2602 2382 et
2649 2337 2778 2382 non
2822 2317 2985 2380 adeo
3031 2319 3284 2379 usitata.
3319 2319 3426 2378 Est

1862 2417 2074 2474 autem
2101 2412 2180 2472 de
2205 2413 2448 2474 ratione
2479 2412 2712 2492 proprii
2743 2411 3040 2491 praecepti
3081 2417 3144 2471 et
3169 2409 3328 2490 legis
3353 2413 3425 2469 ut

1862 2504 2311 2584 obligationem
2336 2505 2615 2582 inducat,
2647 2521 2788 2586 quse
2818 2505 3116 2586 obligatio
3145 2503 3424 2566 necessi-

1859 2598 2006 2659 tatis
2029 2597 2344 2661 interdum
2373 2599 2746 2680 appellatur,
2765 2605 2828 2661 et
2848 2599 3152 2671 debitum,
3183 2601 3252 2658 ut
3275 2613 3424 2658 con-

1858 2696 1982 2753 stat
2013 2709 2092 2752 ex
2119 2693 2191 2753 D.
2221 2692 2462 2754 Thoma
2505 2696 2562 2755 1.
2595 2696 2657 2766 2,
2690 2710 2752 2771 q.
2783 2693 2868 2754 90
2889 2737 2905 2765 ,
2937 2698 3054 2753 art.
3085 2694 3124 2751 4
3145 2737 3166 2767 ,
3197 2688 3304 2751 ubi
3331 2689 3420 2751 ait

1859 2802 2000 2845 esse
2025 2785 2348 2864 proprium
2375 2785 2534 2865 legis
2561 2786 2794 2848 habere
2817 2785 3111 2847 virtutem
3139 2783 3422 2864 obligan-

1860 2878 1951 2954 di,
1979 2885 2042 2940 et
2071 2881 2133 2940 2.
2165 2883 2228 2951 2,
2273 2897 2338 2958 q.
2377 2881 2518 2953 104,
2551 2885 2666 2942 art.
2699 2883 2763 2955 4,
2808 2883 2848 2942 5
2877 2885 2942 2941 et
2985 2881 3046 2952 6,
3079 2879 3164 2939 ait
3193 2893 3421 2958 praece-

1862 2976 2042 3052 ptum
2089 2971 2414 3035 includere
2441 2973 2784 3052 quamdam
2807 2973 3064 3052 justitiae
3089 2970 3424 3033 necessita·-

1863 3071 2022 3138 tem;
2055 3069 2117 3126 et
2145 3065 2310 3126 idem
2337 3065 2647 3144 significat
2673 3065 2794 3128 hac
2817 3067 2856 3128 3
2883 3083 2975 3146 p.,
3003 3083 3065 3143 q.
3089 3067 3191 3136 47,
3209 3067 3331 3124 art.
3353 3065 3416 3136 2,

1864 3157 1945 3221 ad
1973 3158 2347 3220 secundum.
2384 3159 2554 3220 Idem
2601 3159 2794 3239 cajet.
2827 3160 2888 3219 2.
2939 3161 3002 3235 2,
3031 3175 3097 3236 q.
3127 3159 3268 3232 104,
3297 3161 3416 3217 art.

1863 3257 1923 3328 1,
1974 3253 2056 3313 ad
2098 3252 2291 3314 finem
2316 3267 2336 3328 ;
2365 3253 2672 3330 Dat-and„
2701 3254 2766 3315 in
2820 3257 2877 3328 1,
2911 3252 3052 3316 dist.
3086 3253 3188 3328 37.
3215 3267 3283 3330 q.
3314 3251 3418 3326 40,

1859 3365 1926 3408 n.
1964 3348 2042 3408 14
2086 3353 2148 3409 et
2177 3350 2275 3409 15.
2308 3349 2383 3410 Et
2426 3365 2463 3408 a
2503 3347 2831 3427 posteriori
2861 3347 3239 3416 declaratur,
3271 3343 3422 3422 quia

1859 3457 1987 3500 non
2015 3445 2110 3502 est
2134 3440 2307 3501 alind
2329 3441 2397 3501 in
2425 3457 2550 3520 quo
2579 3441 2777 3520 possit
2801 3446 3182 3520 praeceptum
3212 3454 3250 3498 a
3275 3453 3422 3498 con—

1856 3532 1996 3594 silio
2041 3531 2362 3613 distingui,
2408 3534 2756 3612 praesertim
2799 3533 3054 3612 quando
3081 3531 3166 3594 ab
3191 3528 3420 3592 eodem

1856 3625 2216 3706 legislatore
2241 3626 2343 3688 vel
2370 3626 2753 3701 consultore,
2777 3627 2910 3689 Deo
2937 3625 3262 3699 nimirum,
3285 3639 3420 3684 ma·

1858 3726 2032 3782 nant.
2067 3721 2223 3782 Nam
2250 3737 2366 3799 per
2393 3719 2724 3782 consilium
2771 3723 2942 3782 Deus
2969 3718 3180 3799 dirigit
3223 3716 3421 3778 alium

1858 3813 1940 3876 ad
1979 3813 2044 3875 id
2071 3813 2430 3876 faciendum
2461 3814 2632 3893 quod
2662 3814 2951 3889 consulit,
3009 3813 3194 3892 eique
3235 3827 3422 3872 suum

1852 3907 2164 3987 ,iudicium
2195 3907 2577 3982 manitestat,
2609 3907 2780 3986 quod
2807 3907 2872 3970 id
2900 3907 3126 3970 melius
3154 3923 3296 3968 esse
3318 3905 3418 3984 ju-

1861 4001 2068 4075 dicat3
2101 4001 2226 4062 imo
2272 4007 2338 4063 et
2383 4019 2566 4061 suam
2593 4001 2976 4064 voluntatem
3005 4000 3088 4062 ad
3125 4000 3188 4061 id
3217 3999 3421 4077 magis

1860 4111 2240 4175 propensam
2279 4093 2588 4167 ostendit;
2639 4093 2968 4174 solumque
3021 4093 3230 4158 deficit
3257 4111 3293 4154 a
3319 4109 3423 4155 ra-

1855 4190 2030 4252 tione
2071 4188 2380 4268 pmcepti,
2411 4187 2562 4266 quia
2590 4205 2708 4268 per
2735 4187 3068 4250 consilium
3095 4205 3225 4250 non
3269 4185 3422 4248 inti-

1857 4289 1992 4343 mat
2017 4282 2184 4344 Deus
2235 4281 2480 4344 homini
2531 4281 2724 4344 talem
2775 4281 3166 4344 voluntatem
3213 4297 3416 4356 suam,

1859 4391 1987 4452 qua
2037 4375 2186 4437 velit
2231 4375 2408 4437 illum
2475 4375 2756 4457 obligare
2813 4375 2896 4436 ad
2943 4374 3013 4436 id
3060 4374 3420 4438 faciendum

1858 4468 2033 4549 quod
2061 4469 2368 4544 consulit;
2401 4487 2554 4551 crgo
2585 4472 2716 4532 haec
2744 4467 3034 4532 voluntas
3063 4475 3158 4530 est
3201 4467 3284 4530 de
3317 4486 3422 4530 ra·-

1859 4565 2030 4626 tione
2079 4563 2262 4642 legis,
2288 4565 2422 4628 sive
2445 4564 2512 4624 in
2559 4564 2668 4626 illa
2695 4563 2994 4626 consistat
3045 4561 3416 4636 formaliter,

1858 4657 1990 4718 sive
2020 4662 2265 4718 tantum
2307 4657 2388 4719 sit
2415 4656 2596 4720 radix
2643 4664 2708 4719 et
2756 4655 2936 4734 quasi
2987 4655 3198 4715 anima
3225 4653 3420 4734 legis3

1856 4751 1952 4812 vis
1975 4767 2128 4830 ergo
2167 4749 2512 4830 obligandi,
2543 4754 2606 4813 ct
2629 4749 2966 4812 inducendi
2997 4747 3278 4812 debitum
3307 4763 3422 4808 seu

1856 4842 2307 4923 obligationem
2337 4848 2432 4907 est
2459 4843 2540 4906 de
2581 4842 2826 4904 ratione
2851 4841 3034 4922 legis.
3064 4839 3270 4918 Atque
3300 4839 3422 4902 hoc

1857 4935 2047 4997 modo
2073 4936 2462 5016 distinguere
2491 4935 2739 5000 videtur
2769 4934 3098 4997 consilium
3121 4951 3160 4994 a
3187 4950 3422 5014 praece-

1856 5034 1966 5108 pto
1995 5030 2245 5103 Paulus,
2279 5033 2308 5091 1
2344 5030 2484 5092 Cor.
2513 5033 2591 5105 73
2617 5047 2762 5091 cum
2791 5028 2962 5090 enim
2996 5026 3296 5089 dixisset:
3329 5027 3422 5090 Do

1855 5123 2200 5206 viminibus
2227 5127 2592 5203 precaeptum
2631 5122 2882 5184 Domini
2909 5139 3028 5184 non
3053 5119 3252 5194 habeo,
3285 5137 3422 5182 con·

1853 5215 2068 5279 silium
2095 5217 2428 5290 ammeio,
2460 5215 2671 5277 subdit
2709 5213 3013 5276 inferius:
3045 5215 3166 5288 Qua·
3198 5211 3423 5275 statuit

1854 5307 1925 5370 in
1950 5307 2119 5372 corde
2141 5325 2276 5384 m,
2299 5325 2422 5370 non
2448 5309 2669 5371 habene
2687 5307 3100 5371 necessitatem
3115 5349 3134 5378 ,
3157 5303 3415 5376 scilicet,

1856 5417 2046 5479 quam
2103 5407 2484 5482 praeceptum
2511 5397 2792 5476 inducit,
2817 5403 3170 5481 potestatem
3221 5399 3422 5462 autem

1856 5511 1984 5561 sua
2003 5493 2336 5560 vomuisti-5
2353 5538 2375 5570 ‚
2407 5493 2668 5570 scilicet,
2693 5491 2963 5572 eligendi
2985 5489 3052 5552 itl
3073 5487 3243 5573 quod
3273 5505 3418 5552 con·-
