3892 6167
1406 337 1729 393 msrunr.
1762 334 1884 391 uv.
1918 336 2092 391 sscT.
2124 338 2240 393 m.·

186 436 341 503 zim-
368 434 555 501 ilh‘ce
586 440 859 501 auctoru
892 436 1307 517 respondeant.
1344 468 1425 487 -
1460 439 1587 503 Sed
1610 438 1765 519 quid

184 530 485 593 dicemus
510 530 593 593 ad
624 529 1159 613 historiographos
1182 530 1525 597 referentes
1558 535 1765 615 Syno-

184 626 349 687 dum
378 624 743 689 Francofor.
770 623 1105 687 damnasse
1130 626 1241 689 VII
1262 625 1619 691 Graecorum
1648 627 1763 708 Sy·

184 720 441 783 nodum
455 724 485 783 1⁶2
521 720 925 799 Respondent
966 720 1207 785 Alanus
1229 767 1247 796 ,
1292 722 1647 799 Sanderus,
1699 727 1762 785 et

186 814 444 889 Serius,
474 832 593 894 per
612 815 721 877 VII
750 814 1079 894 Synodum
1098 832 1229 903 non
1256 816 1609 895 intelligere
1635 816 1763 879 his·

182 908 638 990 toringi-aphes
676 910 733 973 11
774 909 1091 974 Nicaenam
1110 955 1127 986 ,
1170 910 1285 975 sed
1328 910 1763 992 pseudosyno-

180 1000 349 1063 dum
366 1002 1145 1085 constantinopolitanam,
1167 1022 1309 1083 quae
1326 1005 1445 1067 sub
1464 1005 1763 1069 Constan-

179 1095 325 1157 tino
368 1095 767 1177 Coptonymo
790 1142 809 1175 ,
860 1098 943 1161 ab
975 1098 1409 1161 lconomachis
1446 1098 1764 1161 celebrata

180 1194 285 1250 est
310 1235 328 1263 ,
374 1207 575 1269 quam
606 1191 1030 1255 universalem
1058 1197 1123 1256 et
1150 1192 1259 1255 VII
1288 1192 1615 1273 Synodum
1645 1184 1766 1273 ipsi

176 1283 631 1363 appellarunt,
663 1291 737 1347 ut
768 1285 961 1349 refert
992 1286 1271 1349 Zonaras
1291 1331 1313 1363 ,
1360 1286 1425 1347 in
1452 1286 1579 1349 vita
1609 1287 1766 1349 Con-

178 1378 477 1451 stantini,
506 1384 575 1441 et
592 1384 838 1441 constat
866 1396 943 1441 ex
968 1380 1023 1441 II
1048 1379 1303 1461 Synodo
1330 1380 1606 1455 Nicaeae,
1636 1386 1755 1443 act.

179 1473 219 1529 Ἰ
236 1516 261 1544 ,
303 1471 419 1533 ubi
456 1476 589 1535 tota
616 1472 723 1535 illa
760 1472 1055 1553 synodus
1098 1490 1179 1535 ex
1220 1473 1509 1555 professo
1552 1474 1761 1554 impu·

178 1572 425 1644 guntur
450 1569 516 1629 et
538 1566 865 1643 refellitur,
898 1573 965 1629 et
987 1584 1197 1647 neque
1223 1568 1619 1644 universalia,
1651 1586 1760 1631 ne·

176 1678 315 1740 que
338 1679 497 1723 vera
526 1662 818 1743 synodus
860 1663 1057 1726 fuisse
1098 1664 1565 1727 demonstratur
1582 1706 1599 1738 ‚
1644 1664 1757 1727 sed

176 1754 483 1833 profana,
522 1761 587 1818 et
610 1756 991 1833 adulterina,
1034 1758 1183 1839 quia
1216 1774 1401 1840 nequo
1426 1757 1642 1822 habuit
1668 1776 1757 1822 co·

178 1849 539 1930 operar-ium
562 1895 581 1924 ,
614 1857 687 1911 ut
712 1850 797 1912 ihi
826 1851 1053 1915 dicitur
1070 1898 1087 1927 ,
1118 1851 1463 1917 &manum
1490 1852 1751 1933 Papam,

176 1961 373 2024 mque
396 1942 579 2009 illius
608 1944 965 2012 Sacerdotes
996 1992 1015 2021 ‚
1060 1964 1247 2029 nequo
1280 1964 1393 2028 por
1430 1947 1709 2014 Viam-ios
1727 1992 1749 2024 ‚

174 2054 369 2119 neque
392 2056 507 2122 per
530 2039 949 2118 Provinciam
972 2041 1237 2115 litteras,
1264 2042 1751 2123 quamadmodum

178 2133 329 2209 fieri
344 2133 419 2196 in
445 2127 721 2213 Syma&
742 2134 927 2199 debet.
957 2136 1185 2217 Nem
1196 2135 1617 2200 eonem-mm
1636 2136 1755 2200 sibi

180 2224 405 2290 Ῐιαόαἰέ
432 2226 709 2295 Gumis
738 2228 1174 2305 Patrius-chae,
1198 2235 1317 2293 etc.
1345 2228 1573 2291 Dicunt
1600 2248 1754 2311 ergo

182 2317 479 2396 praed-icti
525 2326 853 2397 auctores,
888 2322 1425 2402 historiographos
1466 2322 1639 2401 loqui
1678 2322 1756 2385 de

182 2413 289 2473 vn
317 2413 841 2494 pseudosynodo,
870 2433 1015 2477 cum
1054 2415 1365 2493 referunt,
1390 2416 1752 2479 Francofor.

184 2508 543 2571 Concilium
602 2510 945 2589 quamdam
1014 2511 1343 2591 synodum
1399 2512 1755 2575 Graecorum

188 2602 541 2665 damnasse.
572 2604 718 2665 Haec
738 2622 889 2667 vero
910 2606 1237 2685 responsio
1258 2622 1335 2667 ex
1354 2606 1567 2669 verbis
1585 2606 1754 2685 ipso·-

182 2712 323 2757 rum
368 2695 1023 2777 historiographorum
1072 2714 1375 2777 magnam
1418 2698 1751 2761 difficulta-

176 2794 308 2851 tem
336 2790 599 2869 patitur,
628 2808 781 2853 nam
806 2792 1041 2871 apertis
1062 2791 1273 2855 verbis
1300 2791 1635 2871 designare
1660 2792 1753 2854 vi·-

176 2881 417 2945 dentur
462 2884 785 2947 Nicaensm
828 2884 1179 2966 synodum.
1232 2886 1391 2949 Nam
1444 2886 1751 2966 imprimis

174 2981 403 3039 auctor
450 2976 782 3053 librorum,
830 2978 939 3057 qui
986 2976 1213 3043 Carolo
1278 2976 1745 3056 attribuuntur,

174 3071 239 3131 in
257 3070 635 3149 praefatione
654 3078 998 3148 asseverat,
1018 3073 1379 3135 Graecorum
1394 3072 1745 3152 synodum,

170 3180 377 3241 quam
410 3164 493 3227 de
532 3165 873 3227 adorandis
900 3166 1282 3244 imaginibus
1317 3166 1605 3229 fecerunt
1623 3210 1645 3241 ,
1680 3167 1747 3227 in

171 3259 467 3321 medium
490 3260 727 3341 Synodi
750 3261 1007 3343 (scilicet
1034 3261 1633 3341 Francofordiensis)
1660 3261 1746 3323 al-

166 3352 369 3415 latam
386 3372 557 3431 esse,
578 3361 767 3435 atque
790 3355 1152 3417 damnatam
1172 3374 1187 3428 ;
1216 3354 1511 3435 Synodus
1532 3360 1743 3417 autem

166 3444 537 3509 Graecorum
558 3466 673 3527 pro
700 3448 1043 3511 adorandis
1068 3448 1451 3528 imaginibus
1472 3466 1604 3511 uon
1626 3448 1743 3511 fuit

167 3539 863 3621 constantinopolitana
886 3587 909 3618 ,
956 3542 1073 3604 sed
1098 3542 1368 3605 Nicaena.
1424 3541 1735 3616 Secunde,

164 3633 545 3695 Hincmarus
588 3635 963 3698 Rhemensis
985 3682 1005 3712 ,
1048 3636 1209 3698 libro
1254 3648 1475 3699 contra
1521 3635 1739 3699 sandi-

162 3742 459 3802 nensem,
488 3733 562 3791 ut
586 3728 781 3793 refert
802 3730 1063 3806 Alanus,
1094 3748 1211 3792 seu
1238 3736 1459 3793 contra
1492 3729 1739 3793 Laudu-

164 3838 460 3897 nensem,
489 3828 563 3885 ut
592 3824 785 3886 refert
810 3823 1249 3898 Bellarminus,
1296 3843 1353 3886 c.
1382 3826 1483 3899 20,
1516 3830 1736 3903 aperte

165 3912 317 3976 dicit
346 3914 521 3977 illam
552 3918 878 3998 Synodum
906 3917 1125 3979 Nicaeae
1154 3934 1293 3979 esse
1320 3918 1599 3980 habitam
1616 3964 1631 3986 .
1672 3922 1737 3981 et

162 4008 231 4069 in
250 4010 543 4087 generali
568 4010 823 4091 Synodo
846 4012 913 4072 in
932 4012 1195 4073 Francia
1214 4011 1429 4073 habita
1452 4018 1735 4092 tempore

161 4103 371 4165 Caroli
402 4104 621 4185 Magni
648 4104 845 4167 fuisse
880 4106 1133 4185 penitus
1176 4104 1554 4169 abdicatam.
1587 4107 1736 4169 Haec

162 4202 381 4259 autem
428 4198 725 4278 Synodus
767 4200 833 4260 in
881 4200 1145 4262 Francia
1189 4217 1321 4262 non
1356 4200 1557 4281 potuit
1594 4218 1735 4263 esse

162 4292 287 4353 alia
315 4292 443 4355 nisi
468 4294 1071 4357 Francofordiensis.
1112 4295 1348 4370 Tertia,
1382 4296 1730 4370 AimoinuS,

160 4386 271 4449 lib.
298 4392 343 4448 4
372 4386 457 4448 de
482 4388 677 4468 gestis
702 4388 1113 4465 Francorum,
1139 4406 1197 4451 c.
1229 4392 1333 4463 85,
1364 4387 1533 4461 dicit,
1562 4390 1735 4450 illam

160 4480 497 4559 Synodum
522 4482 885 4545 Graecorum
898 4527 923 4559 ,
964 4498 1107 4561 quae
1135 4480 1205 4543 in
1232 4481 1591 4545 Francofor.
1623 4483 1735 4544 ab·

160 4573 370 4635 dicata
422 4580 543 4649 est,
583 4581 1039 4657 congregatam
1083 4592 1224 4637 esse
1264 4574 1385 4638 sub
1425 4576 1629 4652 Irene,
1674 4582 1737 4639 et

160 4670 599 4745 Constantino,
629 4670 761 4733 filio
788 4672 927 4752 ejus
951 4691 967 4747 ;
993 4670 1106 4733 illa
1130 4688 1283 4733 vero
1306 4671 1599 4753 Synodus
1616 4671 1737 4734 fuit

156 4763 444 4840 Nicaena,
472 4782 625 4826 nam
650 4765 847 4827 altera
872 4763 1398 4846 pseudosynodus
1424 4764 1731 4827 Constan-

164 4857 371 4936 tinop.
404 4858 611 4920 multo
630 4858 809 4939 prius
834 4856 1042 4921 fuerat
1068 4862 1449 4937 congregata
1478 4858 1597 4919 sub
1618 4855 1733 4920 Co·

156 4968 519 5033 pronymo;
556 4958 621 5016 et
664 4952 835 5015 idem
862 4952 1015 5015 dicit
1056 4952 1269 5015 Abbas
1292 4952 1729 5033 Uspergensis,

154 5045 221 5105 in
244 5046 489 5110 Chron.
520 5064 671 5110 ann.
706 5048 847 5109 793.
882 5046 1113 5118 Quarto
1135 5092 1157 5121 ,
1200 5047 1479 5125 Regino,
1520 5046 1629 5109 lib.
1660 5050 1725 5123 2,

152 5157 305 5201 ann.
343 5143 495 5217 794,
524 5140 699 5218 dicit,
748 5142 1080 5222 Synodum
1109 5140 1497 5215 Graecorum,
1536 5156 1729 5218 quam

152 5251 267 5311 pro
300 5234 644 5295 adorandis
671 5234 1055 5316 imaginibus
1082 5234 1387 5305 fecerant,
1422 5233 1725 5312 rejectam

3291 337 3412 399 615

1842 435 1964 501 hus
1991 438 2192 501 recisa
2223 456 2388 503 esse.
2418 438 2668 516 Quinto,
2691 439 2848 518 Ado,
2877 437 2945 503 in
2963 440 3221 521 Chi-on„
3253 460 3406 510 ann.

1842 534 1984 608 792,
2013 534 2100 597 sic
2129 534 2260 599 ait:
2295 533 2427 601 Sed
2445 537 2932 617 pseudoaeynoaue
2947 581 2964 612 ,
2996 555 3178 619 quam
3225 540 3412 621 repti-

1840 644 2006 691 mam
2033 627 2238 695 Groeci
2269 628 2604 711 appellant,
2629 646 2745 711 pro
2773 628 3098 697 amandis
3123 628 3409 715 imaqiaei-

1845 720 1974 793 bu,
1993 721 2278 786 abdicata
2295 723 2560 801 penitus.

1922 817 2024 879 33.
2055 813 2211 880 Alia
2231 820 2512 897 praefatoe
2537 816 2887 897 objectionis
2918 817 3410 885 solatia—Pro·

1843 911 1983 989 pter
2003 910 2143 975 haec
2161 909 2550 991 respondent
2572 909 2678 973 alii
2695 909 2976 987 fatendo,
3001 912 3070 973 iu
3091 912 3188 975 his
3209 914 3412 977 omni·

1841 1003 1964 1065 bus
1991 1002 2264 1067 historiis
2283 1020 2644 1067 sermonem
2671 1020 2810 1067 esse
2840 1003 2920 1067 de
2949 1004 3000 1067 11
3029 1006 3284 1086 Synodo
3311 1007 3412 1071 Ni-

1848 1114 2046 1175 caena,
2073 1097 2306 1161 falsum
2333 1103 2548 1161 tamen
2576 1116 2718 1161 esse
2748 1098 2918 1178 quod
2943 1099 3261 1177 referunt,
3283 1102 3410 1165 sci-

1844 1190 2014 1265 licet,
2063 1192 2378 1257 Nicoenam
2419 1191 2748 1274 Synodum
2785 1210 2824 1255 a
2864 1192 3412 1259 Francofordiensi

1844 1284 2038 1349 fuisse
2061 1285 2470 1361 damnatam3
2509 1286 2908 1349 occasionem
2939 1293 3148 1351 autem
3181 1291 3416 1353 erroris

1842 1379 2042 1443 fuisse
2067 1381 2245 1443 aiunt
2262 1424 2284 1457 ,
2329 1380 2484 1459 quia
2511 1381 2890 1460 posteriores
2917 1380 3407 1463 historiographi

1840 1473 2037 1549 citati,
2075 1473 2334 1537 fuerunt
2357 1474 2679 1550 Germani,
2723 1475 2996 1555 etlonge
3027 1476 3407 1555 posteriores

1839 1583 2034 1646 quam
2061 1565 2423 1629 Francofor.
2457 1567 2804 1629 Concilium
2821 1585 2844 1647 3
2875 1568 3048 1631 unde
3078 1574 3141 1632 et
3170 1569 3250 1631 de
3283 1572 3406 1651 Sy·-

1839 1660 2010 1723 nodo
2055 1661 2333 1737 Nicaena,
2379 1664 2491 1723 aut
2529 1678 2814 1739 parvam,
2859 1668 2971 1724 aut
3009 1662 3248 1725 nullam
3286 1664 3406 1725 ha-

1838 1753 2114 1817 buerunt
2137 1753 2452 1829 notitiam,
2495 1771 2570 1815 eo
2597 1752 2772 1834 quod
2798 1754 2963 1817 inter
2989 1755 3236 1819 Graecos
3263 1763 3406 1819 acta

1838 1854 2039 1925 esset,
2076 1854 2140 1910 et
2177 1848 2374 1913 Graeci
2411 1848 2752 1929 scriptores
2787 1849 2944 1912 nihil
2979 1850 3114 1912 fere
3145 1855 3300 1913 tunc
3325 1850 3404 1913 de

1834 1942 1942 2005 illa
1981 1941 2394 2022 scripsissent.
2435 1943 2528 2005 De
2570 1941 2846 2005 Concilio
2889 1950 3104 2007 autem
3130 1945 3406 2007 Franco·

1830 2036 2156 2114 fordiensi,
2186 2037 2286 2117 cuj
2295 2054 2368 2097 us
2390 2041 2532 2099 acta
2557 2037 2770 2099 omnia
2788 2038 2988 2101 multo
3009 2044 3295 2119 tempore
3313 2039 3402 2101 la-

1832 2134 2090 2195 tuerunt
2113 2173 2137 2207 ,
2183 2136 2248 2193 et
2281 2129 2494 2210 quoad
2525 2130 2690 2193 hanc
2719 2135 2966 2211 partem
2993 2132 3074 2194 de
3105 2132 3399 2214 imagini·

1834 2224 1956 2287 bus
1979 2224 2187 2287 adhuc
2209 2242 2334 2287 non
2365 2230 2612 2287 constat
2633 2226 2866 2305 scripta
2893 2225 3112 2302 fuisse,
3136 2244 3268 2288 non
3289 2245 3398 2307 po·

1840 2324 2097 2381 tuerunt
2139 2318 2373 2381 habere
2423 2318 2710 2381 notitiam
2743 2362 2762 2394 ,
2815 2319 2935 2381 nisi
2969 2336 3048 2383 ex
3083 2319 3398 2399 prioribus

1838 2414 2265 2495 scriptoribus.
2313 2414 2484 2477 Inter
2523 2414 2766 2495 priores
2805 2420 3020 2478 autem
3062 2416 3399 2495 scriptores

1836 2509 2049 2571 nullus
2074 2508 2224 2571 facit
2253 2508 2646 2571 mentionem
2673 2508 2862 2589 hujus
2891 2509 3088 2589 partis
3107 2553 3132 2585 ,
3173 2516 3399 2589 proeter

1834 2602 2363 2667 Pseudocarolum
2385 2609 2448 2667 et
2469 2604 2900 2667 Hincmarum.
2925 2604 3056 2665 Hos
3077 2621 3232 2683 ergo
3255 2621 3399 2684 pos-

1830 2698 2097 2760 teriores
2155 2698 2350 2761 secuti
2404 2704 2574 2759 sunt.
2641 2699 2732 2759 Ex
2789 2697 2887 2761 his
2937 2715 3090 2761 vero
3144 2698 3395 2761 duobus

1832 2792 2206 2855 Hincmarus
2245 2791 2494 2853 videtur
2531 2791 2836 2872 deceptus
2877 2791 3206 2855 occasione
3249 2791 3396 2855 libri

1830 2885 2102 2949 Carolini
2141 2930 2158 2961 ,
2211 2904 2362 2949 nam
2409 2886 2488 2949 de
2536 2886 2658 2949 hoc
2715 2885 2876 2949 libro
2922 2886 3170 2949 videtur
3216 2886 3392 2967 loqui

1830 2980 2228 3055 Hiucmarus,
2259 2998 2407 3043 cum
2427 2980 2566 3043 loco
2595 2997 2788 3060 supra
2811 2981 3000 3043 citato
3023 2980 3238 3043 scribit
3253 2981 3390 3043 haec

1826 3075 2022 3137 verba
2045 3096 2062 3135 ε
2093 3076 2186 3139 De
2207 3076 2382 3156 cujm
2409 3075 2812 3141 destructione
2829 3091 2951 3137 aon
2971 3074 3268 3137 modicum
3289 3092 3391 3139 vo-

1828 3168 2046 3243 lumen,
2075 3168 2234 3250 quod
2255 3170 2326 3233 in
2352 3168 2600 3233 Palatio
2627 3166 3102 3233 adolescentulus
3122 3168 3293 3247 leyit,
3319 3170 3391 3233 ab

1828 3264 2022 3326 eodem
2061 3264 2426 3341 imperatore
2473 3262 2730 3326 Romam
2765 3266 2856 3325 est
2898 3278 3009 3343 per
3054 3262 3393 3342 Epiro-opos

1823 3354 2102 3421 missum.
2131 3352 2384 3419 Constat
2411 3359 2624 3415 autem
2654 3370 2736 3415 ex
2761 3352 2992 3433 scripto
3019 3353 3280 3416 Adriani
3307 3354 3390 3416 ad

1822 3451 2112 3513 Carolum
2140 3466 2254 3530 pro
2285 3449 2688 3529 imaginibus,
2719 3448 3010 3511 Gai-olum
3039 3449 3282 3513 misisse
3305 3451 3390 3513 ad

1822 3543 2170 3607 Adrianum
2194 3543 2427 3605 librum
2449 3543 2628 3605 illum
2646 3589 2669 3621 ,
2713 3542 2822 3622 qui
2850 3560 2928 3605 eo
2955 3547 3240 3622 tempore
3268 3543 3386 3607 fuit

1822 3643 2040 3699 contra
2061 3636 2371 3717 imagines
2395 3642 2457 3699 et
2479 3641 2698 3699 contra
2717 3636 3044 3716 Synodum
3066 3636 3383 3699 Nicaenam

1818 3730 1885 3793 in
1908 3732 2173 3793 Francia
2201 3730 2606 3811 compositus,
2639 3735 2705 3793 et
2729 3729 2950 3792 Carolo
2981 3729 3246 3793 dicatus.
3287 3732 3380 3792 De

1816 3824 1939 3888 hoc
1966 3843 2120 3906 ergo
2143 3824 2324 3919 logui
2351 3824 2598 3887 videtur
2625 3824 2998 3887 Hincmarus
3023 3870 3040 3899 ,
3076 3830 3140 3887 et
3161 3824 3244 3885 ab
3271 3825 3378 3886 illo

1818 3920 2123 4001 deceptus
2165 3919 2360 3981 fuisse
2379 3965 2402 3995 ‚
2445 3921 2517 3982 ut
2557 3918 3002 3981 existimaverit
3051 3918 3380 3999 synodum

1816 4014 2130 4075 Nicaenam
2177 4013 2246 4076 in
2289 4012 2686 4075 Francoford.
2735 4011 2932 4075 fuisse
2977 4010 3375 4088 damnatam;

1815 4125 1962 4169 nam
1999 4106 2380 4169 existimavit
2409 4106 2639 4169 librum
2667 4104 2846 4169 illum
2875 4106 2942 4167 in
2968 4105 3372 4171 Francoford.

1814 4200 2070 4281 Synodo
2097 4200 2292 4263 fuisse
2321 4200 2740 4281 compositum
2756 4246 2775 4273 ‚
2819 4200 2921 4262 vel
2945 4200 3168 4263 saltem
3195 4218 3378 4263 reco-

1812 4296 2062 4376 gnitum
2085 4302 2150 4359 et
2171 4295 2523 4376 probatum.
2553 4297 2780 4359 Totum
2809 4312 2962 4374 ergo
2988 4295 3178 4374 hujus
3205 4312 3376 4357 erro-

1813 4390 1897 4451 ris
1924 4388 2406 4451 fundamentum
2433 4387 2517 4451 ad
2541 4390 2867 4451 auctorem
2889 4387 3036 4451 libri
3061 4386 3328 4450 Carolini
3354 4436 3370 4465 ,

1816 4482 1989 4545 etad
2009 4481 2206 4545 verba
2231 4482 2420 4545 citata
2447 4499 2526 4543 ex
2559 4481 2923 4563 praefatione
2953 4481 3091 4562 ejus
3118 4499 3374 4544 revoca-

1817 4584 1952 4652 tur;
1987 4576 2094 4639 illa
2116 4582 2332 4639 autem
2355 4574 2589 4637 nullius
2619 4580 2764 4637 sunt
2791 4574 3196 4637 auctoritatis.
3245 4575 3372 4638 Pri-

1814 4688 1921 4732 mo
1969 4669 2248 4750 quidem,
2307 4669 2457 4751 quia
2505 4670 2700 4732 verba
2746 4668 2916 4731 illius
2963 4667 3366 4750 praefationis,

1810 4770 2002 4844 prout
2047 4782 2088 4825 a
2139 4762 2372 4827 nostris
2423 4763 2784 4827 auctoribus
2833 4762 3186 4825 referuntur
3242 4761 3371 4840 (illa

1814 4857 1984 4919 enim
2023 4856 2092 4919 in
2133 4857 2388 4937 proprio
2429 4856 2717 4937 originali
2757 4854 2968 4918 videre
3009 4871 3140 4915 non
3169 4852 3368 4935 licuit)
3501 4866 3508 4873 ·

1810 4951 1901 5013 sic
1955 4950 2238 5015 habent:
2275 4948 2493 5015 Allata
2543 4957 2638 5015 est
2689 4949 2758 5012 in.
2791 4947 3048 5012 modium
3095 4947 3370 5027 (scilicet

1808 5044 1877 5107 in
1926 5044 2186 5125 Synodo
2242 5043 2721 5124 Francofordiae)
2779 5044 3035 5125 qaeestio
3087 5042 3158 5107 do
3209 5060 3369 5108 ma

1811 5138 2156 5207 ormam
2177 5138 2448 5220 synodo,
2477 5145 2595 5201 etc.
2625 5140 2764 5201 Non
2783 5144 3030 5201 constat
3047 5140 3258 5199 autem
3285 5154 3368 5197 an

1807 5232 1917 5295 illa
1941 5234 2340 5314 parenthesis
2363 5234 2444 5295 sit
2465 5233 2548 5295 ab
2567 5233 2836 5313 ipsomet
2857 5237 3113 5295 auctore
3133 5232 3361 5312 posita,

156 5344 293 5389 esse
317 5346 363 5389 a
384 5327 813 5402 Pontificibus,
836 5328 1055 5409 utique
1080 5326 1335 5390 concilii
1360 5326 1718 5389 Francofor.
1804 5344 1889 5389 au
1910 5344 2066 5391 vero
2083 5327 2166 5390 ab
2184 5328 2324 5389 aliis
2347 5327 2726 5403 auctoribus,
2757 5328 2866 5407 qui
2890 5326 3042 5388 dum
3067 5342 3145 5387 ea
3171 5325 3366 5387 verba

152 5420 227 5482 Et
254 5421 548 5483 similiter
574 5421 922 5484 Aventinus
948 5466 965 5497 ,
1007 5421 1072 5483 in
1100 5421 1373 5484 Historia
1400 5420 1717 5497 Boiorum,
1800 5420 2086 5485 referunt
2111 5466 2129 5497 ,
2175 5421 2266 5484 ita
2322 5420 2432 5485 illa
2480 5421 2838 5501 intelligunt
2895 5426 2959 5483 et
3017 5423 3360 5501 exponunt.

155 5512 375 5579 scribit
400 5520 547 5579 ecta
578 5514 943 5581 Graecorum
968 5514 1049 5580 de
1076 5515 1413 5581 morandis
1438 5513 1723 5595 imagini-
1799 5515 2046 5583 Deinde
2089 5514 2240 5597 quia
2257 5560 2282 5594 ,
2331 5515 2479 5581 licet
2517 5515 2622 5581 illa
2675 5515 2866 5581 verba
2913 5514 3037 5578 sint
3079 5512 3366 5596 apposita
