3892 6167
1282 398 1602 453 mst’UTAT.
1639 398 1812 452 xxxi.
1846 398 2017 453 swr.
2055 400 2136 453 v1.

91 502 240 565 tiles
259 507 451 567 actus
471 498 1006 583 supernaturaleS,
1029 498 1362 562 dicendum
1393 507 1488 563 est
1512 501 1658 563 bre·

91 595 238 659 viler
257 596 598 675 (quoniam
619 596 752 659 hoec
772 592 1038 657 materie
1059 593 1142 656 de
1164 610 1204 656 >a
1213 595 1414 657 exiliis
1443 595 1656 675 gratim

95 688 478 767 amplissima
506 693 626 759 est,
658 692 724 750 et
748 686 834 749 ab
883 686 1006 747 hoc
1052 685 1189 749 loeo
1239 686 1486 766 aliena)
1511 704 1654 751 esse

93 781 342 861 quidem
373 781 456 843 de
485 781 615 843 fide
635 785 899 853 certem,
925 778 1010 841 ad
1033 780 1322 860 proprios
1347 788 1524 844 actus
1551 800 1654 842 su·

92 874 530 955 pernaturalee
551 918 570 948 ‚
621 872 966 953 prasertim
1016 873 1326 935 humanos
1343 918 1366 951 ,
1413 873 1478 936 id
1519 879 1616 935 est
1634 918 1650 947 ,

92 967 527 1031 consentiente
542 972 616 1029 et
625 972 1006 1046 cooperante
1021 966 1224 1029 libero
1251 966 1506 1031 arbitrio
1529 966 1653 1029 fee-

91 1068 204 1133 ιοε,
237 1060 686 1126 neeessariam
716 1078 855 1123 esse
881 1078 1010 1122 non
1040 1060 1244 1121 solnm
1279 1063 1656 1141 supernatu-

92 1152 282 1215 ralem
326 1169 719 1217 concursum
765 1153 982 1233 gratiae
1039 1153 1266 1235 (quem
1320 1172 1442 1235 ego
1489 1155 1656 1217 inter

93 1247 313 1325 gratias
343 1246 728 1327 adiuvantes
751 1247 979 1309 merito
1019 1249 1482 1310 numerandum
1510 1264 1656 1311 cen-

89 1342 230 1417 seo),
255 1338 384 1404 sed
413 1340 602 1403 ettam
631 1338 934 1403 auxilium
961 1340 1244 1403 excitans
1277 1358 1390 1405 eeu
1415 1358 1658 1422 praeve—

85 1434 284 1504 niens,
313 1433 512 1511 juxta
555 1433 974 1497 Conciliorum
1011 1434 1466 1499 definitionem.
1515 1440 1654 1500 Non

84 1532 168 1587 est
189 1532 420 1589 aut-em
438 1534 684 1593 eertum
708 1526 860 1606 quid
883 1528 1318 1591 universaliter
1335 1530 1458 1592 hoc
1482 1530 1658 1591 auxi-

78 1618 228 1681 lium
255 1620 662 1699 proeveniens
685 1621 790 1683 sit.
813 1622 1055 1701 Itaque,
1079 1622 1134 1683 si
1159 1628 1492 1685 censeatur
1515 1638 1657 1684 esse

77 1714 294 1791 aliqua
326 1712 608 1791 qualitas
643 1732 760 1795 per
793 1714 1056 1777 modum
1091 1722 1270 1777 actus
1309 1715 1494 1795 primi
1525 1732 1655 1777 non

76 1806 272 1867 eliciti
299 1825 341 1869 a
369 1806 659 1887 potentia
679 1806 871 1882 vitali,
896 1806 1010 1870 sed
1033 1807 1275 1889 recepti
1301 1812 1546 1871 tantum
1575 1808 1658 1869 nd

75 1900 470 1965 eliciendum
525 1906 738 1963 actum
783 1900 980 1963 elium
1019 1901 1392 1977 secundnm,
1437 1903 1504 1966 in
1539 1902 1660 1963 hoc

75 2012 274 2057 sensu
303 2000 558 2059 certum
587 1994 742 2058 mihi
769 2000 894 2068 est,
928 2012 1058 2057 non
1084 1994 1375 2057 sufficere
1400 1995 1522 2057 hoc
1549 2010 1658 2077 ge-

77 2110 196 2151 nus
215 2088 452 2171 gratie
469 2088 822 2164 excitantis,
841 2088 955 2153 sed
971 2090 1135 2151 ultra
1153 2090 1274 2153 hoc
1293 2091 1657 2171 ponendum

81 2202 222 2247 esse
251 2182 434 2245 alind
455 2200 572 2263 per
592 2182 854 2247 modum
875 2190 1052 2247 aetus
1076 2184 1360 2259 secundi,
1381 2191 1450 2246 ut
1469 2184 1661 2264 plane

81 2278 366 2341 Concilio.
407 2278 664 2351 docent,
689 2276 846 2339 dum
893 2276 1057 2339 hene
1105 2278 1478 2340 excitantem
1511 2296 1662 2359 gra-

79 2378 236 2433 tiam
279 2376 542 2445 vocant,
575 2369 866 2451 Spiritu
901 2370 1128 2435 Sancti
1171 2369 1672 2453 inspirationem,-

79 2466 897 2531 commem-amum.
917 2466 994 2527 Et
1023 2483 1058 2526 e
1085 2480 1390 2527 converso
1407 2482 1538 2527 non
1565 2470 1662 2528 est

85 2558 244 2621 mibi
267 2564 520 2623 eertum
564 2556 722 2621 illud
751 2574 954 2638 genus
995 2558 1212 2638 gratim
1253 2574 1370 2639 per
1399 2558 1660 2620 modum

93 2659 268 2715 actus
291 2651 488 2732 primi
513 2652 882 2715 inhaerentis
921 2652 1214 2732 potentiae
1245 2670 1383 2714 esse
1427 2652 1658 2732 simpli-

91 2748 242 2809 citer
268 2744 710 2815 necessarimm
732 2744 832 2807 ad·
859 2744 1185 2824 predictos
1225 2752 1404 2808 aetus
1445 2760 1662 2826 super-

89 2840 412 2904 naturales
449 2838 830 2913 elicient-1003
879 2856 1054 2914 nam,
1101 2838 1248 2901 licet
1289 2840 1372 2901 sit
1417 2846 1662 2901 certum

93 2936 226 2999 dari
263 2935 523 3000 habitos
567 2935 832 3008 infusos,
863 2952 994 2997 non
1033 2940 1248 2997 tamen
1283 2938 1380 2997 est
1419 2940 1660 2997 certum

93 3030 228 3093 illos
255 3044 640 3093 concurrere
682 3027 763 3091 ad
789 3045 1010 3091 omnes
1039 3034 1250 3103 actus,
1293 3029 1408 3090 sed
1434 3027 1660 3109 proba-

95 3124 278 3187 bilius
303 3128 566 3187 est-non
607 3138 986 3185 concurrere
1034 3121 1116 3183 ad
1165 3139 1276 3183 eos
1321 3126 1518 3197 actus,
1549 3119 1660 3201 qni

111 3226 236 3281 sunl
258 3216 709 3297 dispositiones
733 3216 816 3277 ad
835 3214 1216 3278 infusionem
1247 3216 1526 3295 ipsorum
1554 3215 1661 3275 ha·

117 3312 362 3387 bimum,
383 3310 502 3373 sed
523 3308 734 3372 solnm
756 3307 844 3370 ad
869 3308 1012 3371 illos
1035 3310 1142 3388 qui
1168 3307 1500 3371 eliciuntur
1521 3314 1664 3389 post

121 3405 386 3469 obtentos
428 3404 610 3483 ipsos
653 3402 930 3477 habitae,
974 3401 1082 3483 qui
1127 3401 1368 3463 frucms
1405 3402 1662 3481 justitiae

119 3498 396 3579 appellari
415 3498 644 3559 solent.
667 3497 774 3559 Est
799 3496 952 3559 item
973 3496 1230 3571 certius,
1251 3495 1336 3557 ad
1357 3496 1662 3576 ipsosmet

119 3599 296 3667 aetus,
347 3590 464 3672 qni
497 3596 648 3653 sunt
691 3590 908 3671 gratim
941 3590 1308 3666 excitantee,
1355 3606 1483 3650 non
1518 3604 1664 3650 con-

120 3704 344 3749 currere
363 3683 698 3765 pmedictos
715 3682 968 3745 habitus
978 3682 1255 3763 3fingere
1276 3688 1490 3743 antem
1505 3680 1665 3743 alies

129 3779 424 3857 qualitates
465 3778 710 3859 priores
757 3776 1076 3839 habitibus
1116 3782 1180 3837 et
1226 3773 1490 3851 actibus,
1523 3790 1664 3853 quoe

129 3890 220 3950 per
237 3872 498 3937 modum
520 3876 703 3933 >actus
731 3869 916 3951 primi
937 3870 1324 3931 transeuntis
1347 3866 1438 3950 (ut
1462 3868 1660 3947 aiunt)

125 3963 504 4029 infundantur
545 3964 639 4026 ad
661 3964 799 4026 ilios
825 3971 1006 4027 actas
1045 3962 1418 4038 eliciendoS,
1449 3976 1660 4041 neque

121 4056 170 4116 in
191 4056 476 4123 Conciliis
501 4063 618 4119 aut
639 4055 712 4117 in
730 4055 1018 4119 Patribus
1039 4054 1526 4118 fundamentum
1553 4052 1664 4115 ba-

119 4150 235 4228 bet,
265 4169 483 4233 neque
509 4150 640 4216 ulla
681 4151 836 4212 satie
863 4148 1186 4213 verisimili
1229 4148 1477 4212 ratione
1523 4164 1666 4209 sua-

119 4245 231 4309 deri
243 4252 358 4309 aut
377 4244 636 4309 defendi
651 4250 878 4325 potest.
899 4246 1162 4321 numne,
1179 4244 1466 4325 quamvis
1489 4248 1666 4305 actus

121 4341 308 4419 gratim
323 4338 680 4403 -exettantis
717 4338 904 4401 detur
935 4342 1196 4419 propter
1231 4336 1428 4399 alium
1453 4340 1665 4399 ectum

119 4432 644 4513 supernaturalem
684 4432 882 4495 libere
931 4430 1350 4508 eliciendum,
1390 4448 1522 4492 non
1569 4435 1668 4493 est

113 4532 306 4591 lunen
327 4532 600 4603 eertum,
617 4526 982 4608 hujusmodi
999 4525 1266 4605 gratiam
1288 4525 1663 4588 excitantem

99 4623 352 4703 physice
383 4628 458 4685 et.
478 4636 594 4701 per
619 4623 942 4703 propriam
969 4621 1368 4683 efficientiam
1399 4620 1662 4683 influere

99 4714 166 4774 ‘m
186 4716 381 4780 alium
407 4720 649 4791 ectum,
671 4714 786 4778 sed
815 4714 1020 4777 solum
1045 4714 1371 4777 moraliter
1391 4714 1662 4775 excitare

119 4824 174 4868 ac
197 4809 456 4873 elevare
481 4809 860 4888 potentiam,
890 4814 1100 4889 atque·
1126 4808 1214 4869 ite
1241 4807 1433 4869 etiam
1471 4807 1537 4868 in
1563 4806 1678 4868 his·

121 4902 337 4965 aclibus
379 4901 968 4983 supernaturalibus
997 4920 1126 4963 non
1159 4908 1261 4964 est
1293 4901 1362 4961 in
1413 4900 1664 4963 univer-

122 5012 238 5055 sum
263 5012 491 5057 verum
510 5040 531 5069 ,
557 4995 660 5057 vel
705 4996 926 5059 saltem
969 5014 1100 5057 non
1143 5000 1238 5057 eet
1288 5000 1552 5071 certum,
1583 4992 1668 5055 ad

123 5086 236 5151 illos
259 5088 612 5152 eliciendos
637 5088 1096 5152 darivirtntem
1132 5088 1574 5164 inhaerentem,
1603 5092 1670 5149 et

125 5180 572 5263 superadditam
591 5183 912 5263 potentiis,
933 5201 1074 5263 quae
1095 5184 1184 5244 sit
1195 5186 1372 5245 actus
1399 5180 1664 5263 primus,

125 5290 214 5337 seu
246 5292 362 5356 per
409 5275 672 5342 modum
713 5282 892 5340 aetus
915 5277 1102 5357 primi
1141 5277 1226 5338 ad
1247 5276 1509 5357 physice
1540 5274 1670 5337 effi-

126 5372 358 5437 ciendos
399 5372 559 5435 tales
600 5380 809 5447 actum
843 5390 994 5434 nom
1035 5372 1156 5435 hoc
1195 5370 1404 5434 deficit
1444 5378 1576 5433 tum
1601 5370 1670 5434 in
1705 5420 1713 5427 .

126 5465 344 5529 actibus
374 5466 701 5530 excitantis
731 5466 946 5549 gratiae
983 5465 1421 5545 (sitamenrilli
1449 5479 1669 5545 super-

126 5558 432 5623 naturales
466 5559 684 5639 ·qnoad
707 5559 1148 5623 -enbstantiam
1195 5558 1393 5640 sunt),
1430 5565 1558 5620 tum
1599 5556 1668 5621 in

1735 500 1977 563 actibus
2006 499 2613 581 supernaturalibus,
2636 499 2745 583 qni
2770 506 2913 563 sunt
2938 498 3299 583 dispositio-

1733 610 1850 656 nes
1875 594 1957 656 ad
1986 594 2256 673 primam
2288 592 2579 675 gratiam.

1813 690 1914 750 85.
1962 687 2139 748 Addo
2168 686 2467 766 denique,
2496 687 2690 749 etiam
2716 686 2781 748 in
2810 684 2909 748 his
2929 684 3169 750 actibus
3199 706 3301 751 su-

1734 780 2260 861 pernaturalibnS,
2282 779 2366 841 ad
2376 797 2533 861 quos
2547 779 2887 842 eliciendos
2914 779 3099 841 datur
3121 780 3299 843 auxi-

1733 874 1888 935 lium
1909 874 2235 954 praevinm,
2264 888 2377 935 seu
2414 872 2615 950 gratia
2660 873 2977 935 inhaerens
3013 890 3129 953 per
3159 890 3298 936 mo-

1735 968 1887 1030 dum
1914 966 2161 1029 virtutis
2184 966 2418 1045 activae,
2452 984 2577 1039 non
2624 984 2763 1028 esse
2799 966 3002 1028 solum
3028 966 3154 1030 tale
3183 986 3296 1029 au-

1733 1062 1953 1122 xilium
1978 1066 2171 1123 totam
2192 1060 2484 1123 virtutem
2504 1060 2585 1123 ad
2600 1059 2940 1141 agendum,
2966 1078 3081 1123 seu
3093 1066 3294 1123 totum

1735 1160 1944 1215 actum
1968 1152 2281 1233 primurm
2308 1155 2479 1233 quia,
2501 1170 2650 1215 cum
2677 1158 2877 1231 aetus,
2903 1154 3009 1234 qui
3040 1154 3295 1217 eliciun-

1737 1253 1838 1310 tur
1863 1263 1979 1327 per
2017 1247 2181 1310 hane
2222 1247 2538 1322 virtutem,
2568 1248 2692 1310 sint
2722 1248 2947 1311 vitales
2990 1252 3053 1311 et
3088 1246 3292 1323 liberi,

1735 1358 1997 1404 necesse
2022 1348 2119 1403 est
2146 1348 2215 1404 nt
2260 1360 2391 1404 non
2421 1342 2623 1404 solum
2654 1360 2691 1404 a
2724 1342 2955 1405 virtute
2996 1342 3297 1406 extrinse-

1738 1452 1850 1496 cus
1877 1434 2050 1509 data,
2078 1434 2191 1497 sed
2218 1436 2412 1497 etiam
2439 1436 2519 1497 ab
2537 1436 2899 1511 intrinseca,
2935 1434 3103 1499 vitali
3129 1454 3203 1499 ac
3225 1435 3297 1497 li·

1737 1529 1889 1590 bera
1923 1528 2308 1604 amiantum
2356 1536 2545 1611 atque
2572 1530 2659 1591 ita
2689 1530 2879 1591 etiam
2906 1528 2999 1607 fit,
3026 1530 3299 1611 primum

1735 1621 2093 1684 membrum
2120 1623 2472 1703 partitionis
2522 1623 2859 1704 propositoe
2895 1622 2963 1683 in
2988 1622 3299 1704 praedictis

1737 1716 1981 1779 actibus
2011 1716 2219 1779 locum
2264 1734 2393 1779 non
2437 1716 2697 1779 habere.
2728 1714 3119 1796 Relinquitur
3138 1714 3297 1797 'ergo

1736 1814 1810 1871 ut
1849 1815 2141 1890 respectu
2184 1808 2375 1875 etiam
2422 1810 2643 1872 talium
2689 1816 2945 1873 actuum
2976 1856 2993 1885 ,
3045 1808 3299 1871 tertium
3332 1824 3339 1829 ·

1737 1903 2095 1966 membrum
2132 1920 2355 1969 verum
2388 1906 2487 1982 sit,
2518 1904 2752 1967 scilicet
2778 1953 2792 1979 ,
2820 1904 2891 1967 in
2930 1904 3031 1967 hle
3070 1903 3298 1966 instru-

1737 1996 1969 2059 mentis
1996 1998 2097 2059 vel
2134 1998 2431 2079 potentiis
2480 1998 2749 2079 supponi
2798 1998 3077 2077 aliquam
3112 1996 3299 2060 virtu-

1737 2097 1890 2166 tem,
1919 2089 2363 2171 incompletam
2382 2091 2637 2171 quidem
2668 2095 2731 2154 et
2755 2091 2837 2154 de
2856 2108 2929 2155 ee
2952 2091 3300 2173 impropor-

1737 2184 2068 2261 nonnam,
2102 2191 2165 2247 et
2194 2184 2583 2267 indigentem
2638 2184 2847 2247 divina
2875 2202 2949 2247 ac
3000 2200 3301 2264 superna·

1739 2277 1926 2341 turali
1982 2277 2375 2353 elevatione;
2422 2285 2485 2340 et
2536 2278 2681 2340 ideo
2724 2278 3301 2341 instrumentariam

1739 2378 1987 2437 tantum
2014 2378 2175 2447 esse}
2200 2377 2263 2434 et
2288 2364 2417 2434 n'on
2441 2372 2877 2452 principalem.
2908 2370 3057 2444 Quae
3075 2370 3302 2434 doctri-

1738 2483 1824 2527 na
1851 2470 2096 2528 tantum
2124 2465 2327 2543 abest,
2356 2473 2429 2527 ut
2454 2465 2711 2527 inclinet
2734 2466 2798 2527 in
2822 2470 3100 2528 errorem
3131 2466 3304 2527 Pele-

1741 2560 1854 2640 gii,
1883 2565 1954 2621 ut
1977 2556 2573 2639 'potiueneecssaria
2603 2558 2683 2621 sit
2702 2556 2784 2621 ad
2806 2558 3191 2622 fundendam
3216 2563 3303 2621 to-

1739 2659 1870 2719 tam
1912 2652 2261 2715 doctrinam
2288 2652 2371 2715 de
2420 2650 2641 2733 gratia,
2672 2668 2867 2732 quam
2922 2651 3081 2715 fides
3116 2651 3303 2715 docet

1742 2753 1959 2809 contre
1982 2746 2327 2827 Pelagium.
2360 2746 2516 2820 Quia
2534 2746 2671 2810 sine
2695 2746 2817 2811 hac
2842 2746 2901 2808 vi
2924 2746 3303 2809 fundumen-

1741 2843 1848 2906 teli
1877 2860 2007 2905 non
2030 2849 2237 2924 posset
2262 2848 2487 2905 natura
2522 2848 2735 2904 nostre
2786 2840 3063 2914 excitari,
3090 2858 3301 2922 neque

1741 2936 2031 3016 adjuvari
2073 2934 2157 2997 ad
2214 2952 2410 3016 opera
2480 2936 2695 3015 gratim
2760 2934 3089 3012 facienda;
3130 2935 3325 2997 unde·

1743 3030 1932 3093 etiam
1958 3031 2317 3093 necessaria
2368 3034 2462 3091 est
2516 3028 2599 3091 ud
2648 3027 2973 3090 vitandum
3024 3044 3302 3091 errorem

1741 3122 2021 3200 Lutheri,
2053 3122 2393 3186 asserentis
2434 3121 2749 3203 potentias
2806 3126 3057 3184 nostras
3098 3121 3301 3184 solum

1740 3216 2045 3297 recipere,
2074 3234 2205 3279 non
2234 3223 2445 3279 autem
2468 3216 2714 3278 efficere
2734 3216 2852 3277 hos
2878 3220 3055 3278 aetus
3072 3214 3302 3275 divinoe

1743 3310 1986 3393 gratiae.
2019 3314 2116 3373 An
2134 3330 2289 3373 vero
2311 3311 2447 3371 haec
2470 3310 2668 3371 virtus
2698 3327 2732 3371 a
2757 3308 2939 3371 nobis
2972 3308 3300 3388 explicata,

1740 3405 2047 3468 naturalis
2076 3405 2176 3468 vel
2204 3404 2701 3486 supernaturalis
2724 3403 2991 3467 dicenda
3034 3404 3132 3475 sit,
3170 3402 3305 3483 jam

1743 3504 1840 3560 est
1867 3498 2253 3561 sufficienter
2280 3503 2638 3560 tractatum·
2668 3498 2795 3559 Nec
2814 3508 2969 3559 ‘vero
2996 3496 3133 3559 brec
3158 3495 3306 3559 doc-

1740 3590 1910 3653 trina
1958 3590 2163 3672 (quod
2196 3592 2263 3653 in
2312 3590 2538 3654 eodem
2583 3602 2957 3670 argumento
2984 3588 3303 3670 tangitur)

1743 3686 2081 3765 quicquam
2111 3683 2279 3748 favet
2303 3684 2580 3765 opinioni
2608 3682 2889 3763 Cajetani
2920 3681 3083 3745 eirca
3110 3681 3304 3745 visio-

1741 3796 1890 3841 nem
1919 3777 2195 3855 beatam,
2220 3776 2412 3857 quod‚
2430 3776 2687 3853 scilicet,
2720 3794 2865 3837 cum
2880 3774 3101 3856 aequali
3122 3772 3298 3836 lumi-

1740 3888 1826 3935 ne
1853 3871 2187 3952 perfectior
2212 3871 2323 3932 fiat
2350 3886 2386 3931 a
2412 3870 2765 3951 perfectiori
2784 3868 3100 3931 intellectu
3125 3884 3140 3943 ;
3174 3870 3313 3930 non⁴

1744 3964 1916 4027 enim
1945 3964 2011 4025 id
2048 3964 2330 4045 sequitur
2377 3980 2454 4025 ex
2508 3968 2727 4025 nostra
2774 3959 3107 4038 sententia,
3155 3976 3306 4021 nam

1745 4074 1888 4120 cum
1909 4056 2045 4119 base
2068 4058 2263 4120 virtus
2292 4056 2747 4131 obedientialis,
2776 4068 2969 4135 quam
2986 4054 3302 4134 ponimuS,

1747 4152 1825 4212 sit
1841 4150 2247 4231 incompleta,
2278 4150 2445 4212 etde
2464 4166 2535 4211 se
2564 4148 3149 4230 improportionem,
3176 4165 3305 4209 non

1745 4248 1955 4324 potest
1976 4260 2167 4324 agere
2194 4244 2313 4305 nisi
2340 4244 2518 4324 juxta
2546 4258 2909 4305 mensuram
2932 4243 3307 4321 supernatu-

1747 4338 1894 4401 ralis
1921 4336 2188 4412 virtutis,
2213 4354 2327 4400 seu
2364 4338 2572 4399 auxilii
2602 4354 2729 4417 quo
2758 4336 3058 4399 elevatur.
3084 4336 3158 4397 Et
3178 4334 3307 4397 boc

1747 4450 1936 4495 sensu
1980 4448 2135 4494 sano
2178 4432 2371 4495 modo
2400 4430 2879 4511 intelligendum
2914 4435 3031 4504 est,
3060 4430 3112 4490 si
3134 4428 3306 4509 apud

1747 4533 2068 4590 auctorem
2096 4528 2371 4607 aliquem
2403 4544 2659 4607 gravem
2680 4526 2955 4604 legatur,
2988 4524 3055 4585 in
3082 4522 3184 4585 his
3208 4542 3307 4585 ac·

1745 4621 1912 4683 tibus
1939 4620 2543 4701 supernaturalibus„
2573 4623 2768 4681 totam
2794 4617 3086 4680 virtutem
3115 4634 3308 4697 agen-

1743 4714 1809 4776 di
1825 4729 1963 4777 esse
1992 4714 2318 4789 auxilium,
2336 4730 2449 4775 seu
2467 4712 2755 4773 habitum
2778 4709 3076 4781 infusum,
3108 4706 3303 4788 quod,

1743 4808 2001 4881 scilicet,
2030 4806 2419 4887 intelligatur
2446 4806 2527 4868 de
2544 4806 2770 4868 virtute
2806 4802 3159 4885 principali,
3192 4818 3307 4864 seu

1743 4902 1822 4963 de
1849 4902 2077 4963 virtute
2106 4898 2485 4980 complente,
2510 4914 2621 4961 seu
2650 4896 2830 4978 quasi
2857 4896 3140 4959 ultimate
3160 4912 3309 4957 con-

1749 4994 2044 5058 stituente
2070 5012 2143 5057 ac
2170 4998 2581 5056 mensurante
2606 4992 2899 5053 virtutem
2918 4987 3171 5071 agendi.

1752 5142 2037 5211 Solvitur
2063 5150 2352 5227 quartum
2384 5146 2829 5225 arqumentum,
2860 5144 2921 5207 et
2962 5140 3309 5207 declaratur

1829 5256 1912 5303 an
1938 5244 1995 5301 et
2016 5239 2299 5321 quomodo
2350 5237 2475 5301 hoeo
2492 5234 2765 5317 potentia
2790 5232 3200 5299 obedientialis
3222 5230 3311 5297 rit

1831 5333 2343 5399 instrumentum
2364 5330 2590 5397 virtu-3.

1830 5463 1932 5526 86.
1963 5460 2175 5536 Quarti
2196 5459 2383 5522 etiam
2417 5456 2771 5540 argumenti
2806 5452 3033 5518 solutio
3064 5472 3140 5517 ex
3170 5448 3323 5534 prol·

1749 5556 1915 5618 xime
1936 5552 2121 5617 dictis
2146 5552 2343 5616 facilis
2371 5558 2487 5616 est.
2526 5550 2757 5613 Petitur
2784 5547 3042 5612 enimin
3070 5546 3200 5622 illo,
3226 5560 3311 5607 an
