3892 6167
1299 319 1617 381 ntwu‘tn.
1651 318 1869 377 XXXVI.
1896 320 2072 379 SECT.
2108 324 2146 377 1.

158 426 369 495 uisuri,-
434 426 569 502 ipsa
618 441 779 486 vero
806 425 1065 487 actualis
1113 424 1479 487 inhaerentia
1530 438 1673 485 mo·-

158 524 237 583 tus
288 522 373 581 est
411 518 493 577 ab
534 516 649 577 illa
698 518 1027 579 distinctus
1047 560 1063 585 ,
1130 521 1193 577 et
1242 516 1321 577 (le
1394 513 1671 594 potentin

158 613 387 675 absoluta
440 610 521 670 ab
578 609 693 670 illa
737 608 1149 689 sepsi-abilin
1202 610 1291 670 sic
1346 608 1535 687 igitur
1590 606 1673 667 ab

158 703 489 768 inmanitate
552 701 793 765 Christi
842 702 1209 782 separabilis
1252 700 1371 761 fuit
1429 698 1673 761 subsis-

159 799 303 862 entia
320 802 551 867 creata,
580 802 841 859 servata
866 796 1195 860 existentia
1228 794 1427 873 ipsius
1456 794 1677 855 huma-

158 892 339 956 nitatis.
370 888 465 951 Ad
488 888 767 951 alteram
794 907 945 951 vero
966 894 1213 971 partem
1232 887 1501 967 respond
1510 893 1671 961 etur,

158 982 497 1049 existentiam
532 981 1022 1045 substantialem
1064 981 1441 1062 completam
1472 985 1535 1043 et
1582 978 1673 1041 in·

160 1096 347 1160 egram
373 1094 447 1138 ex
460 1074 641 1137 omni
666 1081 851 1155 parte
880 1075 947 1137 in
980 1073 1285 1137 creaturis
1312 1078 1557 1135 tantum
1576 1090 1673 1135 re-

158 1172 297 1235 >eriri
322 1172 387 1230 in
416 1168 757 1249 supposito
801 1184 911 1231 sen
940 1184 1235 1247 persona,
1268 1173 1333 1229 et
1373 1165 1515 1229 ideo
1547 1164 1675 1227 dixi

158 1285 319 1347 supra,
338 1260 744 1325 existentiam
762 1268 1039 1323 creatam
1052 1257 1461 1323 humanitatis
1470 1256 1676 1321 Chris-

159 1363 309 1422 ineu
362 1374 503 1417 esse
548 1356 679 1416 hoc
712 1354 907 1417 modo
948 1353 1370 1434 completam3
1402 1359 1471 1414 at
1497 1369 1672 1427 vero,

158 1452 449 1537 generatim
491 1456 557 1510 et
602 1448 897 1511 absolute
952 1448 1295 1527 loquendo,
1346 1446 1675 1509 existentia

159 1564 245 1607 ion
278 1551 365 1605 est
386 1548 567 1603 actus
602 1543 947 1622 suppositi,
979 1541 1095 1603 sed
1126 1548 1223 1603 est
1260 1546 1439 1603 actus
1466 1538 1677 1616 cuius-

158 1654 355 1716 :unque
400 1634 599 1710 entis,
656 1652 770 1697 sen
820 1635 1031 1715 potius
1077 1640 1173 1699 est
1228 1633 1367 1714 ipsa
1414 1632 1677 1697 actualis

158 1734 337 1795 entitas
374 1729 823 1809 cujuscunque
862 1729 979 1791 rei.
1028 1730 1105 1790 Et
1128 1728 1249 1789 hoc
1294 1726 1483 1789 modo
1514 1726 1675 1787 exis-

158 1824 307 1891 tentia
345 1830 585 1883 naturae
640 1828 747 1883 est
788 1827 965 1884 actus
1020 1820 1119 1885 vel
1168 1820 1395 1883 entitas
1448 1819 1675 1899 ipsius-

158 1927 251 1983 met
310 1922 543 1979 naturas
558 1960 585 1993 ,
638 1933 789 1996 qum
852 1916 919 1977 in
968 1914 1139 1979 omni
1192 1920 1417 1976 natura
1466 1918 1675 1977 creata

158 2015 284 2095 prior
302 2016 521 2071 natura
546 2015 651 2071 est
679 2026 879 2088 quam
904 2008 1331 2083 subsistentia,
1370 2006 1539 2068 unde
1570 2025 1677 2086 po-

158 2110 245 2169 tius
270 2111 479 2166 natura
491 2120 619 2181 per
640 2120 835 2163 suam
862 2102 1257 2165 existentiam
1282 2100 1679 2163 constituitur

158 2218 309 2280 capax
330 2196 801 2277 personalitatis
820 2214 1012 2277 qnam
1038 2215 1073 2257 e
1090 2195 1429 2269 contrarie,
1458 2212 1680 2274 quam·-

158 2297 227 2356 vis
248 2300 427 2355 totum
454 2292 865 2371 suppositum
888 2292 1279 2371 compleatur
1300 2292 1365 2351 in
1394 2308 1509 2351 suo
1538 2307 1679 2351 esse

158 2406 243 2470 per
264 2385 801 2465 personalitatem,
834 2391 899 2447 et
917 2386 1065 2447 ideo
1095 2384 1253 2447 illud
1280 2384 1525 2447 dicatur
1541 2384 1683 2445 sim·

160 2481 357 2561 pliciter
387 2496 519 2540 esse
548 2486 613 2540 et
642 2478 811 2541 fieri.
863 2478 1187 2551 Quocirca,
1240 2478 1447 2539 ablata
1476 2493 1687 2556 perso·

160 2574 369 2635 ualitate
416 2578 627 2634 creata
687 2573 775 2634 ab
815 2572 1205 2635 humanitate
1242 2570 1489 2644 Christi,
1538 2570 1685 2631 licet

164 2686 261 2728 non
281 2667 685 2747 permanserit
718 2685 859 2728 esse
912 2667 1295 2747 completum
1352 2663 1685 2745 personale

166 2766 509 2836 sicrestum,
534 2758 751 2839 potuit
780 2766 993 2821 tamen
1020 2776 1277 2821 manere
1308 2776 1443 2819 esse
1488 2758 1683 2837 ipsius

170 2860 385 2930 naturae,
429 2853 601 2933 qnod
634 2871 773 2914 non
796 2860 911 2914 est
950 2854 1289 2935 posterius,
1350 2852 1463 2913 sed
1508 2851 1683 2931 prius

170 2964 319 3027 quam
336 2947 767 3026 personalitas.
790 2947 867 3007 Et
888 2946 1029 3007 idco
1060 2964 1191 3007 non
1214 2945 1495 3024 sequitur
1521 2946 1681 3005 Ver-

170 3041 287 3103 bum
308 3040 661 3120 simpliciter
686 3041 955 3101 existere
968 3058 1081 3119 per
1102 3038 1681 3123 existentiamcrea-

170 3140 291 3207 tam,
310 3134 465 3211 quia,
494 3142 567 3196 nt
590 3152 813 3213 snpra,
832 3151 895 3212 q.
926 3135 1021 3211 16,
1046 3139 1162 3195 art.
1196 3136 1259 3205 9,
1286 3132 1677 3207 dicebamus,

172 3228 391 3288 existere
418 3228 703 3289 absolute
738 3227 975 3289 dictum
1008 3232 1071 3289 et
1118 3226 1467 3288 secundum
1510 3226 1681 3304 adja-

173 3338 309 3395 cenS‚
337 3320 639 3399 significat
676 3338 819 3382 esse
864 3320 1227 3401 simpliciter
1274 3320 1415 3399 ejus
1441 3320 1543 3381 cui
1574 3318 1687 3381 tri·

174 3414 345 3475 buitur
365 3432 381 3487 ς
406 3420 471 3475 at.
490 3432 643 3477 vero
673 3432 813 3476 esse
842 3414 1211 3494 simpliciter
1232 3413 1423 3475 Verbi
1440 3430 1569 3474 non
1592 3418 1687 3474 est

180 3514 453 3587 creatnm3
480 3526 631 3571 vere
654 3512 871 3571 antem
896 3508 1023 3569 dici
1072 3512 1303 3587 potest,
1332 3507 1503 3585 quod
1530 3507 1685 3569 Ver-

180 3599 295 3659 bum
316 3601 509 3663 existit
531 3602 725 3663 homo
746 3620 861 3681 per
888 3601 1285 3663 existentiam
1318 3606 1597 3663 creatam
1621 3605 1687 3662 et

180 3694 493 3769 humanam,
518 3714 651 3757 non
681 3696 833 3775 qnia
862 3694 965 3755 illa
1010 3694 1337 3755 existentia
1384 3695 1469 3754 sit
1510 3700 1685 3755 actus

184 3788 435 3866 suppositi
464 3790 814 3851 seeundum
844 3806 933 3863 se,
954 3788 1065 3849 sed
1099 3794 1171 3849 ut
1201 3793 1295 3849 est
1320 3788 1533 3857 homo,
1570 3804 1685 3847 seu

186 3881 293 3958 quia
320 3888 407 3942 est
424 3888 604 3943 actus
620 3881 1031 3944 humanitatis
1057 3882 1123 3942 in
1153 3899 1229 3943 eo
1257 3880 1600 3943 existentis.

248 3976 329 4035 25.
372 3974 651 4041 Christus
675 3994 787 4058 por
808 3976 1249 4057 generationem
1270 3974 1479 4038 habuit
1501 3990 1689 4037 ama·

190 4068 259 4127 tre
284 4066 637 4132 &matiam
682 4071 1113 4133 humanitatis.
1141 4102 1219 4113 -
1238 4068 1445 4130 Tertio
1468 4112 1489 4144 ,
1532 4066 1689 4146 obji-

190 4158 327 4219 ciunt
348 4163 611 4223 rationes
644 4162 1077 4241 'theolog-icas.
1137 4162 1342 4223 Prima
1378 4164 1443 4223 et
1470 4162 1688 4241 proeci-

194 4266 288 4327 pua
316 4260 419 4324 est,
446 4255 587 4333 qnia
612 4256 923 4333 sequitur,
952 4256 1253 4319 unionem
1276 4253 1685 4317 humanitatis

194 4342 255 4401 ad
270 4346 670 4410 Vei-humasse
694 4348 1147 4411 accidentalem
1174 4368 1193 4424 ς
1225 4365 1353 4410 non
1389 4348 1559 4409 enim
1576 4364 1685 4427 po-

194 4440 287 4497 test
326 4440 563 4520 intelligi
599 4441 767 4505 inter
827 4443 1037 4522 aliqua
1092 4442 1219 4503 duo
1260 4440 1685 4504 substantialis

196 4530 453 4607 unio‚nisi
476 4536 541 4596 in
564 4544 869 4616 qnantum
914 4554 1113 4597 unum
1142 4537 1408 4597 trahitur
1437 4535 1521 4597 ad
1544 4552 1681 4597 esse

200 4622 435 4701 alterium
466 4630 629 4693 unde
670 4632 723 4691 si
768 4630 981 4691 anima
1010 4636 1077 4691 et
1104 4646 1331 4710 corpus
1380 4629 1685 4691 haberent

202 4720 431 4795 proprias
450 4724 825 4799 existentias,
844 4741 974 4785 non
1004 4731 1217 4804 posset
1239 4722 1501 4803 intellig-i
1520 4722 1684 4785 inter

206 4824 261 4868 ea
276 4812 655 4881 substantialis
676 4820 851 4893 unio,
876 4817 1227 4899 praesertim
1242 4818 1393 4895 quia
1416 4815 1683 4877 existen-

206 4899 270 4961 tia
312 4905 677 4973 humanitatis
726 4918 821 4974 est
866 4911 1211 4991 completa,
1240 4913 1305 4972 et
1357 4908 1685 4971 existentia

216 4992 353 5057 Verbi
387 5001 643 5066 similiter
674 5023 691 5078 ς
728 5024 879 5084 ergo
917 5024 1044 5067 non
1078 5010 1285 5086 potest
1326 5022 1453 5064 una
1505 5000 1683 5063 alteri

212 5082 443 5153 advenire
482 5096 592 5157 nisi
638 5097 1127 5159 accidentaliter.
1181 5096 1493 5168 Secunda,
1538 5094 1685 5174 quia

216 5178 329 5241 alias
372 5190 620 5266 seqnitur
660 5190 1115 5253 humanitatem
1174 5190 1401 5254 Christi
1450 5188 1686 5251 babere

218 5273 531 5345 existentiam
562 5304 601 5345 a
618 5294 819 5348 matre
846 5303 959 5366 per
998 5285 1471 5367 generationem
1502 5303 1521 5358 ς
1567 5289 1690 5346 ter·

222 5364 380 5429 minus
400 5390 535 5454 ergo
572 5378 735 5441 illius
782 5378 1211 5460 generationis
1250 5378 1369 5441 erit
1399 5378 1518 5439 hoo
1546 5365 1695 5439 esse

224 5466 439 5527 creatum
478 5467 896 5546 humanitatis3
925 5470 1046 5535 erit
1082 5473 1467 5553 ergo-Beata
1502 5469 1689 5549 Virgo

1758 426 1962 483 mator
1993 422 2419 499 humanitatis,
2451 428 2516 485 et
2565 440 2690 487 nou
2735 426 2869 489 Dei.
2903 428 3132 506 Tertio,
3167 429 3314 497 addi

1760 520 1988 593 potest,
2023 516 2174 593 quia
2202 515 2267 577 id
2295 560 2310 587 ,
2351 516 2522 597 quod
2565 522 2659 579 est
2698 517 3060 597 simpliciter
3089 540 3308 595 unum,

1758 610 2004 669 tantum
2025 608 2214 671 habet
2232 626 2429 671 unum
2447 627 2606 671 esse.
2639 610 2766 671 Sed
2781 610 2864 674 de
2889 612 3008 675 hoc
3029 614 3312 677 dicemus

1762 700 2038 763 sectione
2067 702 2376 782 sequenti.
2407 702 2506 765 Ad
2532 704 2802 783 primam
2831 723 2983 787 ergo
3006 709 3314 771 rationem

1756 796 2176 873 respondetur
2223 796 2516 876 negando
2559 798 2886 879 sequelam
2917 844 2938 875 ,
2976 800 3124 879 quia
3164 801 3312 863 unio

1752 893 1994 951 naturai
2035 906 2181 951 cum
2227 893 2548 969 supposito
2599 891 3025 958 substantialis
3071 900 3198 969 est,
3249 900 3314 957 et

1750 979 2114 1058 hujusmodi
2175 989 2270 1045 est
2317 983 2458 1047 haec
2513 984 2702 1059 unic,
2761 989 2832 1048 ut
2879 984 3152 1048 Consilia
3192 992 3316 1049 tra·

1754 1072 1935 1143 dunt,
1965 1093 2104 1154 quae
2150 1094 2476 1156 nunqnam
2497 1077 2786 1141 dixerunt
2815 1079 2980 1141 hatto
3014 1078 3314 1143 unionem

1756 1186 1895 1233 esse
1914 1172 2202 1233 essentiae
2229 1188 2373 1235 cum
2397 1172 2750 1249 existentia,
2777 1173 2890 1237 sed
2919 1180 3158 1237 naturae
3183 1190 3316 1237 rea-

1754 1261 1831 1325 lis
1866 1280 2012 1325 cum
2043 1265 2364 1345 supposito
2395 1266 2716 1339 increato;
2751 1266 2852 1327 cui
2905 1268 3122 1329 unioni
3173 1271 3318 1331 tan-

1756 1360 1891 1417 tum
1908 1356 2114 1432 abest,
2131 1362 2201 1418 ut
2217 1364 2528 1439 repugnet
2545 1359 2875 1421 existentia
2891 1366 3098 1421 creata
3121 1360 3138 1421 i
3145 1359 3316 1439 psius

1756 1455 2024 1525 naturae,
2055 1453 2124 1513 ut
2151 1451 2288 1513 sine
2317 1451 2423 1513 illa
2464 1452 2672 1531 potius
2716 1470 2836 1515 nec
2875 1452 3136 1533 intelligi
3165 1470 3316 1533 pos-

1758 1543 1835 1605 sit
1862 1562 1879 1616 ;
1908 1544 2056 1621 quia
2085 1544 2222 1605 sine
2249 1544 2357 1605 illa
2397 1562 2527 1607 non
2571 1552 2736 1608 esset
2785 1551 3014 1607 natura
3038 1546 3221 1607 realis
3251 1544 3316 1605 in

1758 1642 1927 1711 actu,
1975 1642 2039 1697 et
2081 1643 2538 1715 consequenter
2577 1654 2784 1717 neque
2843 1638 3314 1719 assumptibilis.

1756 1731 1972 1809 Neque
1987 1736 2083 1793 est
2101 1748 2317 1793 verum
2339 1730 2638 1793 unionem
2666 1730 3140 1795 substantialem
3165 1732 3314 1794 dua-

1757 1840 1901 1886 rum
1926 1840 2142 1885 rerum
2167 1822 2232 1885 in
2275 1824 2396 1887 hoe
2437 1821 2804 1897 consistere,
2839 1823 3010 1905 quod
3037 1829 3318 1887 unatra-

1756 1914 2068 1979 butaliam
2081 1916 2162 1979 ad
2183 1932 2370 1979 snum
2387 1934 2530 1979 esse
2559 1916 2930 1990 existentiae3
2955 1934 3102 1977 nam
3129 1916 3318 1979 etiam

1760 2011 1972 2073 anima
1999 2016 2064 2073 et
2087 2026 2318 2091 corpus
2337 2028 2562 2073 revera
2586 2011 2822 2073 habent
2850 2010 3141 2090 partiales
3161 2010 3322 2073 exis-

1756 2104 1988 2167 tentius
2015 2122 2184 2177 suns,
2219 2104 2630 2183 incompletos
2671 2104 2926 2183 quidem
2971 2105 3038 2165 in
3067 2122 3182 2167 suo
3209 2122 3318 2184 ge-

1758 2214 1935 2273 nere,
1967 2196 2459 2259 substantialiter
2479 2202 2695 2261 tamen
2723 2198 3028 2259 uniuntur
3048 2216 3160 2277 per
3184 2217 3322 2261 mo-

1764 2290 1919 2353 dum
1975 2296 2154 2353 actus
2217 2296 2280 2353 et
2333 2290 2628 2370 potentiae
2685 2289 2768 2351 ad
2823 2291 3322 2355 constituendam

1762 2400 1959 2445 unam
2007 2382 2386 2463 completam
2411 2390 2702 2445 naturam
2753 2384 3036 2463 ejusdem
3071 2385 3322 2466 generis

1766 2476 2132 2539 substantiae
2161 2498 2179 2552 3
2227 2482 2358 2539 tota
2385 2494 2536 2539 vero
2561 2476 2920 2539 humanitas
2961 2478 3106 2541 licet
3133 2479 3194 2540 in
3225 2498 3326 2543 ra-

1766 2571 1939 2633 tione
1983 2576 2226 2633 naturae
2269 2570 2586 2649 completa
2617 2570 2720 2647 sit,
2747 2572 3048 2635 tamenin
3075 2572 3324 2635 ratione

1766 2664 2132 2727 substantiae
2172 2662 2378 2726 adhuc
2409 2669 2504 2727 est
2535 2664 2912 2745 incompleta
2931 2671 2998 2729 et
3029 2672 3202 2730 caret
3229 2666 3326 2729 ul·-

1764 2759 1917 2820 timo
1949 2757 2242 2831 termino,
2263 2764 2327 2821 et
2339 2757 2484 2821 ideo
2507 2756 3000 2821 substantialiter
3029 2759 3192 2822 uniri
3212 2777 3330 2840 po·-

1764 2858 1889 2914 test
1916 2851 2334 2913 subsistentiae
2363 2851 2578 2927 Verbi,
2610 2857 2678 2913 ut
2697 2868 2844 2913 cum
2865 2852 2972 2913 illa
2989 2859 3324 2933 componat

1762 2963 1963 3007 unum
2016 2943 2409 3024 suppositum
2457 2963 2532 3007 ac
2575 2961 2910 3025 personam
2951 2944 3317 3009 humanam.

1760 3038 2224 3103 Adaecundum
2243 3038 2522 3101 concedo
2533 3038 2800 3118 primam
2823 3039 3170 3119 sequelam,
3191 3038 3320 3103 imo

1762 3152 1889 3195 non
1913 3132 2098 3195 video
2129 3150 2256 3211 qua
2279 3132 2524 3193 ratione
2551 3130 2618 3195 id
2641 3133 2855 3213 negari
2888 3135 3108 3213 possit,
3147 3134 3320 3214 quia,

1766 3227 1817 3287 si
1846 3227 2128 3287 Christus
2153 3242 2284 3287 non
2331 3224 2550 3287 habuit
2589 3244 2628 3287 a
2679 3232 2878 3289 matre
2925 3228 3323 3291 existentiam

1768 3319 2204 3395 humanitatiS,
2235 3317 2392 3381 nihil
2415 3320 2500 3380 ab
2527 3320 2634 3381 illa
2664 3320 2907 3397 habuit,
2933 3322 3082 3399 quia
3111 3322 3192 3383 ab
3217 3322 3321 3385 illa

1764 3430 1895 3475 non
1950 3412 2170 3473 habuit
2230 3413 2622 3475 existentiam
2667 3413 3012 3477 increatam
3041 3458 3060 3490 ,
3113 3434 3322 3497 neque

1766 3507 2069 3567 unionem
2119 3504 2202 3566 ad
2239 3504 2546 3578 verbnm
2575 3506 2911 3569 essentiam
2963 3513 3178 3571 etitem
3203 3527 3324 3573 nu-

1768 3600 1915 3663 dam
1944 3598 2026 3661 ab
2047 3598 2150 3660 illa
2188 3598 2426 3661 habere
2453 3616 2581 3661 non
2609 3601 2834 3680 potuit,
2861 3602 3008 3680 quia
3037 3602 3142 3665 illa
3169 3592 3324 3667 nihil

1768 3700 1863 3755 est
1892 3692 2015 3754 nisi
2041 3698 2282 3753 tantum
2325 3691 2612 3771 quoedam
2646 3710 2744 3755 res
2779 3694 2848 3755 in
2875 3696 3172 3775 potentia.
3207 3697 3325 3757 Ne·

1768 3794 1956 3865 gatur
1995 3804 2144 3848 vero
2193 3784 2416 3847 ultima
2459 3787 2934 3865 consequentia,
2965 3788 3137 3869 quia,
3179 3788 3326 3853 licet

1768 3879 2048 3943 formalis
2085 3877 2388 3941 terminus
2439 3878 2608 3940 illius
2659 3881 3078 3958 generationis
3105 3882 3182 3945 sit
3207 3880 3326 3945 hu·

1766 3974 2040 4035 manitas
2073 3990 2216 4033 cum
2255 3990 2370 4033 sua
2425 3971 2780 4047 existentia,
2811 3978 3026 4037 tamen
3065 3974 3324 4039 ultimus

1765 4067 2096 4139 terminus,
2129 4066 2238 4145 qui
2265 4071 2627 4145 generatur,
2663 4084 2794 4128 non
2809 4071 2903 4131 est
2939 4067 3320 4143 humanitas,

1768 4161 1881 4223 sed
1910 4158 2014 4221 hic
2031 4159 2260 4232 hom03
2292 4158 2442 4238 quia
2465 4159 2572 4221 illa
2591 4159 2946 4223 humanitas
2972 4168 3036 4223 et
3057 4162 3324 4225 existen-

1766 4256 1851 4318 tia
1878 4254 2020 4333 ejus
2055 4270 2185 4313 non
2213 4252 2280 4313 in
2302 4270 2370 4313 sc
2421 4250 2516 4327 lit,
2545 4251 2658 4313 sed
2693 4252 2760 4313 in
2809 4253 3042 4329 Verbo,
3075 4261 3136 4319 et
3179 4256 3324 4319 ideo

1764 4347 2042 4409 Verbum
2070 4362 2218 4406 vero
2247 4344 2474 4408 dicitur
2493 4347 2780 4425 generari
2805 4353 2868 4409 et
2881 4348 3055 4411 nasci
3085 4367 3162 4411 ex
3191 4350 3330 4413 Vir·

1766 4442 1933 4521 gine.
1983 4439 2154 4501 Sicut
2209 4438 2630 4503 interfectores
2676 4430 2900 4503 Christi
2941 4459 3090 4505 vere
3117 4444 3324 4523 priva-

1766 4539 1909 4595 runt
1942 4530 2396 4595 humanitatem
2443 4532 2772 4595 existentia
2811 4552 2950 4610 sua,
2979 4553 3110 4597 non
3154 4535 3324 4599 enim

1764 4625 1968 4689 extitit
2012 4624 2371 4687 humanitas
2397 4626 2462 4687 iu
2491 4625 2598 4687 illo
2629 4624 2876 4701 tridn03
2909 4632 3142 4703 tamen,
3175 4629 3326 4707 quia

1764 4716 2126 4781 humanitas
2144 4734 2272 4779 non
2297 4724 2390 4779 est
2407 4736 2615 4798 passa,
2635 4736 2753 4781 nec
2783 4720 3024 4801 privata
3047 4722 3325 4786 existen-

1765 4812 1851 4875 tia
1904 4809 2256 4873 secundum
2309 4828 2400 4885 se,
2433 4811 2548 4873 sed
2595 4819 2664 4874 ut
2721 4812 2788 4875 in
2829 4812 2950 4875 hoc
3001 4815 3324 4895 supposito

1768 4904 2068 4979 existens,
2101 4902 2246 4964 ideo
2280 4921 2426 4967 vere
2471 4904 2696 4967 dicitur
2745 4905 2849 4967 hic
2891 4907 3078 4969 homo
3131 4909 3331 4971 inter-

1766 4998 1988 5074 fectus,
2017 5003 2080 5059 et
2109 4997 2270 5059 Deus
2297 5003 2610 5059 mortuus.
2633 4998 2810 5061 Unde
2838 4998 2961 5061 hoc
2987 5019 3334 5081 argumen-

1770 5098 1905 5154 tum
1965 5090 2160 5153 multo
2216 5091 2418 5172 magis
2457 5093 2805 5171 retorqueri
2859 5100 3061 5173 potest
3107 5101 3324 5157 contra

1768 5185 2144 5257 ThemistaS,
2173 5185 2324 5263 quia
2351 5186 2406 5247 si
2421 5184 2780 5247 humanitas
2807 5187 3036 5249 Christi
3061 5205 3192 5251 non
3215 5188 3327 5251 ha·

1731 5280 1877 5359 ,bet
1905 5278 2300 5341 existentiam
2329 5284 2628 5354 creatam,
2660 5279 2762 5340 vix
2811 5280 3073 5361 intelligi
3119 5287 3328 5361 potest

1770 5372 1923 5453 quid
1961 5370 2254 5433 habuerit
2301 5370 2582 5435 Christus
2605 5390 2644 5433 a
2671 5378 2898 5448 matre,
2923 5378 2994 5435 ut
3040 5374 3120 5436 sit
3156 5373 3324 5437 filius

1772 5467 1930 5545 ejus.
1963 5467 2036 5527 Et
2063 5463 2349 5546 quamvis
2372 5464 2484 5545 ipsi
2507 5464 2715 5529 dicant
2735 5466 3028 5531 habuisse
3061 5484 3200 5529 esse
3231 5487 3328 5531 es-
