3892 6167
1404 404 1727 463 nlsrnur.
1760 403 1937 461 XXVI.
1971 405 2141 461 SEGT.
2177 408 2216 459 1.

3345 414 3414 473 iti

194 508 327 586 ejus
359 509 711 586 conceptus
734 504 1065 582 formatur,
1096 504 1365 584 ideoque
1393 523 1521 569 non
1557 511 1764 588 potest
1844 506 1925 567 sit
1957 523 2086 567 una
2113 510 2404 569 creatura
2441 508 2672 571 virtute
2711 508 2984 571 naturali
3031 528 3412 593 cognoscere

188 617 403 661 veram
426 599 747 662 rationem
761 598 1345 679 comprehensionis
1372 600 1705 682 attingere.

306 696 371 755 9.
408 692 705 758 Secunda
718 692 1041 757 mactatio.
1056 724 1145 741 -
1163 692 1311 755 Dico
1332 693 1611 756 secundo
1632 712 1649 755 ε
1680 692 1761 759 de

182 786 423 849 ratione
475 786 1061 865 comprehensionis
1099 791 1197 849 est
1226 792 1301 848 ut
1350 787 1429 849 sit
1486 788 1761 867 cognitio

188 888 311 943 tam
330 878 509 941 clara
540 884 611 941 et
634 880 911 955 intensa,
940 886 1247 959 quantum
1268 898 1527 943 neeesse
1554 886 1650 943 est
1680 879 1761 943 ad

190 979 397 1039 exacte
420 973 905 1054 cognoscendas
932 979 997 1037 et
1012 974 1427 1055 penetrandas
1452 974 1519 1037 in
1548 974 1761 1055 objec·

186 1076 245 1131 to
270 1068 541 1148 cognito
570 1086 793 1131 omnes
816 1067 1219 1131 habitudines
1244 1074 1313 1131 et
1338 1068 1759 1133 connexiones

175 1180 339 1243 quas
368 1178 455 1223 ex
478 1166 713 1224 natura
740 1178 855 1225 sua
884 1162 1099 1235 habet,
1146 1168 1209 1225 et
1256 1162 1493 1225 habere
1522 1167 1753 1243 potest,

171 1274 325 1317 cum
354 1255 665 1317 omnibus
688 1256 881 1319 rebus
906 1274 947 1319 a
976 1255 1203 1335 quibus
1250 1256 1457 1337 ipsum
1494 1256 1751 1337 pendet,

164 1356 230 1412 et
258 1368 412 1430 qum
442 1349 527 1411 ab
556 1350 695 1431 ipso
716 1350 997 1431 pendere
1022 1356 1305 1431 possunt.
1336 1351 1483 1413 Haec
1500 1351 1757 1413 conclu-

164 1444 263 1505 sio
294 1444 563 1505 videtur
604 1462 683 1505 ex
734 1443 887 1523 ipsis
928 1443 1215 1507 terminis
1260 1442 1543 1519 evidens,
1566 1450 1632 1507 et
1674 1462 1755 1509 ex

157 1536 707 1616 descriptionibus
724 1536 1307 1618 comprehensionis
1332 1536 1753 1601 communiter

158 1631 457 1711 receptis
478 1638 774 1694 constare
800 1636 1025 1713 potest.
1054 1633 1167 1695 Est
1190 1632 1363 1695 enim
1398 1632 1481 1695 de
1504 1632 1751 1695 ratione

156 1724 793 1805 comprehensionis,
822 1730 895 1788 ut
920 1744 1035 1805 per
1080 1744 1225 1789 eam
1257 1744 1359 1789 res
1404 1744 1749 1807 cognosca-

156 1825 297 1892 tur,
334 1826 658 1899 quantum
680 1819 1119 1901 cognoscibilis
1158 1826 1276 1896 est,
1306 1838 1387 1883 ex
1412 1821 1488 1883 D.
1522 1820 1749 1883 Thom.

156 1912 387 1974 citatis
416 1913 601 1987 locis,
634 1920 765 1975 tum
804 1912 932 1988 hic,
960 1921 1097 1975 tum
1120 1915 1150 1976 1
1184 1930 1281 1993 p.,
1307 1929 1373 1992 q.
1402 1916 1505 1988 12,
1535 1918 1653 1977 art.
1685 1916 1747 1990 ’1,

154 2012 229 2067 et
252 2009 299 2067 3
334 2010 563 2069 contra
588 2006 806 2082 Gent„
834 2024 893 2069 c.
924 2010 1043 2082 5⁵3
1080 2024 1233 2087 ergo
1262 2012 1511 2086 oportet
1538 2009 1611 2069 ut
1632 2005 1747 2069 sal·

150 2106 297 2161 tem
322 2118 403 2161 ex
432 2106 619 2179 parte
642 2100 871 2181 objecti
904 2100 1377 2163 distinctissime
1402 2116 1753 2179 cognosca-

156 2198 273 2254 un·
308 2193 635 2273 quidquid
658 2193 723 2254 in
760 2210 837 2255 eo
868 2200 989 2271 est,
1014 2199 1079 2256 et
1118 2192 1323 2255 omnis
1350 2192 1655 2255 habitudo
1676 2210 1753 2257 ac

150 2288 485 2349 connexio
534 2286 659 2349 sub
694 2304 823 2367 qua
854 2288 1147 2369 cognosci
1188 2290 1421 2369 potest.
1470 2289 1627 2351 Item
1673 2306 1753 2351 ex

158 2380 561 2458 Augustino,
590 2382 671 2442 12
708 2379 789 2445 de
810 2380 1021 2459 Civit„
1044 2400 1107 2445 c.
1142 2384 1245 2459 18,
1276 2400 1383 2464 ep.
1420 2385 1565 2457 112,
1598 2400 1655 2447 c.
1684 2382 1747 2457 ὅ,

166 2475 235 2549 (i,
260 2478 299 2535 Ἰ
328 2480 401 2536 et
430 2476 497 2552 8,
528 2479 599 2536 et
618 2492 815 2537 serm.
844 2476 923 2539 38
949 2474 1031 2537 de
1058 2476 1255 2539 Verb.
1278 2476 1551 2552 Domini,
1584 2492 1753 2537 asse·

170 2573 383 2641 rente,
420 2569 987 2649 comprehensione
1024 2566 1451 2631 circumscribi
1476 2573 1540 2629 et
1570 2566 1751 2647 quasi

168 2661 347 2723 finiri
396 2660 723 2739 objectum
759 2661 1307 2741 comprehensum,
1348 2658 1751 2740 quantumvis

170 2754 547 2829 infinitum;
585 2755 697 2817 sed
750 2772 879 2815 nou
926 2756 1185 2817 omnino
1224 2752 1755 2817 circumscribitur

168 2849 513 2927 obiectum
560 2854 627 2911 et
664 2847 905 2921 finitur,
932 2847 1057 2909 nisi
1106 2852 1525 2927 cognoscatur
1574 2844 1757 2925 quid·

172 2941 337 3021 quid
378 2942 449 3003 in
474 2941 585 3004 illo
614 2945 735 3015 est,
761 2940 921 3003 etin
948 2941 1055 3003 illo
1086 2940 1385 3021 cognosci
1428 2946 1657 3021 potest,
1690 2944 1757 3003 et

172 3034 539 3097 secundum
592 3052 849 3097 omnem
900 3034 1335 3097 habitudinem
1376 3052 1505 3115 qua
1544 3039 1755 3115 potest

172 3128 489 3207 cognosci
512 3150 533 3205 ;
562 3146 717 3209 ergo
738 3129 861 3191 hoc
890 3128 1114 3191 saltem
1138 3126 1223 3191 ad
1242 3127 1755 3209 comprehensio·

170 3240 331 3283 nem
352 3224 791 3285 necessarium
810 3226 930 3283 est.
958 3220 1243 3284 Tandem
1272 3240 1351 3284 ex
1378 3221 1517 3302 ipsa
1550 3226 1755 3285 meta·

167 3314 385 3395 phora
415 3362 433 3387 ‚
488 3316 641 3396 quia
700 3314 1179 3395 comprehensio
1238 3312 1583 3377 materialis
1636 3332 1753 3377 seu

168 3409 603 3489 quantitative
646 3408 800 3471 dicit
824 3408 1327 3487 adaequatiouem
1354 3411 1422 3469 et
1454 3407 1755 3470 inclusio-

170 3520 325 3563 nem
356 3502 711 3582 perfectam
738 3501 835 3563 rei
862 3500 1331 3581 comprehensae
1368 3500 1435 3561 in
1468 3516 1755 3581 compre-

170 3595 543 3669 hendente;
574 3612 727 3675 ergo
780 3593 1225 3657 intellectualis
1268 3594 1751 3673 comprehensio

172 3688 297 3749 hoc
318 3688 521 3749 etiam
546 3688 836 3768 requirit.

256 3784 361 3843 10.
400 3780 761 3845 Ocea-rim
778 3780 1415 3862 objectioni-Dices:
1434 3798 1589 3862 ergo
1615 3780 1759 3843 nul-

174 3874 235 3935 la
298 3880 597 3936 ereatura
648 3879 857 3953 potest
926 3874 1123 3937 aliam
1170 3874 1711 3955 comprehendere
1734 3916 1753 3947 ,

176 3967 331 4045 quia
358 3985 499 4029 non
522 3971 730 4046 potest
756 3984 901 4029 eam
926 3986 1307 4047 cognoscere
1332 3968 1625 4031 distincte
1654 3984 1758 4029 se·

176 4060 467 4122 cundum
498 4076 753 4125 omnem
774 4060 1209 4125 habitudinem
1246 4080 1389 4140 quoe
1414 4061 1483 4123 in
1528 4078 1605 4123 ea
1648 4079 1759 4123 co-

180 4153 409 4233 gnosci
425 4158 653 4233 potest,
682 4154 903 4217 saltem
924 4154 984 4215 in
1008 4152 1231 4216 ordine
1253 4153 1339 4216 ad
1358 4154 1635 4216 divinam
1648 4172 1759 4233 po·

180 4246 491 4319 tentiam3
522 4264 673 4309 nam
718 4246 965 4309 infinita
996 4252 1149 4309 sunt
1186 4264 1329 4327 qum
1352 4252 1561 4327 potest
1587 4249 1756 4309 Deus

182 4340 245 4401 in
276 4340 415 4413 illa,
458 4339 567 4402 vel
604 4358 719 4420 per
756 4340 931 4401 illam
976 4340 1245 4420 operari,
1276 4358 1419 4420 qum
1448 4358 1575 4403 uon
1610 4356 1757 4419 pos-

182 4438 335 4495 sunt
382 4450 425 4493 a
496 4438 787 4495 matura
856 4432 1193 4495 exhauriri.
1260 4432 1702 4514 Respondetur
1728 4474 1751 4507 ‚

182 4544 379 4589 unam
406 4532 771 4589 amtorem
796 4526 1025 4589 virtute
1046 4525 1321 4591 naturali
1348 4544 1535 4605 posse
1558 4526 1753 4591 alisia

186 4617 729 4697 comprehendere
758 4618 1105 4683 secundum
1124 4618 1479 4681 naturalem
1514 4618 1756 4699 perfec·-

184 4712 429 4773 tionem
446 4716 513 4775 et
544 4716 919 4791 potestatem
942 4711 1105 4790 ejus,
1134 4728 1265 4775 non
1290 4716 1507 4775 tamen
1530 4728 1755 4775 secun-

186 4804 345 4865 dum
388 4803 901 4881 obedientialem,
958 4816 1033 4867 ut
1060 4810 1507 4885 argumentum
1542 4813 1757 4869 osten·

190 4896 301 4958 dit.
328 4896 469 4959 Hoc
504 4902 719 4959 autem
765 4914 895 4959 non
922 4898 1193 4977 pertinet
1226 4896 1310 4959 ad
1334 4898 1431 4961 rei
1470 4914 1757 4978 compre-

192 4987 563 5053 hensionem
589 4989 973 5069 ‘simpliciter
1002 4996 1067 5053 et
1088 4989 1341 5071 proprie
1360 4990 1613 5055 dictam.
1640 4992 1755 5054 Sa·

194 5080 269 5141 tis
292 5087 391 5143 est
416 5082 592 5143 enim
640 5082 977 5145 exhaurire
1014 5089 1305 5145 naturam
1366 5084 1553 5162 ejus;
1604 5099 1753 5147 nam

194 5190 571 5253 cognoscere
586 5192 731 5254 quse
759 5192 873 5255 per
895 5176 1239 5254 potentiam
1264 5174 1756 5241 obedientialem

192 5266 317 5331 fieri
344 5270 411 5331 in
442 5286 525 5333 ea
556 5274 847 5348 possunt,
870 5269 1073 5349 magis
1108 5275 1209 5331 est
1224 5282 1608 5348 cognoscere
1638 5266 1756 5331 Dei

194 5364 741 5444 omnipotentiam,
770 5380 961 5441 quam
984 5368 1341 5428 creaturam
1378 5362 1589 5443 ipsam
1616 5380 1754 5444 per-

196 5456 403 5521 fectius
438 5472 858 5539 cognoscere,
885 5458 1231 5536 presertim
1254 5456 1469 5537 quoad
1494 5474 1573 5521 ea
1610 5472 1791 5535 qum,

194 5552 493 5617 naturalia
514 5550 583 5613 ei
610 5555 783 5613 sunt.
806 5548 979 5615 Addo
996 5549 1295 5629 denique,
1320 5554 1455 5615 esto
1472 5566 1599 5613 non
1612 5568 1755 5630 pos-

1842 596 2160 677 quidquid
2179 616 2298 679 per
2315 598 2798 665 obedientialcm
2824 602 3172 682 potentiam
3197 604 3266 667 in
3291 608 3414 671 alia

1842 697 2129 755 creature
2157 698 2222 755 et
2260 710 2375 773 per
2401 694 2576 757 illam
2625 694 2766 757 fieri
2793 700 3020 775 potest,
3053 702 3268 762 tamen
3291 700 3414 765 vir·

1840 790 1978 848 tute
2027 787 2514 866 supernaturali,
2557 802 2672 851 seu
2703 806 2818 869 per
2843 788 3100 868 aliquod
3127 790 3410 857 divinum

1838 876 2058 941 lumen
2083 878 2222 941 fieri
2245 898 2428 961 posse
2475 886 2542 943 ut
2568 900 2698 945 una
2723 888 3035 958 creatura,
3067 886 3258 947 etiam
3291 888 3410 951 suh

1839 972 1962 1035 hac
2007 973 2276 1048 ratione,
2313 976 2808 1055 comprehendat
2867 975 3102 1054 aliam;
3163 979 3246 1041 ad
3289 980 3410 1045 hoc

1840 1066 2014 1129 enim
2051 1084 2184 1129 non
2211 1074 2308 1131 est
2335 1086 2594 1131 necesse
2649 1068 3184 1149 comprehendere
3211 1074 3410 1137 omni-

1834 1160 2184 1240 potentiam
2211 1162 2341 1239 Dei,
2373 1162 2486 1225 sed
2517 1162 2668 1225 satis
2689 1163 2808 1225 erit
2827 1180 3212 1243 cognoscere
3234 1166 3406 1229 illam

1834 1252 2004 1315 clare
2033 1258 2098 1316 et
2125 1254 2418 1317 distincte
2457 1274 2602 1317 secu
2613 1255 2805 1318 ndum
2836 1256 3114 1335 aliquam
3141 1257 3410 1323 latitudi-

1832 1366 1980 1409 nem
2027 1348 2388 1425 effectuum,
2417 1348 2590 1429 quod
2633 1366 2764 1411 non
2803 1357 3164 1431 repugnat;
3217 1370 3362 1417 nam
3385 1398 3404 1429 ‚

1834 1448 1905 1503 ut
1947 1439 2328 1513 videbimus,
2359 1442 2496 1504 sine
2545 1442 3110 1523 comprehensione
3143 1453 3410 1525 possunt

1834 1534 1901 1597 iu
1922 1534 2052 1597 Deo
2074 1535 2276 1598 videri
2303 1534 2573 1612 infinita,
2593 1541 2784 1615 atque
2809 1536 2972 1599 adeo
2999 1544 3210 1617 potest
3233 1538 3405 1603 vide-

1832 1627 1889 1689 ri
1916 1626 2376 1709 omnipotentia
2399 1628 2516 1691 Dei
2533 1646 2681 1691 cum
2700 1628 3073 1693 habitudine
3101 1632 3184 1693 ad
3209 1638 3404 1695 totam

1830 1720 2113 1799 aliquam
2135 1720 2532 1785 latitudinem
2557 1720 2944 1785 infinitorum
2969 1724 3330 1799 effectuum,
3345 1730 3410 1787 et

1831 1814 2032 1877 multo
2059 1815 2264 1895 mag-is
2291 1816 2544 1896 poterit,
2575 1830 2721 1877 cum
2769 1815 3140 1879 habitudine
3169 1817 3250 1880 ad
3279 1836 3408 1881 om·

1833 1908 1942 1971 nia
1990 1926 2134 1989 quse
2169 1908 2240 1971 in
2293 1908 2506 1988 aliqua
2545 1914 2838 1971 creatura
2888 1910 3137 1989 operari
3177 1916 3404 1989 potest,

1834 2002 2080 2082 absque
2105 2002 2668 2084 comprehensione
2691 2003 2914 2067 videri.

1912 2100 2014 2157 11.
2065 2095 2278 2161 Tertia
2305 2095 2624 2161 conducio.
2656 2126 2738 2143 —
2765 2098 2914 2161 Dico
2957 2096 3140 2161 tertio
3171 2118 3186 2159 ε
3213 2098 3268 2161 si
3307 2117 3406 2161 co-

1830 2188 2030 2267 gnitio
2063 2188 2256 2252 habet
2279 2208 2422 2253 eam
2449 2192 2912 2272 perfectionem
2966 2196 3030 2255 et
3057 2191 3406 2254 claritatem

1832 2298 1978 2363 qum
2005 2280 2238 2345 sufficit
2277 2281 2360 2345 ad
2399 2283 2916 2364 cognoscendum
2965 2284 3286 2363 objectum
3327 2303 3406 2349 ex

1831 2379 2014 2457 parte
2041 2376 2182 2456 ejus
2213 2381 2431 2439 exacte
2459 2383 2523 2439 et
2559 2377 2858 2458 perfecte,
2897 2376 2968 2439 id
3016 2384 3135 2453 est,
3194 2377 3278 2440 ad
3299 2396 3406 2443 co-

1830 2468 2270 2549 gnoscendum
2313 2469 2624 2551 quidquid
2669 2470 2738 2533 in
2783 2486 2862 2533 eo
2909 2474 3005 2531 est
3055 2468 3404 2533 formaliter

1830 2562 1933 2625 vel
1965 2562 2342 2637 eminenter,
2391 2569 2458 2627 et
2503 2564 2588 2627 ad
2637 2563 3098 2645 penetrandam
3147 2582 3402 2627 omnem

1832 2654 2146 2717 rationem
2167 2654 2497 2719 formalem
2527 2658 2686 2738 ejus,
2721 2663 2786 2721 et
2807 2674 3062 2721 omnem
3090 2656 3404 2721 habitudi-

1833 2762 1984 2809 nem
2039 2746 2526 2825 distinctissime,
2573 2750 2716 2813 talis
2775 2750 3050 2829 cognitio
3105 2757 3202 2812 est
3250 2768 3401 2815 vera

1834 2841 2344 2920 comprehensio.
2377 2844 2526 2905 Haec
2551 2850 2648 2905 est
2669 2844 2810 2905 sine
2845 2842 3040 2905 dubio
3087 2844 3402 2907 sententia

1836 2934 1908 2997 D.
1940 2936 2226 3009 Thomu,
2255 2954 2400 3017 qum
2433 2939 2700 3002 sumitur
2747 2956 2827 3001 ex
2870 2936 2970 3001 his
2995 2954 3138 3018 quae
3189 2937 3400 3015 docet,

1835 3034 1972 3093 tum
1997 3029 2126 3108 hic,
2151 3050 2212 3093 a.
2237 3034 2303 3108 2,
2325 3036 2460 3095 tum
2487 3034 2518 3095 1
2540 3051 2632 3113 p.,
2659 3048 2723 3113 q.
2759 3035 2862 3108 12,
2895 3050 2958 3095 a.
2987 3034 3052 3105 8,
3071 3038 3136 3095 et
3161 3035 3202 3095 3
3229 3038 3396 3095 cont.

1833 3122 2045 3200 Gent„
2075 3142 2132 3187 c.
2155 3126 2238 3187 55
2265 3130 2330 3187 et
2355 3128 2460 3203 56,
2493 3132 2560 3189 et
2605 3126 2970 3204 ubicunque
2999 3126 3186 3189 docet
3226 3144 3402 3189 crea-

1832 3220 2042 3281 turam
2075 3236 2206 3282 non
2237 3236 2426 3299 posse
2453 3220 2692 3284 elevari
2737 3220 2822 3285 ad
2856 3220 3194 3283 videndum
3231 3238 3400 3301 quie-

1834 3328 2084 3391 cunque
2139 3313 2380 3375 suntin
2433 3316 2564 3377 Deo
2615 3314 2991 3390 eminenter,
3035 3315 3184 3392 quia
3245 3314 3399 3377 alias

1834 3404 2402 3484 comprehenderet
2443 3407 2676 3487 ipsum.
2721 3408 2868 3471 Hoec
2921 3408 3092 3469 enim
3121 3408 3280 3471 ratio
3311 3408 3398 3471 lo·

1834 3514 1982 3561 cum
2009 3516 2136 3561 non
2168 3498 2514 3573 haberet‚si
2537 3500 2622 3563 ad
2643 3501 3272 3581 comprehensionem
3287 3502 3400 3563 ali·

1832 3591 1988 3669 quid
2015 3590 2190 3655 aliud
2205 3594 2636 3659 necessarium
2663 3599 2871 3666 essen
2901 3594 3084 3657 facile
3115 3595 3283 3657 enim
3309 3595 3400 3657 di·

1838 3685 1895 3746 ci
1924 3689 2160 3763 posset,
2195 3686 2383 3747 etiam
2413 3687 2466 3747 si
2495 3692 2784 3749 creatura
2807 3686 3049 3749 videret
3083 3705 3164 3751 ea
3187 3688 3401 3751 omnia

1838 3778 1905 3839 in
1930 3778 2086 3851 Deo,
2141 3778 2352 3857 ipsum
2397 3796 2528 3841 non
2573 3778 3194 3859 comprehensurum,
3249 3780 3399 3860 quia

1840 3888 1968 3934 non
1997 3888 2250 3935 summa
2277 3872 2654 3949 intensione,
2687 3873 2970 3935 claritate
3021 3879 3130 3935 aut
3149 3874 3402 3953 'perfec-

1838 3964 2012 4025 tione
2049 3964 2310 4027 videret.
2335 3965 2412 4025 Et
2437 3965 2524 4027 ita
2569 3966 3038 4027 conclusionem
3063 3966 3226 4031 hanc
3255 3984 3402 4047 sup·

1836 4062 2084 4138 ponunt
2109 4058 2474 4133 Themistae,
2503 4075 2664 4136 quos
2693 4063 2848 4121 sect.
2881 4061 2920 4120 3
2957 4058 3259 4121 referam.
3285 4062 3402 4125 Su-

1834 4151 2030 4213 mitur
2055 4152 2188 4213 hoec
2219 4152 2456 4215 veritas
2479 4170 2558 4215 ex
2581 4152 2954 4231 Augustino,
3010 4170 3110 4233 ep.
3147 4158 3286 4227 1¹2,
3341 4174 3398 4217 c.

1836 4245 1903 4322 8,
1926 4244 2036 4307 ubi
2055 4244 2145 4305 ait
2175 4250 2322 4308 tunc
2351 4246 2590 4326 aliquid
2629 4246 3103 4326 comprehendi,
3145 4248 3400 4327 quando

1836 4342 2040 4401 totum
2053 4340 2144 4401 ita
2171 4338 2420 4405 videtur
2431 4343 2502 4401 ut
2519 4339 2678 4403 nihil
2695 4339 2832 4419 ejus
2859 4339 3050 4405 lateat
3059 4339 3397 4413 videntem

1836 4431 2256 4510 quamobrem
2273 4433 2384 4509 ait,
2413 4434 2536 4497 hoc
2561 4432 2754 4499 modo
2781 4434 2982 4497 Deum
3025 4450 3066 4495 a
3109 4434 3286 4498 nullo
3313 4434 3403 4497 vi·

1838 4542 1979 4587 sum
1999 4542 2164 4600 esse,
2187 4526 2362 4604 quod
2387 4532 2517 4589 tam
2542 4524 2624 4587 de
2641 4525 2886 4603 Angelo
2925 4542 3116 4605 quam
3155 4526 3236 4589 de
3285 4526 3402 4589 ho-

1836 4616 2010 4683 mine
2039 4618 2334 4698 intelligit
2371 4618 2616 4698 absque
2653 4619 2870 4681 dubio.
2925 4619 3166 4683 Eodem
3211 4620 3401 4683 modo

1834 4710 2117 4792 loquitur
2159 4712 2408 4793 Chrys„
2431 4713 2706 4777 homiliis
2743 4712 2830 4775 de
2863 4714 3258 4794 incompreh.
3285 4714 3398 4777 Dei

1834 4812 1996 4881 nat„
2025 4807 2380 4885 praesertim
2407 4810 2436 4867 1
2475 4812 2542 4869 et
2569 4809 2632 4882 5,
2663 4813 2728 4871 et
2747 4807 2854 4869 alii
2893 4824 3054 4886 quos
3081 4814 3235 4871 sect.
3257 4825 3392 4889 seq.

1836 4899 2492 4963 commemorabimus.

1916 4993 2022 5053 12.
2065 4988 2256 5057 Ratio
2289 5008 2404 5071 pro
2435 4992 2838 5059 οοκσῑσσίοασ.
2877 5024 2958 5041 -
2991 4991 3255 5055 Ratione
3287 4994 3397 5057 de-

1834 5082 2110 5147 claratur
2157 5100 2238 5145 ex
2285 5084 2654 5165 metaphora
2705 5084 2843 5165 ipsa
2883 5086 3396 5165 comprehensio-

1834 5177 1971 5254 nis3
2003 5182 2256 5257 sumpta
2277 5184 2374 5241 est
2417 5178 2588 5241 enim
2627 5196 2708 5241 ex
2757 5178 3212 5257 quantitatibus
3255 5196 3396 5259 quse

1838 5270 2186 5333 secundum
2217 5270 2650 5335 extensionem
2675 5289 2858 5335 suam
2885 5270 2974 5335 ita
2997 5289 3397 5335 commensu-

1835 5370 2078 5439 rantur,
2095 5368 2167 5427 ut
2201 5382 2330 5425 una
2355 5365 2614 5427 omnino
2647 5364 2836 5429 aliam
2876 5365 3084 5445 capiat
3109 5368 3176 5429 et
3221 5382 3395 5428 com-

1834 5456 2185 5539 plenam-3
2239 5457 2332 5523 sic
2373 5476 2548 5539 ergo,
2589 5458 3068 5540 comprehensio
3123 5458 3392 5521 intellec·

1836 5550 2030 5613 tualis
2057 5550 2120 5613 in
2149 5550 2582 5629 adaequatione
2607 5552 2791 5631 quasi
2817 5550 3138 5615 extensive
3157 5551 3392 5615 consis-
