3892 6167
1314 389 1634 444 nisru‘rA'r.
1670 389 1839 445 xm.
1874 391 2044 446 secr.
2081 395 2142 447 u.
3203 381 3322 448 427

122 489 268 550 didit
296 487 367 549 iu
389 488 589 566 epist,
618 489 693 550 10
718 486 949 568 Cyrilli,
972 507 1166 569 quam
1207 492 1429 572 recipit
1446 493 1682 555 Concil.

120 580 529 662 Ephesinum,
564 580 670 644 ubi
692 579 783 645 sic
804 583 1033 662 legitur
1064 605 1081 644 ε
1128 585 1377 652 Verbum
1394 585 1511 649 Dei
1542 603 1687 650 oar-

121 675 183 738 m‘
238 676 575 741 seeundum
632 675 1011 754 hypostasim
1082 681 1323 743 unitum
1354 724 1371 751 ‚
1422 678 1685 743 omnium

123 767 343 850 quidem
393 767 575 834 Dm
617 773 741 845 ert,
766 769 1155 851 omnibusque
1196 772 1585 844 dominam,·
1615 777 1687 836 ab

124 863 214 924 sui
251 861 455 941 ipsius
484 876 597 926 uo
621 877 833 926 sams
862 867 974 937 est,
1006 879 1113 926 aec
1164 865 1440 927 domim
1458 885 1483 935 ,·
1518 864 1685 929 stul-

126 961 243 1019 tum
280 955 442 1016 enim
468 960 589 1028 ost,
618 955 737 1018 imo
760 959 819 1020 et
842 957 1125 1034 impium,
1157 957 1241 1022 ad
1263 955 1420 1022 Mo
1444 959 1685 1022 modum

128 1048 340 1110 sentire
363 1053 477 1111 aut
530 1049 743 1112 dicere.
770 1049 847 1111 Et
898 1051 1059 1111 ratio
1087 1049 1323 1113 ibidem
1360 1051 1677 1127 redditur,

127 1157 191 1202 se
222 1157 407 1202 unum
452 1141 796 1217 Christum,
828 1146 885 1206 et
928 1142 1187 1218 Filium,
1216 1161 1287 1208 ae
1335 1145 1637 1208 dominum·
1665 1192 1682 1220 ,

128 1235 189 1295 iu
214 1234 357 1296 duos
394 1233 769 1298 scindamus.
798 1235 873 1298 Et
896 1235 1039 1298 ideo
1069 1237 1383 1301 anathem.
1415 1239 1477 1313 6,
1508 1236 1683 1297 dam·

130 1333 227 1386 nat
252 1326 521 1405 Cyl-illus
552 1328 717 1392 hanc
736 1329 1275 1410 propositionem:
1316 1330 1565 1398 Verbum
1593 1335 1687 1395 est

132 1421 393 1484 dominus
418 1421 669 1485 Clmsti
693 1449 723 1497 ,·
771 1431 833 1486 et
877 1425 944 1486 in
983 1424 1351 1486 defensione
1399 1424 1682 1504 ejusdem

132 1515 391 1575 declarat
434 1515 595 1577 illud
625 1535 765 1579 osse
799 1517 1033 1580 dictum
1062 1525 1277 1581 contra
1304 1521 1679 1594 Nestorium,

134 1607 227 1683 qui
254 1607 569 1670 Christum
598 1627 637 1672 a
666 1611 871 1674 Verbo
910 1611 1319 1692 personaliter
1344 1611 1685 1694 distingne-

134 1701 248 1761 bat.
282 1703 353 1764 Et
398 1703 700 1766 eamdem
747 1706 1122 1768 sententiam
1150 1705 1523 1785 significavit
1564 1707 1685 1768 Da-

136 1811 333 1866 masc„
366 1795 507 1858 loeo
544 1811 735 1877 supra
761 1803 1047 1875 tractato,
1076 1817 1153 1862 ex
1180 1798 1289 1860 hb.
1324 1801 1361 1860 3
1396 1799 1475 1861 de
1504 1799 1675 1874 Fide,

138 1903 183 1948 c.
212 1891 307 1960 21,
336 1889 447 1948 ubi
477 1892 683 1970 magis
736 1892 1003 1972 explieat
1030 1893 1339 1956 rationem
1368 1911 1407 1952 a
1454 1891 1679 1972 Cyrillo

139 1981 459 2046 indicatam
479 2003 504 2058 -;
522 2003 687 2046 nam
744 2003 961 2048 servus
1004 1985 1159 2050 dicit
1200 1985 1573 2048 relationem
1598 1985 1681 2050 ad

140 2075 425 2150 alterumz
452 2085 523 2140 et
570 2078 740 2154 ideo,
763 2079 816 2140 si
844 2079 1115 2144 Christus
1168 2080 1413 2144 dicatur
1464 2097 1681 2144 servus

142 2171 333 2246 Verbi,
364 2179 476 2236 aut
498 2172 638 2236 Filii
662 2173 797 2250 Dei,
828 2173 1211 2255 significatur
1222 2177 1531 2240 Christum
1552 2191 1686 2238 esse

141 2263 315 2326 alium
346 2283 384 2326 a
412 2266 573 2331 Filio
622 2268 773 2342 Dei3
827 2273 889 2331 et
928 2268 1072 2332 ideo
1114 2270 1220 2332 illa
1264 2270 1495 2333 locutio
1546 2269 1690 2332 sim·

144 2358 365 2437 pliciter
386 2366 486 2422 est
516 2360 835 2440 neganda.
858 2365 950 2424 -At
991 2381 1140 2426 vero
1182 2381 1329 2429 eum
1376 2363 1613 2438 addito,
1638 2363 1689 2425 si

147 2453 411 2523 Christus.
442 2454 517 2517 in
566 2461 875 2534 quantum
920 2455 1134 2533 home,
1180 2457 1423 2520 dicatur
1476 2473 1691 2518 servus

150 2545 315 2606 Verbi
336 2553 445 2609 aut
462 2549 563 2610 sui
582 2549 797 2628 ipsius,
820 2549 887 2610 in
910 2556 1217 2628 quantum
1244 2557 1337 2614 est
1352 2553 1545 2626 Deus,
1560 2564 1689 2612 non

152 2639 253 2700 erit
270 2640 417 2702 falsa
446 2641 706 2718 locutio,
736 2646 807 2706 ut
829 2641 951 2721 hio,
978 2649 1095 2707 art.
1128 2647 1193 2720 2,
1224 2645 1412 2707 sentit
1434 2646 1503 2707 D.
1528 2643 1690 2706 Tho-

152 2749 305 2809 mas3
334 2741 395 2798 et
424 2737 668 2816 colligit
688 2753 763 2800 ex
784 2739 1071 2817 August„
1096 2742 1127 2800 1
1161 2737 1240 2801 de
1268 2739 1515 2814 Trinit.,
1547 2755 1685 2819 cap.

153 2829 203 2898 Ἰ,
224 2831 281 2887 et
308 2846 492 2908 supra
521 2829 761 2895 dietum
793 2835 888 2894 est
914 2831 995 2894 de
1022 2833 1143 2894 hoc
1170 2833 1535 2914 mendicato,
1558 2833 1694 2896 sub·

141 2917 319 2996 jectu-5
371 2925 480 2983 aut
550 2924 754 2986 minor
768 2947 798 2996 ,·
824 2941 975 2985 nam
1036 2923 1261 2987 eadem
1310 2931 1401 2988 est
1467 2926 1692 2988 horum

154 3013 315 3075 ratio.
342 3015 575 3078 Addita
606 3017 777 3080 enim
816 3017 921 3080 illa
972 3017 1515 3095 determinatione,
1546 3018 1695 3082 satis

154 3104 501 3186 declaratur,
534 3129 667 3174 non
692 3111 1041 3174 seeundum
1074 3111 1499 3176 diversitatem
1548 3129 1697 3192 sup·

159 3202 498 3281 positorum,
522 3205 643 3270 sed
683 3212 1077 3281 naturarum,
1110 3205 1232 3268 dici
1278 3205 1586 3268 Christum
1626 3209 1695 3268 ut

161 3295 451 3360 hominem
480 3301 585 3364 sui
612 3301 811 3380 ipsius
826 3319 1077 3364 servum
1104 3319 1119 3376 ;
1152 3319 1327 3378 nam,
1354 3291 1499 3364 licet
1522 3301 1693 3363 idem

160 3393 479 3456 secundum
499 3395 802 3458 eamdem
830 3401 1120 3458 naturam
1156 3413 1287 3457 non
1337 3394 1529 3476 possit
1561 3411 1695 3458 esse

162 3484 241 3544 sui
266 3485 453 3564 ipsius
488 3507 733 3564 servus,
762 3495 977 3552 tamen
1024 3489 1372 3552 secundum
1417 3489 1695 3552 diversas

164 3593 273 3640 non
297 3589 639 3664 repugnat;
676 3601 822 3646 nam
852 3583 985 3646 hoec
1006 3584 1249 3657 relatio,
1284 3583 1567 3663 quamvis
1592 3583 1699 3646 de-

165 3673 415 3738 nominet
461 3679 857 3758 suppositum
896 3679 1139 3740 ratione
1190 3683 1455 3754 naturae,
1486 3683 1699 3740 tamen

168 3771 223 3826 ut
258 3771 506 3848 reperiri
534 3771 750 3852 possit,
786 3789 917 3834 non
942 3771 1207 3850 requirit
1234 3771 1698 3834 distinctionem

166 3865 629 3941 suppositorum,-
658 3865 773 3928 sed
800 3872 1207 3938 naturarum;
1246 3866 1406 3927 sicut
1424 3865 1489 3926 in
1518 3883 1700 3946 supe·

170 3953 407 4019 rioribus
454 3959 822 4022 dicebamus
850 3959 931 4021 de
956 3959 1261 4022 relatione
1300 3959 1555 4039 abjecti
1598 3977 1702 4024 sa·-

168 4047 539 4131 cessarientis,
567 4061 627 4116 et
650 4053 975 4116 similibus.

238 4145 289 4202 4.
306 4145 637 4211 Difficultas
648 4165 799 4210 vero
820 4153 935 4222 est,
956 4165 1038 4208 an
1066 4149 1255 4210 etiam
1267 4153 1560 4227 respectu
1588 4148 1695 4210 Dei

176 4233 363 4312 Patris,
392 4243 493 4304 rel
514 4242 779 4322 Spiritus
808 4241 1039 4318 Sancti,
1078 4241 1159 4302 sit
1182 4240 1369 4303 etiam
1396 4257 1696 4302 necessa-

170 4329 249 4390 ria
268 4333 716 4410 determinatim
730 4355 881 4398 nam
898 4341 1047 4398 tunc
1059 4337 1193 4415 jam
1218 4341 1420 4398 cessat
1438 4335 1693 4415 praedie·

173 4425 283 4484 tum
308 4427 937 4509 inconveniens,qnia
980 4429 1255 4490 Christus
1294 4435 1387 4490 est
1418 4445 1693 4509 persona

174 4513 427 4583 distincta
452 4543 487 4585 a
516 4525 695 4586 Patre
726 4529 789 4585 et
842 4522 1074 4602 Spiritu
1126 4523 1354 4584 Sancto
1380 4541 1399 4595 3
1432 4527 1497 4584 et
1524 4521 1691 4598 ideo,

174 4605 291 4672 lieet
325 4615 385 4676 iu
411 4635 485 4679 ea
532 4617 871 4693 locutione,
902 4615 1191 4681 Christus
1216 4621 1305 4680 est
1333 4633 1541 4680 servu-5
1568 4615 1697 4679 Pa-

177 4703 294 4777 ἰνίε,
319 4710 663 4774 involvatur
717 4727 1133 4792 personarum
1174 4708 1507 4786 distinctiO,
1543 4709 1697 4772 nihil

175 4793 367 4862 salsum
405 4805 785 4887 significatur
806 4821 831 4883 3
861 4809 925 4866 et
972 4803 1092 4865 boc
1124 4803 1313 4865 etiam
1366 4803 1517 4864 satis
1560 4821 1697 4865 esse

175 4885 389 4955 videtur
417 4899 705 4978 utpossit
750 4893 1116 4978 simpliciter
1143 4895 1265 4958 dici
1298 4911 1515 4958 servus
1560 4897 1693 4969 Dei,

177 4983 301 5056 tluia
337 4986 473 5053 licet
499 4993 661 5056 Dm
692 4991 887 5072 possit
906 5005 1263 5071 supponere
1288 5007 1403 5069 pro
1430 5005 1700 5070 persona

176 5070 313 5152 Filii,
340 5085 545 5148 tamen
590 5085 741 5165 quia
783 5101 1019 5146 nomen
1041 5083 1207 5146 Deus
1250 5089 1454 5164 potest
1510 5081 1700 5145 etiam

176 5181 491 5247 supponere
520 5196 633 5259 pro
668 5193 941 5258 persona
992 5177 1213 5252 Patris,
1247 5192 1325 5238 ex
1354 5177 1413 5238 vi
1442 5191 1571 5236 sure
1620 5175 1700 5236 si·

180 5261 555 5334 gnificat’mnis
580 5277 647 5334 et
689 5269 1135 5352 suppositionis
1184 5267 1456 5332 admittit
1481 5285 1699 5347 perso—

180 5365 373 5420 narum
416 5361 901 5441 distinctionem,
928 5361 1247 5442 quomodo
1280 5361 1508 5424 dicit-ur
1532 5363 1700 5424 Deus

180 5440 245 5505 ‘le
271 5448 387 5515 Deo
416 5461 687 5535 genitum
722 5475 874 5539 ergo
902 5457 1093 5521 etiam
1122 5455 1351 5537 poterit
1382 5455 1507 5517 dici
1532 5453 1701 5516 Chri-

186 5541 297 5602 stus
360 5566 561 5615 servus
618 5553 748 5616 Dei.
809 5553 883 5616 Et
938 5549 1160 5616 eadem
1220 5549 1500 5628 ratione,
1556 5547 1699 5610 lieet

1769 494 2044 556 Verbum
2095 507 2228 554 non
2259 489 2454 571 possit
2501 488 2788 552 absolute
2827 491 2948 552 diei
2991 492 3158 556 Deus
3213 493 3326 552 aut

1765 587 2056 649 dominus
2125 584 2382 656 Christi,
2415 587 2630 644 tamen
2687 585 2872 646 Pater
2925 585 3044 648 dici
3097 585 3326 666 poterit

1763 681 1927 742 Deus
1961 679 2204 754 Christi,
2227 678 2388 739 sicut
2413 677 2678 756 ipsemet
2719 678 2996 740 Christus
3033 695 3178 740 eum
3213 695 3326 758 ap-

1763 774 2042 856 pellavit,
2073 775 2282 846 loen„
2327 773 2408 833 20
2454 788 2638 850 cap.;
2675 775 2740 832 et
2778 772 3060 836 similiter
3099 771 3330 853 poterit

1764 866 1885 929 dici
1914 865 2204 928 dominus
2225 863 2471 938 Christi,
2501 879 2650 925 nam
2689 864 2828 926 hsec
2869 864 2996 927 duo
3047 864 3150 927 vel
3170 868 3328 934 ,sunt

1764 961 1958 1036 idem,
1999 961 2102 1022 vel
2134 975 2332 1021 unum
2390 972 2470 1021 ex
2515 957 2637 1020 alio
2678 958 2988 1039 sequitur,
3017 963 3092 1022 ut
3135 975 3326 1038 supra

1765 1053 2058 1116 diximus.
2094 1055 2182 1114 Ae
2213 1052 2488 1130 denique
2533 1051 2756 1113 eadem
2805 1053 3048 1115 ratione
3101 1052 3329 1134 poterit

1766 1148 1889 1209 diei
1934 1148 2208 1212 Christus
2255 1147 2538 1208 absolute
2585 1163 2824 1222 servus,
2857 1145 3142 1226 quamvis
3199 1161 3329 1208 non

1764 1241 2034 1303 addatur
2061 1239 2162 1302 vel
2213 1241 2555 1320 explicetur
2602 1239 2906 1302 terminus
2959 1239 3274 1304 servitutis
3304 1283 3326 1314 ‚

1763 1335 1912 1414 quia
1939 1335 2062 1397 hoe
2103 1351 2232 1396 non
2261 1347 2514 1412 semper
2541 1339 2635 1395 est
2667 1333 3090 1396 necessarium
3117 1333 3182 1393 in
3207 1331 3328 1394 hu·-

1758 1427 2036 1508 jusmodi
2067 1426 2419 1506 praedicatis
2458 1426 2749 1489 relativis.
2784 1429 2859 1489 Et
2885 1427 3170 1489 similiter
3203 1424 3326 1488 dici

1764 1522 1994 1603 poterit
2019 1519 2296 1585 Christus
2323 1520 2558 1582 habere
2585 1519 2932 1596 dominum,
2961 1520 3063 1582 vel
3105 1519 3324 1594 Deum,
3441 1515 3444 1520 ’

1766 1621 2022 1696 propter
2037 1614 2329 1677 eamdem
2355 1629 2630 1676 eausam.

1845 1711 1903 1771 5.
1954 1708 2231 1774 Secunda
2261 1705 3085 1771 enucleata—Nihilominus
3113 1711 3328 1770 tamen

1760 1801 2146 1883 probabilius
2173 1817 2404 1864 censeo
2429 1847 2444 1876 ,
2480 1802 2548 1863 in
2574 1803 2786 1882 rigore
2817 1802 3126 1864 sermonis
3147 1847 3164 1874 ,
3194 1815 3326 1864 non

1762 1911 1896 1959 csse
1944 1894 2282 1958 dicendum
2317 1895 2630 1960 Christum
2669 1913 2922 1958 servum
2951 1895 3086 1960 sine
3117 1891 3326 1958 deter-

1759 1989 2128 2062 minatione,
2174 1991 2246 2054 ut
2274 1989 2466 2064 homo,
2523 1988 2640 2064 vel,
2693 1991 2766 2052 in
2805 1993 3098 2071 quantum
3133 1990 3328 2063 homo,

1764 2081 1866 2148 vel
1888 2083 2208 2148 secundum
2237 2082 2698 2158 humanitatem,
2726 2081 2854 2144 sive
2883 2082 3015 2144 lunc
3041 2081 3332 2144 determi-

1768 2177 1939 2240 natio
1967 2192 2264 2256 expresse
2292 2176 2560 2240 addatur
2579 2221 2600 2252 ,
2629 2176 2759 2238 sive
2790 2175 3090 2256 implicite
3121 2175 3332 2236 subin-

1767 2272 2102 2353 telligatur,
2129 2271 2298 2351 quod
2316 2269 2704 2350 frequentius
2725 2270 3050 2352 contingit,
3075 2267 3330 2350 qnando

1771 2367 1877 2430 illa
1904 2365 2245 2446 propositio
2275 2383 2401 2426 non
2433 2363 2708 2426 solitarie
2742 2363 3076 2444 profertur,
3119 2363 3236 2426 sed
3263 2363 3330 2425 iu

1772 2460 2037 2539 alicujus
2059 2457 2368 2520 sermonis
2394 2475 2728 2538 progressu
2749 2503 2768 2532 ,
2799 2458 2864 2520 in
2894 2475 3019 2538 quo
3051 2473 3127 2519 ex
3154 2463 3332 2522 ante-

1771 2553 2135 2618 cedentibus
2164 2558 2228 2614 et
2251 2551 2658 2630 sequentibus
2701 2551 2853 2616 satis
2893 2555 3134 2616 constat
3159 2552 3334 2616 locu·

1773 2647 1960 2710 tionis
2008 2663 2234 2709 sensus
2263 2663 2279 2720 3
2329 2651 2391 2708 et
2432 2645 2553 2708 hoc
2597 2645 2730 2708 fere
2779 2644 2968 2708 modo
3015 2644 3332 2708 invenitur

1770 2742 1905 2805 hoec
1946 2739 2178 2802 locutio
2219 2739 2284 2802 in
2329 2739 2648 2819 Scriptura
2685 2747 2750 2802 et
2794 2737 3100 2808 Patribus,
3151 2739 3330 2800 Ratio

1770 2853 1918 2899 vero
1946 2881 1959 2908 ,
1999 2835 2080 2896 ob
2107 2851 2298 2913 quam
2323 2835 2456 2896 boec
2479 2833 2914 2896 determinatio
2944 2831 3326 2912 requiratur,

1772 2931 2080 3010 imprimis
2131 2927 2312 2990 reddi
2367 2931 2574 3008 potest
2625 2943 2702 2990 ex
2753 2927 3037 2992 Damaso.
3090 2943 3280 3006 supra
3310 2971 3328 3000 ,

1776 3023 1968 3104 quia,
2017 3021 2072 3084 si
2094 3021 2372 3084 Christus
2405 3037 2534 3084 non
2569 3027 2774 3103 potest
2812 3021 2934 3084 dici
2972 3020 3333 3100 simpliciter

1778 3133 1996 3180 servus
2023 3113 2234 3189 Verbi,
2267 3132 2418 3194 ergo
2443 3133 2558 3178 nec
2584 3132 2800 3178 servus
2825 3113 3022 3176 Patris
3047 3113 3133 3192 (et
3149 3131 3187 3173 a
3209 3112 3334 3173 for·

1778 3211 1921 3272 tlori
1944 3225 2064 3272 nec
2091 3207 2356 3288 Spiritus
2385 3207 2632 3288 Sancti),
2667 3219 2748 3272 n‘e
2777 3207 3053 3288 aliquem
3081 3221 3333 3268 servum

1776 3305 2064 3366 videatur
2091 3301 2328 3364 habere
2369 3301 2550 3366 Pater
2583 3345 2599 3375 ‚
2642 3319 2832 3382 quem
2861 3319 2990 3362 non
3021 3300 3208 3362 habet
3230 3299 3334 3362 Fi·-

1776 3399 1928 3471 lius;
1963 3413 2114 3476 ergo
2135 3413 2252 3458 nee
2275 3395 2385 3457 Dei
2409 3413 2628 3458 servus
2653 3389 2774 3456 dici
2794 3398 3026 3474 potest,
3055 3393 3204 3472 quia
3225 3409 3337 3454 ne·-

1778 3507 1901 3572 que
1940 3489 2186 3552 ratione
2224 3503 2638 3568 personarum
2669 3493 2874 3568 potest
2905 3487 2970 3550 id
2998 3485 3330 3562 verificari,

1779 3601 1897 3648 nec
1925 3582 2168 3646 ratione
2203 3582 2391 3661 hujus
2419 3581 2532 3644 Dei
2563 3587 2632 3644 ut
2657 3580 2766 3655 sic,
2811 3579 2878 3642 id
2901 3587 3016 3655 est,
3060 3587 3130 3644 ut
3151 3577 3336 3642 abno-

1776 3677 1907 3740 lute
1944 3681 2008 3738 et
2037 3675 2452 3738 essentialiter
2483 3675 2874 3738 subsistentis
2899 3719 2920 3750 ,
2967 3675 3115 3754 quia
3148 3680 3222 3736 ut
3248 3674 3337 3736 sic

1738 3843 1751 3854 ,
1780 3771 1970 3833 etiam
1998 3787 2126 3832 non
2150 3768 2554 3849 distinguitur
2581 3767 2989 3848 personaliter
3011 3787 3048 3828 a
3068 3767 3331 3841 Christo,

1780 3869 1851 3926 ut
1898 3863 2090 3944 possit
2139 3861 2454 3935 Christus,
2513 3862 2652 3941 ejus
2702 3877 2920 3924 servus
2973 3859 3338 3940 simpliciter

1780 3956 1902 4020 dici
1934 3975 1950 4030 ;
1999 3955 2188 4037 igitur
2214 3973 2332 4018 nee
2359 3961 2566 4034 potest
2587 3955 2712 4016 diei
2740 3953 3016 4016 Christus
3051 3953 3335 4016 absolute

1782 4067 2022 4125 servus,
2071 4065 2200 4112 non
2249 4049 2554 4128 explicato
2601 4050 2892 4126 termine,
2933 4048 3080 4128 quia
3121 4046 3336 4110 nullus

1779 4161 1995 4206 servus
2028 4143 2359 4206 invenitur.
2407 4143 2496 4204 Ex
2525 4159 2651 4222 qua
2679 4143 2924 4205 ratione
2945 4141 3187 4204 videtur
3212 4141 3338 4202 ool·

1776 4239 1891 4319 ligi
1934 4239 2054 4300 hoc
2105 4237 2400 4318 generale
2455 4236 2824 4317 principium
2856 4280 2872 4311 ,
2921 4238 2987 4298 in
3026 4253 3151 4316 quo
3199 4235 3339 4313 ipsa

1776 4331 2113 4407 fundatur,
2155 4331 2489 4412 praedicata
2516 4329 2774 4393 relativa
2793 4376 2811 4406 ,
2843 4345 2986 4410 quae
3016 4329 3086 4392 in
3114 4329 3338 4390 huma·

1774 4425 1970 4488 nitate
2001 4429 2110 4488 aut
2137 4423 2382 4487 ratione
2409 4424 2814 4488 humanitatis
2841 4423 3081 4486 Christo
3113 4437 3344 4486 conve·

1775 4519 1960 4582 ninnt
1981 4565 1996 4594 ,
2033 4519 2085 4582 si
2114 4536 2243 4581 non
2269 4525 2536 4598 possunt
2559 4517 2924 4597 simpliciter
2953 4517 3074 4578 dici
3101 4517 3180 4580 de
3205 4517 3342 4596 ipso

1778 4619 2070 4692 respectu
2093 4612 2310 4689 Verbi,
2335 4629 2465 4674 non
2486 4627 2672 4692 posse
2697 4613 2886 4676 etiam
2909 4609 3029 4673 dici
3049 4614 3346 4690 respectu

1780 4705 1979 4768 Patris
2017 4711 2128 4768 aut
2171 4706 2299 4781 Dei,
2351 4712 2462 4768 aut
2499 4705 2860 4785 simpliciter
2903 4705 3040 4768 sine
3085 4718 3344 4782 expres-

1781 4800 1956 4861 sione
2005 4798 2256 4861 termini
2289 4845 2306 4872 ,
2359 4815 2441 4861 ne
2497 4805 2798 4880 sequatur
2846 4795 3002 4860 illud
3049 4796 3345 4858 inconve-

1780 4893 1988 4968 niens,
2025 4897 2101 4952 ut·
2121 4891 2364 4971 aliquid
2393 4894 2576 4954 Pater
2603 4891 2840 4954 habere
2873 4889 3137 4964 dicatur,
3173 4885 3344 4968 quod

1780 5001 1907 5048 non
1947 4985 2142 5048 habet
2185 4983 2396 5046 Filius.
2447 4985 2594 5060 Sed,
2635 4984 2779 5048 lieet
2809 4983 2928 5045 hoc
2967 4980 3342 5064 principium

1780 5079 1860 5142 sit
1902 5077 2266 5159 probabile,
2311 5097 2444 5142 non
2489 5087 2702 5142 tamen
2745 5078 3000 5140 videtur
3047 5090 3343 5141 neeessa-

1778 5173 1943 5235 rium
1969 5194 1985 5248 ς
2009 5191 2178 5236 nam
2218 5173 2366 5237 inde
2411 5173 2593 5236 fieret
2639 5173 2952 5236 Christum
2987 5191 3118 5234 non
3157 5185 3343 5250 posse

1782 5269 1974 5330 etiam
2001 5267 2125 5330 diei
2151 5268 2506 5347 subjectum
2527 5266 2718 5342 Patri,
2749 5265 2920 5346 quod
2943 5263 3241 5328 tamenin
3263 5263 3344 5325 ri-

1782 5376 1933 5442 gore
1963 5361 2270 5424 sermonis
2299 5359 2420 5423 dici
2449 5365 2696 5441 potest,
2739 5366 3026 5437 utsupra
3048 5355 3338 5419 vidimus.

1780 5457 1960 5530 item,
1989 5455 2136 5536 quia
2161 5455 2316 5516 illud
2339 5453 2834 5527 incommodum,
2861 5451 3031 5531 quod
3058 5445 3340 5520 iufertur,

1782 5555 1945 5612 esset
1979 5549 2236 5628 quidem
2263 5547 2734 5620 inconveniens,
2769 5545 2820 5608 si
2848 5545 2912 5605 in
2943 5559 3010 5606 re
3037 5541 3169 5624 ipsa
3191 5543 3347 5604 acci·

3665 5961 3818 6146 Ι,
