3892 6167
551 333 672 395 346

549 438 790 504 Christo
815 440 1029 499 essent
1056 434 1162 497 illo
1187 434 1382 516 priori
1407 433 1598 496 modo
1619 431 1848 496 dobitoe
1863 431 2113 492 ratione

548 533 824 609 unionis,
843 531 1254 593 nihilominus
1279 529 1502 591 habuit
1528 529 1737 590 locum
1757 528 1830 588 in
1859 525 1951 587 eis
1980 541 2117 586 me·-

549 628 762 697 ritum‚
791 633 864 688 ut
891 625 1124 687 fierent
1149 624 1374 686 debitae
1403 623 1596 685 etiam
1625 640 1701 683 ex
1721 619 1983 700 justitia.

629 723 732 783 21.
777 718 1193 800 Respondetm·
1215 715 1854 798 objectant—Dices,
1874 715 1993 774 hac
2012 731 2111 774 ra·

551 817 746 890 tione,
773 815 856 877 ad
881 829 1198 874 summum
1225 811 1504 891 probari,
1531 829 1662 872 non
1695 826 2107 890 repugnasse,

549 915 624 971 ut
674 911 774 970 hae
824 907 1035 988 gratim
1073 906 1368 968 caderent
1397 903 1515 966 snb
1541 904 1834 968 meritum
1862 901 2109 976 Christi,

551 1021 680 1065 non
719 1002 1006 1064 obstante
1057 1001 1250 1081 priori
1281 997 1520 1075 debito,
1549 1015 1681 1059 non
1735 1015 1888 1059 vero
1941 993 2117 1076 quod

547 1096 629 1159 de
655 1097 823 1158 facto
873 1095 1016 1156 illas
1051 1093 1354 1155 meruerit
1365 1109 1388 1170 3
1413 1091 1586 1154 unde
1627 1107 1776 1153 cum
1803 1091 1924 1152 hoc
1956 1089 2112 1151 alias

549 1191 724 1252 nulla
749 1189 1098 1251 sufficiente
1123 1187 1496 1249 auctoritate
1535 1191 1648 1246 aut
1689 1185 1940 1246 ratione
1968 1201 2114 1246 con·

550 1290 692 1360 stet,
729 1301 861 1346 non
889 1288 984 1344 est
1014 1299 1127 1344 cur
1167 1282 1303 1342 sine
1339 1279 1718 1341 necessitate
1770 1285 2109 1342 asseratur.

550 1379 898 1440 Praesertim
929 1395 1075 1438 cum
1095 1395 1225 1438 non
1247 1375 1536 1436 videatur
1561 1373 1920 1447 verisimile,
1943 1373 2115 1436 Chri·

550 1479 716 1533 stum
748 1471 1074 1533 ordinasse
1097 1488 1216 1530 sua
1242 1469 1468 1530 merita
1491 1467 1576 1530 ad
1610 1467 1955 1529 obtinenda
1982 1467 2119 1530 hoec

550 1565 803 1639 auxilia,
835 1581 978 1644 qnae
1007 1571 1180 1626 certo
1203 1562 1444 1626 sciebat
1477 1560 1598 1624 sibi
1623 1579 1763 1624 esse
1793 1567 2015 1644 parata
2054 1565 2119 1623 et

549 1658 782 1722 donata
807 1677 950 1720 cum
973 1660 1110 1740 ipsa
1129 1659 1384 1720 unione.
1409 1655 1846 1738 Respondetur
1863 1657 2115 1732 [ulrum-

549 1771 674 1834 que
720 1753 1008 1816 concludi
1057 1753 1440 1816 sufficienter
1467 1769 1542 1813 ex
1589 1751 1878 1814 discursu
1903 1749 2108 1812 facto:

549 1849 853 1929 probatur
875 1848 1047 1910 enim
1067 1847 1176 1910 illa
1201 1847 1470 1922 ratione,
1497 1845 1776 1928 potuisse
1797 1845 2111 1924 Christum

546 1942 879 2004 Dominum
903 1941 1038 2004 haec
1061 1943 1227 2004 dona
1247 1941 1502 2016 mereri,
1535 1941 1796 2002 servatis
1815 1939 2111 2001 omnibus

547 2035 796 2117 legibus
817 2036 1194 2098 necessariis
1209 2035 1295 2097 ad
1321 2034 1638 2107 meritum,
1670 2039 1800 2096 tam
1829 2051 1908 2096 ex
1930 2037 2110 2096 natu-

549 2149 618 2191 ra
656 2129 750 2192 rei
791 2149 982 2210 quam
1019 2129 1364 2192 secundum
1412 2127 1796 2191 ordinariam
1824 2128 1932 2190 Dei
1963 2145 2113 2208 pro-

547 2223 912 2300 videntiam,
939 2225 1092 2302 quia
1130 2225 1228 2285 hae
1259 2223 1475 2304 gratiae
1505 2226 1654 2282 sunt
1683 2238 1760 2282 ex
1783 2221 1886 2282 his
1921 2219 2113 2282 bonis

549 2332 690 2396 quas
732 2319 1054 2398 proposita
1088 2325 1237 2378 sunt
1271 2314 1632 2378 hominibus
1657 2315 2003 2377 viatoribus
2042 2313 2112 2376 in

546 2412 876 2492 praeminm
900 2411 1210 2474 bonorum
1245 2427 1534 2491 operum,
1566 2416 1630 2472 et
1655 2407 1940 2472 Christus
1984 2408 2115 2470 via·-

546 2513 646 2567 tur
667 2505 808 2580 fuit,
833 2511 897 2566 et
921 2506 1216 2567 meritum
1245 2505 1384 2584 ejus
1404 2503 1686 2566 valorem
1705 2501 1926 2564 habuit
1944 2501 2115 2563 suffl-

547 2599 1022 2676 cientissimum,
1070 2601 1133 2660 et
1189 2597 1526 2661 antecessit
1569 2595 1969 2660 collationem
2000 2595 2113 2656 ha-

548 2709 690 2753 rum
719 2693 1084 2771 gratiarum.
1113 2691 1270 2754 Huic
1295 2697 1508 2753 autem
1537 2689 1844 2771 principio
1885 2687 2111 2770 adjun-

550 2785 779 2866 gimus,
803 2787 1114 2848 Christum
1161 2785 1500 2848 Dominum
1547 2784 1848 2846 meritum
1885 2783 2106 2861 fuisse,

546 2885 679 2942 tam
707 2879 824 2941 sibi
871 2897 1064 2959 quam
1093 2880 1254 2956 aliis,
1287 2877 1594 2960 quidquid
1619 2878 1754 2940 sine
1783 2877 2111 2958 dispensa-

547 2974 720 3036 tione
745 2973 977 3036 mereri
999 2975 1242 3055 potuit3
1274 2974 1448 3054 quia,
1477 2990 1622 3035 cum
1651 2973 1770 3034 hoc
1803 2975 1878 3034 sit
1907 2974 2109 3053 majo-

544 3067 630 3130 ris
657 3067 1092 3148 perfectionis,
1123 3073 1190 3132 et
1219 3069 1284 3130 in
1311 3067 1538 3130 Christi
1564 3065 1858 3148 operibus
1899 3073 1966 3128 et
2012 3067 2107 3128 di-

547 3161 783 3240 gnitate
819 3161 1050 3224 habeat
1089 3162 1684 3225 sufficientissimum
1731 3160 2109 3224 fundamen-

541 3259 707 3332 tum,
725 3273 854 3317 nou
875 3261 970 3318 est
991 3273 1103 3319 cur
1121 3257 1240 3338 ipsi
1269 3257 1637 3338 denegetur.
1660 3255 1914 3318 Accedit
1933 3255 2107 3336 quod

545 3347 709 3410 Deus
735 3348 802 3411 iu
845 3351 1016 3412 omni
1047 3367 1285 3432 genere
1313 3367 1646 3414 causarum
1671 3357 1736 3412 et
1769 3350 2109 3414 effectuum

547 3449 843 3524 operatur
869 3461 984 3525 per
1009 3461 1232 3508 causas
1259 3443 1566 3506 secundas
1592 3443 1899 3524 quidquid
1927 3461 2109 3506 eom-

543 3536 732 3600 mode
760 3543 972 3616 potest
989 3557 1005 3615 3
1024 3555 1175 3619 ergo
1191 3539 1256 3599 in
1283 3555 1512 3619 genere
1538 3555 1746 3600 causae
1767 3537 2107 3600 meritoriae

543 3629 908 3710 operabitur
955 3647 1068 3711 per
1093 3629 1428 3707 Christum,
1453 3631 1806 3712 proesertim
1833 3631 1897 3692 in
1934 3631 2107 3712 ipso-

541 3731 673 3787 met
709 3722 976 3800 Christe,
1007 3725 1272 3806 ejusque
1327 3725 1746 3800 humanitate,
1795 3723 2105 3805 quidquid

544 3817 1037 3881 connaturaliter
1069 3823 1292 3900 potest.
1343 3819 1562 3898 Neque
1603 3835 1866 3881 necesse
1907 3831 2007 3882 est
2032 3823 2105 3880 ut

417 3925 423 3928 ·
543 3912 754 3974 omnia
793 3912 861 3973 iu
897 3911 1258 3992 particulari
1301 3913 1425 3974 sint
1463 3911 1764 3988 revelata,
1807 3911 1918 3976 sed
1947 3911 2099 3974 satis

541 4005 832 4086 estquod
869 4006 936 4066 in
957 4006 1279 4088 principiis
1307 4007 1710 4088 generalibus
1738 4006 2102 4068 continean-

547 4103 683 4174 tur3
715 4099 951 4178 alioqui
978 4101 1176 4162 multa
1215 4099 1338 4161 alia
1387 4107 1599 4163 essent
1623 4119 1660 4161 a
1691 4098 1930 4163 Christo
1954 4099 2101 4179 jure

544 4191 960 4269 excludenda,
987 4200 1056 4254 ut
1109 4193 1282 4272 quod
1325 4195 1706 4273 promeritus
1759 4193 1840 4254 sit
1879 4192 2100 4274 capitis

541 4283 1088 4364 dignitatem,vim
1127 4285 1578 4348 miraculorum
1607 4287 2009 4363 effectricem,
2038 4291 2101 4349 et

542 4377 692 4453 alia,
735 4377 815 4438 de
856 4378 1084 4456 quibus
1139 4384 1291 4440 sect.
1325 4395 1459 4458 seq.
1490 4378 1790 4441 dicemus
1819 4379 1993 4441 Sicut
2018 4378 2099 4442 de

541 4469 716 4551 puris
746 4469 1102 4532 hominibus
1125 4487 1256 4532 non
1283 4472 1514 4534 suntin
1537 4471 1896 4553 particulari
1924 4491 2099 4536 reve-

540 4564 665 4627 lata
693 4566 904 4628 omnia
935 4583 1088 4652 quae·
1114 4573 1456 4644 merentur,
1489 4575 1554 4629 et
1581 4573 1796 4630 tamen
1826 4586 1904 4629 ex
1933 4569 2099 4648 prin-

540 4657 717 4738 cipiis
746 4658 1170 4738 generalibuS,
1201 4665 1263 4724 et
1291 4679 1368 4722 ex
1409 4661 1786 4742 quibusdam
1829 4663 2101 4742 particu-

538 4751 775 4814 laribus
803 4753 925 4816 alia
953 4753 1326 4833 colligimus,
1359 4760 1429 4816 ut
1455 4755 1624 4836 quod
1651 4755 1816 4818 bene
1857 4756 2097 4819 utendo

539 4863 668 4908 uno
698 4847 954 4924 auxilio,
1005 4852 1374 4909 mereantur
1397 4848 1594 4926 aliud,
1627 4856 1744 4912 etc.
1775 4851 1955 4923 Quod
1990 4851 2097 4914 de-

538 4940 732 5020 nique
786 4942 1007 5003 attinet
1057 4940 1140 5003 ad
1201 4941 1663 5005 ordinationem
1725 4947 2095 5008 meritorum

539 5030 784 5108 Christi,
817 5040 888 5096 ut
911 5033 1106 5096 fiebat
1143 5053 1260 5116 per
1284 5035 1673 5099 voluntatem
1711 5039 1850 5117 ejus
1871 5039 2095 5102 huma-

537 5145 707 5204 nam,
729 5129 1034 5208 imprimis
1061 5129 1146 5191 ad
1171 5131 1546 5192 merendum
1569 5130 1802 5211 aliquid
1810 5151 1974 5210 ,non
2000 5141 2095 5198 est

537 5239 798 5284 necesse
819 5225 891 5284 ut
916 5223 991 5298 is,
1019 5223 1127 5302 qui
1155 5231 1452 5300 meretur,
1495 5243 1572 5286 ex
1601 5227 1854 5306 propria
1893 5228 2097 5290 inten-

536 5314 706 5376 tione
737 5316 986 5378 ordinet
1032 5335 1216 5380 suum
1245 5320 1540 5381 meritum
1563 5317 1646 5380 ad
1680 5319 2091 5382 obtinendum

537 5407 662 5469 tale
691 5413 1040 5488 praemium,
1072 5413 1228 5473 utin
1256 5411 1434 5474 nobis
1459 5413 1648 5474 etiam
1677 5419 1951 5488 constat;
1978 5415 2093 5477 sed

537 5501 760 5563 sufficit
785 5503 992 5566 divina
1011 5505 1318 5568 ordinatio
1347 5512 1408 5569 et
1436 5506 1765 5586 promissio
1795 5507 1916 5571 sub
1941 5527 2093 5570 con-

1768 331 2005 398 QUAEST.
2036 330 2171 386 xlx.
2203 331 2407 387 Alme.
2440 331 2528 388 ffl.

2196 429 2433 491 ditione
2462 429 2690 510 operis.
2726 429 2817 492 Ac
2842 429 3099 508 deiude,
3118 430 3269 494 licet
3290 432 3357 496 in
3390 423 3678 514 particulari

2194 539 2325 586 non
2350 523 2464 585 flat
2488 524 2621 586 haec
2646 522 2889 596 relatio,
2912 526 3211 588 tamenin
3232 528 3501 606 generali
3524 533 3679 599 nullus

2194 625 2289 680 est
2316 619 2427 698 qui
2464 619 2565 680 vel
2592 617 2937 680 formaliter
2962 618 3063 680 vel
3090 620 3321 683 virtute
3350 639 3471 684 non
3506 625 3681 691 haheat

2192 711 2605 772 intentionem
2656 713 3085 792 consequendi
3125 715 3231 776 vel
3288 717 3553 778 merendi
3592 722 3683 784 suis

2194 805 2489 886 operibus
2516 805 2826 885 quidquid
2882 811 3111 886 potest,
3136 808 3320 887 juxta
3365 809 3587 876 illorum
3610 835 3683 878 va-

2190 898 2419 976 lorem,
2458 905 2523 960 et
2557 899 2732 980 leges
2773 918 2812 961 a
2858 901 2994 962 Deo
3017 907 3311 966 statutas.
3363 904 3607 967 Tandem
3638 909 3683 970 in

2194 992 2459 1070 Christo,
2494 994 2601 1074 qui
2630 994 2841 1056 omnia
2872 994 3167 1058 distincte
3206 999 3589 1076 agnoscebat,
3614 1021 3685 1065 vs-

2190 1087 2513 1150 risimilius
2558 1094 2657 1151 est
2700 1095 2847 1152 actu
2904 1089 3233 1152 ordinasse
3266 1109 3385 1154 sua
3424 1093 3615 1156 merita
3630 1096 3687 1156 ad

2194 1181 2535 1246 obtinenda
2563 1185 2775 1246 omnia
2818 1185 3075 1266 proemia
3102 1203 3244 1265 quas
3292 1185 3410 1248 sub
3456 1189 3687 1252 mer-itum

2194 1295 2382 1339 suum
2410 1277 2639 1340 cadere
2664 1285 2962 1359 poterant
2990 1279 3175 1358 juxta
3202 1279 3474 1342 divinam
3494 1282 3687 1344 ordina·
3804 1279 3806 1282 ⁴

2197 1373 2471 1449 tionem3
2488 1371 2555 1432 in
2578 1371 2697 1434 hoc
2712 1373 2883 1434 enim
2904 1373 3153 1435 nullum
3166 1379 3265 1436 est
3282 1373 3684 1452 inconveniens,

2197 1481 2317 1528 nec
2344 1466 2757 1547 imperfectio,
2784 1467 2899 1529 sed
2926 1468 3137 1548 potius
3182 1468 3389 1546 major
3428 1468 3685 1546 perfectio,

2198 1561 2345 1638 quia
2370 1577 2519 1621 cum
2558 1559 2679 1621 hac
2718 1559 3111 1624 ordinatione
3164 1559 3442 1623 habebat
3474 1557 3689 1624 Christus
3804 1593 3806 1642 l

2199 1654 2466 1732 optimos
2515 1651 2675 1715 flues
2718 1661 2781 1715 et
2804 1654 3043 1716 motiva
3066 1655 3135 1717 in
3164 1653 3299 1716 suis
3348 1654 3613 1734 operibus
3648 1663 3691 1716 et
3804 1643 3806 1678 ³

2190 1745 2431 1810 meritis
2456 1747 2849 1825 exercendis,
2882 1755 2946 1810 et
2972 1748 3137 1811 hanc
3183 1749 3393 1827 ipsam
3416 1747 3691 1812 ordinatio·
3804 1757 3806 1788 ³

2190 1859 2335 1904 nem
2366 1859 2625 1906 suorum
2650 1843 3021 1907 meritorum
3050 1843 3135 1906 ad
3152 1843 3463 1922 majorem
3486 1843 3585 1904 Dei
3598 1843 3691 1924 glo·
3804 1865 3806 1868 ⁴

2190 1938 2351 2000 riam
2368 1937 2631 2000 tandem
2650 1937 2937 2000 ultimate
2964 1937 3310 2000 referebat.

2270 2033 2372 2093 22.
2412 2031 2683 2095 Ultimus
2712 2031 2996 2096 evadendi
3028 2033 3247 2095 modus
3296 2030 3619 2095 occluditur.
3636 2063 3691 2080 -

2192 2123 2319 2188 Sed
2350 2123 2519 2185 dicet
2554 2124 2815 2186 tandem
2854 2125 3122 2205 aliquis:
3160 2141 3318 2205 ergo
3350 2122 3589 2188 meritus
3626 2131 3692 2188 est
3804 2171 3806 2208 Ξ

2194 2217 2312 2278 sibi
2340 2215 2617 2279 Christus
2657 2217 2965 2280 Dominus
2998 2219 3573 2298 impeccabilitatem
3596 2219 3693 2280 ani·

2194 2329 2314 2374 mse
2358 2329 2489 2374 suae
2514 2357 2531 2388 ,
2578 2313 2727 2394 quia
2766 2314 2997 2376 meruit
3050 2313 3231 2376 illam
3274 2313 3497 2376 divium
3538 2313 3690 2393 provi-

2194 2406 2423 2470 dentiae
2483 2407 2893 2470 directionem
2911 2449 2929 2484 ,
2982 2425 3111 2486 qua
3160 2425 3299 2470 snae
3352 2407 3557 2470 animm.
3600 2408 3691 2470 col·
3804 2441 3806 2444 ⁴

2190 2501 2389 2564 latum
2430 2507 2551 2576 est,
2586 2507 2659 2562 ut
2690 2519 2729 2563 a
2758 2501 2928 2564 bono
2965 2501 3289 2565 declinare
3332 2520 3457 2565 non
3496 2506 3689 2582 possen

2193 2615 2591 2677 consequens
2644 2595 2889 2659 videtur
2948 2614 3089 2659 esse
3150 2597 3493 2660 absurdum
3524 2643 3543 2674 ‚
3582 2596 3690 2675 quia

2191 2691 2467 2754 Christus
2492 2709 2621 2753 non
2650 2690 2783 2752 suis
2812 2691 3053 2754 meritis
3082 2691 3297 2754 factus
3324 2699 3416 2754 est
3436 2692 3683 2772 impecca-

2187 2783 2352 2859 bilis,
2382 2784 2495 2846 sed
2522 2789 2753 2846 natura
2778 2803 2897 2846 sua
2921 2786 3013 2847 ita
3036 2785 3105 2846 id
3131 2785 3354 2849 habuit
3386 2790 3470 2862 ut,
3494 2785 3685 2846 secluso

2189 2877 2361 2939 omni
2376 2877 2627 2953 merito,
2650 2877 2743 2940 illi
2766 2877 3069 2960 denegari
3088 2897 3221 2941 non
3240 2879 3529 2961 potuerit,
3544 2878 3685 2941 etiam

2186 2970 2267 3032 de
2308 2973 2587 3052 potentia
2637 2971 2949 3034 absoluta.
2990 2973 3433 3053 Respondetur
3452 2970 3683 3053 negando

2188 3064 2511 3144 sequelam
2534 3113 2549 3139 ‚
2576 3066 2725 3144 quia
2760 3071 2906 3128 ante
2944 3083 3131 3130 omne
3156 3069 3449 3130 meritum
3474 3066 3575 3128 fuit
3595 3065 3685 3124 im-

2186 3159 2547 3240 peccabilis,
2568 3159 2727 3222 sicut
2740 3159 2857 3221 fuit
2876 3155 3128 3224 sanctus
3145 3179 3263 3241 per
3280 3161 3533 3242 gratian
3548 3159 3681 3220 unio-

2186 3255 2325 3328 nis;
2357 3253 2528 3316 unde
2558 3255 2679 3316 hoc
2712 3273 2845 3316 non
2874 3261 2970 3317 est
2998 3273 3077 3316 ex
3116 3255 3305 3318 donis
3346 3273 3479 3336 quas
3512 3253 3683 3316 sabse-

2189 3353 2490 3427 quantur,
2520 3347 2634 3410 sed
2660 3367 2741 3410 ex
2774 3349 2873 3410 his
2901 3367 3043 3430 quse
3062 3351 3442 3413 antecedunt
3466 3350 3683 3430 primum

2188 3444 2398 3503 actum
2442 3442 2857 3504 meritorium.
2892 3442 3070 3517 Quod
3122 3445 3540 3519 confirmatur,
3572 3457 3683 3504 nam

2189 3553 2331 3598 esse
2372 3535 2842 3616 impeccabilem
2870 3555 3000 3598 non
3017 3537 3181 3600 dicit
3208 3545 3423 3602 actum
3446 3541 3679 3606 tantum,

2188 3629 2303 3692 sed
2330 3629 2745 3692 intrinsecum
2775 3629 3057 3694 debitum
3081 3637 3145 3694 et
3171 3634 3589 3695 necessitatem
3612 3645 3683 3688 ca-

2182 3723 2365 3787 rendi
2394 3723 2563 3784 omni
2593 3723 2779 3804 culpa
2808 3740 2829 3802 3
2860 3725 3029 3788 hanc
3058 3731 3273 3789 autem
3300 3725 3683 3790 necessitatem

2181 3837 2309 3880 non
2342 3816 2561 3879 habuit
2584 3816 2866 3882 Christus
2889 3837 3005 3899 per
3032 3820 3355 3895 meritum,
3382 3817 3487 3882 sed
3512 3818 3683 3878 imme*

2182 3909 2347 3973 diate
2379 3927 2457 3972 ex
2496 3911 2555 3973 vi
2600 3911 2878 3988 unionis,
2918 3917 2983 3974 et
3012 3911 3159 3976 ideo
3190 3933 3325 3976 non
3360 3912 3593 3976 meritus
3612 3911 3681 3970 cst

2182 4021 2318 4067 esse
2343 4004 2794 4083 impeccabilis,
2826 4005 2941 4068 etsi
2982 4008 3209 4070 mereri
3253 4007 3511 4087 potuerit
3534 3999 3681 4083 parli-

2183 4098 2391 4160 culare
2406 4099 2731 4176 auxilium,
2750 4117 2877 4179 quo
2900 4101 3191 4164 voluntas
3212 4103 3351 4182 ejus
3375 4100 3457 4162 ad
3475 4091 3680 4175 aliquod

2152 4193 2421 4254 ·bonum
2472 4195 2865 4274 operandum
2914 4195 3177 4258 excitata
3220 4197 3329 4258 vel
3372 4194 3565 4276 adjuta
3588 4193 3676 4250 est.

2180 4287 2532 4349 Necessitas
2552 4288 2724 4350 enim
2745 4307 2877 4350 non
2904 4289 3208 4368 peccandi
3236 4295 3473 4352 tantum
3499 4290 3577 4347 est
3598 4299 3677 4344 ne-

2182 4381 2435 4444 cessitas
2464 4381 2677 4460 quoad
2720 4382 3277 4460 specificatiouem,
3323 4390 3385 4446 et
3432 4375 3679 4444 abstrahit

2180 4475 2263 4537 ab
2306 4475 2429 4536 hoc
2456 4475 2557 4537 vel
2599 4476 2704 4536 illo
2734 4475 2949 4552 modo,
2978 4495 3105 4555 quo
3134 4483 3345 4558 potest
3386 4465 3677 4540 executioni

2180 4567 2509 4644 mandari;
2540 4575 2603 4632 et
2629 4569 2795 4646 iden,
2816 4570 2963 4632 licet
2992 4572 3113 4632 hoc
3136 4571 3239 4634 vel
3254 4570 3409 4634 illud
3430 4565 3676 4631 auxilium

2180 4663 2363 4726 cadat
2388 4663 2507 4725 sub
2541 4665 2858 4742 meritum,
2894 4683 3027 4728 non
3050 4672 3267 4728 tamen
3296 4666 3431 4747 ipsa
3454 4654 3675 4724 nece-ssi-

2177 4760 2274 4818 tas
2302 4775 2434 4818 non
2462 4757 2789 4838 peccandi.
2830 4761 2919 4822 Eo
2947 4759 3049 4822 vel
3076 4759 3350 4822 maxime
3398 4753 3551 4838 quod
3589 4765 3673 4830 per

2174 4849 2484 4912 visionem
2513 4851 2767 4913 beatam
2786 4851 2949 4915 facta
2970 4859 3063 4916 est
3084 4855 3367 4934 proxime
3390 4853 3487 4914 illa
3512 4844 3673 4910 anima

2176 4943 2621 5025 impeccabiliS,
2663 4945 2810 5009 licet
2836 4947 3197 5010 radicaliter
3234 4948 3369 5029 jam
3408 4949 3551 5008 esset
3586 4939 3670 5000 im-

2175 5039 2511 5118 peccabilis
2536 5058 2652 5121 per
2694 5040 3019 5114 unionem,
3064 5045 3129 5103 et
3175 5047 3388 5104 tamen
3410 5057 3514 5102 nec
3537 5031 3667 5103 unio,

2174 5151 2293 5197 nec
2320 5135 2474 5197 visio
2504 5135 2691 5198 beata
2708 5183 2725 5213 ,
2758 5137 2877 5198 sub
2904 5137 3135 5200 Christi
3160 5139 3449 5202 meritum
3478 5128 3668 5198 cecide·

2173 5234 2345 5304 runt,
2374 5229 2531 5290 utin
2562 5230 2991 5312 superioribus
3018 5237 3343 5294 ostensum
3372 5234 3476 5293 est.

2252 5323 2355 5384 23.
2400 5323 2663 5388 Dubiola
2698 5325 2928 5406 aliquot
2950 5325 3463 5391 medantum—Ex
3486 5319 3567 5380 his
3590 5329 3662 5374 ex-

2170 5415 2421 5495 peditur
2456 5417 2741 5497 quoestio,
2792 5436 2875 5480 an
2912 5417 3193 5484 Christus
3238 5419 3485 5482 meritus
3524 5403 3665 5472 fuerit

2170 5509 2427 5574 habitus
2481 5511 2905 5588 scientiarum,
2954 5518 3015 5574 et
3058 5514 3349 5577 virtutum
3392 5503 3659 5572 moralium
