3892 6167
1388 389 1710 443 msruur.
1743 387 1942 443 xxxix
1954 429 1967 442 .
1991 347 2163 444 sacr.
2198 391 2239 443 1.

189 489 334 552 talis
373 489 820 570 promissionis
861 489 1096 550 habere
1124 489 1247 549 vim
1278 489 1619 554 inducendi
1649 491 1768 550 hu·

189 583 476 662 jusmodi
497 578 978 664 obligationem,
993 589 1264 663 utsupra
1283 601 1346 662 q.
1371 588 1427 658 1,
1455 591 1570 648 art.
1589 587 1648 653 2,
1676 585 1768 644 la-

195 679 326 739 tius
347 677 499 741 dixi.
525 677 713 750 Quod
725 695 880 739 vero
903 677 1251 757 perfectum
1279 678 1572 740 meritum
1601 679 1764 740 hauc

197 773 328 833 vim
349 771 614 852 justitiae
640 774 944 852 requirat,
971 771 1156 833 variis
1185 773 1388 834 modis
1419 773 1664 835 ostendi
1700 778 1764 835 et

201 865 514 928 declarari
542 873 774 946 potest.
805 867 1033 942 Prima,
1068 883 1143 927 ex
1171 867 1308 945 ipso
1341 866 1594 928 nomine
1633 883 1766 930 me·-

201 961 326 1036 riti,
356 961 527 1039 quod
549 961 914 1040 simpliciter
933 960 1188 1036 dictum,
1209 961 1358 1022 dicit
1377 961 1658 1022 ordinem
1683 962 1764 1022 ad

198 1051 602 1116 mercedem:
637 1068 882 1116 merces
913 1059 1126 1116 antem
1161 1071 1291 1116 uon
1334 1059 1448 1124 est.
1486 1055 1606 1116 nisi
1659 1055 1764 1115 ubi

202 1149 543 1211 intervenit
585 1149 844 1228 justitias
894 1149 1171 1212 debitum
1197 1194 1213 1222 ,
1265 1155 1338 1211 ut
1391 1153 1632 1211 constat
1687 1166 1765 1212 ex

202 1241 397 1303 modo
423 1243 727 1324 loquendi
761 1259 950 1304 sacra:
979 1243 1310 1322 Scripturas
1337 1289 1358 1318 ,
1391 1261 1469 1305 ex
1501 1263 1626 1323 qua
1657 1259 1766 1322 po·-

201 1337 516 1398 tissimum
559 1338 870 1398 sumenda
908 1342 1003 1399 est
1050 1337 1300 1418 propria
1346 1339 1504 1398 ratio
1556 1339 1764 1400 meriti

203 1430 378 1509 apud
406 1432 641 1492 Deumt
671 1432 736 1491 in
769 1431 1086 1511 Scriptura
1129 1435 1339 1491 autem
1369 1449 1608 1492 merces
1631 1433 1766 1511 jus-

201 1533 415 1586 torum
440 1533 704 1586 vocat-ur
726 1543 940 1588 corona
957 1525 1252 1604 Justt'tioe,
1273 1528 1312 1586 2
1334 1525 1413 1586 ad
1439 1525 1666 1589 Timet.
1697 1530 1758 1601 43

205 1620 376 1680 etad
405 1619 568 1680 Heb.
599 1621 676 1682 6:
698 1617 844 1684 Non
871 1625 960 1682 est
984 1617 1258 1697 injustus
1289 1620 1452 1682 Deus
1472 1665 1494 1695 ,
1521 1627 1590 1682 ut
1619 1619 1765 1682 obli-

201 1713 485 1776 viscatur
504 1715 704 1795 operis
717 1713 918 1776 verm
935 1734 966 1784 ,·
981 1713 1228 1774 etMatt.
1249 1715 1348 1784 20,
1373 1712 1442 1774 fit
1469 1729 1766 1793 expressa

202 1805 446 1867 mentio
473 1807 678 1886 pacti:
723 1807 963 1882 Nonne,
993 1805 1221 1884 inquit,
1247 1823 1320 1868 ecc
1347 1807 1590 1870 denario
1631 1825 1766 1870 con·

202 1899 436 1963 venisti
461 1901 732 1963 mecum?
751 1900 892 1962 tollo
939 1902 1096 1980 quod
1135 1907 1304 1964 tuum
1350 1905 1459 1976 est,
1497 1905 1554 1964 et
1591 1903 1759 1965 vade.

201 1994 384 2056 Unde
407 1994 472 2054 S.
491 1992 636 2070 Th„
653 1997 786 2070 12,
811 2011 872 2072 q.
895 1997 1032 2054 ¹12.
1055 1999 1172 2056 art.
1201 1996 1264 2070 3,
1281 1993 1434 2055 dicit
1451 1993 1762 2056 facturum

199 2089 402 2149 Deum
439 2093 658 2150 contra
692 2087 1027 2168 justitiam,
1057 2107 1247 2169 quam
1277 2090 1414 2170 ipse
1443 2089 1678 2164 statuit,
1709 2089 1760 2151 si

200 2183 540 2264 praemium
567 2183 792 2246 merito
821 2183 1198 2264 denegaret3
1227 2191 1288 2247 et
1309 2199 1370 2263 q.
1389 2186 1534 2260 114,
1561 2193 1676 2248 art.
1697 2188 1759 2259 6,

197 2277 473 2357 requirit
499 2277 580 2340 ad
617 2277 915 2340 meritum
955 2278 1231 2340 divinam
1279 2277 1760 2357 ordinationem,

201 2373 396 2436 etiam
444 2379 736 2453 respectu
791 2371 1018 2436 Christi
1049 2389 1067 2435 :
1113 2375 1278 2438 hanc
1322 2389 1471 2435 vero
1520 2376 1766 2436 ordina·

200 2467 449 2529 tionem
485 2485 606 2529 nos
647 2466 1068 2543 declaramus,
1108 2483 1244 2528 esse
1291 2467 1764 2548 promissionem

207 2559 328 2622 sub
358 2559 722 2624 conditione
753 2559 980 2642 operis,
999 2561 1150 2636 Quae
1179 2561 1534 2624 insinuatur
1559 2561 1767 2624 verbis

203 2655 342 2718 lsai.
385 2655 468 2718 53
499 2673 518 2716 z
565 2653 650 2720 Si
693 2653 964 2736 posuerit
1016 2671 1130 2735 pro
1183 2661 1426 2738 peccato
1502 2656 1766 2720 animam

203 2767 378 2812 swam
405 2795 423 2824 ,
468 2747 697 2813 videbit
757 2763 950 2812 cmm
985 2748 1313 2832 lonyoetmm
1341 2793 1356 2824 ,
1391 2753 1448 2812 et
1487 2749 1768 2814 voluntas

202 2847 460 2910 Domini
477 2843 548 2906 in
573 2863 758 2909 manu
786 2845 919 2925 ejus
944 2843 1278 2926 diriyetur:
1299 2849 1361 2906 et
1385 2843 1610 2906 eedem
1633 2863 1768 2907 mo-

202 2941 282 3001 do
315 2944 642 3020 exponunt
669 2937 954 3000 nonnulli
978 2938 1211 3014 Sancti,
1237 2953 1394 3017 quos
1423 2938 1588 2999 infra
1617 2939 1668 3000 ci
1679 2945 1768 3001 ta-

199 3034 308 3107 h0,
335 3033 494 3094 illud
527 3033 626 3094 Ps.
649 3031 724 3094 2:
756 3031 1014 3096 Postula
1042 3049 1079 3094 a
1103 3050 1216 3108 me,
1240 3035 1297 3095 et
1319 3032 1462 3095 dabo
1492 3032 1604 3094 tibi
1626 3051 1764 3113 yen-

201 3133 290 3191 tes
318 3127 732 3190 hoereditatem
770 3131 936 3190 tuam
949 3149 978 3198 ,·
1007 3131 1068 3186 et
1097 3125 1220 3186 alia
1251 3125 1478 3186 similia
1507 3124 1568 3185 in
1599 3127 1764 3188 hanc

199 3219 585 3282 sententium
621 3219 906 3300 congerit
937 3217 1168 3280 Driedo
1200 3235 1390 3297 supra
1418 3223 1534 3279 art.
1577 3221 1635 3281 2.
1673 3219 1764 3280 Ex

199 3313 437 3392 quihus
483 3317 692 3393 petest
720 3312 840 3373 hoc
883 3312 1160 3374 secundo
1193 3311 1573 3390 confirmari,
1613 3331 1760 3374 nam

200 3422 424 3486 opera,
455 3422 596 3485 quae
623 3405 900 3468 Christus
927 3421 1098 3466 nunc
1131 3409 1430 3484 operatur
1463 3405 1532 3466 in
1573 3406 1756 3482 coelo,

201 3508 271 3561 ut
311 3499 499 3561 verbi
542 3499 764 3579 gratia,
813 3515 992 3560 amor
1021 3499 1173 3573 Dei,
1207 3504 1270 3560 et
1297 3498 1756 3577 proximorum,

203 3595 428 3670 oratio,
455 3597 575 3656 etc.
599 3610 728 3656 non
758 3600 904 3656 sunt
925 3593 1186 3655 minoris
1203 3593 1545 3672 (1130110110,
1569 3608 1760 3672 quam

203 3693 420 3752 essent
459 3689 698 3751 similes
742 3697 940 3762 actus,
987 3703 1146 3766 quos
1177 3688 1454 3748 exercuit
1491 3688 1559 3747 in
1597 3691 1760 3750 statu

199 3787 358 3846 vise:
393 3787 456 3845 et
483 3790 698 3845 tamen
731 3796 846 3862 per
869 3781 1012 3844 illos
1046 3787 1220 3842 actus
1248 3781 1476 3842 meruit
1516 3781 1580 3841 in
1633 3781 1758 3856 via,

202 3885 263 3942 et
287 3892 468 3940 nunc
507 3891 638 3938 non
673 3882 958 3938 meretur
981 3876 1046 3936 in
1075 3876 1301 3955 patria,
1339 3875 1510 3952 quod
1537 3875 1760 3937 referri

199 3990 327 4035 non
367 3973 580 4052 potest
598 4017 618 4047 ,
647 3969 772 4031 nisi
801 3971 866 4030 in
910 3969 1390 4049 promissionem
1419 3974 1482 4029 et
1508 3975 1758 4049 pactum

199 4063 332 4137 Dei,
368 4063 544 4143 quod
579 4063 782 4124 solum
827 4079 942 4141 pro
987 4065 1151 4122 statu
1179 4061 1291 4122 viae
1317 4061 1435 4122 fuit
1463 4062 1764 4124 constitu·

201 4165 360 4220 tum.
395 4156 574 4232 Quod
607 4161 1052 4236 argumentum
1081 4154 1216 4216 fleri
1245 4154 1436 4216 etiam
1463 4159 1667 4233 potest
1693 4155 1760 4216 in

203 4251 538 4314 animabus
575 4251 806 4311 sanctis
841 4248 1254 4310 existentibus
1279 4249 1344 4308 in
1385 4247 1526 4308 sinu
1567 4247 1762 4309 Abra⁴

203 4347 328 4419 hae,
357 4345 461 4406 vel
483 4345 554 4405 in
585 4344 966 4424 purgatorio.

287 4439 388 4502 10.
416 4437 1482 4520 Objectv‘o.—Responsio.-Dicetur
1496 4437 1764 4498 fortasse

203 4536 322 4596 hoc
378 4550 508 4595 non
551 4531 752 4594 solum
796 4532 1130 4610 provenire
1159 4549 1237 4592 ex
1263 4535 1448 4610 pacto
1475 4531 1609 4604 Dei,
1648 4529 1761 4590 sed

203 4629 394 4690 ctiam
419 4642 498 4690 cx
517 4625 787 4689 naturali
809 4625 1164 4688 conditione
1189 4627 1412 4686 animae
1443 4627 1755 4701 humanae,

202 4722 302 4784 cui
353 4723 552 4784 veluti
599 4719 1006 4783 connaturale
1061 4723 1156 4780 est
1199 4735 1386 4800 posse
1427 4717 1754 4798 prolicere,

203 4815 508 4895 quamdiu
540 4821 635 4877 est.
669 4815 736 4876 in
775 4818 940 4875 statu
961 4813 1102 4874 vitae
1133 4811 1434 4874 mortalis.
1480 4813 1762 4890 Respon-

199 4911 322 4971 deo
357 4909 598 4971 hahere
629 4909 879 4988 quidem
907 4907 1072 4968 hanc
1101 4907 1306 4986 legem
1337 4905 1592 4985 aliquod
1617 4905 1760 4966 fun-

202 5006 593 5076 flamonium,
628 5007 688 5064 ct
716 5001 1182 5083 proportionem
1217 5016 1360 5063 cum
1395 5006 1620 5060 natura
1645 4999 1760 5059 ho—

201 5097 390 5158 minis
407 5121 428 5174 3
455 5103 668 5158 tamen
689 5113 804 5173 per
821 5113 888 5156 se
918 5113 1044 5157 non
1075 5095 1362 5156 sufficere
1392 5095 1590 5155 solam
1615 5111 1760 5153 con-

201 5192 514 5252 ditionem
533 5197 800 5266 naturas,
829 5189 948 5250 nisi
978 5189 1308 5268 promissio
1349 5189 1460 5249 Dei
1495 5189 1758 5248 interce-

201 5285 414 5346 deret:
450 5291 589 5345 tum
619 5285 768 5362 quia
798 5283 904 5344 illa
934 5283 1401 5344 circumstantia
1430 5281 1752 5361 temporis,

203 5379 300 5440 vel
329 5383 530 5442 status
553 5379 782 5440 animae
805 5377 870 5439 in
889 5393 1174 5457 corpore,
1197 5377 1296 5438 vel
1325 5381 1500 5439 extra
1530 5391 1756 5464 corpus

199 5471 518 5551 passibile,
546 5477 660 5534 aut
677 5470 1086 5552 impassibile,
1107 5487 1238 5532 non
1265 5470 1465 5532 variat
1493 5468 1758 5549 dignita-

204 5571 326 5627 tem
397 5584 686 5648 personae
719 5595 752 5646 ,·
783 5584 898 5629 nec
953 5565 1298 5628 bonitatem
1351 5564 1590 5645 operis;
1623 5567 1768 5624 tum·

3287 395 3405 458 323

1849 489 2059 566 etiam,
2090 492 2235 571 quia
2272 490 2323 552 si
2356 491 2521 553 Deus
2562 491 2935 556 concederet
2962 497 3189 560 animae
3220 517 3407 582 sepa-

1844 589 1996 645 ratoe
2057 590 2301 664 tempus
2353 586 2610 665 aliquo-d
2657 587 2739 648 ad
2792 587 2955 649 bene
3007 596 3401 670 operandum

1844 679 2265 757 promittendo
2308 679 2397 740 illi
2436 681 2789 760 proemium‚
2820 681 2975 742 nihil
3020 684 3107 746 illi
3156 687 3404 752 deesset

1846 771 1924 831 ad
1943 773 2397 850 perfectionem
2418 774 2647 847 meriti,
2672 777 2735 836 et
2756 793 2793 834 e
2822 778 3133 840 contrario
3163 784 3407 860 potuis-

1846 871 1940 926 set
1990 881 2116 926 non
2166 866 2511 928 concedere
2540 872 2741 930 totum
2768 869 2957 949 hujus
2980 869 3121 933 vitae
3154 879 3402 956 tempus

1847 955 1926 1018 ad
1956 958 2362 1035 merendum,
2390 960 2785 1023 sedaetatem
2814 962 3088 1043 aliquam
3118 967 3396 1044 definire,

1843 1067 1961 1132 pro
1982 1051 2089 1111 illo
2118 1057 2401 1132 tempore
2420 1055 2743 1133 praemium
2768 1059 3211 1136 promittenda,
3241 1063 3401 1126 sicut

1844 1144 2181 1206 verisimile
2209 1152 2303 1207 est
2332 1147 2554 1224 Elium,
2579 1162 2641 1210 et
2660 1149 2897 1226 Enoch,
2924 1151 3169 1214 etiamsi
3194 1154 3401 1218 adhuc

1843 1237 2057 1299 vivant
2101 1239 2169 1300 in
2206 1257 2469 1320 corpore
2512 1245 2782 1320 mortali,
2811 1259 2941 1306 non
2968 1263 3213 1327 semper
3260 1267 3399 1312 esse

1842 1329 1910 1390 in
1941 1337 2106 1393 statu
2130 1333 2420 1395 merendi
2444 1340 2575 1396 tam
2602 1337 2793 1416 longo
2817 1343 3123 1418 tempore.
3150 1341 3409 1414 Quocir-

1845 1441 1941 1497 ca,
1967 1443 2110 1487 cum
2136 1425 2269 1488 haee
2291 1428 2552 1490 moralia
2572 1429 2717 1506 sint,
2742 1449 2871 1492 non
2890 1442 3155 1512 possunt
3178 1437 3242 1496 in
3272 1439 3407 1500 sola

1843 1521 1934 1580 rei
1966 1527 2191 1581 natura
2228 1521 2505 1599 fundari,
2528 1524 2651 1584 nisi
2700 1525 3047 1590 intercedat
3094 1531 3403 1594 ordinatio

1845 1613 2091 1688 divina3
2124 1615 2374 1694 signum
2420 1635 2571 1697 ergo
2602 1620 2893 1682 osthane
2932 1639 3073 1684 esse
3116 1641 3405 1687 necessa-

1846 1709 2006 1770 riam
2050 1709 2131 1771 ad
2165 1711 2475 1789 justitiam
2523 1713 2750 1775 meriti.
2786 1715 2965 1786 Quod
3000 1718 3183 1779 etiam
3220 1721 3405 1782 tertio

1844 1801 2221 1878 declaratur,
2250 1821 2399 1866 nam
2432 1805 2483 1865 si
2512 1807 2705 1868 homo
2724 1809 2791 1869 in
2820 1809 2993 1888 puris
3012 1813 3404 1875 naturalibus

1845 1904 2189 1976 crearetur,
2218 1905 2282 1961 et
2314 1900 2513 1961 Deum
2544 1906 2807 1978 amaret,
2856 1921 2929 1965 ac
2964 1904 3129 1967 hene
3160 1907 3407 1970 morali·

1843 1995 1942 2054 ter
1984 1993 2245 2068 viveret,
2294 1993 2604 2055 haberent
2647 2013 2835 2074 opera
2884 1998 3022 2076 ejus
3054 2003 3405 2080 proportio·-

1843 2101 2013 2161 nem‚
2040 2091 2101 2148 et
2128 2085 2624 2166 condignitatem
2656 2107 2803 2150 cum
2836 2093 3105 2153 naturali
3134 2094 3409 2157 beatitu-

1845 2179 2015 2255 dine,
2041 2179 2137 2242 vel
2164 2181 2289 2241 alio
2315 2182 2585 2244 naturali
2612 2185 2900 2262 praemio;
2928 2189 2993 2247 et
3032 2192 3245 2249 tamen
3274 2207 3405 2251 non

1848 2271 2157 2336 haberent
2201 2274 2375 2336 illam
2426 2277 2747 2356 propriam
2796 2279 3109 2341 rationem
3158 2285 3396 2361 meriti,

1848 2386 2042 2448 quam
2068 2385 2240 2430 nunc
2273 2369 2513 2430 habent
2540 2387 2731 2451 opera
2753 2371 3093 2450 justorum,
3120 2377 3267 2456 quia
3296 2395 3403 2440 re-

1844 2479 1995 2523 vera
2018 2477 2147 2524 non
2176 2463 2517 2524 deberetur
2538 2463 2661 2524 illis
2684 2483 2919 2526 corona
2939 2467 3219 2546 justitiae,
3246 2469 3405 2530 sicut

1845 2573 2016 2617 nunc
2044 2555 2313 2618 debetur
2331 2556 2539 2636 justis.
2565 2559 2655 2619 Ac
2682 2558 2958 2638 denique
2989 2579 3067 2622 ex
3093 2563 3193 2624 his
3213 2607 3228 2638 ‚
3264 2581 3405 2644 quse

1845 2649 2011 2712 inter
2052 2649 2343 2712 homines
2380 2651 2692 2728 accidunt,
2719 2652 2889 2714 idem
2938 2655 3235 2736 explicari
3291 2675 3405 2737 po-

1847 2747 1992 2819 test,
2015 2759 2143 2805 non
2166 2743 2336 2804 enim
2366 2761 2531 2806 unus
2557 2751 2836 2808 meretur
2867 2765 2943 2808 ex
2965 2749 3212 2828 justitia
3238 2769 3409 2812 mer-

1847 2835 2069 2898 cedem
2090 2837 2171 2898 ab
2192 2837 2337 2912 alio,
2356 2837 2480 2900 nisi
2506 2837 2763 2917 aliquod
2790 2857 2993 2920 genus
3022 2845 3190 2922 pacti
3218 2845 3407 2906 inter-

1847 2929 2051 3005 cedat,
2074 2937 2144 2992 ut
2168 2947 2380 3010 supra,
2404 2932 2591 2993 citato
2620 2933 2781 3010 loce,
2810 2951 2871 3014 q.
2902 2939 2961 3012 1,
2987 2944 3104 2998 art.
3132 2941 3193 3012 2,
3214 2953 3409 3018 expo-

1847 3022 2035 3084 situm
2064 3023 2310 3102 reliqui.
2347 3025 2671 3103 Quocirca,
2703 3028 2947 3090 seclusa
2986 3030 3405 3110 promissione

1843 3116 1963 3178 sub
1988 3117 2349 3180 conditione
2368 3119 2577 3198 operis
2597 3120 2915 3202 condigni,
2938 3139 3067 3184 nou
3096 3129 3261 3186 esset
3274 3131 3405 3186 tam

1844 3211 2101 3293 propria
2150 3217 2215 3274 et
2257 3212 2538 3292 perfecta
2586 3214 2749 3275 ratio
2787 3216 3065 3295 justitiae,
3094 3218 3255 3280 sicut
3284 3226 3398 3296 est,

1842 3308 1953 3369 illa
2000 3308 2366 3388 supposita3
2401 3323 2550 3368 nam
2591 3309 2725 3370 sine
2778 3310 2885 3371 illa
2938 3317 3105 3374 esset
3156 3319 3403 3376 tantum

1843 3401 2137 3480 quaedam
2166 3401 2450 3462 decentia
2472 3407 2582 3463 aut
2604 3419 2881 3483 congrua
2897 3407 3240 3486 proporti0,
3265 3416 3414 3487 quse·

1842 3495 2099 3556 nomine
2136 3494 2397 3574 justitiae
2439 3493 2773 3575 significari
2815 3498 2973 3560 solet
3003 3519 3019 3573 ;
3050 3503 3247 3580 posita
3290 3521 3406 3563 au-

1843 3594 1972 3651 tem
2014 3589 2119 3650 illa
2144 3635 2165 3666 ,
2197 3589 2529 3650 intercedit
2566 3591 2908 3652 necessitas
2943 3592 3217 3673 justitiae,
3258 3613 3401 3674 quae

1841 3699 1973 3743 non
2002 3688 2308 3763 repugnat
2336 3683 2465 3744 Deo
2494 3699 2572 3744 ex
2598 3682 2709 3744 tali
2737 3686 3185 3764 suppositione,
3214 3695 3277 3752 et
3305 3691 3407 3750 in-

1841 3776 2107 3836 tercedit
2152 3776 2409 3855 aliquod
2449 3776 2555 3856 jus
2602 3776 2925 3856 proprium
2956 3781 3038 3840 ad
3078 3781 3202 3843 tale
3244 3799 3403 3861 prae-

1841 3870 2039 3930 mium
2063 3887 2140 3932 ex
2160 3877 2337 3950 parte
2360 3869 2685 3948 mercum,
2704 3871 2883 3949 juxta
2900 3875 3185 3954 superius
3208 3875 3395 3953 dicta,

1843 3981 1903 4042 q.
1941 3967 2001 4038 1,
2036 3970 2152 4027 art.
2185 3969 2245 4026 2.

1925 4060 2022 4119 ss.
2083 4059 2367 4134 Pactum,
2398 4075 2505 4126 reu
2549 4062 2883 4144 promissio
2918 4063 3031 4126 sub
3071 4063 3405 4130 conditione

1843 4153 2043 4232 operis
2066 4153 2231 4215 nihil
2251 4153 2503 4236 doroyat
2530 4159 2815 4236 perfflctoe
2825 4156 3122 4236 y‘ustitioe.
3154 4187 3236 4205 —-
3252 4159 3399 4220 Haec

1843 4245 2039 4325 igitur
2086 4245 2363 4308 conditio
2404 4247 2563 4310 nihil
2605 4249 2833 4310 minuit
2874 4250 2957 4312 de
3010 4251 3399 4332 perfectione

1836 4339 2110 4420 justitiae,
2160 4345 2233 4400 ut
2274 4341 2551 4402 secunda
2594 4344 2906 4405 sententia
2961 4361 3151 4425 supra
3206 4346 3400 4408 citata

1843 4434 2215 4497 existimavit
2237 4449 2258 4513 3
2290 4435 2461 4496 aliud
2486 4441 2582 4498 est
2604 4438 2771 4498 enim
2789 4437 2965 4518 loqui
2990 4439 3073 4500 de
3110 4443 3403 4520 accepta-

1839 4527 2035 4604 tione,
2068 4527 2241 4589 aliud
2282 4528 2363 4590 de
2403 4531 2817 4609 promissione
2871 4531 2988 4592 sub
3042 4533 3403 4596 conditione

1842 4623 2074 4701 oper-ie,
2110 4622 2161 4683 si
2188 4623 2443 4702 proprie
2464 4623 2751 4686 terminis
2778 4629 3056 4686 utamur.
3092 4628 3402 4707 Accepta-

1841 4715 1930 4777 tio
1960 4716 2130 4778 enim
2159 4716 2525 4798 intelligitur
2554 4719 2735 4798 quasi
2762 4719 3071 4798 posterior
3096 4720 3233 4800 ipso
3263 4737 3399 4783 me-

1839 4810 2057 4871 ritorio
2083 4827 2298 4890 opere,
2326 4817 2391 4873 et
2408 4811 2587 4890 quasi
2634 4813 2985 4876 extrinsece
3016 4819 3077 4876 et
3106 4815 3399 4877 acciden-

1839 4903 1999 4965 tarie
2032 4903 2117 4963 illi
2147 4904 2471 4981 advenire,
2518 4911 2579 4968 et
2622 4907 2765 4968 ideo
2820 4908 2977 4970 nihil
3032 4907 3271 4972 confert
3317 4909 3400 4973 ad

1841 4996 2114 5058 morales
2150 4997 2436 5072 effectae,
2470 5005 2539 5059 ut
2565 5001 2722 5061 ratio
2741 5014 2930 5082 supra
2956 5001 3117 5063 facta
3150 5003 3393 5084 probat3

1840 5089 2089 5151 videtur
2122 5091 2291 5152 enim
2322 5091 2458 5152 haec
2482 5094 2825 5173 acceptatio
2849 5096 3159 5174 respicere
3188 5103 3399 5158 actum

1839 5189 2143 5263 tanquam
2176 5184 2487 5263 objectum
2530 5185 2699 5264 quod
2727 5189 3044 5266 supponit,
3074 5196 3138 5249 et
3158 5190 3301 5252 ideo
3331 5190 3401 5248 il-

1838 5277 1970 5338 lum
1994 5294 2203 5358 neque
2226 5278 2485 5358 physice
2517 5297 2637 5339 nec
2666 5281 2989 5343 moraliter
3014 5288 3239 5358 mutat,
3287 5279 3399 5342 scd

1839 5373 2032 5434 talem
2065 5373 2240 5434 illum
2270 5376 2556 5452 acceptat
2585 5373 2788 5452 qualis
2814 5373 2949 5454 ipse
2980 5379 3073 5437 est
3090 5397 3110 5451 3
3143 5381 3208 5436 at
3247 5389 3401 5436 vero

1838 5466 2175 5547 promissio
2206 5465 2323 5528 sub
2367 5465 2719 5528 conditione
2772 5469 2979 5548 operis
3032 5468 3399 5548 intelligitur

1841 5561 2219 5626 antecedere
2252 5579 2407 5642 opus
2436 5562 2665 5643 ipsum,
2710 5564 2879 5642 quod
2903 5564 2969 5624 in
2998 5563 3107 5625 tali
3135 5561 3417 5645 promis-³
