3892 6167
1357 328 1678 386 unsrurm.
1710 329 1832 386 btv,
1868 329 2039 384 SECT.
2071 329 2160 384 lu.

95 431 372 512 gand0,
419 430 594 510 quia,
624 428 770 494 licet
799 447 926 492 non
975 431 1054 494 sit
1097 447 1344 494 summa
1398 429 1706 507 adoratio,

95 525 456 586 nonnulla
485 525 768 587 adoratio
789 531 915 595 est;
943 525 1260 588 interdum
1289 544 1464 598 vero,
1499 525 1708 588 Patres

97 619 228 680 vu
263 617 519 698 Synodi
545 635 674 678 non
702 617 970 682 multum
1009 637 1260 682 curasse
1292 637 1372 680 an
1402 619 1508 680 illa
1537 624 1710 680 exte-

97 712 254 773 rior
283 717 450 774 nota
478 712 557 773 sit
583 710 848 772 dicenda
881 711 1196 789 adoratio,
1228 712 1342 776 sed
1369 713 1431 776 in
1462 714 1578 774 boc
1603 729 1708 774 so-

99 803 260 866 lum
305 804 682 878 intendisse,
721 811 794 866 ut
841 805 1163 882 docerent,
1206 807 1518 886 imagines
1561 823 1706 866 cum

103 898 352 977 aliquo
403 897 586 978 signo
615 898 904 960 exteriori
945 899 1312 961 reverentiae
1353 906 1418 960 et
1443 898 1706 960 submis-

103 989 338 1052 sionis
371 1008 509 1052 esse
539 990 922 1054 tractandas.

199 1086 274 1144 4.
325 1081 613 1146 Aliorum
641 1084 1274 1148 sententia—Altera
1306 1090 1516 1146 tamen
1565 1101 1703 1146 sen-

105 1177 336 1240 tentia
369 1182 491 1248 est,
520 1176 832 1256 imagines
860 1195 1006 1240 vere
1037 1195 1112 1240 ac
1138 1179 1388 1258 proprie
1429 1177 1702 1247 adorari,

107 1270 366 1332 saltem
395 1277 464 1331 ut
485 1269 809 1332 materiale
833 1271 1147 1350 objectum
1175 1270 1578 1342 adorationis,
1610 1269 1707 1332 vel

105 1364 366 1438 totale,
395 1363 494 1424 vel
523 1363 745 1424 saltem
775 1364 1060 1444 partiale.
1096 1365 1242 1426 Haec
1272 1370 1366 1427 est
1395 1365 1706 1427 sententia

107 1456 196 1518 D.
228 1458 498 1518 Thomas
525 1457 590 1518 in
616 1456 734 1519 boc
761 1458 1056 1532 articulo,
1087 1465 1157 1520 ut
1181 1459 1371 1520 etiam
1414 1464 1706 1520 auctores

111 1551 472 1611 contrariae
503 1550 828 1612 sententiae
843 1595 864 1626 ‚
895 1551 1244 1630 praesertim
1285 1551 1612 1613 Durandus
1641 1558 1708 1614 et

115 1643 326 1706 Picus
375 1642 791 1706 mirandulan.
839 1645 1296 1708 intellexerunt.
1343 1646 1418 1706 Et
1463 1645 1706 1725 Cajeta-

113 1755 256 1797 nus
307 1736 438 1811 hic,
482 1744 546 1799 et
595 1737 698 1797 alii
745 1737 1028 1818 discipuli
1083 1746 1148 1800 et
1193 1738 1580 1817 expositores
1629 1740 1700 1800 D.

113 1831 423 1904 Thomas,
467 1831 572 1909 qui
627 1823 992 1911 opinionem
1039 1833 1318 1894 Durandi
1365 1840 1434 1894 ut
1479 1851 1704 1912 parum

117 1923 286 1985 fidei
327 1929 812 1986 consentaneam
847 1925 1172 2006 reJiciunt,
1201 1926 1370 1988 idern
1402 1927 1698 1988 sentiunt.

124 2017 346 2095 Atque
379 2017 514 2077 haec
553 2017 764 2096 opinio
791 2018 946 2078 mihi
973 2020 1242 2080 maxime
1279 2019 1580 2099 probatur
1593 2043 1610 2094 ;
1643 2027 1705 2082 et

123 2108 284 2170 ideo
326 2110 556 2188 partim
597 2109 664 2170 in
695 2111 812 2172 hac
845 2112 1150 2185 sectione,
1198 2111 1426 2190 partim
1459 2114 1524 2173 in
1555 2113 1706 2174 dua-

125 2201 260 2262 bus
304 2203 758 2281 sequentihus,
809 2222 887 2266 ex
940 2205 1224 2284 professo
1273 2205 1704 2268 confirmanda

129 2300 268 2370 est,
298 2294 680 2358 declaranda
709 2305 772 2358 et
799 2297 1218 2360 defendenda.

217 2391 283 2450 5.
327 2389 554 2452 Prima
581 2392 858 2454 assertio.
877 2423 956 2438 -··
972 2392 1082 2454 Em
1109 2392 1444 2473 Scriptura
1471 2391 1705 2470 colliqi·

137 2481 770 2556 tur.—Quidnomin0
786 2483 1043 2546 scabelli
1059 2485 1288 2564 pedum
1313 2485 1421 2545 Dei
1444 2485 1510 2547 in
1533 2482 1706 2546 Scri·

135 2582 330 2654 ptura
357 2575 766 2654 significetur.
794 2608 874 2624 —
903 2577 1050 2638 Dico
1080 2593 1230 2657 ergo
1260 2577 1486 2656 primo,
1521 2576 1706 2637 abso-

139 2667 271 2728 lute
303 2675 368 2728 et
412 2667 778 2746 simpliciter
825 2669 1150 2732 latendum
1199 2688 1363 2745 esse,
1395 2668 1704 2749 imagines

139 2779 280 2822 esse
307 2760 687 2835 adorandae,
709 2769 774 2824 et
792 2762 1135 2824 honorifice
1155 2762 1536 2824 tractandas.
1563 2763 1706 2823 Haec

139 2854 406 2916 assertio
439 2861 534 2916 est
563 2854 642 2916 de
671 2855 822 2934 fide,
849 2864 912 2919 et
939 2857 1284 2937 praesertim
1313 2857 1611 2918 fundatur
1636 2856 1704 2916 in

139 2947 477 3009 traditione
525 2955 588 3010 et
629 2949 994 3012 delinitione
1035 2951 1366 3022 Ecclesiae,
1400 2949 1701 3011 utstatim

141 3039 574 3104 ostendemus.
599 3043 798 3104 Habet
825 3047 1038 3105 tamen
1065 3042 1440 3104 nonnullum
1467 3043 1530 3103 in
1550 3042 1706 3104 Scri-

137 3133 346 3214 pturis
391 3133 901 3211 fundamentum
935 3155 1084 3198 nam
1127 3155 1204 3198 ex
1246 3136 1560 3216 Scriptura
1593 3136 1705 3198 ha-

137 3227 392 3303 bemm,
423 3245 524 3290 res
575 3239 842 3306 creatas,
875 3231 1062 3292 etiam
1109 3230 1444 3304 inanimes,
1481 3229 1532 3290 si
1571 3231 1705 3292 Deo

139 3326 404 3382 sacrata}
456 3321 603 3398 sint,
651 3323 1008 3387 adorandas
1053 3341 1226 3396 esse;
1278 3340 1428 3404 ergo
1481 3322 1706 3383 eadem

139 3414 389 3476 ratione
419 3413 754 3480 adorandae
799 3426 986 3479 erunt
1029 3416 1356 3498 imagineS,
1387 3433 1528 3496 quae
1565 3433 1705 3495 per·

141 3526 336 3570 sonas
378 3515 624 3572 sanctas
672 3518 734 3572 et
774 3530 984 3574 sacras
1029 3514 1516 3591 repraesentant;
1557 3525 1706 3568 nam

139 3600 268 3662 hoc
295 3600 430 3680 ipso
455 3619 558 3664 res
587 3602 874 3683 quaedam
901 3623 1088 3667 sacrae
1121 3611 1288 3665 sunt.
1309 3599 1706 3664 Antecedens

142 3703 324 3774 patet
370 3714 445 3757 ex
492 3695 596 3758 illo
639 3697 865 3760 Psalm.
897 3701 1024 3760 98:
1065 3699 1333 3762 Adorate
1379 3695 1700 3762 scabellum

135 3789 356 3870 pedum
385 3789 538 3868 ejus,
567 3794 850 3872 quoniam
876 3799 1148 3857 sanctum
1177 3796 1290 3863 est,
1316 3789 1420 3852 ubi
1449 3789 1703 3852 nomine

145 3881 427 3957 scabelli,
473 3885 730 3964 mystice
783 3886 1038 3966 quidem
1093 3893 1294 3966 potest
1345 3884 1704 3948 humanitas

145 3982 260 4037 aut
309 3994 460 4037 crux
497 3975 716 4040 Christi
764 3979 1051 4058 intelligi,
1092 3984 1158 4042 ut
1205 3979 1592 4060 Augustinus
1643 3985 1706 4042 et

145 4069 566 4150 Bleronymus
603 4078 954 4152 exponunt;
984 4074 1233 4154 proprie
1271 4081 1481 4135 tamen
1524 4079 1586 4134 et
1623 4072 1707 4133 ad

145 4163 416 4223 litteram
471 4163 862 4245 intelligitur,
911 4166 1008 4228 vel
1067 4166 1586 4246 propitiatorium,
1636 4171 1706 4226 ut

147 4254 284 4316 vult
317 4255 669 4331 Jansenius,
719 4260 815 4320 vel
861 4277 1010 4321 arca
1050 4261 1455 4334 Testamenti,
1501 4265 1570 4320 ut
1599 4258 1704 4320 alii

149 4358 487 4428 exponunt,
517 4358 581 4412 et
607 4360 775 4415 recte
801 4353 1127 4415 confirmat
1152 4353 1404 4430 Bellar.,
1431 4353 1538 4414 lib.
1565 4356 1593 4413 1
1625 4350 1704 4413 de

151 4445 356 4504 Sanct.
388 4443 730 4520 beatitud.,
761 4465 814 4507 c.
859 4449 956 4508 13.
989 4447 1199 4525 Aliqui
1223 4465 1410 4521 vero,
1441 4452 1509 4506 ut
1537 4445 1706 4506 Basi-

151 4536 276 4597 lius
326 4545 386 4598 et
414 4537 732 4614 Vatablus‚
759 4558 902 4600 cum
942 4541 1274 4604 Chaldaica
1294 4531 1700 4619 paraphrasi,

151 4628 404 4690 nomine
436 4630 686 4694 scabelli
734 4639 932 4694 totum
975 4633 1275 4713 templum
1324 4633 1702 4714 intelligunt.

157 4723 304 4798 Quae
348 4725 672 4803 expositio,
704 4727 987 4806 quamvis
1025 4746 1138 4808 per
1171 4746 1236 4789 se
1271 4736 1522 4807 sumpta
1553 4727 1706 4790 nihil

155 4815 336 4877 nobis
375 4817 680 4895 obstaret,
712 4819 860 4898 quia
890 4821 1078 4883 etiam
1121 4821 1424 4902 templum
1470 4827 1564 4885 est
1606 4839 1707 4884 res

162 4919 363 4971 creata
395 4916 456 4972 et
493 4911 807 4989 inanimis,
840 4920 1048 4976 tamen
1083 4915 1166 4974 ab
1211 4915 1302 4976 eis
1327 4915 1584 4977 inventa
1616 4925 1710 4977 est

159 5009 234 5066 ut
277 5003 372 5063 illa
399 5004 588 5066 verba
636 5007 715 5068 ad
763 5007 1175 5086 improprium
1217 5025 1471 5069 sensum
1502 5007 1709 5070 detor-

161 5103 406 5176 queant,
435 5072 693 5160 uffiox
721 5099 1072 5161 videbimus
1085 5116 1104 5178 3
1137 5108 1201 5162 et
1243 5101 1486 5162 nullum
1520 5100 1712 5163 habet

165 5190 227 5249 in
275 5190 573 5272 Scriptura
620 5191 1124 5266 tundamentum,
1171 5200 1304 5254 tum
1351 5194 1499 5274 quia
1547 5212 1708 5254 nun-

167 5300 347 5362 quam
382 5303 496 5347 vox
529 5285 784 5348 scabelli
829 5288 894 5348 in
930 5289 1246 5368 Scriptura
1289 5288 1598 5368 reperitur
1624 5285 1708 5349 ad

167 5377 632 5459 significandum
677 5381 1003 5461 templum,
1035 5383 1348 5464 reperitur
1373 5390 1585 5444 autem
1627 5380 1710 5444 ad

171 5473 628 5551 significandam
664 5493 874 5538 arcam
907 5474 1190 5552 foederis,
1219 5478 1242 5538 1
1285 5467 1550 5558 Paralip.
1579 5477 1704 5538 28:

1795 429 1945 513 0091·
1950 431 2080 494 tavi
2100 433 2169 494 ut
2193 427 2560 506 aedificarem
2582 433 2843 509 domum,
2862 437 2933 496 in
2950 452 3071 516 qua
3090 440 3349 520 requia-

1789 528 1945 586 σεται
1972 541 2119 586 arca
2148 525 2402 600 foedcris
2434 525 2685 589 Domini
2709 533 2767 590 et
2794 529 3113 590 scabellum
3133 533 3347 610 pedum

1789 615 1903 678 Dei
1929 619 2165 686 nostru
2192 622 2326 678 tum
2372 619 2563 679 etiam
2607 619 2754 698 qnia
2800 623 3167 699 metaphora
3208 642 3346 686 sca·-

1787 707 1937 771 belli
1970 709 2203 789 templo
2230 727 2360 772 non
2408 718 2615 790 potest
2640 718 2811 775 recte
2856 717 3341 790 accommodari,

1789 802 2023 882 optime
2051 822 2201 866 vero
2233 803 2502 883 quadrat
2524 805 2589 865 in
2618 823 2832 868 arcam
2846 821 2868 884 3
2898 825 3069 882 nam,
3100 816 3169 870 ut
3194 809 3345 872 dici-

1785 900 1890 956 tur
1932 897 1972 958 2
2016 898 2170 976 Reg.
2221 899 2283 971 9,
2328 899 2495 960 Deus
2549 899 2811 962 sedebat
2856 918 3047 980 super
3093 919 3233 964 eam
3280 903 3343 964 in

1786 987 2147 1063 Cherubim,
2171 990 2235 1053 id
2260 997 2378 1066 est,
2400 991 2463 1052 in
2484 992 2938 1070 propitiatorio,
2962 993 3134 1072 quod
3156 1013 3347 1075 super

1787 1099 1998 1144 arcam
2043 1090 2177 1145 erat
2221 1084 2287 1144 in
2330 1083 2621 1146 manibus
2668 1085 3039 1158 Cherubim;
3086 1093 3152 1148 et
3200 1088 3345 1150 ideo

1788 1194 1933 1237 arca
1962 1182 2099 1238 erat
2126 1178 2308 1256 quasi
2342 1177 2709 1240 subsellium
2740 1179 2871 1240 Dei.
2906 1180 3026 1240 Alii
3054 1198 3203 1243 vero
3232 1199 3347 1262 per

1787 1267 2155 1342 scabellum,
2197 1273 2429 1332 terram
2471 1271 2847 1352 intelligunt,
2881 1275 3180 1352 quoniam
3226 1275 3345 1338 bac

1787 1362 2153 1440 metaphora
2176 1364 2337 1425 solet
2357 1364 2422 1424 in
2444 1365 2763 1444 Scriptura
2784 1373 2952 1428 terra
2978 1366 3342 1445 significari,

1785 1454 1959 1516 Isaiae
2003 1455 2106 1526 66,
2134 1455 2351 1518 Matth.
2383 1461 2441 1520 5.
2472 1458 2593 1520 Sed
2620 1458 2769 1520 licet
2786 1459 2866 1520 de
2893 1461 3031 1522 aliis
3049 1461 3201 1524 locis
3228 1463 3345 1524 hoc

1785 1565 2009 1608 verum
2037 1548 2138 1621 sit,
2170 1556 2381 1612 tamen
2425 1553 2719 1630 praesenti
2748 1571 2876 1614 non
2904 1561 3075 1618 recte
3100 1573 3345 1618 accom-

1784 1640 2098 1717 modatur,
2130 1647 2195 1704 ut
2219 1647 2391 1723 patet
2420 1650 2551 1706 tum
2580 1661 2655 1706 ex
2682 1645 2789 1706 illa
2816 1648 3060 1710 ratione
3084 1650 3345 1729 subjun-

1786 1740 1885 1795 cta
1915 1753 1929 1794 ε
1966 1734 2260 1810 Quoniam
2286 1744 2563 1802 sanctum
2585 1744 2717 1810 σείς
2737 1740 2854 1803 hoc
2876 1742 3044 1804 enim
3074 1742 3151 1804 de
3176 1751 3343 1806 terra

1785 1827 2070 1889 absolute
2114 1827 2235 1889 dici
2282 1847 2409 1890 non
2457 1831 2693 1910 potuit;
2730 1840 2859 1894 tum
2892 1835 3041 1914 quia
3085 1853 3162 1897 ex
3206 1837 3343 1916 ipso

1785 1927 2081 1982 contextu
2112 1929 2357 1985 constat
2380 1941 2519 1986 esse
2550 1942 2907 1988 sermonem
2937 1928 3015 1989 de
3047 1929 3343 2008 peculiari

1783 2013 1905 2076 ritu
1928 2057 1944 2086 ‚
1976 2020 2041 2075 et
2067 2014 2431 2078 adoratione
2462 2019 2497 2080 J
2504 2018 2848 2080 udoeorum.
2882 2021 3057 2084 Unde
3086 2023 3148 2082 in
3178 2022 3342 2102 prin-

1785 2107 1949 2186 cipio
1986 2107 2213 2168 Psalmi
2242 2107 2471 2172 dicitur
2498 2113 2667 2173 Deus
2713 2112 2933 2175 sedere
2970 2131 3160 2194 super
3188 2115 3343 2176 Che-

1785 2200 2016 2275 rubim,
2043 2205 2107 2262 et
2132 2201 2421 2263 additur:
2447 2205 2746 2269 Dominus
2774 2207 2841 2268 iu
2868 2206 3029 2270 Sion
3052 2225 3347 2285 magmas,-

1787 2300 1848 2356 et
1894 2293 2059 2354 infra
2098 2311 2115 2356 τ
2158 2294 2469 2358 ,Iudicium
2502 2301 2561 2360 ct
2578 2299 2897 2375 justitiam
2946 2301 3014 2363 iu
3046 2301 3235 2364 Jacob
3274 2307 3345 2365 tw

1782 2387 2018 2464 ficiat&
2056 2392 2120 2447 et
2146 2386 2375 2448 deinde
2406 2389 2809 2470 subjungitur
2838 2410 2853 2452 :
2888 2393 3186 2456 Eschate
3220 2394 3343 2456 Do-

1783 2481 2017 2542 minum
2058 2481 2252 2542 Deum
2294 2487 2569 2546 nostrum
2588 2527 2603 2557 ,
2636 2489 2695 2546 et
2734 2486 2981 2548 adorato
3023 2485 3343 2550 scabellum

1775 2573 1998 2656 pedum
2024 2574 2179 2651 cjue,
2202 2580 2264 2635 et
2286 2573 2537 2636 additur
2553 2594 2771 2637 rursus
2794 2578 3151 2657 exemplum
3176 2580 3345 2658 Moy-

1787 2665 1870 2726 sis
1926 2670 1987 2726 et
2043 2669 2276 2742 Aaron,
2319 2667 2425 2746 qui
2476 2667 2735 2730 fuerunt.
2783 2670 2849 2730 in
2906 2671 3347 2732 Sacerdotibus

1788 2759 1843 2839 ej
1856 2778 1951 2828 us,
1982 2765 2046 2820 et
2073 2759 2268 2820 Deum
2308 2760 2619 2836 colebant,
2653 2768 2716 2825 et
2742 2781 2954 2826 arcam
3000 2769 3191 2826 etiam
3218 2772 3345 2827 tes·

1785 2854 2048 2916 tamenti
2103 2852 2568 2916 venerabantur
2598 2875 2613 2928 ς
2677 2862 2811 2917 tum
2864 2857 3136 2939 denique
3202 2859 3349 2940 quia

1785 2951 1957 3008 terra
1982 2947 2236 3026 proprie
2266 2966 2391 3008 non
2432 2947 2751 3025 adoratur,
2782 2949 2831 3010 si
2859 2950 3033 3012 nulla
3060 2953 3181 3014 alia
3210 2971 3347 3033 spe-

1786 3041 1963 3102 cialis
1998 3040 2157 3100 ratio
2198 3040 2703 3104 sanctificationis
2742 3043 2800 3104 ei
2828 3043 3245 3126 adjungatur,
3278 3054 3345 3110 ut

1785 3133 2046 3194 inferius
2072 3133 2447 3196 videbimus

1865 3229 1926 3288 6.
1962 3225 2247 3304 objectio.
2287 3257 2366 3272 —
2393 3228 2519 3290 Sed
2558 3228 2672 3291 dici
2704 3231 2956 3294 tandem
2996 3240 3223 3314 potest,
3254 3237 3347 3298 ibi

1785 3337 1916 3380 non
1961 3318 2212 3398 praecipi
2260 3319 2510 3381 adorari
2560 3323 2903 3386 scabellum
2934 3325 3180 3405 ipsum,
3232 3330 3347 3392 sed

1783 3414 1987 3474 Deum
2014 3412 2079 3474 in
2106 3412 2403 3489 scabello,
2434 3431 2545 3476 seu
2574 3415 2641 3477 in
2672 3419 2931 3498 templo,
2952 3426 3023 3483 ut
3044 3421 3345 3484 Vatablus

1787 3506 2093 3585 exposuit,
2126 3505 2419 3566 Basilium
2449 3507 2742 3582 imitatus;
2781 3512 3099 3590 quomodo
3154 3516 3342 3577 etiam

1783 3607 1992 3680 potest
2018 3600 2185 3660 Deus
2208 3598 2273 3660 in
2306 3606 2467 3662 terra
2493 3601 2763 3679 adorari,
2788 3605 2967 3682 juxta
2994 3606 3147 3669 illud
3170 3628 3185 3668 ε
3212 3609 3347 3676 Νο·

1784 3694 1895 3758 lite
1919 3695 2145 3773 ,iurare
2178 3711 2289 3774 per
2330 3694 2564 3772 calum,
2598 3698 2745 3778 quia
2777 3699 3031 3764 thronus
3074 3701 3191 3764 Dei
3228 3709 3341 3776 est,

1785 3804 1968 3868 neque
2000 3805 2115 3868 per
2146 3795 2394 3858 terram,
2444 3789 2591 3868 quia
2632 3791 2951 3854 scabellum
2996 3797 3086 3857 m
3130 3795 3343 3872 pcdum

1786 3882 1940 3962 ejus,
1968 3881 2183 3942 Matth.
2234 3883 2293 3942 5.
2338 3880 2450 3942 Cui
2477 3881 2850 3961 expositioni
2874 3884 3087 3948 favent
3116 3886 3343 3950 siiuilia

1783 3974 1975 4036 verba
2010 3973 2237 4035 Psalm.
2263 3975 2369 4035 131
2392 3995 2407 4033 :
2428 3974 2833 4040 Adorabimns
2860 3979 2929 4040 in
2950 3978 3072 4042 zoco
3100 3981 3206 4042 ubi
3229 3987 3341 4043 ste-

1785 4073 1988 4133 terunt
2009 4067 2186 4147 pedes
2204 4066 2368 4146 ejus;
2384 4085 2525 4127 cum
2550 4071 2763 4130 tamen
2789 4069 2853 4130 in
2872 4071 3125 4134 bebroeo
3150 4074 3341 4136 etiam

1786 4163 2264 4224 habeatur-vox
2304 4160 2666 4240 significans
2715 4165 3055 4228 scabellum
3106 4167 3340 4248 pedum

1787 4256 1944 4334 ejus.
2010 4254 2199 4316 Favet
2239 4255 2513 4332 denique
2562 4254 2748 4318 lectio
2799 4257 3013 4322 Graeca
3058 4261 3343 4339 ejusdem

1788 4349 2013 4410 Psalm.
2036 4349 2139 4421 98,
2162 4365 2301 4426 quae
2328 4349 2389 4408 in
2418 4348 2663 4410 ratione
2683 4349 2825 4410 illa:
2852 4352 3145 4426 Quoniam
3168 4373 3345 4418 sanc·

1786 4447 1914 4506 tum
1942 4447 2055 4511 cst,
2084 4459 2212 4502 non
2240 4439 2431 4502 habet
2463 4459 2663 4520 genus
2685 4449 3003 4518 neutrum,
3036 4446 3147 4508 sed
3176 4465 3343 4510 mas-

1786 4536 2089 4610 culinum,
2127 4533 2415 4610 Quoniam
2464 4541 2711 4601 sauctus
2751 4541 2879 4610 cst,
2926 4539 3105 4602 etita
3151 4540 3341 4602 etiam

1787 4628 1973 4692 vertit
2018 4629 2437 4706 Hieronymus
2482 4629 2658 4706 juxta
2712 4629 3033 4691 veritatem
3085 4633 3343 4695 Hebrai·
3466 4617 3473 4630 ’

1789 4740 1953 4797 cam,
1996 4720 2299 4782 Vatablus
2344 4720 2560 4782 etalii.
2594 4721 2730 4782 Non
2777 4739 2927 4801 ergo
2976 4724 3341 4800 scabellum,

1789 4815 1898 4876 sed
1924 4815 2090 4876 Deus
2112 4813 2360 4875 adorari
2382 4813 2755 4894 praecipitur,
2774 4815 3070 4891 quoniam
3090 4835 3152 4878 sa
3162 4823 3343 4880 nctus

1791 4916 1909 4970 est.
1944 4909 2019 4969 Et
2043 4907 2207 4968 hanc
2234 4905 2687 4986 expositionem
2716 4907 3177 4986 amplectuntur
3216 4911 3345 4974 hae-

1791 5001 1963 5062 retici
1996 5000 2181 5080 hujus
2210 5003 2531 5078 temporie,
2566 5005 2623 5060 et
2654 4999 3006 5077 approbare
3036 5002 3345 5067 deberent

1790 5093 2110 5167 Catholici,
2126 5093 2230 5172 qui
2262 5093 2479 5154 dicunt
2498 5092 2747 5172 proprie
2772 5093 3342 5160 adorariChristum

1788 5190 1856 5249 in
1885 5189 2184 5268 imagine,
2206 5204 2329 5246 non
2360 5192 2571 5247 tamen
2605 5185 2943 5264 imaginem
2972 5189 3196 5267 ipsam,
3224 5192 3339 5252 nisi

1789 5283 2047 5344 abusive
2082 5287 2143 5341 et
2183 5277 2546 5360 improprie.
2588 5279 2777 5340 Recte
2805 5286 3017 5342 tamen
3049 5285 3344 5362 expendit

1789 5374 2207 5440 Bellarminus
2256 5389 2447 5452 supra
2467 5415 2489 5447 ,
2546 5371 3122 5454 interpretationem
3178 5375 3343 5440 hanc

1787 5490 1914 5533 non
1939 5468 2251 5550 quadrare
2272 5466 2451 5546 juxta
2482 5465 2927 5544 proprietatem
2958 5467 3185 5548 liuguae
3220 5469 3341 5534 lle-
