3892 6167
1247 331 1570 389 ulwurm.
1601 330 1798 385 XXXV.
1831 330 2005 387 sm.
2040 332 2129 385 111.

169 437 300 501 Male
343 448 480 509 ergo
531 426 812 491 nonnulli
847 434 1104 509 propter
1139 429 1332 511 hujus
1391 433 1648 496 Consilii

165 525 526 595 testimonium
549 522 1033 585 damnantium
1057 527 1552 606 propositionem
1577 532 1650 589 ut

161 634 456 691 erroneam,
470 618 655 677 etiam
671 612 738 676 in
756 632 948 679 sensu
963 619 1324 698 conjuncto,
1340 638 1452 683 seu
1479 638 1649 683 com-

159 714 374 797 plexive,
399 715 460 771 ut
489 708 679 781 aiunt,
705 708 854 791 quin
883 712 1228 775 Concilium
1245 714 1404 777 nihil
1423 714 1504 775 de
1523 714 1648 777 hoc

157 808 294 879 dixit,
315 807 374 865 et
408 820 442 861 a
477 800 802 863 Catholicis
835 802 946 865 illa
982 807 1328 887 propositio
1375 805 1646 869 admitti·-

157 910 250 971 ἱππ,
280 902 336 957 ut
369 914 404 958 a
437 895 648 973 Greg„
684 894 750 955 in
779 899 840 968 l,
865 896 934 959 d.
971 901 1080 972 28,
1116 916 1179 979 q.
1217 902 1280 971 2.
1322 901 1406 963 ad
1440 904 1558 975 {83
1585 905 1648 963 et

157 992 318 1055 wald.
341 1006 542 1067 supra,
565 993 630 1051 et
654 988 722 1051 in
749 990 1036 1053 Patribus
1055 993 1456 1073 reperientur
1476 994 1647 1055 locu-

153 1090 310 1151 tiones
333 1100 448 1145 non
473 1080 818 1146 admodum
843 1084 1198 1151 dissimiles„
1215 1090 1290 1151 Et
1319 1089 1384 1149 in
1407 1088 1642 1151 Concil.

155 1176 438 1245 Arelatensi
463 1176 562 1247 IV,
593 1194 738 1239 cun.
779 1180 836 1253 l,
875 1180 1146 1243 habetur
1177 1182 1312 1245 hoec
1361 1182 1642 1245 locutioz

157 1276 272 1337 Duoe
299 1274 516 1332 natum
551 1266 621 1331 in
663 1266 904 1337 Clu-icto
949 1280 1118 1339 sunt.
1153 1276 1320 1339 Dm
1347 1281 1408 1339 et
1451 1276 1638 1339 konco.

155 1370 246 1427 Leo
269 1366 433 1443 Papa,
473 1362 654 1441 epist.
705 1366 808 1434 ss,
856 1365 1036 1429 dicit:
1075 1368 1326 1435 Verbum
1345 1412 1366 1445 ,
1397 1388 1536 1435 caro
1583 1376 1644 1437 ot

153 1462 328 1533 anima,
349 1461 480 1521 sunt
493 1472 652 1521 snus
681 1457 972 1525 Christus
989 1488 1014 1534 ,·
1035 1468 1102 1525 et
1125 1464 1390 1542 August.
1398 1506 1420 1539 ,
1441 1464 1508 1525 in
1525 1466 1646 1529 En·

151 1550 344 1624 chirid„
367 1568 500 1628 cap.
525 1550 606 1613 38
629 1569 644 1611 :
689 1551 964 1635 Utraque
985 1555 1334 1619 abstantia
1350 1600 1374 1633 ,
1403 1558 1638 1636 divina,

149 1646 342 1717 ια’ἰίατ,
368 1649 420 1707 σε
443 1644 734 1718 nnana,
757 1653 900 1711 eunt
921 1650 1136 1713 ems
1161 1648 1374 1714 Fui-n
1397 1652 1534 1715 Dei.
1567 1654 1644 1719 Et

151 1740 324 1801 eodem
346 1736 524 1799 modo
549 1738 837 1817 loquitur
855 1743 1170 1820 Danaes..
1194 1746 1305 1812 lib.
1333 1752 1396 1824 3,
1431 1766 1486 1811 ο.
1531 1752 1640 1826 195

151 1842 196 1895 et
219 1830 502 1907 Ber-nard„
529 1830 642 1895 lib.
659 1836 700 1895 5
731 1833 810 1897 do
837 1835 1228 1903 Considerat-
1259 1841 1342 1905 ad
1369 1844 1642 1923 Eugen„

151 1930 244 1989 imo
263 1931 312 1985 et
335 1924 406 1985 Vl
431 1924 699 2003 synod„
727 1933 852 1991 act.
882 1932 982 1995 ¹8.

205 2023 252 2081 9.
288 2015 1279 2104 Objectio.-Ruponsio.-Diees,
1305 2027 1422 2091 hos
1450 2030 1642 2092 Sanc·

155 2120 220 2175 tos
241 2111 442 2173 debere
469 2111 770 2191 explicari
799 2115 864 2177 in
889 2132 1076 2181 sensu
1101 2122 1360 2196 causali,
1383 2122 1640 2200 scilicet,

147 2206 364 2266 Christus
387 2210 474 2265 est
502 2204 644 2265 duae
675 2211 944 2283 naturae,
971 2210 1034 2271 id
1069 2218 1186 2285 est,
1215 2220 1460 2277 constat
1491 2214 1648 2277 due·

145 2300 234 2361 hus
258 2298 492 2361 naturis.
521 2298 646 2361 Sed
691 2307 912 2363 eontra
957 2304 1198 2382 primo,
1229 2307 1378 2387 quia
1423 2308 1648 2369 eadem

145 2393 332 2455 ratione
351 2398 554 2471 posset
581 2393 870 2457 Christus
897 2395 1021 2459 dici
1053 2416 1168 2461 sua
1195 2398 1554 2465 humanitas
1581 2401 1648 2463 in

147 2506 292 2549 sensu
326 2487 572 2562 causali,
602 2490 758 2567 quia
802 2491 1198 2556 constituitur
1228 2494 1640 2559 humanitate.

145 2580 398 2657 Secundo,
420 2581 562 2660 quia
591 2584 786 2645 sidua
807 2583 1158 2649 admittitur
1185 2588 1250 2649 in
1277 2606 1472 2653 sensu
1501 2608 1646 2651 cau·

147 2674 248 2748 sali,
265 2692 361 2736 eur
382 2692 502 2735 non
526 2676 726 2739 etiam
765 2676 832 2739 in
877 2677 1148 2743 identico
1167 2684 1192 2743 t
1209 2683 1359 2761 quia
1381 2683 1462 2745 de
1490 2701 1650 2761 quo-

145 2766 258 2827 libet
277 2766 510 2830 homine
537 2786 690 2831 vere
721 2770 844 2833 dici
872 2779 1078 2850 potest
1111 2774 1179 2835 in
1209 2794 1400 2839 sensu
1425 2776 1648 2841 identi-

147 2879 218 2929 co,
241 2860 384 2941 quod
409 2860 484 2923 sit
511 2880 628 2925 sua
654 2863 1022 2929 humanitas
1047 2874 1110 2931 et
1139 2868 1536 2933 subsistentia
1565 2872 1650 2931 si-

147 2953 244 3011 mul
283 2961 555 3033 sumptae5
609 2962 680 3019 et
737 2958 1032 3021 universe
1081 2966 1346 3035 constat,
1405 2962 1647 3027 nullum

147 3047 486 3127 compositum
513 3049 820 3132 distingui
847 3070 886 3113 a
915 3056 1438 3133 componentibus
1465 3056 1650 3121 simul

147 3140 374 3218 sumptis.
441 3142 726 3207 Christus
785 3152 998 3208 autem
1069 3154 1167 3211 est
1229 3151 1644 3229 compositum

145 3234 398 3312 quoddam
435 3254 508 3297 ex
533 3236 956 3311 divinitateet
981 3240 1398 3305 humanitate.
1427 3244 1648 3307 Dicen-

147 3326 258 3387 dum
281 3334 362 3391 est
387 3347 570 3409 ergo,
603 3330 658 3391 si
705 3331 986 3395 Christus
1033 3340 1318 3398 sumatur
1355 3352 1470 3415 pro
1511 3336 1644 3399 solo

145 3422 434 3499 supposito,
463 3422 636 3485 illam
665 3426 1166 3504 propositionem
1209 3446 1338 3489 non
1371 3446 1512 3491 esse
1541 3448 1648 3493 vo-

145 3532 264 3589 ram,
291 3517 390 3577 sed
433 3520 692 3579 omnino
721 3518 972 3597 falsam,
1007 3527 1078 3583 ut
1121 3538 1238 3601 per
1279 3540 1347 3585 se
1375 3528 1644 3597 constat,

147 3608 258 3684 quia
290 3609 428 3671 illud
453 3613 842 3691 suppositum
883 3620 976 3675 est
1019 3614 1378 3677 distinctum
1426 3615 1508 3677 ab
1537 3617 1650 3679 hu·

151 3702 404 3777 monitate,
433 3722 622 3783 quam
651 3705 723 3765 in
753 3724 822 3769 se
853 3712 918 3767 et
951 3724 1067 3785 per
1091 3724 1160 3769 se
1187 3724 1318 3771 non
1345 3709 1644 3784 iucludit;

159 3792 194 3853 si
213 3802 374 3857 aulem
396 3798 676 3861 Christus
693 3806 980 3863 sumatur
1003 3820 1120 3881 pro
1142 3806 1276 3865 toto
1299 3804 1646 3883 composito

157 3904 210 3947 es
229 3897 414 3953 natura
441 3892 656 3957 divina
683 3898 748 3955 et
776 3896 1074 3971 humana,
1099 3897 1214 3971 sic,
1239 3897 1390 3961 licet
1411 3896 1646 3961 locutio

151 3980 224 4041 illa
259 3984 324 4045 sit
361 3986 726 4067 impropria,
770 3994 982 4051 tamen
1030 3990 1098 4051 in
1137 4008 1332 4053 sensu
1373 3990 1646 4055 identico

147 4090 244 4135 non
265 4085 340 4139 est
361 4079 537 4144 falsa.
559 4081 786 4159 Neque
811 4082 980 4145 enim
1011 4102 1094 4145 ex
1113 4082 1226 4145 illa
1251 4083 1462 4150 inferri
1499 4102 1650 4165 pos-

149 4174 258 4229 sunt
285 4173 722 4251 propositiones
749 4192 908 4253 quus
935 4175 1128 4255 aliqui
1156 4175 1456 4253 inferunt,
1485 4178 1648 4241 scili·

151 4268 242 4336 cet,
255 4266 400 4341 quod
415 4266 694 4329 Christus
713 4286 842 4329 non
864 4269 942 4333 sit
961 4268 1272 4346 divinitas,
1290 4277 1352 4336 et
1373 4271 1644 4347 similes,

151 4356 352 4431 scilicet,
390 4360 503 4421 hoc
524 4360 722 4425 modo
767 4366 1270 4441 argumentando
1304 4386 1318 4427 :
1355 4365 1646 4429 divinitas

151 4466 246 4509 non
285 4458 368 4513 est
401 4453 692 4520 divinitus
730 4461 796 4519 ct
831 4455 1216 4535 humanam
1245 4459 1524 4523 Christus
1552 4464 1647 4523 est

151 4540 384 4605 divinitas
409 4552 470 4608 et
493 4548 884 4623 humanitas3
915 4566 1064 4630 ergo
1093 4550 1370 4616 Christus
1393 4569 1524 4613 non
1547 4556 1648 4615 est

153 4632 402 4701 divinitas.
441 4640 809 4722 Huiusmodi
853 4642 1026 4705 onim
1071 4644 1648 4723 argumentationes

153 4727 268 4789 nihil
291 4733 504 4809 valent.
527 4736 680 4815 quia
707 4736 986 4801 variatur
1025 4738 1370 4815 acceptatio
1399 4745 1464 4801 et
1492 4756 1647 4818 sup-

155 4824 328 4897 positio
359 4828 516 4889 illius
558 4830 834 4907 termini,
883 4828 1182 4907 Christus,
1221 4836 1286 4893 et
1327 4836 1504 4909 patet
1531 4832 1647 4895 de·-

155 4912 309 4977 rectus
339 4918 399 4981 in
433 4921 610 4987 simili
639 4922 872 4983 forma:
907 4922 1196 4985 divinitas
1223 4940 1352 4985 non
1381 4930 1476 4987 est
1503 4942 1647 5003 per-

157 5021 278 5069 sona
295 5015 648 5091 compotum
669 5015 946 5079 Christus
973 5020 1070 5075 est
1093 5032 1367 5094 persona
1393 5036 1650 5097 compo·

157 5098 268 5173 sitm
311 5122 448 5185 ergo
487 5108 763 5173 Christus
807 5126 938 5173 non
983 5114 1082 5171 est
1130 5108 1451 5185 divinitasz
1501 5128 1646 5189 quse

160 5200 456 5261 consecutio
489 5202 662 5266 nulla
691 5208 822 5279 est,
853 5202 1036 5282 cujus
1061 5204 1224 5265 ratio
1247 5202 1436 5265 latius
1471 5211 1648 5282 potc-

161 5280 224 5345 bit
249 5306 313 5349 ex
347 5292 615 5371 dicendis
653 5298 928 5361 sectione
955 5302 1198 5375 quarta.
1229 5296 1648 5359 Nihilominus

163 5384 328 5447 tamen
363 5388 460 5453 illa
494 5391 751 5467 locutio,
775 5391 966 5456 ctiam
1011 5391 1078 5455 iu
1119 5392 1240 5455 hoo
1267 5408 1484 5467 ausu,
1515 5408 1648 5455 non

165 5481 238 5535 ost
273 5479 596 5559 simpliciter
640 5484 1032 5565 usurpands3
1079 5502 1208 5549 non
1254 5485 1458 5549 solum
1493 5484 1646 5564 quia

3172 326 3296 392 223

1729 430 2073 511 impropria
2098 434 2210 503 ost,
2234 429 2349 493 sed
2370 427 2562 491 etiam
2588 426 2739 505 quia
2768 430 2863 489 est
2884 426 3066 491 valde
3094 428 3296 491 ambi-

1729 542 1878 604 gua,
1911 530 1975 587 et
2000 524 2069 585 in
2104 524 2313 602 aliquo
2340 538 2533 585 sensu
2558 526 2769 601 potest
2794 538 3077 585 errorem
3100 542 3293 603 gene·

1727 636 1902 689 rare3
1933 616 2033 679 vel
2060 634 2213 697 ergo
2240 617 2490 689 vitetur,
2512 614 2615 677 vel
2644 630 2773 677 non
2796 614 2935 679 sine
2960 614 3295 679 sufficienti

1727 711 2141 791 explicatione
2176 711 2553 793 pmfemtur.

2336 896 2553 951 SECTlo
2582 897 2664 951 111.

1727 1018 2005 1088 Quomodo
2030 1020 2222 1078 divina
2256 1020 2519 1077 attributa
2549 1021 2605 1077 in
2650 1026 2904 1078 concreto
2928 1016 3292 1094 predicanda

2010 1108 2123 1163 sint
2156 1106 2226 1163 do
2250 1104 2487 1177 Christo,
2516 1120 2617 1163 seu
2656 1106 2724 1163 ets
2758 1106 2999 1164 homine.

1809 1278 1866 1337 1.
1915 1275 2063 1335 Hanc
2116 1273 2377 1354 quaestio
2420 1272 2700 1353 expediri
2738 1273 2923 1337 facile
2960 1274 3167 1355 potest
3214 1290 3294 1335 ex

1726 1367 2058 1448 principio,
2090 1370 2155 1429 et
2194 1366 2607 1429 fundamento
2644 1368 2849 1447 posito
2893 1369 2957 1431 in
3010 1367 3290 1431 sectione

1723 1462 1951 1543 prima,
1982 1479 2059 1523 ex
2100 1478 2227 1540 quo
2268 1460 2635 1540 colligendos
2676 1466 2823 1525 sunt
2870 1462 3109 1541 reguloe
3150 1461 3293 1525 uni-

1723 1555 2001 1619 versales
2026 1572 2173 1634 quae
2196 1554 2267 1617 in
2290 1553 2657 1635 hujusmodi
2698 1556 3123 1621 locutionibus
3163 1572 3296 1619 ser—

1724 1649 1946 1711 vendae
1980 1654 2151 1713 suut.

1805 1746 1866 1805 ἓ.
1909 1742 2138 1807 Prima
2182 1742 2401 1825 reputa
2440 1742 2997 1809 communicationis
3036 1740 3293 1809 idioma-

1725 1841 1876 1901 tum.
1919 1866 2005 1883 --
2044 1836 2193 1899 Dico
2239 1852 2393 1915 ergo
2434 1836 2661 1915 primo,
2692 1836 2857 1899 Deus
2900 1840 2963 1901 et
2994 1836 3289 1899 attributa

1723 1928 1862 2009 ejus
1897 1928 2263 2009 simpliciter
2308 1928 2631 2009 proedicari
2684 1929 2769 1993 de
2818 1929 3059 1993 Christo
3106 1936 3173 1993 et
3213 1930 3293 1993 de

1721 2022 2007 2095 homine,
2056 2022 2343 2085 absoluta
2391 2041 2507 2087 seu
2550 2023 2941 2097 substantiali
2992 2024 3295 2103 praedica-

1723 2116 1896 2181 tione
1915 2160 1934 2191 ,
1964 2134 2115 2179 vera
2154 2135 2230 2179 ac
2270 2117 2545 2197 propria.
2578 2118 2727 2179 Hoec
2770 2118 3089 2181 conclusio
3128 2118 3194 2179 in
3224 2131 3294 2181 re

1725 2210 1862 2291 ipsa
1899 2216 1997 2273 est
2018 2209 2100 2273 de
2130 2210 2279 2285 fide,
2306 2212 2459 2289 quia
2484 2210 2567 2273 de
2600 2209 2727 2275 fide
2756 2216 2874 2285 est,
2904 2211 3072 2273 hunc
3096 2210 3295 2275 homi-

1727 2320 1878 2367 nem
1919 2302 2233 2370 Christum
2282 2320 2425 2365 esse
2464 2304 2687 2377 Deum,
2726 2309 2793 2365 et
2834 2310 3295 2383 consequenter

1727 2414 1866 2461 esse
1891 2396 2411 2476 omnipotentem,
2434 2401 2767 2471 aeteruum,
2798 2402 2917 2461 etc.
2945 2396 3295 2461 videantur

1725 2489 1898 2553 dicta
1923 2490 2199 2553 sectione
2227 2490 2455 2569 prima,
2480 2492 2545 2553 et
2565 2488 2657 2551 ibi
2678 2490 2889 2563 citato,
2916 2496 2983 2553 et
3002 2490 3169 2555 circa
3197 2506 3297 2553 ar·

1725 2584 1985 2647 ticulum
2014 2584 2363 2647 secundum
2388 2585 2461 2645 D.
2494 2584 2749 2647 Thomna
2772 2584 3077 2647 nonnulla
3102 2583 3297 2649 edde-

1729 2696 1866 2741 mus
1895 2677 1975 2740 de
2004 2678 2385 2757 proprietate
2416 2683 2481 2739 et
2508 2677 2809 2756 qualitate
2850 2678 3077 2741 harum
3114 2676 3294 2742 locu·

1729 2770 1997 2833 tionum.

1809 2866 1868 2927 3.
1917 2864 2201 2929 Secunda
2226 2863 2465 2946 rapula.
2482 2892 2563 2911 -—
2582 2865 2657 2925 Et
2682 2862 2829 2926 hinc
2856 2865 3171 2944 colligitur
3196 2882 3294 2929 so-

1731 2958 1938 3021 cunda
1967 2958 2341 3023 universalis
2362 2958 2605 3038 regula.
2648 2958 2963 3037 Quidquid
2992 2959 3294 3023 essentis.-

1727 3050 1872 3113 liter
1897 3051 2123 3113 dieitur
2156 3050 2239 3113 de
2264 3052 2427 3127 Dee,
2456 3058 2519 3113 et
2546 3052 2851 3131 quidquid
2878 3054 3293 3120 essentialiter

1727 3144 1828 3205 vel
1863 3143 2279 3224 personaliter
2306 3144 2532 3207 dicitur
2576 3144 2659 3209 de
2708 3146 2895 3221 Filio,
2938 3164 3055 3209 seu
3083 3146 3291 3211 Verbo

1727 3239 1862 3315 Dei,
1907 3237 2269 3316 simpliciter
2310 3244 2375 3301 et
2406 3238 2693 3301 absolute
2728 3240 3105 3319 proedicatur
3144 3256 3292 3305 vere

1728 3330 1808 3393 de
1837 3330 1959 3393 hoc
1988 3332 2243 3393 homine
2273 3330 2535 3393 Christo.
2578 3332 2686 3395 Est
2714 3333 2905 3395 etiam
2944 3334 3011 3395 in
3040 3352 3109 3397 re
3158 3333 3293 3413 ipse

1727 3423 1808 3485 de
1853 3422 2011 3499 fide;
2042 3440 2191 3485 nam
2220 3424 2574 3485 continetur
2596 3425 2663 3487 in
2691 3426 3101 3503 precedenti,
3134 3432 3197 3487 et
3226 3426 3291 3489 in

1728 3516 1850 3578 illis
1885 3516 2044 3577 locis
2096 3516 2464 3596 Scriptura),
2513 3518 2581 3579 in
2624 3518 2853 3597 quibus
2906 3520 3147 3583 Christo
3189 3520 3291 3583 tri·

1729 3610 2031 3685 linuntur,
2060 3628 2199 3688 quse
2226 3616 2373 3671 sunt
2396 3610 2535 3673 Filii
2558 3611 2669 3673 Dei
2690 3612 2995 3675 naturalis
3012 3612 3289 3693 proprie,

1727 3708 1797 3767 ut
1821 3710 1991 3783 patet
2014 3702 2097 3765 ad
2126 3703 2285 3765 Heb.
2312 3706 2345 3767 t
2378 3709 2443 3765 et
2470 3707 2533 3779 2,
2561 3711 2621 3765 et
2648 3706 2833 3767 loun.
2854 3708 2919 3777 8,
2952 3706 3061 3767 ubi
3088 3705 3290 3772 Chris·

1727 3804 1830 3861 tus
1855 3796 2047 3859 dicit:
2076 3794 2419 3877 Antequam
2447 3796 2759 3864 Abraham
2776 3802 2973 3878 fieret,
2997 3815 3103 3881 cao
3122 3818 3292 3875 esum

1728 3898 1789 3955 et
1817 3893 1881 3953 in
1911 3892 2077 3967 eliis,
2106 3908 2249 3970 quse
2276 3890 2403 3953 late
2432 3892 2763 3959 citavimus
2788 3910 3005 3971 supra,
3030 3902 3291 3975 agentes

1727 3986 1808 4051 de
1836 3985 2063 4052 Christi
2090 3985 2435 4059 divinitate,
2460 3992 2525 4049 ot
2550 3986 2805 4051 tradunt
2834 3989 3047 4052 Patres
3070 4006 3291 4055 omncs

1727 4100 1920 4163 supra
1945 4080 2141 4155 citati,
2168 4080 2402 4143 concil.
2432 4080 2693 4161 Ephes„
2716 4100 2859 4147 osu.
2884 4086 2960 4155 «ις
2984 4085 3062 4145 Vl
3091 4084 3290 4163 Syno-

1727 4176 1882 4250 dus,
1914 4180 2037 4238 act.
2077 4176 2147 4237 ss
2200 4179 2263 4235 et
2310 4174 2425 4247 183
2467 4175 2795 4250 Laterum,
2842 4176 2960 4242 suh
3007 4176 3189 4240 Mart.
3236 4178 3287 4252 1.

1727 4268 1969 4331 consul.
1999 4270 2069 4343 5,
2104 4285 2245 4329 can.
2276 4270 2351 4340 «ἃς
2378 4266 2501 4333 Leo
2534 4270 2729 4349 Papa,
2756 4270 2939 4349 epist.
2984 4273 3081 4345 lt),
3110 4274 3181 4336 ss
3226 4277 3291 4339 ot

1727 4363 1835 4433 833
1873 4363 2135 4441 August.
2155 4404 2171 4433 ,
2200 4360 2310 4424 lib.
2338 4364 2367 4421 ί
2400 4360 2483 4423 de
2511 4362 2761 4439 'lt-inin,
2792 4380 2931 4445 cop.
2962 4366 2997 4427 7
3030 4367 3095 4427 et
3122 4382 3285 4444 seem

1727 4456 1932 4537 Fulg„
1956 4456 2037 4517 de
2062 4454 2213 4517 Fide
2234 4456 2317 4519 ad
2340 4457 2613 4530 Petrum,
2638 4476 2697 4519 c.
2722 4462 2793 4531 ῆς
2818 4457 3103 4535 nazian„
3124 4463 3285 4525 orat·

1727 4552 1798 4615 tit
1827 4552 2021 4623 ct523
2047 4549 2262 4628 cyril„
2284 4548 2393 4611 lib.
2417 4551 2497 4611 {2
2514 4550 2729 4625 Thes-4
2752 4569 2808 4613 c.
2838 4552 2943 4623 ίὸς
2968 4550 3287 4627 Damaso..

1725 4643 1836 4705 lib.
1871 4644 1930 4718 3,
1964 4660 2019 4705 c.
2052 4644 2116 4715 4,
2142 4644 2183 4703 6
2220 4647 2286 4704 et
2312 4644 2412 4705 ss.
2444 4642 2521 4703 Et
2548 4643 2707 4705 ratio
2734 4648 2827 4705 est
2872 4658 3065 4723 supra
3098 4650 3287 4721 tactu,

1726 4736 1874 4817 qnia
1911 4736 2189 4799 Christus
2212 4738 2311 4797 est
2348 4736 2547 4809 Deus3
2578 4752 2733 4817 ergo
2777 4754 3041 4801 necesse
3080 4744 3183 4801 est
3219 4742 3293 4799 ut

1727 4829 2035 4911 quidquid
2063 4829 2477 4893 essentialiter
2503 4830 2731 4894 dioiwr
2756 4830 2841 4895 de
2867 4834 3019 4907 Deo,
3046 4832 3291 4897 dicetur

1727 4928 1912 4989 etiam
1945 4924 2025 4987 de
2066 4925 2343 4997 Christo;
2384 4931 2450 4989 ct
2476 4925 2705 4989 eadem
2729 4927 2891 4991 ratio
2920 4932 3016 4989 est
3044 4928 3123 4991 de
3151 4946 3291 5009 pcr-

1726 5018 2046 5081 sonalibus
2071 5017 2261 5081 Verbi
2306 5018 2449 5092 Dei.
2480 5018 2629 5098 qnia
2676 5018 2957 5083 Christus
2998 5026 3099 5083 est
3143 5020 3289 5083 Ver·

1725 5110 1880 5177 bum
1901 5111 2014 5175 Dei
2024 5126 2049 5188 5
2076 5126 2261 5173 secus
2284 5124 2437 5176 vero
2462 5119 2561 5176 est
2586 5113 2671 5175 de
2694 5112 2967 5192 propriis
2991 5112 3289 5191 proedica·

1725 5204 1806 5267 tis
1851 5202 2288 5283 personalibus
2334 5206 2555 5280 Patris,
2604 5206 2705 5270 vel
2748 5204 3011 5285 Spiritus
3049 5203 3287 5282 Sancti.
3388 5239 3400 5250 ·

1725 5299 1876 5379 quia
1894 5344 1918 5375 ‚
1947 5316 2095 5361 cum
2123 5298 2401 5361 Verbum
2428 5318 2557 5361 non
2584 5298 2669 5361 sit
2696 5298 2879 5363 Pater
2892 5341 2914 5377 ,
2942 5316 3061 5366 nec
3099 5300 3291 5381 Spiri-

1725 5397 1828 5455 tus
1867 5394 2171 5469 sunaus,
2200 5393 2393 5457 etiam
2430 5394 2735 5467 Christus.
2764 5410 2880 5460 seu
2920 5393 3027 5460 hio
3068 5395 3285 5475 homo,

1725 5502 1854 5549 non
1881 5494 1981 5551 est
2008 5488 2213 5563 Peter,
2244 5502 2362 5551 nec
2398 5486 2667 5569 Spiritus
2708 5486 3005 5565 Sanctum
3036 5494 3103 5553 et
3142 5504 3291 5555 con·
