3892 6167
1411 334 1646 399 QUAEST.
1681 334 1808 391 ΧΠ.
1841 336 2045 391 Anne.
2078 338 2142 393 11.

3264 338 3381 401 ¹67

183 437 472 503 maciem
491 484 511 517 ,
537 453 864 527 per-,quam
887 441 946 501 et
977 432 1288 503 diabolum
1315 434 1462 501 vicit
1481 480 1500 510 ,
1539 440 1596 501 et
1621 436 1742 501 Ιιιι-
1821 437 2011 501 nibus
2034 484 2053 512 ,
2106 454 2236 501 non
2290 437 2495 501 solum
2530 438 2943 515 conveniens,
2978 439 3094 503 sed
3121 443 3378 507 omnino

179 550 424 596 manans
447 533 886 613 infirmitatem
907 531 1174 597 sanavit.

640 731 1264 796 COMMENTARIUS.

244 908 606 989 Responsio.
631 942 716 955 --
737 909 1026 971 Affirmat
1057 910 1129 971 D.
1173 906 1446 971 Thomas
1493 925 1738 994 assum-

173 1002 362 1081 psisse
403 1002 730 1065 Christum
783 1003 899 1064 hos
945 1002 1262 1077 defectus,
1311 1002 1492 1083 cujus
1533 1020 1736 1065 asser·

171 1094 346 1157 tionis
373 1100 510 1157 tres
533 1096 808 1158 rationes
831 1096 1112 1177 assignat
1139 1114 1218 1158 ex
1245 1095 1373 1159 fine
1404 1096 1600 1175 ipsius
1633 1096 1730 1157 in-

175 1189 552 1253 carnationis
579 1190 966 1269 desumptas.
997 1191 1270 1253 Primam
1293 1234 1310 1265 ,
1343 1208 1424 1251 cx
1461 1190 1588 1251 fine
1631 1209 1730 1251 sa-

170 1282 522 1347 tisfaciendi
545 1302 660 1365 pro
688 1285 892 1347 nobis.
919 1285 1291 1359 Secundam,
1325 1302 1404 1346 ex
1433 1283 1555 1346 fine
1579 1302 1728 1347 con-

171 1377 460 1439 firmandi
503 1383 567 1441 et
603 1378 976 1441 ostendendi
1009 1378 1214 1459 magis
1258 1378 1588 1439 veritatem
1629 1377 1728 1439 in·-

171 1472 569 1535 carnationis.
607 1474 923 1548 Tertiam,
956 1478 1024 1533 ut
1067 1470 1252 1533 nobis
1301 1478 1469 1533 esset
1517 1488 1728 1533 exem-

169 1565 360 1643 plum;
395 1583 552 1643 quae
595 1582 820 1627 omnes
861 1564 1044 1627 claras
1085 1570 1252 1627 sunt.
1295 1565 1510 1626 Solum
1559 1564 1724 1627 circa

167 1658 422 1737 primam
455 1658 748 1721 dubitare
775 1662 984 1736 potest
1005 1658 1230 1737 aliquis
1241 1674 1261 1737 ;
1284 1659 1432 1735 quia
1462 1657 1628 1719 enim
1659 1658 1722 1719 hi

169 1751 438 1813 defectus
463 1752 746 1831 corporis
765 1759 910 1813 sunt
937 1752 1004 1813 in
1027 1751 1208 1813 nobis
1233 1768 1436 1831 poenae
1457 1751 1720 1832 peccati,

169 1844 339 1907 infert
363 1847 434 1907 D.
471 1846 750 1907 Thomas
785 1845 978 1907 fuisse
1007 1846 1388 1907 conveniens
1407 1889 1424 1919 ,
1451 1850 1522 1906 ut
1549 1844 1722 1907 chri-

169 1946 288 1999 stus
333 1939 398 1999 in
451 1957 526 2002 se
581 1945 934 2001 assumeret
975 1957 1084 2000 eas
1115 1956 1336 2019 poenas
1365 1957 1504 2018 quae
1537 1938 1720 2001 nobis

176 2038 328 2091 erant
369 2031 624 2095 debitis.
663 2034 798 2108 Quo
840 2040 1214 2113 argumento
1267 2036 1479 2113 posset
1524 2034 1716 2095 etiam

177 2126 568 2201 concludere,
617 2127 812 2189 fuisse
845 2128 1226 2191 conveniens
1255 2133 1324 2189 ut
1361 2133 1716 2190 assumeret

173 2236 406 2297 poenam
451 2220 841 2300 purgatorii,
881 2222 980 2281 vel
1025 2220 1293 2296 inferni,
1339 2224 1410 2283 ut
1457 2220 1712 2299 quidam

1820 532 2249 595 necessarium
2275 531 2467 594 fuisse
2490 580 2505 605 ,
2550 532 2861 597 Christum
2906 551 3230 598 assumere
3260 536 3377 600 hos

1817 626 2097 704 corporis
2136 624 2437 687 defectus.
2492 627 2587 689 Ita
2631 626 2865 689 indicat
2894 628 3160 704 Bonav.,
3194 630 3259 691 in
3287 632 3327 693 3
3350 676 3373 707 ,

1816 718 1961 781 dist.
1986 720 2087 795 16,
2116 724 2236 781 art.
2261 721 2322 795 1,
2353 736 2417 797 q.
2450 720 2525 797 35
2550 719 2832 785 Durand.
2852 765 2871 796 ,
2906 719 2971 783 in
2998 724 3059 795 3,
3090 720 3231 785 dist.
3266 728 3369 801 15,

1817 828 1880 891 q.
1917 814 1977 887 1,
2014 830 2078 873 ιι.
2111 814 2174 888 6,
2205 812 2311 893 qui
2340 812 2405 875 in
2433 831 2576 875 eam
2614 813 2991 875 sententiam
3026 815 3219 879 citant
3246 817 3375 881 An-

1817 905 2124 983 selmum,
2171 906 2236 968 in
2264 904 2372 969 lib.
2402 906 2525 969 Cur
2552 906 2717 969 Deus
2749 907 2961 971 homo.
3002 907 3128 971 Sed
3154 916 3371 973 tamen

1815 1016 2035 1061 revera
2070 998 2191 1061 hoc
2238 1018 2369 1061 non
2398 1000 2681 1081 sequitur
2724 1002 3083 1064 necessario
3130 1020 3205 1065 ex
3240 1003 3373 1068 fine

1807 1092 2277 1173 redemptionis.
2320 1092 2529 1157 Primo
2554 1093 2810 1175 quidem
2832 1140 2856 1173 ,
2896 1095 3045 1175 quia
3072 1116 3200 1159 uno
3234 1098 3369 1163 solo

1809 1192 1955 1247 actu
1989 1186 2220 1248 amoris
2260 1194 2476 1266 posset
2527 1207 2643 1250 nos
2693 1206 2809 1269 per
2856 1190 3117 1251 modum
3160 1191 3367 1256 meriti

1807 1278 2191 1341 sufficienter
2235 1278 2583 1357 redimere,
2630 1287 2700 1344 ut
2752 1284 2997 1346 constat
3047 1302 3125 1347 ex
3175 1302 3366 1366 supra

1805 1374 2109 1445 tractatis,
2146 1392 2209 1456 q.
2243 1376 2301 1449 1,
2335 1382 2451 1439 art.
2487 1378 2559 1449 23
2592 1375 2904 1457 potuisset
2930 1384 3139 1440 autem
3184 1398 3367 1443 exer-

1807 1484 1951 1529 cere
2008 1466 2178 1529 hunc
2228 1474 2437 1530 actum
2508 1469 2573 1529 in
2626 1486 2886 1550 corpore
2948 1470 3314 1555 impassibili
3342 1520 3359 1548 ,

1806 1559 2051 1621 etiamsi
2086 1562 2363 1641 corporis
2403 1560 2685 1625 defectus
2722 1580 2852 1623 non
2894 1566 3357 1645 assumpsisset.

1801 1654 1878 1715 Et
1906 1654 2091 1717 simili
2134 1654 2325 1717 modo
2352 1656 2657 1737 potuisset
2682 1674 2797 1737 pro
2826 1656 3011 1738 culpa
3042 1663 3105 1721 et
3133 1658 3360 1740 injuria

1801 1748 1868 1811 in
1892 1750 2093 1811 Deum
2123 1749 2456 1811 commissa
2484 1748 2842 1813 satisfacere
2871 1769 2985 1832 per
3022 1758 3230 1814 actum
3260 1770 3361 1817 re-

1800 1843 2096 1905 verentioe
2124 1848 2186 1905 et
2214 1842 2501 1923 obsequii
2529 1843 2611 1907 ad
2642 1844 2861 1919 Deum,
2884 1850 2946 1907 et
2973 1848 3222 1909 veniam
3252 1850 3361 1911 ho·

1799 1933 2074 1997 minibus
2101 1936 2501 2015 deprecando
2524 1980 2545 2011 ,
2574 1944 2637 1999 et
2663 1954 2778 2017 per
2807 1937 2960 1999 alios
2992 1938 3229 2002 similes
3258 1960 3361 2005 ac·

1797 2036 1900 2091 tus
1927 2028 2124 2091 divini
2152 2029 2381 2092 cultus.
2400 2030 2491 2093 Ac
2520 2030 2795 2111 denique
2820 2048 2935 2111 per
2954 2040 3161 2095 actum
3186 2035 3358 2099 dolo-

1795 2122 1882 2183 ris
1906 2122 2007 2184 vel
2035 2124 2297 2187 tristitias
2323 2124 2385 2185 in
2415 2124 2549 2185 sola
2576 2125 2787 2187 anima
2822 2136 3142 2207 conceptae
3165 2176 3180 2201 ,
3212 2132 3357 2193 abs-

1795 2234 1920 2295 que
1953 2218 2245 2297 passione
2283 2217 2613 2297 corporali,
2652 2217 2959 2298 potuisset
2994 2222 3355 2287 satisfacere

171 2313 336 2390 hujus
377 2315 686 2395 temporis
729 2314 1002 2375 baeretici
1046 2314 1484 2393 blasphemant
1505 2330 1526 2391 3
1561 2316 1712 2392 quia
1792 2328 1906 2391 pro
1937 2310 2217 2393 qualibet
2242 2330 2437 2393 poena
2466 2310 2823 2373 hominibus
2862 2310 3109 2389 debita3
3158 2334 3357 2397 quan-

173 2408 340 2468 ctiam
368 2408 471 2469 hae
501 2425 702 2487 poenae
733 2414 878 2469 sunt
904 2407 1128 2470 debitae
1170 2408 1532 2469 hominibus
1570 2427 1713 2488 pec-

1793 2422 1984 2485 quam
2014 2410 2240 2484 praeter
2264 2406 2614 2467 naturalem
2644 2406 2929 2469 ordInem
2952 2426 3161 2471 rerum
3189 2419 3355 2476 esset

179 2503 496 2578 caton-ibus,
525 2509 590 2565 ct
617 2522 732 2585 pro
757 2503 878 2565 illis
907 2501 1200 2563 omnibus
1226 2502 1504 2565 Christus
1529 2504 1712 2565 satis·
1789 2496 2025 2559 habere
2054 2497 2330 2559 animam
2362 2498 2725 2577 passibilem
2746 2499 2814 2560 in
2839 2518 3099 2581 corpore
3124 2502 3351 2587 impas-

175 2594 315 2657 fecit.
350 2597 796 2676 Responde-,tur
820 2603 1036 2657 tamen
1073 2614 1198 2657 non
1247 2614 1386 2659 esse
1416 2596 1706 2659 eamdem
1789 2590 1949 2651 sibili
1964 2612 1982 2666 3
2008 2608 2160 2671 ergo
2182 2592 2546 2673 simpliciter
2572 2611 2703 2655 non
2731 2593 2984 2658 fuerunt
3008 2598 3349 2661 'necessarii

173 2690 480 2762 rationem,
509 2698 642 2752 tum
667 2691 816 2770 quia
844 2690 966 2753 illoe
995 2706 1198 2770 poense
1227 2708 1359 2751 nou
1397 2690 1709 2753 decebant
1789 2685 2071 2748 defectus
2096 2688 2373 2769 corporis
2410 2688 2491 2749 ad
2517 2688 3025 2752 satisfaciendum
3074 2710 3187 2773 pro
3234 2708 3349 2756 no·

173 2785 604 2845 sanctissimam
637 2784 862 2846 Christi
883 2784 1182 2859 animam,
1218 2792 1288 2845 ut
1311 2802 1427 2845 suo
1453 2784 1593 2847 loco
1617 2785 1709 2847 di·
1785 2779 1906 2851 bis,
1949 2779 2206 2844 fuerunt
2237 2787 2452 2844 tamen
2482 2783 2787 2862 aptissimi
2814 2790 2877 2847 et
2909 2786 3345 2851 accommoda·

173 2882 356 2951 cetur;
401 2880 534 2937 tum
571 2878 762 2941 etiam
801 2878 948 2959 quia
989 2878 1110 2939 illae
1153 2895 1356 2957 poenae
1391 2896 1520 2939 non
1559 2884 1704 2941 sunt
1783 2874 2034 2952 tissimi,
2086 2881 2344 2956 propter
2387 2878 2665 2941 rationes
2715 2879 2933 2942 dictas.
2991 2878 3347 2945 Solutiones

170 2971 397 3049 proprie
427 2970 724 3035 ordinatas
753 2973 836 3033 ad
881 2990 1030 3035 eum
1055 2972 1314 3033 modum
1340 2971 1702 3033 satisfactio·
1782 2976 2299 3050 argumentorum
2348 2970 2531 3034 clarae
2592 2976 2779 3049 sunt,
2831 2972 2945 3037 sed
2988 2974 3173 3038 valde
3226 2992 3342 3039 no-

171 3063 248 3123 nis
269 3065 655 3141 voluntariae,
683 3066 792 3145 qui
817 3066 1128 3128 viatorum
1161 3071 1256 3129 est
1294 3067 1610 3147 proprius,
1636 3070 1699 3128 et
1777 3064 2010 3127 tandae.

169 3164 469 3220 exercetur
513 3177 628 3239 per
671 3160 932 3223 modum
970 3160 1298 3241 condignas
1334 3178 1699 3241 recompen-

167 3250 426 3325 sationiS,
453 3253 566 3315 sed
595 3254 848 3316 suntad
871 3256 1190 3335 propriam
1219 3253 1557 3315 vindictam
1599 3254 1695 3335 ip·

169 3344 274 3405 sius
299 3348 552 3425 peccati,
573 3365 716 3425 quae
743 3348 824 3410 ab
853 3348 988 3429 ipso
1007 3348 1223 3427 judice
1249 3348 1553 3424 sumitur,
1581 3366 1694 3409 seu

2302 3266 2727 3333 ARTICULUS
2770 3270 2843 3345 IL

167 3437 513 3518 imperatur-3
545 3459 752 3521 poenae
781 3450 994 3503 nutem
1037 3440 1227 3521 hujus
1257 3441 1438 3514 vitae,
1474 3441 1693 3522 quales
1786 3443 2017 3509 Utrum
2069 3442 2353 3509 Christus
2398 3446 2807 3509 necessitatem
2862 3448 2959 3512 his
3011 3448 3335 3530 defectibus

172 3532 520 3595 sustinentur
555 3554 672 3615 per
698 3534 980 3597 defectus
1029 3542 1093 3599 et
1127 3535 1525 3598 infirmitates
1555 3554 1692 3599 cor-

175 3628 318 3701 poris
335 3673 352 3705 ,
379 3635 518 3691 sunt
561 3631 1224 3693 accommodatissimas
1253 3629 1334 3693 ad
1362 3632 1686 3711 proprium

183 3720 392 3783 modum
418 3723 839 3786 satisfaciendi
867 3744 980 3804 per
1005 3725 1419 3787 voluntariam
1447 3744 1688 3787 recom-

2122 3538 2473 3617 sabjacendi
2499 3540 2890 3623 assumpserit
2920 3546 2962 3607 ¹.

1849 3729 1904 3789 1.
1950 3724 2059 3787 Aa
2102 3726 2423 3791 secandum
2479 3726 2569 3791 sic
2612 3728 2991 3809 proceditur.
3072 3728 3329 3797 Videtur

183 3819 561 3888 pensationem
575 3865 598 3896 ,
629 3838 821 3901 quam
845 3820 1122 3883 Christus
1148 3820 1348 3883 viator
1387 3820 1682 3883 exhibere
1765 3821 1926 3899 qnod
1954 3818 2238 3885 Christus
2262 3840 2381 3885 non
2409 3840 2483 3885 ex
2505 3822 2853 3887 necessitate
2879 3824 2974 3886 bis
3001 3824 3328 3905 defectibus

178 3904 370 3975 debuit.
405 3914 561 3975 Tum
601 3915 880 3992 denique
911 3916 1058 3994 quia
1095 3932 1286 3995 poena
1311 3914 1544 3977 inferni
1582 3916 1683 3977 vel
1764 3916 2152 3994 subjacuerit.
2200 3917 2452 3980 Dicitm·
2496 3918 2654 3981 enim
2697 3916 2853 3982 Isai.
2894 3920 2973 3983 53
3007 3941 3024 3979 ε
3074 3918 3327 3985 Oblatas

174 4004 465 4079 purgatorii
503 4023 634 4067 non
673 4012 770 4067 est
797 4006 1148 4069 necessario
1177 4007 1508 4069 subeunda
1535 4026 1684 4087 pec·
1764 4012 1872 4081 est,
1891 4009 2037 4089 qaia
2058 4010 2184 4090 ipse
2204 4008 2432 4080 volnit;
2456 4015 2513 4074 et
2536 4010 2808 4093 loquitwr
2828 4013 2899 4075 de
2924 4010 3222 4076 oblatione
3240 4018 3325 4079 ad

174 4097 437 4158 catoribus
459 4144 474 4171 ‚
515 4099 630 4160 sed
657 4099 859 4162 solum
903 4102 1082 4179 quasi
1130 4102 1248 4163 sub
1295 4102 1677 4177 conditione,
1749 4103 2115 4183 passionem.
2147 4102 2278 4167 Sed
2300 4102 2583 4168 voluntas
2606 4106 2930 4187 opponitur
2952 4108 3313 4174 necessitati.

173 4188 386 4264 scilieet,
416 4192 466 4253 si
510 4194 794 4255 mortalis
821 4196 1064 4274 peccati
1090 4196 1341 4257 veniam
1384 4214 1514 4257 non
1543 4196 1680 4257 fue·
1756 4194 1934 4279 Ergo
1962 4195 2243 4261 Christus
2261 4215 2381 4260 non
2404 4216 2475 4261 esc
2490 4198 2839 4263 necessitate
2862 4198 3165 4278 subjacuit
3186 4220 3321 4265 cor-

173 4280 268 4341 n'nt
289 4282 346 4343 in
369 4284 484 4347 hac
516 4286 642 4347 vita
675 4287 1018 4361 consecuti,
1050 4288 1259 4367 quoad
1289 4306 1542 4367 poenam
1581 4289 1680 4351 in·
1747 4290 2072 4369 paratibus
2096 4291 2437 4372 defectibus.

172 4370 290 4435 ferni
305 4397 318 4449 ;
333 4380 428 4439 vel
441 4379 492 4440 si
507 4398 621 4458 pro
639 4386 896 4459 peccato
915 4400 1044 4443 non
1059 4382 1248 4460 plene
1265 4382 1677 4445 satisfecerint

1836 4388 1897 4447 2.
1932 4385 2269 4459 Praeterea,
2299 4386 2586 4451 Damaso.
2622 4386 2773 4451 dicit
2790 4387 2860 4450 in
2889 4390 2925 4452 3
2953 4388 3058 4455 lib.
3088 4389 3117 4433 ²
3148 4411 3164 4455 ε
3194 4390 3320 4461 Ni-

171 4464 218 4523 in
239 4468 336 4532 hac
365 4472 508 4548 vita,
550 4473 870 4553 loquendo
901 4475 1115 4554 quoad
1147 4492 1402 4555 poenam
1446 4494 1676 4557 purga·
1757 4476 1852 4539 hil
1874 4486 2139 4542 coactum
2158 4479 2227 4543 in
2254 4478 2499 4543 Christo
2521 4482 2963 4557 consideratur,
2988 4484 3095 4548 sed
3114 4488 3317 4553 omnia

170 4562 296 4624 torii.
341 4566 418 4627 At
462 4584 612 4630 vero
643 4565 924 4647 corporis
959 4569 1240 4631 defectus
1269 4588 1383 4633 seu
1411 4570 1674 4651 poenali-
1753 4570 2125 4637 voluntaria.
2159 4572 2293 4637 Sed
2318 4574 2477 4654 qnod
2506 4580 2593 4639 est
2618 4574 3053 4657 voluntarium,
3084 4596 3204 4642 non
3228 4588 3315 4645 est

171 4654 292 4717 tates
337 4662 582 4723 omnino
629 4662 1009 4726 sustinendae
1057 4670 1204 4726 sunt
1249 4664 1608 4727 hominibus
1635 4684 1673 4727 a
1753 4669 2169 4735 necessariam.
2200 4668 2378 4753 Ergo
2398 4670 2741 4753 hujusmodi
2763 4674 3026 4755 desectas
3042 4693 3162 4739 non
3176 4678 3315 4757 fue-‘-

173 4744 365 4813 Christo
401 4753 776 4834 redemptis,
807 4774 1016 4837 neque
1045 4774 1162 4835 per
1186 4758 1461 4838 aliquam
1493 4760 1674 4823 satis·
1752 4768 1900 4825 rant
1925 4782 1997 4829 ex
2015 4765 2361 4831 necessitate
2386 4766 2455 4829 in
2484 4766 2748 4832 Christo,

173 4837 450 4908 factionem
521 4849 840 4928 propriam
914 4858 1178 4930 possunt
1229 4853 1368 4917 illas
1427 4853 1626 4917 vitare
1650 4900 1666 4928 ,

1831 4862 1890 4923 3.
1937 4860 2275 4936 Proeterea,
2318 4861 2641 4927 necessitas
2680 4864 2953 4945 insertur
2995 4864 3070 4931 ab
3105 4866 3313 4949 aliquo

171 4940 406 5010 quamvis
444 4940 564 5003 illis
609 4943 698 5004 uti
745 4944 982 5023 possint
1029 4943 1112 5007 ad
1160 4947 1670 5011 satisfaciendum
1739 4954 2097 5034 potentiori.
2148 4953 2281 5019 Sea
2319 4952 2501 5019 nulla
2550 4960 2832 5023 creatwra
2878 4962 2966 5022 est
3000 4961 3315 5041 potentior

170 5042 255 5102 pro
279 5036 531 5111 peccatis
552 5082 568 5111 ,
600 5042 664 5101 et
697 5038 842 5099 ideo
869 5040 1142 5102 maxime
1172 5040 1382 5105 decuit
1407 5048 1476 5105 ut
1503 5043 1672 5105 Chri·
1750 5064 1934 5127 qnam
1962 5048 2169 5112 anima
2204 5048 2461 5125 Christi,
2490 5050 2575 5115 ad
2598 5069 2781 5131 qnam
2798 5054 3143 5135 pertinebat
3155 5074 3311 5137 pro-

173 5124 272 5183 stus
289 5125 344 5185 in
369 5128 461 5189 his
482 5131 682 5209 poenis
707 5130 888 5193 fieret
907 5132 1126 5193 similis
1150 5134 1506 5197 hominihus
1526 5154 1671 5217 pec·
1741 5142 1957 5223 prium
1984 5162 2198 5225 corpus
2224 5162 2589 5209 conservare.
2630 5146 2807 5231 Erqo
2833 5149 3178 5229 bujzcsmodi
3205 5152 3312 5217 de·-

175 5220 454 5296 caloribus,
473 5230 531 5287 et
551 5242 665 5303 per
689 5244 797 5287 eas
819 5245 934 5306 pro
959 5226 1084 5291 illis
1111 5230 1516 5293 satisfaceret.
1541 5231 1667 5295 Sed

179 5306 224 5366 in
247 5310 341 5373 hac
361 5317 589 5378 ratione
612 5320 957 5381 cavendum
979 5326 1074 5383 est
1099 5322 1271 5385 aliud
1292 5331 1660 5401 extremum;

1831 5330 1848 5368 ¹
1893 5330 2081 5404 Infra,
2105 5346 2167 5407 q.
2194 5332 2295 5408 15,
2320 5338 2437 5395 art.
2463 5333 2535 5409 5;
2576 5339 2638 5397 et
2660 5334 2729 5413 3,
2755 5332 2819 5399 d.
2844 5336 2906 5409 3,
2929 5352 2994 5415 q.
3022 5336 3080 5413 1,
3104 5340 3223 5401 art.
3245 5340 3308 5413 2,

181 5402 386 5477 qnidam
413 5411 578 5473 enim
607 5412 1006 5486 existimant,
1041 5418 1363 5497 supposito
1389 5418 1510 5483 hoc
1539 5420 1665 5483 fine
1747 5440 1810 5503 q.
1837 5426 1892 5500 1,
1925 5442 1981 5485 c.
2002 5422 2115 5485 fin.

186 5492 586 5577 incarnationis,
609 5506 862 5584 scilicet,
887 5508 1305 5577 satisfaciendi
1329 5528 1443 5591 pro
1471 5513 1668 5577 humi-

1826 5518 1853 5555 2
1895 5517 1963 5577 C.
1990 5518 2092 5593 20,
2122 5515 2185 5579 in
2205 5514 2355 5579 fine.
