3892 6167
354 333 471 394 382
1577 337 1812 400 QuAEsT.
1844 335 1972 398 XIX.
2008 335 2208 388 ARth.
2245 338 2326 388 lv.

354 457 469 500 nes
499 437 741 516 antiqui
786 436 1171 516 expositores
1188 452 1210 515 3
1240 443 1303 500 et
1331 439 1519 518 Cyril.
1548 439 1722 500 Alex.
1748 482 1767 512 ,
1798 435 1907 496 lib.

352 533 391 594 Ξ
424 531 517 592 Ad
544 531 821 610 reginas,
850 529 991 610 cap.
1024 531 1092 593 de
1132 529 1371 595 Christi
1412 532 1908 610 sanctificatione.

350 627 481 690 Nec
502 625 795 686 videntur
819 622 927 684 illa
952 625 1283 702 sequentia
1311 625 1525 696 verba,
1552 642 1625 688 em
1648 641 1767 688 uno
1792 639 1915 684 om·

349 736 475 788 nce,
498 736 683 798 posse
712 717 1113 779 commodum
1143 716 1376 778 habere
1400 735 1679 792 sensum,
1703 715 1825 778 nisi
1848 715 1912 775 in

350 809 576 893 plurali
600 811 869 890 legatur,
898 816 968 871 nt
992 828 1217 872 sensus
1234 811 1345 897 sit,
1369 812 1523 873 Tam
1552 809 1659 890 qui
1689 809 1916 870 sancti-

351 906 519 980 ficat,
566 923 759 986 quam
798 904 901 983 qni
956 902 1444 976 sanctificantur,
1478 923 1555 966 ex
1602 921 1731 964 uno
1770 908 1916 963 sunt

352 1018 609 1072 omnes;
634 1016 804 1070 nam,
836 997 888 1058 si
918 996 1199 1058 Christus
1227 1003 1319 1058 est
1348 997 1455 1075 qui
1485 995 1829 1058 sanctificat
1854 999 1918 1054 et

350 1093 459 1174 qui
502 1090 944 1165 sanctificatur,
979 1088 1295 1169 quomodo
1347 1109 1424 1152 ex
1477 1107 1603 1151 uno
1653 1091 1915 1148 omnes?

350 1191 459 1248 aut
508 1185 615 1264 qui
664 1190 809 1245 sunt
856 1183 924 1244 hi
958 1187 1218 1245 omnes?
1259 1182 1553 1254 Quamvis
1586 1181 1753 1244 enim
1784 1199 1915 1242 res-

350 1277 612 1358 ponderi
633 1276 850 1356 possit,
876 1275 991 1336 hos
1014 1293 1238 1337 omnes
1260 1294 1397 1338 esse
1416 1276 1551 1336 illos
1572 1275 1733 1338 filios
1756 1291 1913 1353 quos

350 1373 513 1434 Deus
547 1369 821 1432 Pateria
858 1367 1124 1448 gloriam
1154 1369 1532 1441 adduxerat,
1576 1375 1647 1429 ut
1690 1385 1913 1430 sensus

352 1464 455 1538 sit,
487 1463 765 1525 Christus
794 1468 858 1524 et
884 1463 996 1536 illi,
1022 1481 1097 1526 ex
1128 1481 1255 1524 uno
1284 1481 1537 1536 omneS,
1572 1470 1787 1525 tamen
1813 1481 1913 1524 re-

348 1575 492 1620 vera
534 1560 631 1618 est
672 1556 857 1616 nimis
886 1561 1105 1617 coacta
1144 1555 1468 1635 expositio,
1502 1557 1579 1616 Et
1610 1561 1910 1635 praeterea

346 1651 539 1712 verba
580 1653 933 1731 sequentia,
975 1649 1213 1712 scilicet
1235 1695 1255 1726 ,
1278 1656 1527 1731 propter
1557 1668 1737 1732 quam
1766 1668 1911 1714 cau-

344 1763 479 1810 eam
504 1763 624 1810 non
664 1745 1057 1820 confunditur
1090 1747 1329 1822 fratres
1371 1763 1467 1808 eos
1502 1761 1713 1809 vocare
1730 1789 1751 1821 ,
1780 1763 1909 1806 non

346 1845 517 1910 recte
548 1839 897 1913 eoban-ent,
928 1836 1045 1898 nisi
1085 1837 1237 1898 illud
1270 1837 1621 1911 relativum,
1654 1854 1778 1913 eor,
1814 1857 1911 1900 re·

345 1932 505 1995 ferat
532 1951 638 1995 eos
665 1931 773 2014 qui
800 1921 1289 1994 sanctificantur.

430 2028 529 2089 10.
575 2028 840 2088 Retenta
866 2025 1056 2105 igitur
1080 2023 1331 2104 vulgata
1358 2025 1651 2101 lectione,
1688 2035 1785 2087 est
1812 2043 1907 2088 se-

344 2121 553 2183 cunda
580 2118 931 2199 responsio,
960 2118 1069 2197 qui
1100 2117 1467 2194 sanctificat,
1500 2127 1561 2181 et
1592 2121 1698 2198 qui
1726 2137 1906 2181 sanc·

344 2213 687 2284 tifieantur,
712 2230 849 2274 esse
873 2231 951 2274 ex
979 2230 1105 2274 uno
1132 2212 1282 2285 Dee,
1304 2231 1383 2273 ex
1404 2229 1529 2272 uno
1552 2211 1903 2290 conditore,

346 2323 425 2368 ex
454 2323 580 2366 uno
606 2311 841 2368 aeterno
874 2303 1075 2375 Patre,
1106 2303 1253 2365 licet
1280 2303 1525 2367 diverso
1554 2304 1773 2378 modo;
1800 2305 1905 2368 ille

342 2405 413 2460 ut
442 2397 747 2460 naturalis
777 2396 991 2471 Filius,
1022 2403 1085 2458 et
1121 2415 1237 2478 per
1265 2416 1333 2459 se
1363 2405 1637 2472 sauctus,
1670 2403 1731 2458 et
1756 2397 1908 2459 alio-

342 2509 482 2554 rum
514 2491 951 2564 sanctificatum
982 2489 1206 2570 reliqui
1236 2496 1307 2553 ut
1334 2491 1631 2571 adoptivi,
1660 2498 1724 2552 et
1762 2509 1908 2552 san-

340 2585 594 2648 ctificati
618 2586 701 2647 ab
746 2585 889 2664 illo;
922 2602 1061 2664 quae
1094 2587 1327 2660 omnia,
1358 2590 1489 2646 tam
1530 2585 1611 2647 de
1651 2585 1907 2664 Angelis

341 2697 531 2758 quam
562 2679 641 2742 de
672 2677 1031 2740 hominibus
1069 2678 1193 2739 dici
1234 2683 1593 2757 potuerunt.
1622 2679 1715 2740 Ita
1753 2695 1903 2740 vero

340 2771 561 2851 legunt
607 2777 669 2834 et
720 2777 1042 2851 exponunt
1087 2771 1539 2850 chrysostom„
1576 2770 1791 2833 homil.
1825 2775 1902 2848 43

340 2864 655 2926 Theodor.
708 2869 770 2926 et
815 2862 1167 2944 Theopliyl.
1186 2907 1201 2936 ,
1253 2863 1569 2938 Ambrae„
1621 2864 1899 2926 Anselm.

342 2956 413 3017 D.
435 2957 734 3031 ThomaS,
758 2957 1109 3028 Primasius‚
1130 2957 1395 3037 Cyrillus
1418 2956 1745 3029 Alexand„
1764 2957 1904 3018 loco

343 3049 625 3129 proxime
652 3051 863 3113 citato.
894 3047 1101 3112 Tertio
1143 3067 1291 3112 vero
1320 3067 1654 3132 possumus
1684 3048 1905 3112 admit-

344 3150 475 3206 tere
496 3143 884 3224 probabilem
908 3144 1386 3225 expositionem,
1404 3143 1509 3223 qui
1532 3143 1847 3206 sanctifica
1857 3150 1900 3219 t,

346 3243 411 3298 et
460 3239 567 3316 qui
622 3235 1112 3311 sanctificantur,
1156 3254 1295 3298 esse
1340 3255 1417 3298 ex
1465 3255 1590 3297 uno
1634 3235 1899 3314 Adamq,

344 3347 459 3392 seu
486 3348 563 3391 ex
596 3349 721 3391 uua
750 3329 941 3410 stirpe
976 3332 1039 3390 et
1071 3335 1321 3405 natura,
1353 3335 1422 3391 ut
1460 3329 1763 3405 AdamuS,
1794 3329 1902 3392 Ca·

334 3422 615 3502 jetanus,
636 3430 698 3485 et
726 3421 1009 3484 nonnulli
1040 3422 1144 3486 alii
1172 3423 1663 3503 exponunt.Hac
1690 3427 1901 3485 autem

339 3517 542 3596 posita
594 3517 1015 3598 expositione,
1066 3515 1405 3578 dicendum
1452 3523 1546 3578 est
1592 3516 1677 3578 ibi
1728 3516 1899 3597 loqui

340 3610 605 3672 Paulum
652 3610 731 3672 de
774 3609 1260 3672 sanctificatione
1292 3629 1330 3671 a
1359 3614 1655 3690 peccato,
1685 3609 1751 3671 id
1778 3616 1897 3686 est,

338 3703 795 3784 redemptione.
825 3705 913 3764 De
944 3703 1061 3764 hac
1104 3703 1276 3764 enim
1304 3721 1341 3763 a
1381 3703 1686 3783 principio
1739 3703 1901 3765 illius

342 3797 561 3877 eapitis
586 3815 941 3860 sermonem
972 3796 1347 3868 instituerat,
1376 3804 1443 3859 ut
1472 3803 1643 3876 patet
1674 3815 1752 3858 ex
1780 3797 1901 3857 illis

340 3891 545 3970 verbis
581 3909 595 3952 :
636 3891 927 3966 Quomodo
980 3907 1088 3954 nos
1133 3891 1529 3971 elfwinum,
1571 3890 1630 3952 ei
1670 3895 1901 3954 tantam

338 3985 771 4066 neyleoecrimus
800 3985 1055 4047 salutem
1079 3985 1107 4045 ‚²
1130 3983 1385 4054 scilicet,
1413 4001 1555 4062 quae
1586 3983 1768 4044 nobis
1794 4001 1901 4063 pa·

338 4085 474 4140 rata
519 4085 615 4140 cst
665 4097 779 4158 per
818 4077 1041 4140 Christi
1084 4081 1353 4140 mortem
1400 4082 1465 4137 et
1518 4077 1899 4157 redemptio-

336 4189 523 4245 nem3
556 4171 726 4234 unde
757 4170 1015 4232 inferius
1050 4169 1260 4232 subdit
1293 4186 1310 4230 ε
1356 4169 1632 4236 Videmus
1662 4173 1899 4246 Jcsum,

330 4269 579 4345 propter
613 4264 954 4344 passionem
985 4263 1222 4337 mortis,
1244 4261 1446 4344 ‚cloria
1476 4269 1533 4327 et
1561 4263 1776 4327 honore
1806 4284 1900 4328 co-

334 4362 619 4418 ronatum
648 4402 663 4428 ‚
712 4362 783 4420 ut
808 4357 1020 4435 qratia
1048 4357 1165 4420 Dei
1184 4373 1299 4437 pro
1328 4353 1597 4418 omnibus
1622 4361 1900 4436 qustum

333 4453 604 4512 mortem.
638 4449 715 4509 Et
742 4448 953 4510 addit:
992 4449 1247 4512 Docebat
1267 4465 1425 4524 eum,
1456 4454 1709 4530 propter
1727 4468 1898 4531 quem

334 4543 557 4618 omnia,
598 4546 655 4604 et
675 4559 789 4622 per
811 4559 981 4623 quem
1014 4543 1236 4614 omnia,
1266 4542 1371 4623 qui
1400 4541 1619 4605 multos
1638 4543 1803 4622 filios
1829 4545 1895 4606 in

329 4633 593 4716 yloriam
617 4636 975 4711 adduxerat,
1002 4641 1300 4699 auctorem
1323 4635 1548 4700 salutis
1566 4655 1766 4700 eorum
1789 4657 1899 4720 per

324 4729 667 4808 passionem
724 4747 1169 4804 consummare,
1222 4728 1287 4791 id
1334 4735 1425 4791 est
1442 4775 1463 4806 ,
1516 4729 1779 4793 decebat
1828 4738 1895 4793 ut

328 4821 494 4882 Deus
527 4823 737 4897 Pater,
770 4841 886 4902 per
914 4840 1103 4901 quem
1134 4829 1197 4884 et
1237 4829 1493 4903 propter
1522 4842 1714 4902 quem
1746 4833 1891 4888 sunt

330 4915 563 4989 omnia,
597 4917 833 4994 quique
882 4931 995 4994 per
1046 4933 1225 4976 suam
1274 4916 1887 4995 praedestinationem

328 5006 559 5068 multos
584 5007 742 5068 filios
774 5007 840 5068 in
872 5007 1135 5088 gloriam
1166 5007 1535 5084 adduxerat,
1565 5015 1891 5071 auctorem

328 5100 545 5162 salutis
576 5117 797 5162 eorum
826 5118 940 5178 per
966 5101 1321 5180 passionem
1342 5118 1804 5176 consummare,
1828 5102 1891 5164 id

326 5199 441 5270 est,
480 5195 543 5254 in
596 5193 791 5274 gloria
850 5201 912 5256 et
954 5194 1196 5256 honore
1241 5193 1558 5267 exaltare3
1591 5195 1676 5256 ita
1720 5196 1891 5256 enim

324 5288 741 5350 communiter
765 5286 996 5368 legitur
1024 5292 1089 5349 et
1116 5289 1469 5367 exponitur,
1500 5294 1568 5350 ut
1603 5295 1777 5369 patet
1813 5307 1891 5350 ex

324 5381 527 5442 citatis
561 5379 1021 5460 expositoribus
1041 5426 1057 5455 ,
1090 5386 1151 5443 et
1178 5381 1413 5460 optime
1448 5397 1525 5442 ex
1554 5382 1737 5444 Petro
1764 5383 1893 5444 Ma-

323 5475 569 5552 xenti0,
598 5473 831 5554 dialog.
862 5475 902 5535 2
928 5480 1143 5537 contra
1179 5475 1554 5538 Nestorium.
1591 5475 1709 5536 Alii
1739 5494 1887 5538 vero

1995 437 2213 515 legunt
2240 437 2484 517 passive
2511 439 2936 511 consummari,
2967 446 3036 502 ut
3062 441 3324 511 Bullia„
3351 440 3416 500 in
3445 441 3568 503 Ex-

1995 531 2307 610 positione
2337 531 2638 610 Symbol„
2667 538 2751 608 et,
2779 532 2948 611 quod
2971 533 3053 594 ad
3075 551 3360 613 praesens
3383 551 3570 613 speo-

1994 629 2107 700 tat,
2129 623 2422 686 eumdem
2447 625 2654 686 reddit
2677 643 2957 700 sensum,
2984 626 3250 702 seilicet,
3271 627 3568 688 decuisse

1997 718 2304 782 Christum
2331 765 2347 792 ‚
2377 738 2492 800 per
2519 737 2712 800 quem
2737 720 2950 782 omnia
2989 727 3053 784 et
3080 727 3344 802 propter
3371 739 3566 802 quem

1997 812 2242 888 omnia,
2276 813 2382 891 qui
2431 831 2542 892 per
2587 829 2702 874 sua
2757 813 2977 874 merita
3019 815 3290 894 praevisa
3331 815 3566 878 multos

1995 905 2158 966 filios
2200 906 2262 966 in
2291 905 2556 986 gloriam
2583 905 2966 979 adduxerat,
2991 907 3426 970 consummari
3450 923 3570 986 per

1997 999 2358 1079 passionem
2385 999 2452 1060 in
2480 1005 2800 1064 auctorem
2831 1000 3046 1062 salutis
3075 1018 3324 1074 eorum,
3355 1000 3420 1060 id
3445 1005 3563 1073 est,

1995 1110 2436 1156 consummare
2459 1111 2536 1154 ac
2555 1092 2858 1172 perficere
2876 1111 3107 1154 munus
3127 1091 3566 1156 sanctificandi

1995 1185 2158 1262 illos,
2187 1204 2303 1265 per
2347 1185 2704 1264 passionem
2737 1191 2800 1248 et
2828 1193 3127 1261 mortem,
3161 1204 3302 1262 eoa,
3331 1186 3444 1266 qui
3471 1187 3568 1246 in-

1995 1277 2294 1357 digebant
2319 1325 2334 1352 ,
2368 1297 2406 1340 a
2442 1284 2701 1358 peccato
2741 1279 3088 1342 liberando.
3119 1281 3210 1341 De
3239 1279 3368 1340 hac
3411 1297 3563 1358 ergo

1995 1371 2486 1434 sanctificatione
2513 1379 2684 1436 recte
2719 1372 2965 1448 subdit,
2997 1392 3168 1451 eum,
3197 1373 3312 1452 qui
3339 1373 3566 1436 saneti-

1992 1465 2159 1538 ficat,
2197 1466 2394 1546 etqui
2427 1466 2916 1542 sanctificantur,
2942 1485 3080 1530 esse
3109 1485 3191 1529 ex
3216 1486 3350 1528 una
3369 1467 3564 1546 stirpe

1993 1566 2054 1622 et
2082 1567 2310 1623 natura
2331 1605 2350 1636 ,
2383 1579 2496 1624 seu
2539 1578 2616 1622 ex
2645 1580 2774 1623 uno
2802 1561 3070 1638 Adam0,
3099 1562 3250 1624 licet
3279 1579 3412 1624 non
3457 1578 3564 1622 eo-

1991 1653 2138 1716 dem
2175 1653 2402 1732 mod03
2435 1672 2552 1716 nos
2579 1653 2748 1716 enim
2793 1673 3013 1716 sumus
3042 1674 3157 1736 per
3185 1653 3564 1716 seminalem

1991 1748 2464 1828 generationem
2483 1793 2503 1824 ,
2531 1748 2634 1810 ille
2661 1753 2906 1810 tantum
2947 1747 3302 1810 secundum
3329 1764 3564 1825 corpu-

1990 1841 2223 1904 lentam
2249 1841 2686 1904 substantiam.
2713 1842 2789 1903 Et
2829 1841 2976 1904 hinc
3001 1841 3192 1904 etiam
3219 1839 3413 1902 facile
3433 1857 3564 1900 res·

1989 1937 2308 2017 pendetur
2329 1935 2414 1996 ad
2433 1936 2626 1998 verba
2645 1935 2996 2014 sequentia,
3019 1935 3074 1998 si
3096 1935 3160 1996 in
3183 1935 3278 2000 eis
3305 1933 3404 1994 vis
3429 1932 3560 2004 fiat,

1987 2028 2257 2103 scilicet,
2299 2029 2472 2107 quod
2505 2028 2792 2090 homines
2835 2032 3083 2090 tantum
3114 2034 3302 2090 vocat
3337 2026 3562 2088 finires

1989 2126 2053 2184 et
2091 2139 2324 2200 pueros
2353 2137 2538 2199 suos;
2569 2121 2690 2184 hoc
2723 2121 2894 2182 enim
2938 2138 3068 2182 non
3097 2121 3242 2182 ideo
3285 2125 3386 2181 est
3413 2118 3560 2198 quia

1988 2213 2081 2276 illi
2123 2214 2236 2275 soli
2268 2234 2305 2276 a
2335 2215 2578 2276 Christo
2607 2214 2874 2295 gratiam
2897 2213 3234 2292 accipiant,
3263 2212 3382 2276 sed
3411 2211 3560 2292 quia

1989 2307 2242 2386 speciali
2275 2306 2462 2369 modo
2504 2325 2648 2368 cum
2675 2307 2784 2368 illo
2825 2307 2892 2367 in
2923 2313 3146 2369 natura
3175 2305 3562 2370 conveniunt

1990 2409 2054 2464 et
2082 2401 2146 2463 in
2171 2403 2434 2481 origine,
2463 2410 2526 2465 et
2557 2402 2707 2481 quia
2735 2401 3040 2482 singulari
3065 2401 3258 2464 modo
3305 2399 3560 2462 suntab

1987 2493 2092 2554 illo
2123 2494 2496 2557 sanctificati
2525 2500 2588 2556 et
2615 2494 2951 2575 redempti.
2974 2493 3178 2569 Unde,
3204 2492 3382 2572 quod
3411 2492 3562 2554 sub-

1989 2588 2080 2649 dit
2101 2588 2329 2649 Paulus
2355 2609 2370 2648 ε
2405 2587 2564 2662 Quia
2579 2589 2758 2670 pueri
2779 2588 3369 2654 communicem-unt
3383 2585 3561 2649 carni

1987 2685 2044 2744 et
2070 2681 2378 2764 sanguini,
2411 2683 2626 2762 etipse
2663 2681 2951 2745 similiter
2983 2679 3398 2762 participavit
3435 2681 3558 2742 eis-

1987 2773 2140 2846 dem,
2167 2789 2506 2853 puerorum
2536 2775 2793 2836 nomine
2823 2774 2990 2836 solos
3017 2773 3308 2834 homines
3327 2771 3559 2835 intelli-

1987 2865 2098 2944 git,
2126 2873 2382 2945 propter
2407 2866 2770 2946 praedictam
2800 2865 3185 2946 singularem
3208 2882 3357 2928 cum
3385 2863 3560 2928 Chri-

1989 2965 2085 3020 sto
2119 2959 2660 3039 eonjunctionem3
2691 2961 2948 3022 nomine
2975 2966 3188 3022 autem
3221 2959 3460 3030 carnis,
3493 2963 3557 3018 et

1985 3054 2329 3134 sanquinie,
2373 3072 2504 3114 non
2553 3059 2845 3116 naturam
2897 3052 3318 3129 tantum,.sed
3359 3051 3558 3114 etiam

1987 3145 2346 3224 passibilem
2377 3154 2614 3210 naturae
2643 3146 3064 3209 conditionem
3106 3145 3448 3220 intellexit,
3485 3151 3556 3206 ut

1986 3255 2197 3316 supra,
2223 3239 2386 3300 circa
2417 3258 2476 3300 a.
2501 3241 2564 3314 3,
2591 3257 2653 3319 q.
2681 3245 2741 3312 t,
2765 3239 2920 3318 disp.
2947 3240 3008 3310 5,
3035 3238 3224 3300 latius
3247 3237 3511 3316 exposui
3527 3253 3552 3315 3

1985 3337 2047 3393 et
2089 3331 2254 3394 hanc
2299 3332 2424 3394 vim
2471 3331 2662 3394 habet
2699 3331 3008 3412 particula
3055 3332 3184 3404 illa,
3225 3331 3550 3401 similiter,

1985 3425 2243 3498 scilicet,
2275 3424 2486 3504 quoad
2510 3428 2742 3487 statum
2768 3428 2831 3487 et
2873 3423 3298 3487 conditionem
3351 3423 3550 3502 passi·

1982 3515 2196 3592 bilem,
2221 3518 2392 3597 quod
2413 3518 2602 3580 etiam
2627 3517 2949 3598 sequentia
2970 3517 3158 3579 verba
3183 3516 3359 3578 decla
3369 3523 3546 3577 rant:

1996 3610 2078 3674 Ut
2107 3629 2218 3690 per
2263 3617 2512 3675 mortem
2563 3613 2891 3676 destrueret
2935 3629 3062 3674 eum
3083 3653 3102 3684 ,
3151 3611 3258 3690 qui
3299 3610 3552 3673 habebat

1983 3704 2200 3766 mortis
2221 3703 2543 3784 imperium
2555 3728 2581 3776 ;
2603 3703 2686 3764 ad
2709 3704 2828 3766 hoc
2851 3703 3020 3764 enim
3047 3720 3176 3763 non
3201 3701 3554 3763 sufficiebat

1984 3796 2117 3858 sola
2155 3804 2380 3860 natura
2410 3799 2612 3861 caruis
2641 3804 2703 3862 et
2731 3798 3078 3879 sanguinis,
3111 3796 3225 3858 sed
3249 3815 3552 3860 necessa-

1983 3890 2076 3952 ria
2115 3892 2302 3954 etiam
2331 3899 2468 3954 erat
2505 3893 2776 3954 conditis·
2803 3890 3136 3972 passibilia.

2069 3987 2169 4047 11.
2213 3985 2498 4064 Denique
2521 3985 2657 4046 fieri
2683 3991 2892 4066 potest
2917 3983 3012 4048 vis
3045 3984 3108 4046 in
3138 3983 3261 4046 illis
3285 3982 3498 4044 vorbis
3529 3998 3546 4044 z

1981 4077 2305 4160 Nusquam
2323 4079 2481 4141 enim
2497 4076 2758 4158 Anyeloe
2779 4078 3194 4160 apprehendit,
3217 4077 3328 4142 sed
3349 4095 3552 4140 naeu

1980 4170 2244 4234 Abralzoe
2263 4173 2672 4252 apprehendit,
2701 4171 3044 4252 praesertim
3074 4171 3128 4231 si
3151 4171 3330 4248 juxta
3353 4169 3551 4248 Chry·

1983 4282 2139 4340 sos„
2177 4264 2491 4340 Ambros,
2521 4265 3002 4344 Ttieophylact.,
3027 4267 3103 4326 D.
3135 4265 3391 4337 Thom„
3425 4261 3548 4323 Pri-

1979 4375 2135 4432 ma„
2165 4365 2229 4418 et
2257 4357 2521 4419 aliorum
2550 4357 3044 4437 expositionem,
3083 4355 3441 4436 emphasim
3471 4373 3548 4418 ac

1977 4450 2348 4530 mysterium
2369 4450 2790 4529 intelligamus
2809 4449 3005 4512 latere
3025 4450 3091 4511 in
3117 4448 3311 4512 verbo
3325 4447 3547 4532 'appre—

1981 4545 2205 4608 hendit.
2233 4545 2390 4605 Nam
2437 4545 2688 4624 proprie
2731 4544 2960 4606 dicitur
3004 4544 3144 4623 quis
3183 4542 3546 4622 apprehen-

1979 4635 2131 4700 dere
2157 4655 2302 4700 eum
2322 4655 2514 4716 quem
2543 4637 2890 4718 fugientem
2913 4637 3288 4717 insequitur,
3309 4654 3386 4697 ac
3406 4641 3544 4698 tan-

1975 4731 2120 4791 dem
2149 4731 2534 4808 assequitur;
2561 4749 2706 4792 cum
2725 4748 2878 4811 ergo
2901 4733 3178 4792 humana
3207 4736 3462 4803 natura,
3479 4735 3544 4792 et

1975 4824 2259 4903 angelica
2287 4843 2362 4886 ex
2391 4830 2592 4905 parte,
2611 4843 2648 4884 a
2673 4825 2801 4886 Deo
2829 4823 3090 4904 fugerit,
3108 4824 3388 4885 Christus
3411 4839 3542 4884 non

1973 4921 2069 4978 est
2099 4917 2414 4980 insecutus
2440 4916 2750 4997 Angelos,
2787 4917 2900 4979 sed
2939 4917 3258 4991 homines,
3304 4923 3369 4979 et
3393 4915 3540 4978 ideo

1973 5011 2200 5072 dicitur
2227 5029 2354 5072 non
2385 5011 2679 5090 AngeIOS,
2713 5011 2828 5072 sed
2867 5011 3154 5074 homines
3185 5010 3542 5092 apprehen·

1973 5104 2164 5166 disse.
2198 5104 2587 5184 Responderi
2629 5123 2780 5167 vero
2821 5111 3025 5186 potest
3051 5105 3394 5185 imprimis,
3427 5123 3542 5168 ex-

1975 5197 2352 5277 positionem
2381 5197 2551 5258 illam
2575 5217 2650 5259 ac
2683 5197 3202 5278 ponderationem
3231 5217 3361 5260 non
3394 5215 3536 5260 esse

1973 5290 2418 5366 necessariam,
2437 5291 2586 5370 quia
2613 5291 2868 5354 nomine
2899 5291 3421 5372 apprehensionis
3439 5291 3537 5354 in-

1972 5383 2166 5465 telligi
2195 5384 2578 5447 sufficienter
2627 5391 2836 5464 potest
2875 5386 3006 5464 ipsa
3047 5386 3394 5466 assumptio
3421 5385 3534 5446 bu·

1971 5495 2176 5540 manae
2225 5484 2484 5541 uaturae.
2518 5479 2788 5542 Verbum
2841 5479 3010 5541 onim
3039 5479 3438 5562 apprehendo,
3469 5478 3530 5540 iu
